  <div class='ocr_page' id='page_1' title='image "/cluster/home/n/w/nwhite01/storage/ocr_20150623/30/hvd.32044096580535/168.png"; bbox 0 0 3926 6290; ppageno 0'>
   <div class='ocr_carea' id='block_1_1' title="bbox 220 277 311 335">
    <p class='ocr_par' dir='ltr' id='par_1_1' title="bbox 220 277 311 335">
     <span class='ocr_line' id='line_1_1' title="bbox 220 277 311 335; baseline -0.044 1"><span class='ocrx_word' id='word_1_1' title='bbox 220 277 311 335; x_wconf 77' lang='grc'><strong>317</strong></span> 
     </span>
    </p>
   </div>
   <div class='ocr_carea' id='block_1_2' title="bbox 1410 276 2269 340">
    <p class='ocr_par' dir='ltr' id='par_1_2' title="bbox 1410 276 2269 340">
     <span class='ocr_line' id='line_1_2' title="bbox 1410 276 2269 340; baseline -0.001 -1"><span class='ocrx_word' id='word_1_2' title='bbox 1410 276 1703 339; x_wconf 79' lang='lat' dir='ltr'><strong>.HOMILIA</strong></span> <span class='ocrx_word' id='word_1_3' title='bbox 1744 280 1837 336; x_wconf 82' lang='lat' dir='ltr'><strong>AD</strong></span> <span class='ocrx_word' id='word_1_4' title='bbox 1877 277 2269 340; x_wconf 81' lang='lat' dir='ltr'><strong>MONACHOS.</strong></span> 
     </span>
    </p>
   </div>
   <div class='ocr_carea' id='block_1_3' title="bbox 3390 293 3498 351">
    <p class='ocr_par' dir='ltr' id='par_1_3' title="bbox 3390 293 3498 351">
     <span class='ocr_line' id='line_1_3' title="bbox 3390 293 3498 351; baseline 0.037 -4"><span class='ocrx_word' id='word_1_5' title='bbox 3390 293 3498 351; x_wconf 77' lang='grc'><strong>518</strong></span> 
     </span>
    </p>
   </div>
   <div class='ocr_carea' id='block_1_4' title="bbox 221 392 3497 474">
    <p class='ocr_par' dir='ltr' id='par_1_4' title="bbox 221 392 3497 474">
     <span class='ocr_line' id='line_1_4' title="bbox 221 392 3497 474; baseline 0.004 -25"><span class='ocrx_word' id='word_1_6' title='bbox 221 392 515 466; x_wconf 82' lang='lat' dir='ltr'><strong>parentibus</strong></span> <span class='ocrx_word' id='word_1_7' title='bbox 545 392 958 466; x_wconf 89' lang='lat' dir='ltr'><strong>obsequendum</strong></span> <span class='ocrx_word' id='word_1_8' title='bbox 977 440 992 466; x_wconf 89' lang='lat'><strong>,</strong></span> <span class='ocrx_word' id='word_1_9' title='bbox 1019 395 1114 453; x_wconf 89' lang='lat' dir='ltr'><strong>sed</strong></span> <span class='ocrx_word' id='word_1_10' title='bbox 1145 397 1473 468; x_wconf 77' lang='lat' dir='ltr'><strong>quicumque</strong></span> <span class='ocrx_word' id='word_1_11' title='bbox 1501 412 1596 453; x_wconf 90' lang='lat' dir='ltr'><strong>eos</strong></span> <span class='ocrx_word' id='word_1_12' title='bbox 1624 413 1788 469; x_wconf 80' lang='lat' dir='ltr'><strong>supra</strong></span> <span class='ocrx_word' id='word_1_13' title='bbox 1814 402 1862 463; x_wconf 75' lang='grc' dir='ltr'><strong>Α</strong></span> <span class='ocrx_word' id='word_1_14' title='bbox 1892 406 1975 452; x_wconf 89' lang='lat' dir='ltr'><strong>rat</strong></span> <span class='ocrx_word' id='word_1_15' title='bbox 2002 415 2014 452; x_wconf 92' lang='lat'><strong>:</strong></span> <span class='ocrx_word' id='word_1_16' title='bbox 2050 397 2257 453; x_wconf 89' lang='lat' dir='ltr'><strong>tamdiu</strong></span> <span class='ocrx_word' id='word_1_17' title='bbox 2298 397 2433 455; x_wconf 89' lang='lat' dir='ltr'><strong>scito</strong></span> <span class='ocrx_word' id='word_1_18' title='bbox 2464 401 2744 472; x_wconf 74' lang='lat' dir='ltr'><strong>sanguinis</strong></span> <span class='ocrx_word' id='word_1_19' title='bbox 2786 402 3063 473; x_wconf 84' lang='lat' dir='ltr'><strong>copulam,</strong></span> <span class='ocrx_word' id='word_1_20' title='bbox 3102 403 3361 474; x_wconf 75' lang='lat' dir='ltr'><strong>quamdiu</strong></span> <span class='ocrx_word' id='word_1_21' title='bbox 3402 404 3497 463; x_wconf 84' lang='lat' dir='ltr'><strong>ille</strong></span> 
     </span>
    </p>
   </div>
   <div class='ocr_carea' id='block_1_5' title="bbox 219 486 1791 560">
    <p class='ocr_par' dir='ltr' id='par_1_5' title="bbox 219 486 1791 560">
     <span class='ocr_line' id='line_1_5' title="bbox 219 486 1791 560; baseline 0.001 -16"><span class='ocrx_word' id='word_1_22' title='bbox 219 486 475 544; x_wconf 64' lang='lat' dir='ltr'><strong>Christum</strong></span> <span class='ocrx_word' id='word_1_23' title='bbox 505 495 669 552; x_wconf 90' lang='lat' dir='ltr'><strong>amat,</strong></span> <span class='ocrx_word' id='word_1_24' title='bbox 696 487 886 557; x_wconf 84' lang='lat' dir='ltr'><strong>perdet</strong></span> <span class='ocrx_word' id='word_1_25' title='bbox 906 488 1143 543; x_wconf 89' lang='lat' dir='ltr'><strong>animam</strong></span> <span class='ocrx_word' id='word_1_26' title='bbox 1173 504 1349 545; x_wconf 89' lang='lat' dir='ltr'><strong>suam.</strong></span> <span class='ocrx_word' id='word_1_27' title='bbox 1377 489 1556 545; x_wconf 87' lang='lat' dir='ltr'><strong>Facile</strong></span> <span class='ocrx_word' id='word_1_28' title='bbox 1587 491 1791 560; x_wconf 90' lang='lat' dir='ltr'><strong>rumpit</strong></span> 
     </span>
    </p>
   </div>
   <div class='ocr_carea' id='block_1_6' title="bbox 217 579 1790 653">
    <p class='ocr_par' dir='ltr' id='par_1_6' title="bbox 217 579 1790 653">
     <span class='ocr_line' id='line_1_6' title="bbox 217 579 1790 653; baseline 0.001 -19"><span class='ocrx_word' id='word_1_29' title='bbox 217 579 316 634; x_wconf 63' lang='lat' dir='ltr'><strong>hinc</strong></span> <span class='ocrx_word' id='word_1_30' title='bbox 349 579 562 633; x_wconf 86' lang='lat' dir='ltr'><strong>vincula</strong></span> <span class='ocrx_word' id='word_1_31' title='bbox 588 594 742 633; x_wconf 89' lang='lat' dir='ltr'><strong>amor</strong></span> <span class='ocrx_word' id='word_1_32' title='bbox 784 579 1017 649; x_wconf 79' lang='lat' dir='ltr'><strong>Christi,</strong></span> <span class='ocrx_word' id='word_1_33' title='bbox 1048 591 1105 637; x_wconf 90' lang='lat' dir='ltr'><strong>et</strong></span> <span class='ocrx_word' id='word_1_34' title='bbox 1141 581 1306 637; x_wconf 85' lang='lat' dir='ltr'><strong>timor</strong></span> <span class='ocrx_word' id='word_1_35' title='bbox 1340 581 1626 653; x_wconf 82' lang='lat' dir='ltr'><strong>gehennae.</strong></span> <span class='ocrx_word' id='word_1_36' title='bbox 1661 582 1790 638; x_wconf 87' lang='lat' dir='ltr'><strong>Gla-</strong></span> 
     </span>
    </p>
   </div>
   <div class='ocr_carea' id='block_1_7' title="bbox 216 672 1787 747">
    <p class='ocr_par' dir='ltr' id='par_1_7' title="bbox 216 672 1787 747">
     <span class='ocr_line' id='line_1_7' title="bbox 216 672 1787 747; baseline 0.002 -18"><span class='ocrx_word' id='word_1_37' title='bbox 216 674 340 729; x_wconf 90' lang='lat' dir='ltr'><strong>dium</strong></span> <span class='ocrx_word' id='word_1_38' title='bbox 365 682 507 727; x_wconf 86' lang='lat' dir='ltr'><strong>tenet</strong></span> <span class='ocrx_word' id='word_1_39' title='bbox 538 672 732 737; x_wconf 88' lang='lat' dir='ltr'><strong>hostis,</strong></span> <span class='ocrx_word' id='word_1_40' title='bbox 756 681 813 727; x_wconf 88' lang='lat' dir='ltr'><strong>ut</strong></span> <span class='ocrx_word' id='word_1_41' title='bbox 839 688 926 729; x_wconf 89' lang='lat' dir='ltr'><strong>me</strong></span> <span class='ocrx_word' id='word_1_42' title='bbox 959 674 1211 745; x_wconf 89' lang='lat' dir='ltr'><strong>perimat,</strong></span> <span class='ocrx_word' id='word_1_43' title='bbox 1236 683 1292 730; x_wconf 88' lang='lat' dir='ltr'><strong>et</strong></span> <span class='ocrx_word' id='word_1_44' title='bbox 1312 690 1410 745; x_wconf 88' lang='lat' dir='ltr'><strong>ego</strong></span> <span class='ocrx_word' id='word_1_45' title='bbox 1441 675 1510 730; x_wconf 92' lang='lat' dir='ltr'><strong>de</strong></span> <span class='ocrx_word' id='word_1_46' title='bbox 1531 675 1787 747; x_wconf 85' lang='lat' dir='ltr'><strong>lacrymis</strong></span> 
     </span>
    </p>
   </div>
   <div class='ocr_carea' id='block_1_8' title="bbox 216 764 1783 837">
    <p class='ocr_par' dir='ltr' id='par_1_8' title="bbox 216 764 1783 837">
     <span class='ocr_line' id='line_1_8' title="bbox 216 764 1783 837; baseline 0.003 -18"><span class='ocrx_word' id='word_1_47' title='bbox 216 765 383 821; x_wconf 82' lang='lat' dir='ltr'><strong>matris</strong></span> <span class='ocrx_word' id='word_1_48' title='bbox 420 764 676 834; x_wconf 87' lang='lat' dir='ltr'><strong>cogitabo</strong></span> <span class='ocrx_word' id='word_1_49' title='bbox 710 782 723 818; x_wconf 91' lang='lat'><strong>:</strong></span> <span class='ocrx_word' id='word_1_50' title='bbox 759 774 981 837; x_wconf 80' lang='lat' dir='ltr'><strong>propter</strong></span> <span class='ocrx_word' id='word_1_51' title='bbox 1029 776 1241 837; x_wconf 90' lang='lat' dir='ltr'><strong>patrem</strong></span> <span class='ocrx_word' id='word_1_52' title='bbox 1273 768 1519 823; x_wconf 86' lang='lat' dir='ltr'><strong>militiam</strong></span> <span class='ocrx_word' id='word_1_53' title='bbox 1554 768 1783 837; x_wconf 87' lang='lat' dir='ltr'><strong>desero,</strong></span> 
     </span>
    </p>
   </div>
   <div class='ocr_carea' id='block_1_9' title="bbox 215 854 1784 931">
    <p class='ocr_par' dir='ltr' id='par_1_9' title="bbox 215 854 1784 931">
     <span class='ocr_line' id='line_1_9' title="bbox 215 854 1784 931; baseline 0.001 -17"><span class='ocrx_word' id='word_1_54' title='bbox 215 858 287 914; x_wconf 90' lang='lat' dir='ltr'><strong>cui</strong></span> <span class='ocrx_word' id='word_1_55' title='bbox 314 858 645 925; x_wconf 89' lang='lat' dir='ltr'><strong>sepulturam</strong></span> <span class='ocrx_word' id='word_1_56' title='bbox 684 854 897 912; x_wconf 77' lang='lat' dir='ltr'><strong>Christi</strong></span> <span class='ocrx_word' id='word_1_57' title='bbox 943 873 1104 913; x_wconf 86' lang='lat' dir='ltr'><strong>causa</strong></span> <span class='ocrx_word' id='word_1_58' title='bbox 1136 874 1245 915; x_wconf 90' lang='lat' dir='ltr'><strong>non</strong></span> <span class='ocrx_word' id='word_1_59' title='bbox 1284 860 1480 925; x_wconf 89' lang='lat' dir='ltr'><strong>debeo,</strong></span> <span class='ocrx_word' id='word_1_60' title='bbox 1524 870 1784 931; x_wconf 91' lang='lat' dir='ltr'><strong>quantum</strong></span> 
     </span>
    </p>
   </div>
   <div class='ocr_carea' id='block_1_10' title="bbox 216 952 1784 1026">
    <p class='ocr_par' dir='ltr' id='par_1_10' title="bbox 216 952 1784 1026">
     <span class='ocr_line' id='line_1_10' title="bbox 216 952 1784 1026; baseline 0.001 -18"><span class='ocrx_word' id='word_1_61' title='bbox 216 954 439 1008; x_wconf 86' lang='lat' dir='ltr'><strong>omnibus</strong></span> <span class='ocrx_word' id='word_1_62' title='bbox 485 952 604 1020; x_wconf 88' lang='lat' dir='ltr'><strong>ejus</strong></span> <span class='ocrx_word' id='word_1_63' title='bbox 649 967 809 1006; x_wconf 80' lang='lat' dir='ltr'><strong>causa</strong></span> <span class='ocrx_word' id='word_1_64' title='bbox 844 952 1040 1008; x_wconf 89' lang='lat' dir='ltr'><strong>debeo.</strong></span> <span class='ocrx_word' id='word_1_65' title='bbox 1073 955 1232 1010; x_wconf 84' lang='lat' dir='ltr'><strong>Aries</strong></span> <span class='ocrx_word' id='word_1_66' title='bbox 1267 954 1372 1011; x_wconf 89' lang='lat' dir='ltr'><strong>iste</strong></span> <span class='ocrx_word' id='word_1_67' title='bbox 1407 955 1647 1026; x_wconf 76' lang='lat' dir='ltr'><strong>pietatis,</strong></span> <span class='ocrx_word' id='word_1_68' title='bbox 1678 972 1784 1026; x_wconf 89' lang='lat' dir='ltr'><strong>quo</strong></span> 
     </span>
    </p>
   </div>
   <div class='ocr_carea' id='block_1_11' title="bbox 216 1046 1780 1118">
    <p class='ocr_par' dir='ltr' id='par_1_11' title="bbox 216 1046 1780 1118">
     <span class='ocr_line' id='line_1_11' title="bbox 216 1046 1780 1118; baseline 0 -14"><span class='ocrx_word' id='word_1_69' title='bbox 216 1050 328 1104; x_wconf 84' lang='lat' dir='ltr'><strong>fides</strong></span> <span class='ocrx_word' id='word_1_70' title='bbox 353 1046 614 1118; x_wconf 83' lang='lat' dir='ltr'><strong>quatitur,</strong></span> <span class='ocrx_word' id='word_1_71' title='bbox 651 1046 931 1117; x_wconf 79' lang='lat' dir='ltr'><strong>Evangelii</strong></span> <span class='ocrx_word' id='word_1_72' title='bbox 966 1048 1340 1105; x_wconf 87' lang='lat' dir='ltr'><strong>retundendus</strong></span> <span class='ocrx_word' id='word_1_73' title='bbox 1366 1058 1447 1104; x_wconf 90' lang='lat' dir='ltr'><strong>est</strong></span> <span class='ocrx_word' id='word_1_74' title='bbox 1476 1064 1737 1105; x_wconf 90' lang='lat' dir='ltr'><strong>mucrone</strong></span> <span class='ocrx_word' id='word_1_75' title='bbox 1767 1067 1780 1104; x_wconf 89' lang='lat'><strong>:</strong></span> 
     </span>
    </p>
   </div>
   <div class='ocr_carea' id='block_1_12' title="bbox 214 1142 1783 1216">
    <p class='ocr_par' dir='ltr' id='par_1_12' title="bbox 214 1142 1783 1216">
     <span class='ocr_line' id='line_1_12' title="bbox 214 1142 1783 1216; baseline 0 -19"><span class='ocrx_word' id='word_1_76' title='bbox 214 1142 361 1197; x_wconf 66' lang='lat' dir='ltr'><strong>Mater</strong></span> <span class='ocrx_word' id='word_1_77' title='bbox 386 1160 497 1197; x_wconf 81' lang='lat' dir='ltr'><strong>mea</strong></span> <span class='ocrx_word' id='word_1_78' title='bbox 522 1151 572 1198; x_wconf 84' lang='lat' dir='ltr'><strong>et</strong></span> <span class='ocrx_word' id='word_1_79' title='bbox 598 1146 787 1215; x_wconf 72' lang='lat' dir='ltr'><strong>fratres</strong></span> <span class='ocrx_word' id='word_1_80' title='bbox 820 1146 917 1198; x_wconf 87' lang='lat' dir='ltr'><strong>mei</strong></span> <span class='ocrx_word' id='word_1_81' title='bbox 947 1143 1003 1198; x_wconf 79' lang='grc' dir='ltr'><strong>Ιιὶ</strong></span> <span class='ocrx_word' id='word_1_82' title='bbox 1032 1152 1151 1198; x_wconf 81' lang='lat' dir='ltr'><strong>sunt</strong></span> <span class='ocrx_word' id='word_1_83' title='bbox 1196 1147 1283 1215; x_wconf 85' lang='lat' dir='ltr'><strong>qui</strong></span> <span class='ocrx_word' id='word_1_84' title='bbox 1314 1146 1510 1216; x_wconf 82' lang='lat' dir='ltr'><strong>faciunt</strong></span> <span class='ocrx_word' id='word_1_85' title='bbox 1542 1146 1783 1199; x_wconf 73' lang='lat' dir='ltr'><strong>volunta-</strong></span> 
     </span>
    </p>
   </div>
   <div class='ocr_carea' id='block_1_13' title="bbox 212 1234 1785 1308">
    <p class='ocr_par' dir='ltr' id='par_1_13' title="bbox 212 1234 1785 1308">
     <span class='ocr_line' id='line_1_13' title="bbox 212 1234 1785 1308; baseline 0.001 -17"><span class='ocrx_word' id='word_1_86' title='bbox 212 1246 295 1291; x_wconf 72' lang='lat' dir='ltr'><strong>tem</strong></span> <span class='ocrx_word' id='word_1_87' title='bbox 316 1234 481 1291; x_wconf 84' lang='lat' dir='ltr'><strong>Patris</strong></span> <span class='ocrx_word' id='word_1_88' title='bbox 513 1239 615 1289; x_wconf 84' lang='lat' dir='ltr'><strong>mei</strong></span> <span class='ocrx_word' id='word_1_89' title='bbox 642 1238 727 1307; x_wconf 85' lang='lat' dir='ltr'><strong>qui</strong></span> <span class='ocrx_word' id='word_1_90' title='bbox 754 1238 807 1291; x_wconf 80' lang='lat' dir='ltr'><strong>in</strong></span> <span class='ocrx_word' id='word_1_91' title='bbox 830 1236 971 1292; x_wconf 76' lang='grc' dir='ltr'>εωιὶε</span> <span class='ocrx_word' id='word_1_92' title='bbox 994 1248 1065 1291; x_wconf 82' lang='lat' dir='ltr'><strong>est</strong></span> <span class='ocrx_word' id='word_1_93' title='bbox 1099 1236 1253 1308; x_wconf 87' lang='lat' dir='ltr'><strong>(Luc.</strong></span> <span class='ocrx_word' id='word_1_94' title='bbox 1278 1252 1370 1292; x_wconf 86' lang='lat' dir='ltr'><strong>vut</strong></span> <span class='ocrx_word' id='word_1_95' title='bbox 1389 1281 1401 1302; x_wconf 93' lang='lat'><strong>,</strong></span> <span class='ocrx_word' id='word_1_96' title='bbox 1432 1235 1548 1308; x_wconf 73' lang='grc'><strong>21).</strong></span> <span class='ocrx_word' id='word_1_97' title='bbox 1585 1237 1640 1293; x_wconf 88' lang='lat' dir='ltr'><strong>Si</strong></span> <span class='ocrx_word' id='word_1_98' title='bbox 1667 1252 1785 1293; x_wconf 87' lang='lat' dir='ltr'><strong>cre-</strong></span> 
     </span>
    </p>
   </div>
   <div class='ocr_carea' id='block_1_14' title="bbox 211 1327 1783 1399">
    <p class='ocr_par' dir='ltr' id='par_1_14' title="bbox 211 1327 1783 1399">
     <span class='ocr_line' id='line_1_14' title="bbox 211 1327 1783 1399; baseline 0 -16"><span class='ocrx_word' id='word_1_99' title='bbox 211 1328 322 1383; x_wconf 87' lang='lat' dir='ltr'><strong>dunt</strong></span> <span class='ocrx_word' id='word_1_100' title='bbox 342 1329 391 1382; x_wconf 90' lang='lat' dir='ltr'><strong>itt</strong></span> <span class='ocrx_word' id='word_1_101' title='bbox 416 1327 638 1384; x_wconf 86' lang='lat' dir='ltr'><strong>Christo</strong></span> <span class='ocrx_word' id='word_1_102' title='bbox 662 1331 877 1384; x_wconf 83' lang='lat' dir='ltr'><strong>faveant</strong></span> <span class='ocrx_word' id='word_1_103' title='bbox 903 1327 1034 1383; x_wconf 87' lang='lat' dir='ltr'><strong>mihi</strong></span> <span class='ocrx_word' id='word_1_104' title='bbox 1066 1344 1163 1398; x_wconf 92' lang='lat' dir='ltr'><strong>pro</strong></span> <span class='ocrx_word' id='word_1_105' title='bbox 1184 1331 1303 1398; x_wconf 84' lang='lat' dir='ltr'><strong>ejus</strong></span> <span class='ocrx_word' id='word_1_106' title='bbox 1336 1330 1558 1384; x_wconf 88' lang='lat' dir='ltr'><strong>nomine</strong></span> <span class='ocrx_word' id='word_1_107' title='bbox 1582 1344 1783 1399; x_wconf 81' lang='lat' dir='ltr'><strong>pugna-</strong></span> 
     </span>
    </p>
   </div>
   <div class='ocr_carea' id='block_1_15' title="bbox 212 1421 1777 1492">
    <p class='ocr_par' dir='ltr' id='par_1_15' title="bbox 212 1421 1777 1492">
     <span class='ocr_line' id='line_1_15' title="bbox 212 1421 1777 1492; baseline -0.001 -17"><span class='ocrx_word' id='word_1_108' title='bbox 212 1431 312 1476; x_wconf 88' lang='lat' dir='ltr'><strong>turo</strong></span> <span class='ocrx_word' id='word_1_109' title='bbox 332 1439 344 1474; x_wconf 89' lang='lat'>:</span> <span class='ocrx_word' id='word_1_110' title='bbox 367 1421 410 1476; x_wconf 82' lang='lat' dir='ltr'><strong>si</strong></span> <span class='ocrx_word' id='word_1_111' title='bbox 442 1437 553 1477; x_wconf 90' lang='lat' dir='ltr'><strong>non</strong></span> <span class='ocrx_word' id='word_1_112' title='bbox 580 1421 1049 1487; x_wconf 89' lang='lat' dir='ltr'><strong>credunt,tnortui</strong></span> <span class='ocrx_word' id='word_1_113' title='bbox 1071 1422 1338 1492; x_wconf 89' lang='lat' dir='ltr'><strong>sepeliant</strong></span> <span class='ocrx_word' id='word_1_114' title='bbox 1361 1431 1608 1477; x_wconf 91' lang='lat' dir='ltr'><strong>mortuos</strong></span> <span class='ocrx_word' id='word_1_115' title='bbox 1629 1436 1777 1476; x_wconf 91' lang='lat' dir='ltr'><strong>suos.</strong></span> 
     </span>
    </p>
   </div>
   <div class='ocr_carea' id='block_1_16' title="bbox 212 1512 1783 1586">
    <p class='ocr_par' dir='ltr' id='par_1_16' title="bbox 212 1512 1783 1586">
     <span class='ocr_line' id='line_1_16' title="bbox 212 1512 1783 1586; baseline -0.001 -17"><span class='ocrx_word' id='word_1_116' title='bbox 212 1512 546 1569; x_wconf 72' lang='lat' dir='ltr'><strong>Adversarius</strong></span> <span class='ocrx_word' id='word_1_117' title='bbox 569 1523 1045 1586; x_wconf 84' lang='lat' dir='ltr'><strong>nostcrtamquam</strong></span> <span class='ocrx_word' id='word_1_118' title='bbox 1067 1514 1153 1568; x_wconf 85' lang='lat' dir='ltr'><strong>leo</strong></span> <span class='ocrx_word' id='word_1_119' title='bbox 1178 1514 1401 1585; x_wconf 78' lang='lat' dir='ltr'><strong>rugiens</strong></span> <span class='ocrx_word' id='word_1_120' title='bbox 1429 1514 1663 1584; x_wconf 89' lang='lat' dir='ltr'><strong>aliquem</strong></span> <span class='ocrx_word' id='word_1_121' title='bbox 1688 1512 1783 1568; x_wconf 87' lang='lat' dir='ltr'><strong>de-</strong></span> 
     </span>
    </p>
   </div>
   <div class='ocr_carea' id='block_1_17' title="bbox 210 1606 1782 1676">
    <p class='ocr_par' dir='ltr' id='par_1_17' title="bbox 210 1606 1782 1676">
     <span class='ocr_line' id='line_1_17' title="bbox 210 1606 1782 1676; baseline 0.004 -20"><span class='ocrx_word' id='word_1_122' title='bbox 210 1621 372 1661; x_wconf 81' lang='lat' dir='ltr'><strong>vorare</strong></span> <span class='ocrx_word' id='word_1_123' title='bbox 403 1622 663 1676; x_wconf 77' lang='lat' dir='ltr'><strong>quterens</strong></span> <span class='ocrx_word' id='word_1_124' title='bbox 690 1608 887 1661; x_wconf 87' lang='lat' dir='ltr'><strong>circuit</strong></span> <span class='ocrx_word' id='word_1_125' title='bbox 917 1621 931 1663; x_wconf 87' lang='lat'><strong>:</strong></span> <span class='ocrx_word' id='word_1_126' title='bbox 964 1616 1021 1662; x_wconf 89' lang='lat' dir='ltr'><strong>et</strong></span> <span class='ocrx_word' id='word_1_127' title='bbox 1051 1618 1106 1663; x_wconf 91' lang='lat' dir='ltr'><strong>tu</strong></span> <span class='ocrx_word' id='word_1_128' title='bbox 1139 1606 1414 1662; x_wconf 67' lang='lat' dir='ltr'><strong>frondosae</strong></span> <span class='ocrx_word' id='word_1_129' title='bbox 1452 1606 1663 1661; x_wconf 90' lang='lat' dir='ltr'><strong>arboris</strong></span> <span class='ocrx_word' id='word_1_130' title='bbox 1704 1613 1782 1662; x_wconf 86' lang='lat' dir='ltr'><strong>te-</strong></span> 
     </span>
    </p>
   </div>
   <div class='ocr_carea' id='block_1_18' title="bbox 206 1697 1775 1769">
    <p class='ocr_par' dir='ltr' id='par_1_18' title="bbox 206 1697 1775 1769">
     <span class='ocr_line' id='line_1_18' title="bbox 206 1697 1775 1769; baseline -0.001 -16"><span class='ocrx_word' id='word_1_131' title='bbox 206 1712 303 1753; x_wconf 82' lang='lat' dir='ltr'><strong>cus</strong></span> <span class='ocrx_word' id='word_1_132' title='bbox 323 1699 639 1754; x_wconf 87' lang='lat' dir='ltr'><strong>umbraculo</strong></span> <span class='ocrx_word' id='word_1_133' title='bbox 661 1700 854 1755; x_wconf 89' lang='lat' dir='ltr'><strong>utolles</strong></span> <span class='ocrx_word' id='word_1_134' title='bbox 875 1713 1099 1755; x_wconf 88' lang='lat' dir='ltr'><strong>somnos</strong></span> <span class='ocrx_word' id='word_1_135' title='bbox 1124 1697 1341 1754; x_wconf 90' lang='lat' dir='ltr'><strong>futurus</strong></span> <span class='ocrx_word' id='word_1_136' title='bbox 1357 1698 1547 1769; x_wconf 84' lang='lat' dir='ltr'><strong>praeda</strong></span> <span class='ocrx_word' id='word_1_137' title='bbox 1577 1698 1775 1769; x_wconf 87' lang='lat' dir='ltr'><strong>carpis.</strong></span> 
     </span>
    </p>
   </div>
   <div class='ocr_carea' id='block_1_19' title="bbox 1892 493 3498 569">
    <p class='ocr_par' dir='ltr' id='par_1_19' title="bbox 1892 493 3498 569">
     <span class='ocr_line' id='line_1_19' title="bbox 1892 493 3498 569; baseline 0.004 -20"><span class='ocrx_word' id='word_1_138' title='bbox 1892 508 2047 549; x_wconf 89' lang='lat' dir='ltr'><strong>suum</strong></span> <span class='ocrx_word' id='word_1_139' title='bbox 2079 493 2294 563; x_wconf 84' lang='lat' dir='ltr'><strong>noverit</strong></span> <span class='ocrx_word' id='word_1_140' title='bbox 2314 506 2639 552; x_wconf 87' lang='lat' dir='ltr'><strong>creatorem.</strong></span> <span class='ocrx_word' id='word_1_141' title='bbox 2678 497 2977 561; x_wconf 89' lang='lat' dir='ltr'><strong>Dolendum</strong></span> <span class='ocrx_word' id='word_1_142' title='bbox 3002 509 3084 554; x_wconf 88' lang='lat' dir='ltr'><strong>est</strong></span> <span class='ocrx_word' id='word_1_143' title='bbox 3114 512 3224 554; x_wconf 92' lang='lat' dir='ltr'><strong>non</strong></span> <span class='ocrx_word' id='word_1_144' title='bbox 3248 513 3498 569; x_wconf 74' lang='lat' dir='ltr'><strong>quzcrere</strong></span> 
     </span>
    </p>
   </div>
   <div class='ocr_carea' id='block_1_20' title="bbox 1892 583 3497 662">
    <p class='ocr_par' dir='ltr' id='par_1_20' title="bbox 1892 583 3497 662">
     <span class='ocr_line' id='line_1_20' title="bbox 1892 583 3497 662; baseline 0.006 -24"><span class='ocrx_word' id='word_1_145' title='bbox 1892 583 2143 640; x_wconf 86' lang='lat' dir='ltr'><strong>homines</strong></span> <span class='ocrx_word' id='word_1_146' title='bbox 2173 586 2309 640; x_wconf 82' lang='lat' dir='ltr'><strong>bona</strong></span> <span class='ocrx_word' id='word_1_147' title='bbox 2334 598 2559 655; x_wconf 68' lang='lat' dir='ltr'><strong>(eterna,</strong></span> <span class='ocrx_word' id='word_1_148' title='bbox 2603 602 2725 658; x_wconf 74' lang='lat' dir='ltr'><strong>qua:</strong></span> <span class='ocrx_word' id='word_1_149' title='bbox 2750 601 2901 646; x_wconf 86' lang='lat' dir='ltr'><strong>certa</strong></span> <span class='ocrx_word' id='word_1_150' title='bbox 2931 599 3078 657; x_wconf 90' lang='lat' dir='ltr'><strong>sunt,</strong></span> <span class='ocrx_word' id='word_1_151' title='bbox 3111 599 3167 646; x_wconf 89' lang='lat' dir='ltr'><strong>et</strong></span> <span class='ocrx_word' id='word_1_152' title='bbox 3194 607 3416 662; x_wconf 86' lang='lat' dir='ltr'><strong>sperare</strong></span> <span class='ocrx_word' id='word_1_153' title='bbox 3442 594 3497 648; x_wconf 94' lang='lat' dir='ltr'><strong>in</strong></span> 
     </span>
    </p>
   </div>
   <div class='ocr_carea' id='block_1_21' title="bbox 1893 678 3497 755">
    <p class='ocr_par' dir='ltr' id='par_1_21' title="bbox 1893 678 3497 755">
     <span class='ocr_line' id='line_1_21' title="bbox 1893 678 3497 755; baseline 0.004 -22"><span class='ocrx_word' id='word_1_154' title='bbox 1893 678 2101 734; x_wconf 87' lang='lat' dir='ltr'><strong>incerta</strong></span> <span class='ocrx_word' id='word_1_155' title='bbox 2132 679 2449 749; x_wconf 87' lang='lat' dir='ltr'><strong>temporalia</strong></span> <span class='ocrx_word' id='word_1_156' title='bbox 2474 721 2488 745; x_wconf 92' lang='lat'><strong>,</strong></span> <span class='ocrx_word' id='word_1_157' title='bbox 2520 696 2638 750; x_wconf 69' lang='lat' dir='ltr'><strong>quae</strong></span> <span class='ocrx_word' id='word_1_158' title='bbox 2670 681 2869 737; x_wconf 88' lang='lat' dir='ltr'><strong>multos</strong></span> <span class='ocrx_word' id='word_1_159' title='bbox 2902 697 3009 737; x_wconf 95' lang='lat' dir='ltr'><strong>non</strong></span> <span class='ocrx_word' id='word_1_160' title='bbox 3045 681 3248 738; x_wconf 89' lang='lat' dir='ltr'><strong>habere</strong></span> <span class='ocrx_word' id='word_1_161' title='bbox 3275 683 3497 755; x_wconf 86' lang='lat' dir='ltr'><strong>videas,</strong></span> 
     </span>
    </p>
   </div>
   <div class='ocr_carea' id='block_1_22' title="bbox 1888 771 3494 846">
    <p class='ocr_par' dir='ltr' id='par_1_22' title="bbox 1888 771 3494 846">
     <span class='ocr_line' id='line_1_22' title="bbox 1888 771 3494 846; baseline 0.002 -18"><span class='ocrx_word' id='word_1_162' title='bbox 1888 782 1943 828; x_wconf 88' lang='lat' dir='ltr'><strong>et</strong></span> <span class='ocrx_word' id='word_1_163' title='bbox 1992 787 2114 828; x_wconf 92' lang='lat' dir='ltr'><strong>cum</strong></span> <span class='ocrx_word' id='word_1_164' title='bbox 2161 771 2451 828; x_wconf 84' lang='lat' dir='ltr'><strong>habuerint</strong></span> <span class='ocrx_word' id='word_1_165' title='bbox 2497 774 2816 843; x_wconf 88' lang='lat' dir='ltr'><strong>perdidisse.</strong></span> <span class='ocrx_word' id='word_1_166' title='bbox 2849 775 3000 841; x_wconf 90' lang='lat' dir='ltr'><strong>Quod</strong></span> <span class='ocrx_word' id='word_1_167' title='bbox 3034 776 3079 830; x_wconf 89' lang='lat' dir='ltr'><strong>si</strong></span> <span class='ocrx_word' id='word_1_168' title='bbox 3114 775 3321 831; x_wconf 84' lang='lat' dir='ltr'><strong>dixerit</strong></span> <span class='ocrx_word' id='word_1_169' title='bbox 3346 778 3494 846; x_wconf 90' lang='lat' dir='ltr'><strong>quis,</strong></span> 
     </span>
    </p>
   </div>
   <div class='ocr_carea' id='block_1_23' title="bbox 1888 864 3492 939">
    <p class='ocr_par' dir='ltr' id='par_1_23' title="bbox 1888 864 3492 939">
     <span class='ocr_line' id='line_1_23' title="bbox 1888 864 3492 939; baseline 0.001 -18"><span class='ocrx_word' id='word_1_170' title='bbox 1888 866 1975 921; x_wconf 86' lang='lat' dir='ltr'><strong>cui</strong></span> <span class='ocrx_word' id='word_1_171' title='bbox 2004 865 2217 921; x_wconf 89' lang='lat' dir='ltr'><strong>dimitto</strong></span> <span class='ocrx_word' id='word_1_172' title='bbox 2248 873 2430 921; x_wconf 90' lang='lat' dir='ltr'><strong>tantas</strong></span> <span class='ocrx_word' id='word_1_173' title='bbox 2458 864 2673 921; x_wconf 82' lang='lat' dir='ltr'><strong>divitias</strong></span> <span class='ocrx_word' id='word_1_174' title='bbox 2709 883 2722 919; x_wconf 92' lang='lat'><strong>:</strong></span> <span class='ocrx_word' id='word_1_175' title='bbox 2764 866 3092 935; x_wconf 90' lang='lat' dir='ltr'><strong>respondeo,</strong></span> <span class='ocrx_word' id='word_1_176' title='bbox 3138 865 3361 922; x_wconf 88' lang='lat' dir='ltr'><strong>Christo</strong></span> <span class='ocrx_word' id='word_1_177' title='bbox 3399 869 3492 939; x_wconf 91' lang='lat' dir='ltr'><strong>qui</strong></span> 
     </span>
    </p>
   </div>
   <div class='ocr_carea' id='block_1_24' title="bbox 1888 959 3488 1031">
    <p class='ocr_par' dir='ltr' id='par_1_24' title="bbox 1888 959 3488 1031">
     <span class='ocr_line' id='line_1_24' title="bbox 1888 959 3488 1031; baseline -0.001 -16"><span class='ocrx_word' id='word_1_178' title='bbox 1888 959 2028 1016; x_wconf 90' lang='lat' dir='ltr'><strong>mori</strong></span> <span class='ocrx_word' id='word_1_179' title='bbox 2059 976 2162 1014; x_wconf 89' lang='lat' dir='ltr'><strong>non</strong></span> <span class='ocrx_word' id='word_1_180' title='bbox 2186 968 2383 1031; x_wconf 56' lang='lat' dir='ltr'><strong>potest</strong></span> <span class='ocrx_word' id='word_1_181' title='bbox 2416 960 2583 1026; x_wconf 89' lang='lat' dir='ltr'><strong>Quem</strong></span> <span class='ocrx_word' id='word_1_182' title='bbox 2616 959 2815 1029; x_wconf 87' lang='lat' dir='ltr'><strong>habeo,</strong></span> <span class='ocrx_word' id='word_1_183' title='bbox 2842 961 3039 1031; x_wconf 90' lang='lat' dir='ltr'><strong>inquis,</strong></span> <span class='ocrx_word' id='word_1_184' title='bbox 3071 960 3369 1029; x_wconf 68' lang='lat' dir='ltr'><strong>hatredem,</strong></span> <span class='ocrx_word' id='word_1_185' title='bbox 3402 963 3488 1029; x_wconf 89' lang='lat' dir='ltr'><strong>ip-</strong></span> 
     </span>
    </p>
   </div>
   <div class='ocr_carea' id='block_1_25' title="bbox 1887 1054 3489 1123">
    <p class='ocr_par' dir='ltr' id='par_1_25' title="bbox 1887 1054 3489 1123">
     <span class='ocr_line' id='line_1_25' title="bbox 1887 1054 3489 1123; baseline 0.001 -15"><span class='ocrx_word' id='word_1_186' title='bbox 1887 1069 2004 1108; x_wconf 92' lang='lat' dir='ltr'><strong>sum</strong></span> <span class='ocrx_word' id='word_1_187' title='bbox 2050 1069 2209 1123; x_wconf 89' lang='lat' dir='ltr'><strong>quem</strong></span> <span class='ocrx_word' id='word_1_188' title='bbox 2263 1064 2313 1108; x_wconf 91' lang='lat' dir='ltr'><strong>et</strong></span> <span class='ocrx_word' id='word_1_189' title='bbox 2344 1054 2632 1109; x_wconf 90' lang='lat' dir='ltr'><strong>Dominum</strong></span> <span class='ocrx_word' id='word_1_190' title='bbox 2666 1071 2679 1107; x_wconf 86' lang='lat'><strong>:</strong></span> <span class='ocrx_word' id='word_1_191' title='bbox 2720 1054 3145 1109; x_wconf 70' lang='lat' dir='ltr'><strong>Contristabitur</strong></span> <span class='ocrx_word' id='word_1_192' title='bbox 3174 1063 3347 1122; x_wconf 90' lang='lat' dir='ltr'><strong>pater,</strong></span> <span class='ocrx_word' id='word_1_193' title='bbox 3391 1055 3489 1110; x_wconf 82' lang='lat' dir='ltr'><strong>sed</strong></span> 
     </span>
    </p>
   </div>
   <div class='ocr_carea' id='block_1_26' title="bbox 1886 1144 3488 1217">
    <p class='ocr_par' dir='ltr' id='par_1_26' title="bbox 1886 1144 3488 1217">
     <span class='ocr_line' id='line_1_26' title="bbox 1886 1144 3488 1217; baseline 0.002 -18"><span class='ocrx_word' id='word_1_194' title='bbox 1886 1145 2159 1200; x_wconf 66' lang='lat' dir='ltr'><strong>lrtahitur</strong></span> <span class='ocrx_word' id='word_1_195' title='bbox 2184 1144 2431 1200; x_wconf 85' lang='lat' dir='ltr'><strong>Christus</strong></span> <span class='ocrx_word' id='word_1_196' title='bbox 2458 1164 2470 1199; x_wconf 88' lang='lat'>:</span> <span class='ocrx_word' id='word_1_197' title='bbox 2512 1145 2714 1215; x_wconf 80' lang='lat' dir='ltr'><strong>lugebit</strong></span> <span class='ocrx_word' id='word_1_198' title='bbox 2744 1144 2946 1201; x_wconf 91' lang='lat' dir='ltr'><strong>familia</strong></span> <span class='ocrx_word' id='word_1_199' title='bbox 2970 1188 2983 1211; x_wconf 94' lang='lat'><strong>,</strong></span> <span class='ocrx_word' id='word_1_200' title='bbox 3016 1146 3111 1201; x_wconf 90' lang='lat' dir='ltr'><strong>sed</strong></span> <span class='ocrx_word' id='word_1_201' title='bbox 3141 1147 3319 1217; x_wconf 79' lang='lat' dir='ltr'><strong>angeli</strong></span> <span class='ocrx_word' id='word_1_202' title='bbox 3356 1161 3488 1203; x_wconf 90' lang='lat' dir='ltr'><strong>con-</strong></span> 
     </span>
    </p>
   </div>
   <div class='ocr_carea' id='block_1_27' title="bbox 1884 1235 3487 1308">
    <p class='ocr_par' dir='ltr' id='par_1_27' title="bbox 1884 1235 3487 1308">
     <span class='ocr_line' id='line_1_27' title="bbox 1884 1235 3487 1308; baseline 0.005 -21"><span class='ocrx_word' id='word_1_203' title='bbox 1884 1235 2317 1306; x_wconf 79' lang='lat' dir='ltr'><strong>gratulabuutur.</strong></span> <span class='ocrx_word' id='word_1_204' title='bbox 2350 1236 2534 1293; x_wconf 87' lang='lat' dir='ltr'><strong>Faciat</strong></span> <span class='ocrx_word' id='word_1_205' title='bbox 2571 1246 2722 1307; x_wconf 87' lang='lat' dir='ltr'><strong>pater</strong></span> <span class='ocrx_word' id='word_1_206' title='bbox 2752 1237 2895 1308; x_wconf 88' lang='lat' dir='ltr'><strong>quod</strong></span> <span class='ocrx_word' id='word_1_207' title='bbox 2930 1237 3040 1292; x_wconf 90' lang='lat' dir='ltr'><strong>vult</strong></span> <span class='ocrx_word' id='word_1_208' title='bbox 3076 1237 3144 1293; x_wconf 86' lang='lat' dir='ltr'><strong>de</strong></span> <span class='ocrx_word' id='word_1_209' title='bbox 3183 1238 3487 1295; x_wconf 84' lang='lat' dir='ltr'><strong>substantia</strong></span> 
     </span>
    </p>
   </div>
   <div class='ocr_carea' id='block_1_28' title="bbox 1884 1331 3489 1402">
    <p class='ocr_par' dir='ltr' id='par_1_28' title="bbox 1884 1331 3489 1402">
     <span class='ocr_line' id='line_1_28' title="bbox 1884 1331 3489 1402; baseline 0.002 -16"><span class='ocrx_word' id='word_1_210' title='bbox 1884 1347 1978 1386; x_wconf 87' lang='lat' dir='ltr'><strong>sua</strong></span> <span class='ocrx_word' id='word_1_211' title='bbox 2023 1350 2036 1387; x_wconf 87' lang='lat'><strong>:</strong></span> <span class='ocrx_word' id='word_1_212' title='bbox 2068 1347 2174 1389; x_wconf 91' lang='lat' dir='ltr'><strong>non</strong></span> <span class='ocrx_word' id='word_1_213' title='bbox 2205 1347 2265 1388; x_wconf 88' lang='lat' dir='ltr'><strong>es</strong></span> <span class='ocrx_word' id='word_1_214' title='bbox 2310 1331 2426 1402; x_wconf 85' lang='lat' dir='ltr'><strong>ejus</strong></span> <span class='ocrx_word' id='word_1_215' title='bbox 2458 1331 2545 1388; x_wconf 91' lang='lat' dir='ltr'><strong>cui</strong></span> <span class='ocrx_word' id='word_1_216' title='bbox 2583 1342 2743 1387; x_wconf 89' lang='lat' dir='ltr'><strong>natus</strong></span> <span class='ocrx_word' id='word_1_217' title='bbox 2787 1347 2868 1399; x_wconf 89' lang='lat' dir='ltr'><strong>es,</strong></span> <span class='ocrx_word' id='word_1_218' title='bbox 2899 1333 2994 1388; x_wconf 88' lang='lat' dir='ltr'><strong>sed</strong></span> <span class='ocrx_word' id='word_1_219' title='bbox 3033 1335 3118 1387; x_wconf 89' lang='lat' dir='ltr'><strong>cui</strong></span> <span class='ocrx_word' id='word_1_220' title='bbox 3155 1343 3399 1399; x_wconf 89' lang='lat' dir='ltr'><strong>renatus,</strong></span> <span class='ocrx_word' id='word_1_221' title='bbox 3432 1342 3489 1390; x_wconf 88' lang='lat' dir='ltr'><strong>et</strong></span> 
     </span>
    </p>
   </div>
   <div class='ocr_carea' id='block_1_29' title="bbox 1884 1424 3487 1497">
    <p class='ocr_par' dir='ltr' id='par_1_29' title="bbox 1884 1424 3487 1497">
     <span class='ocr_line' id='line_1_29' title="bbox 1884 1424 3487 1497; baseline 0.003 -20"><span class='ocrx_word' id='word_1_222' title='bbox 1884 1426 1972 1493; x_wconf 89' lang='lat' dir='ltr'><strong>qtti</strong></span> <span class='ocrx_word' id='word_1_223' title='bbox 2002 1427 2069 1479; x_wconf 87' lang='lat' dir='ltr'><strong>de</strong></span> <span class='ocrx_word' id='word_1_224' title='bbox 2089 1424 2279 1495; x_wconf 79' lang='lat' dir='ltr'><strong>grandi</strong></span> <span class='ocrx_word' id='word_1_225' title='bbox 2307 1426 2480 1493; x_wconf 91' lang='lat' dir='ltr'><strong>pretio</strong></span> <span class='ocrx_word' id='word_1_226' title='bbox 2505 1424 2737 1479; x_wconf 89' lang='lat' dir='ltr'><strong>redemit</strong></span> <span class='ocrx_word' id='word_1_227' title='bbox 2766 1424 3044 1495; x_wconf 74' lang='lat' dir='ltr'><strong>sanguinis</strong></span> <span class='ocrx_word' id='word_1_228' title='bbox 3070 1425 3173 1478; x_wconf 90' lang='lat' dir='ltr'><strong>sui.</strong></span> <span class='ocrx_word' id='word_1_229' title='bbox 3200 1424 3315 1480; x_wconf 86' lang='lat' dir='ltr'><strong>Non</strong></span> <span class='ocrx_word' id='word_1_230' title='bbox 3336 1441 3487 1497; x_wconf 77' lang='lat' dir='ltr'><strong>qua:-</strong></span> 
     </span>
    </p>
   </div>
   <div class='ocr_carea' id='block_1_30' title="bbox 1884 1519 3485 1587">
    <p class='ocr_par' dir='ltr' id='par_1_30' title="bbox 1884 1519 3485 1587">
     <span class='ocr_line' id='line_1_30' title="bbox 1884 1519 3485 1587; baseline 0.003 -14"><span class='ocrx_word' id='word_1_231' title='bbox 1884 1529 2074 1573; x_wconf 88' lang='lat' dir='ltr'><strong>runtur</strong></span> <span class='ocrx_word' id='word_1_232' title='bbox 2118 1520 2169 1573; x_wconf 90' lang='lat' dir='ltr'><strong>itt</strong></span> <span class='ocrx_word' id='word_1_233' title='bbox 2201 1519 2527 1575; x_wconf 86' lang='lat' dir='ltr'><strong>Christianis</strong></span> <span class='ocrx_word' id='word_1_234' title='bbox 2560 1520 2735 1587; x_wconf 88' lang='lat' dir='ltr'><strong>initia,</strong></span> <span class='ocrx_word' id='word_1_235' title='bbox 2772 1519 2869 1575; x_wconf 89' lang='lat' dir='ltr'><strong>sed</strong></span> <span class='ocrx_word' id='word_1_236' title='bbox 2905 1519 3048 1575; x_wconf 84' lang='lat' dir='ltr'><strong>linis.</strong></span> <span class='ocrx_word' id='word_1_237' title='bbox 3098 1519 3302 1576; x_wconf 87' lang='lat' dir='ltr'><strong>Paulus</strong></span> <span class='ocrx_word' id='word_1_238' title='bbox 3341 1522 3485 1578; x_wconf 84' lang='lat' dir='ltr'><strong>male</strong></span> 
     </span>
    </p>
   </div>
   <div class='ocr_carea' id='block_1_31' title="bbox 1883 1609 3485 1679">
    <p class='ocr_par' dir='ltr' id='par_1_31' title="bbox 1883 1609 3485 1679">
     <span class='ocr_line' id='line_1_31' title="bbox 1883 1609 3485 1679; baseline 0.003 -16"><span class='ocrx_word' id='word_1_239' title='bbox 1883 1609 2068 1679; x_wconf 76' lang='lat' dir='ltr'><strong>cmpit,</strong></span> <span class='ocrx_word' id='word_1_240' title='bbox 2101 1610 2194 1664; x_wconf 89' lang='lat' dir='ltr'><strong>sed</strong></span> <span class='ocrx_word' id='word_1_241' title='bbox 2219 1610 2357 1665; x_wconf 88' lang='lat' dir='ltr'><strong>bene</strong></span> <span class='ocrx_word' id='word_1_242' title='bbox 2381 1610 2554 1665; x_wconf 88' lang='lat' dir='ltr'><strong>finivit</strong></span> <span class='ocrx_word' id='word_1_243' title='bbox 2586 1628 2599 1664; x_wconf 90' lang='lat'><strong>:</strong></span> <span class='ocrx_word' id='word_1_244' title='bbox 2627 1609 2783 1667; x_wconf 76' lang='lat' dir='ltr'><strong>Juda:</strong></span> <span class='ocrx_word' id='word_1_245' title='bbox 2809 1610 3096 1667; x_wconf 87' lang='lat' dir='ltr'><strong>laudantur</strong></span> <span class='ocrx_word' id='word_1_246' title='bbox 3117 1611 3360 1677; x_wconf 81' lang='lat' dir='ltr'><strong>exordia,</strong></span> <span class='ocrx_word' id='word_1_247' title='bbox 3389 1613 3485 1669; x_wconf 87' lang='lat' dir='ltr'><strong>sed</strong></span> 
     </span>
    </p>
   </div>
   <div class='ocr_carea' id='block_1_32' title="bbox 1886 1701 3483 1773">
    <p class='ocr_par' dir='ltr' id='par_1_32' title="bbox 1886 1701 3483 1773">
     <span class='ocr_line' id='line_1_32' title="bbox 1886 1701 3483 1773; baseline 0.004 -21"><span class='ocrx_word' id='word_1_248' title='bbox 1886 1701 2005 1755; x_wconf 87' lang='lat' dir='ltr'><strong>linis</strong></span> <span class='ocrx_word' id='word_1_249' title='bbox 2031 1701 2342 1771; x_wconf 89' lang='lat' dir='ltr'><strong>proditione</strong></span> <span class='ocrx_word' id='word_1_250' title='bbox 2363 1701 2669 1757; x_wconf 88' lang='lat' dir='ltr'><strong>damnatur.</strong></span> <span class='ocrx_word' id='word_1_251' title='bbox 2694 1702 2752 1756; x_wconf 87' lang='lat' dir='ltr'><strong>In</strong></span> <span class='ocrx_word' id='word_1_252' title='bbox 2780 1716 2940 1757; x_wconf 82' lang='lat' dir='ltr'><strong>servo</strong></span> <span class='ocrx_word' id='word_1_253' title='bbox 2974 1703 3066 1758; x_wconf 89' lang='lat' dir='ltr'><strong>Dei</strong></span> <span class='ocrx_word' id='word_1_254' title='bbox 3097 1717 3204 1757; x_wconf 91' lang='lat' dir='ltr'><strong>non</strong></span> <span class='ocrx_word' id='word_1_255' title='bbox 3236 1704 3483 1773; x_wconf 86' lang='lat' dir='ltr'><strong>corporis</strong></span> 
     </span>
    </p>
   </div>
   <div class='ocr_carea' id='block_1_33' title="bbox 206 1789 3485 1865">
    <p class='ocr_par' dir='ltr' id='par_1_33' title="bbox 206 1789 3485 1865">
     <span class='ocr_line' id='line_1_33' title="bbox 206 1789 3485 1865; baseline 0.001 -20"><span class='ocrx_word' id='word_1_256' title='bbox 206 1792 313 1847; x_wconf 81' lang='lat' dir='ltr'><strong>Inde</strong></span> <span class='ocrx_word' id='word_1_257' title='bbox 348 1792 575 1848; x_wconf 88' lang='lat' dir='ltr'><strong>avaritia</strong></span> <span class='ocrx_word' id='word_1_258' title='bbox 606 1804 837 1849; x_wconf 85' lang='lat' dir='ltr'><strong>conatur</strong></span> <span class='ocrx_word' id='word_1_259' title='bbox 868 1794 1201 1863; x_wconf 88' lang='lat' dir='ltr'><strong>irrumpere,</strong></span> <span class='ocrx_word' id='word_1_260' title='bbox 1235 1793 1361 1849; x_wconf 89' lang='lat' dir='ltr'><strong>inde</strong></span> <span class='ocrx_word' id='word_1_261' title='bbox 1402 1801 1599 1848; x_wconf 78' lang='lat' dir='ltr'><strong>venter</strong></span> <span class='ocrx_word' id='word_1_262' title='bbox 1625 1807 1775 1848; x_wconf 92' lang='lat' dir='ltr'><strong>meus</strong></span> <span class='ocrx_word' id='word_1_263' title='bbox 1806 1789 1851 1850; x_wconf 91' lang='lat' dir='ltr'><strong>B</strong></span> <span class='ocrx_word' id='word_1_264' title='bbox 1882 1791 2080 1859; x_wconf 90' lang='lat' dir='ltr'><strong>cultus,</strong></span> <span class='ocrx_word' id='word_1_265' title='bbox 2133 1793 2227 1847; x_wconf 91' lang='lat' dir='ltr'><strong>sed</strong></span> <span class='ocrx_word' id='word_1_266' title='bbox 2268 1794 2462 1848; x_wconf 64' lang='lat' dir='ltr'><strong>anima:</strong></span> <span class='ocrx_word' id='word_1_267' title='bbox 2489 1794 2642 1863; x_wconf 80' lang='lat' dir='ltr'><strong>vigor</strong></span> <span class='ocrx_word' id='word_1_268' title='bbox 2667 1793 2946 1863; x_wconf 86' lang='lat' dir='ltr'><strong>quaeritur,</strong></span> <span class='ocrx_word' id='word_1_269' title='bbox 2988 1793 3077 1865; x_wconf 92' lang='lat' dir='ltr'><strong>qui</strong></span> <span class='ocrx_word' id='word_1_270' title='bbox 3108 1794 3291 1849; x_wconf 90' lang='lat' dir='ltr'><strong>carnis</strong></span> <span class='ocrx_word' id='word_1_271' title='bbox 3331 1794 3485 1849; x_wconf 87' lang='lat' dir='ltr'><strong>infir-</strong></span> 
     </span>
    </p>
   </div>
   <div class='ocr_carea' id='block_1_34' title="bbox 208 1882 1780 1956">
    <p class='ocr_par' dir='ltr' id='par_1_34' title="bbox 208 1882 1780 1956">
     <span class='ocr_line' id='line_1_34' title="bbox 208 1882 1780 1956; baseline 0.003 -21"><span class='ocrx_word' id='word_1_272' title='bbox 208 1884 301 1938; x_wconf 76' lang='lat' dir='ltr'><strong>rult</strong></span> <span class='ocrx_word' id='word_1_273' title='bbox 324 1885 445 1939; x_wconf 90' lang='lat' dir='ltr'><strong>mihi</strong></span> <span class='ocrx_word' id='word_1_274' title='bbox 478 1885 627 1939; x_wconf 88' lang='lat' dir='ltr'><strong>Deus</strong></span> <span class='ocrx_word' id='word_1_275' title='bbox 657 1899 782 1941; x_wconf 87' lang='lat' dir='ltr'><strong>esse</strong></span> <span class='ocrx_word' id='word_1_276' title='bbox 814 1901 910 1956; x_wconf 89' lang='lat' dir='ltr'><strong>pro</strong></span> <span class='ocrx_word' id='word_1_277' title='bbox 936 1884 1177 1941; x_wconf 88' lang='lat' dir='ltr'><strong>Cltristo.</strong></span> <span class='ocrx_word' id='word_1_278' title='bbox 1209 1882 1499 1954; x_wconf 88' lang='lat' dir='ltr'><strong>Compellit</strong></span> <span class='ocrx_word' id='word_1_279' title='bbox 1529 1882 1698 1939; x_wconf 89' lang='lat' dir='ltr'><strong>libido</strong></span> <span class='ocrx_word' id='word_1_280' title='bbox 1721 1891 1780 1939; x_wconf 92' lang='lat' dir='ltr'><strong>ut</strong></span> 
     </span>
    </p>
   </div>
   <div class='ocr_carea' id='block_1_35' title="bbox 207 1975 1775 2049">
    <p class='ocr_par' dir='ltr' id='par_1_35' title="bbox 207 1975 1775 2049">
     <span class='ocr_line' id='line_1_35' title="bbox 207 1975 1775 2049; baseline 0.001 -20"><span class='ocrx_word' id='word_1_281' title='bbox 207 1976 511 2031; x_wconf 77' lang='lat' dir='ltr'><strong>habitantem</strong></span> <span class='ocrx_word' id='word_1_282' title='bbox 536 1976 588 2033; x_wconf 89' lang='lat' dir='ltr'><strong>in</strong></span> <span class='ocrx_word' id='word_1_283' title='bbox 615 1993 701 2034; x_wconf 90' lang='lat' dir='ltr'><strong>me</strong></span> <span class='ocrx_word' id='word_1_284' title='bbox 730 1978 995 2049; x_wconf 90' lang='lat' dir='ltr'><strong>Spiritum</strong></span> <span class='ocrx_word' id='word_1_285' title='bbox 1027 1988 1274 2033; x_wconf 79' lang='lat' dir='ltr'><strong>sanctum</strong></span> <span class='ocrx_word' id='word_1_286' title='bbox 1303 1975 1513 2048; x_wconf 84' lang='lat' dir='ltr'><strong>fugem,</strong></span> <span class='ocrx_word' id='word_1_287' title='bbox 1549 1986 1605 2032; x_wconf 90' lang='lat' dir='ltr'><strong>ut</strong></span> <span class='ocrx_word' id='word_1_288' title='bbox 1636 1986 1775 2032; x_wconf 85' lang='lat' dir='ltr'><strong>tem-</strong></span> 
     </span>
    </p>
   </div>
   <div class='ocr_carea' id='block_1_36' title="bbox 207 2069 1774 2143">
    <p class='ocr_par' dir='ltr' id='par_1_36' title="bbox 207 2069 1774 2143">
     <span class='ocr_line' id='line_1_36' title="bbox 207 2069 1774 2143; baseline 0.003 -21"><span class='ocrx_word' id='word_1_289' title='bbox 207 2070 329 2139; x_wconf 88' lang='lat' dir='ltr'><strong>plum</strong></span> <span class='ocrx_word' id='word_1_290' title='bbox 359 2071 447 2126; x_wconf 90' lang='lat' dir='ltr'><strong>Dei</strong></span> <span class='ocrx_word' id='word_1_291' title='bbox 480 2071 682 2126; x_wconf 81' lang='lat' dir='ltr'><strong>violem</strong></span> <span class='ocrx_word' id='word_1_292' title='bbox 720 2089 733 2127; x_wconf 92' lang='lat'>:</span> <span class='ocrx_word' id='word_1_293' title='bbox 770 2070 1117 2143; x_wconf 85' lang='lat' dir='ltr'><strong>persequitur</strong></span> <span class='ocrx_word' id='word_1_294' title='bbox 1147 2086 1255 2138; x_wconf 87' lang='lat' dir='ltr'><strong>me,</strong></span> <span class='ocrx_word' id='word_1_295' title='bbox 1299 2072 1545 2141; x_wconf 91' lang='lat' dir='ltr'><strong>inquam,</strong></span> <span class='ocrx_word' id='word_1_296' title='bbox 1577 2069 1774 2136; x_wconf 86' lang='lat' dir='ltr'><strong>hostis,</strong></span> 
     </span>
    </p>
   </div>
   <div class='ocr_carea' id='block_1_37' title="bbox 206 2162 1777 2233">
    <p class='ocr_par' dir='ltr' id='par_1_37' title="bbox 206 2162 1777 2233">
     <span class='ocr_line' id='line_1_37' title="bbox 206 2162 1777 2233; baseline 0.002 -19"><span class='ocrx_word' id='word_1_297' title='bbox 206 2162 271 2215; x_wconf 76' lang='lat' dir='ltr'><strong>tui</strong></span> <span class='ocrx_word' id='word_1_298' title='bbox 300 2162 509 2217; x_wconf 90' lang='lat' dir='ltr'><strong>nomina</strong></span> <span class='ocrx_word' id='word_1_299' title='bbox 536 2163 687 2219; x_wconf 90' lang='lat' dir='ltr'><strong>mille</strong></span> <span class='ocrx_word' id='word_1_300' title='bbox 709 2174 763 2220; x_wconf 87' lang='lat' dir='ltr'><strong>et</strong></span> <span class='ocrx_word' id='word_1_301' title='bbox 793 2164 943 2219; x_wconf 89' lang='lat' dir='ltr'><strong>mille</strong></span> <span class='ocrx_word' id='word_1_302' title='bbox 965 2163 1198 2219; x_wconf 88' lang='lat' dir='ltr'><strong>nocendi</strong></span> <span class='ocrx_word' id='word_1_303' title='bbox 1226 2173 1353 2218; x_wconf 87' lang='lat' dir='ltr'><strong>sunt</strong></span> <span class='ocrx_word' id='word_1_304' title='bbox 1379 2172 1557 2227; x_wconf 71' lang='lat' dir='ltr'><strong>artes;</strong></span> <span class='ocrx_word' id='word_1_305' title='bbox 1590 2172 1639 2217; x_wconf 90' lang='lat' dir='ltr'><strong>et</strong></span> <span class='ocrx_word' id='word_1_306' title='bbox 1674 2178 1777 2233; x_wconf 88' lang='lat' dir='ltr'><strong>ego</strong></span> 
     </span>
    </p>
   </div>
   <div class='ocr_carea' id='block_1_38' title="bbox 207 2251 1778 2327">
    <p class='ocr_par' dir='ltr' id='par_1_38' title="bbox 207 2251 1778 2327">
     <span class='ocr_line' id='line_1_38' title="bbox 207 2251 1778 2327; baseline 0.003 -21"><span class='ocrx_word' id='word_1_307' title='bbox 207 2251 361 2307; x_wconf 74' lang='lat' dir='ltr'><strong>infelix</strong></span> <span class='ocrx_word' id='word_1_308' title='bbox 411 2254 680 2310; x_wconf 84' lang='lat' dir='ltr'><strong>victorem</strong></span> <span class='ocrx_word' id='word_1_309' title='bbox 728 2270 814 2310; x_wconf 91' lang='lat' dir='ltr'><strong>me</strong></span> <span class='ocrx_word' id='word_1_310' title='bbox 855 2255 1058 2327; x_wconf 89' lang='lat' dir='ltr'><strong>putabo</strong></span> <span class='ocrx_word' id='word_1_311' title='bbox 1090 2256 1213 2310; x_wconf 91' lang='lat' dir='ltr'><strong>dum</strong></span> <span class='ocrx_word' id='word_1_312' title='bbox 1246 2254 1452 2325; x_wconf 89' lang='lat' dir='ltr'><strong>capior.</strong></span> <span class='ocrx_word' id='word_1_313' title='bbox 1499 2252 1778 2310; x_wconf 85' lang='lat' dir='ltr'><strong>Perfectus</strong></span> 
     </span>
    </p>
   </div>
   <div class='ocr_carea' id='block_1_39' title="bbox 205 2347 1780 2419">
    <p class='ocr_par' dir='ltr' id='par_1_39' title="bbox 205 2347 1780 2419">
     <span class='ocr_line' id='line_1_39' title="bbox 205 2347 1780 2419; baseline -0.001 -16"><span class='ocrx_word' id='word_1_314' title='bbox 205 2363 367 2403; x_wconf 84' lang='lat' dir='ltr'><strong>servus</strong></span> <span class='ocrx_word' id='word_1_315' title='bbox 397 2349 608 2404; x_wconf 86' lang='lat' dir='ltr'><strong>Christi</strong></span> <span class='ocrx_word' id='word_1_316' title='bbox 647 2348 780 2403; x_wconf 80' lang='lat' dir='ltr'><strong>nihil</strong></span> <span class='ocrx_word' id='word_1_317' title='bbox 826 2359 1026 2419; x_wconf 61' lang='lat' dir='ltr'><strong>prteter</strong></span> <span class='ocrx_word' id='word_1_318' title='bbox 1052 2347 1331 2403; x_wconf 84' lang='lat' dir='ltr'><strong>Chrismm</strong></span> <span class='ocrx_word' id='word_1_319' title='bbox 1364 2347 1566 2403; x_wconf 87' lang='lat' dir='ltr'><strong>habeat</strong></span> <span class='ocrx_word' id='word_1_320' title='bbox 1598 2363 1612 2401; x_wconf 89' lang='lat'><strong>:</strong></span> <span class='ocrx_word' id='word_1_321' title='bbox 1646 2348 1780 2402; x_wconf 77' lang='lat' dir='ltr'><strong>alio-</strong></span> 
     </span>
    </p>
   </div>
   <div class='ocr_carea' id='block_1_40' title="bbox 204 2440 1779 2513">
    <p class='ocr_par' dir='ltr' id='par_1_40' title="bbox 204 2440 1779 2513">
     <span class='ocr_line' id='line_1_40' title="bbox 204 2440 1779 2513; baseline -0.001 -17"><span class='ocrx_word' id='word_1_322' title='bbox 204 2443 313 2508; x_wconf 87' lang='lat' dir='ltr'><strong>quin</strong></span> <span class='ocrx_word' id='word_1_323' title='bbox 340 2443 617 2513; x_wconf 88' lang='lat' dir='ltr'><strong>pcrfectus</strong></span> <span class='ocrx_word' id='word_1_324' title='bbox 641 2456 745 2496; x_wconf 90' lang='lat' dir='ltr'><strong>nou</strong></span> <span class='ocrx_word' id='word_1_325' title='bbox 780 2451 861 2497; x_wconf 90' lang='lat' dir='ltr'><strong>est</strong></span> <span class='ocrx_word' id='word_1_326' title='bbox 883 2457 898 2507; x_wconf 88' lang='lat'><strong>;</strong></span> <span class='ocrx_word' id='word_1_327' title='bbox 923 2451 979 2497; x_wconf 88' lang='lat' dir='ltr'><strong>et</strong></span> <span class='ocrx_word' id='word_1_328' title='bbox 1005 2442 1049 2496; x_wconf 90' lang='lat' dir='ltr'><strong>si</strong></span> <span class='ocrx_word' id='word_1_329' title='bbox 1082 2440 1362 2512; x_wconf 87' lang='lat' dir='ltr'><strong>perfectus</strong></span> <span class='ocrx_word' id='word_1_330' title='bbox 1388 2456 1494 2495; x_wconf 91' lang='lat' dir='ltr'><strong>non</strong></span> <span class='ocrx_word' id='word_1_331' title='bbox 1518 2448 1621 2507; x_wconf 89' lang='lat' dir='ltr'><strong>est,</strong></span> <span class='ocrx_word' id='word_1_332' title='bbox 1651 2455 1779 2495; x_wconf 90' lang='lat' dir='ltr'><strong>cum</strong></span> 
     </span>
    </p>
   </div>
   <div class='ocr_carea' id='block_1_41' title="bbox 205 2532 1775 2604">
    <p class='ocr_par' dir='ltr' id='par_1_41' title="bbox 205 2532 1775 2604">
     <span class='ocr_line' id='line_1_41' title="bbox 205 2532 1775 2604; baseline 0 -16"><span class='ocrx_word' id='word_1_333' title='bbox 205 2550 253 2588; x_wconf 81' lang='lat' dir='ltr'><strong>se</strong></span> <span class='ocrx_word' id='word_1_334' title='bbox 274 2534 565 2603; x_wconf 86' lang='lat' dir='ltr'><strong>perfectum</strong></span> <span class='ocrx_word' id='word_1_335' title='bbox 593 2533 709 2589; x_wconf 89' lang='lat' dir='ltr'><strong>fore</strong></span> <span class='ocrx_word' id='word_1_336' title='bbox 739 2533 852 2588; x_wconf 88' lang='lat' dir='ltr'><strong>Deo</strong></span> <span class='ocrx_word' id='word_1_337' title='bbox 878 2533 1153 2604; x_wconf 86' lang='lat' dir='ltr'><strong>pollicitus</strong></span> <span class='ocrx_word' id='word_1_338' title='bbox 1187 2534 1257 2588; x_wconf 93' lang='lat' dir='ltr'><strong>sit</strong></span> <span class='ocrx_word' id='word_1_339' title='bbox 1287 2544 1430 2591; x_wconf 82' lang='lat' dir='ltr'><strong>ante.</strong></span> <span class='ocrx_word' id='word_1_340' title='bbox 1468 2532 1728 2588; x_wconf 88' lang='lat' dir='ltr'><strong>mentitur</strong></span> <span class='ocrx_word' id='word_1_341' title='bbox 1761 2549 1775 2587; x_wconf 91' lang='lat'>:</span> 
     </span>
    </p>
   </div>
   <div class='ocr_carea' id='block_1_42' title="bbox 206 2622 1776 2696">
    <p class='ocr_par' dir='ltr' id='par_1_42' title="bbox 206 2622 1776 2696">
     <span class='ocr_line' id='line_1_42' title="bbox 206 2622 1776 2696; baseline 0 -17"><span class='ocrx_word' id='word_1_342' title='bbox 206 2643 250 2679; x_wconf 76' lang='lat' dir='ltr'><strong>os</strong></span> <span class='ocrx_word' id='word_1_343' title='bbox 275 2637 428 2680; x_wconf 73' lang='lat' dir='ltr'><strong>aufem</strong></span> <span class='ocrx_word' id='word_1_344' title='bbox 454 2626 601 2691; x_wconf 86' lang='lat' dir='ltr'><strong>quod</strong></span> <span class='ocrx_word' id='word_1_345' title='bbox 630 2627 875 2680; x_wconf 79' lang='lat' dir='ltr'><strong>mentitur</strong></span> <span class='ocrx_word' id='word_1_346' title='bbox 905 2626 1090 2679; x_wconf 83' lang='lat' dir='ltr'><strong>occidit</strong></span> <span class='ocrx_word' id='word_1_347' title='bbox 1121 2626 1347 2678; x_wconf 86' lang='lat' dir='ltr'><strong>animant</strong></span> <span class='ocrx_word' id='word_1_348' title='bbox 1370 2626 1387 2693; x_wconf 92' lang='lat'>(</span> <span class='ocrx_word' id='word_1_349' title='bbox 1408 2623 1534 2696; x_wconf 89' lang='lat' dir='ltr'><strong>Sap.</strong></span> <span class='ocrx_word' id='word_1_350' title='bbox 1565 2640 1612 2687; x_wconf 89' lang='lat' dir='ltr'><strong>t,</strong></span> <span class='ocrx_word' id='word_1_351' title='bbox 1648 2622 1776 2694; x_wconf 81' lang='grc'><strong>11).</strong></span> 
     </span>
    </p>
   </div>
   <div class='ocr_carea' id='block_1_43' title="bbox 205 2716 1776 2789">
    <p class='ocr_par' dir='ltr' id='par_1_43' title="bbox 205 2716 1776 2789">
     <span class='ocr_line' id='line_1_43' title="bbox 205 2716 1776 2789; baseline 0.001 -20"><span class='ocrx_word' id='word_1_352' title='bbox 205 2716 476 2773; x_wconf 73' lang='lat' dir='ltr'><strong>Monachus</strong></span> <span class='ocrx_word' id='word_1_353' title='bbox 512 2720 565 2774; x_wconf 90' lang='lat' dir='ltr'><strong>in</strong></span> <span class='ocrx_word' id='word_1_354' title='bbox 594 2734 690 2774; x_wconf 91' lang='lat' dir='ltr'><strong>sua</strong></span> <span class='ocrx_word' id='word_1_355' title='bbox 725 2719 896 2789; x_wconf 91' lang='lat' dir='ltr'><strong>patria</strong></span> <span class='ocrx_word' id='word_1_356' title='bbox 930 2736 1035 2773; x_wconf 91' lang='lat' dir='ltr'><strong>non</strong></span> <span class='ocrx_word' id='word_1_357' title='bbox 1070 2718 1233 2773; x_wconf 84' lang='lat' dir='ltr'><strong>habet</strong></span> <span class='ocrx_word' id='word_1_358' title='bbox 1264 2717 1524 2772; x_wconf 89' lang='lat' dir='ltr'><strong>honorem</strong></span> <span class='ocrx_word' id='word_1_359' title='bbox 1547 2756 1560 2780; x_wconf 93' lang='lat'><strong>,</strong></span> <span class='ocrx_word' id='word_1_360' title='bbox 1592 2724 1647 2771; x_wconf 88' lang='lat' dir='ltr'><strong>et</strong></span> <span class='ocrx_word' id='word_1_361' title='bbox 1684 2716 1776 2771; x_wconf 83' lang='lat' dir='ltr'><strong>tibi</strong></span> 
     </span>
    </p>
   </div>
   <div class='ocr_carea' id='block_1_44' title="bbox 204 2809 1774 2883">
    <p class='ocr_par' dir='ltr' id='par_1_44' title="bbox 204 2809 1774 2883">
     <span class='ocr_line' id='line_1_44' title="bbox 204 2809 1774 2883; baseline 0.002 -21"><span class='ocrx_word' id='word_1_362' title='bbox 204 2809 353 2867; x_wconf 86' lang='lat' dir='ltr'><strong>honor</strong></span> <span class='ocrx_word' id='word_1_363' title='bbox 378 2829 487 2868; x_wconf 90' lang='lat' dir='ltr'><strong>non</strong></span> <span class='ocrx_word' id='word_1_364' title='bbox 518 2822 624 2879; x_wconf 86' lang='lat' dir='ltr'><strong>est,</strong></span> <span class='ocrx_word' id='word_1_365' title='bbox 656 2812 731 2869; x_wconf 90' lang='lat' dir='ltr'><strong>ibi</strong></span> <span class='ocrx_word' id='word_1_366' title='bbox 759 2820 1105 2883; x_wconf 69' lang='lat' dir='ltr'><strong>contemptus</strong></span> <span class='ocrx_word' id='word_1_367' title='bbox 1130 2820 1214 2868; x_wconf 88' lang='lat' dir='ltr'><strong>est</strong></span> <span class='ocrx_word' id='word_1_368' title='bbox 1243 2829 1256 2865; x_wconf 91' lang='lat'><strong>:</strong></span> <span class='ocrx_word' id='word_1_369' title='bbox 1287 2811 1374 2866; x_wconf 90' lang='lat' dir='ltr'><strong>ubi</strong></span> <span class='ocrx_word' id='word_1_370' title='bbox 1404 2819 1774 2881; x_wconf 87' lang='lat' dir='ltr'><strong>contemptus,</strong></span> 
     </span>
    </p>
   </div>
   <div class='ocr_carea' id='block_1_45' title="bbox 203 2902 1779 2975">
    <p class='ocr_par' dir='ltr' id='par_1_45' title="bbox 203 2902 1779 2975">
     <span class='ocr_line' id='line_1_45' title="bbox 203 2902 1779 2975; baseline 0.001 -18"><span class='ocrx_word' id='word_1_371' title='bbox 203 2904 263 2957; x_wconf 91' lang='lat' dir='ltr'><strong>ibi</strong></span> <span class='ocrx_word' id='word_1_372' title='bbox 289 2905 541 2974; x_wconf 87' lang='lat' dir='ltr'><strong>frequens</strong></span> <span class='ocrx_word' id='word_1_373' title='bbox 591 2905 787 2975; x_wconf 78' lang='lat' dir='ltr'><strong>injuria</strong></span> <span class='ocrx_word' id='word_1_374' title='bbox 809 2950 823 2975; x_wconf 90' lang='lat'><strong>,</strong></span> <span class='ocrx_word' id='word_1_375' title='bbox 857 2906 928 2960; x_wconf 88' lang='lat' dir='ltr'><strong>ibi</strong></span> <span class='ocrx_word' id='word_1_376' title='bbox 974 2914 1031 2961; x_wconf 88' lang='lat' dir='ltr'><strong>et</strong></span> <span class='ocrx_word' id='word_1_377' title='bbox 1057 2904 1354 2975; x_wconf 83' lang='lat' dir='ltr'><strong>indignatio</strong></span> <span class='ocrx_word' id='word_1_378' title='bbox 1387 2920 1400 2956; x_wconf 92' lang='lat'><strong>:</strong></span> <span class='ocrx_word' id='word_1_379' title='bbox 1432 2903 1524 2958; x_wconf 90' lang='lat' dir='ltr'><strong>ubi</strong></span> <span class='ocrx_word' id='word_1_380' title='bbox 1557 2912 1611 2959; x_wconf 87' lang='lat' dir='ltr'><strong>et</strong></span> <span class='ocrx_word' id='word_1_381' title='bbox 1638 2902 1779 2958; x_wconf 88' lang='lat' dir='ltr'><strong>indi-</strong></span> 
     </span>
    </p>
   </div>
   <div class='ocr_carea' id='block_1_46' title="bbox 202 2997 1776 3069">
    <p class='ocr_par' dir='ltr' id='par_1_46' title="bbox 202 2997 1776 3069">
     <span class='ocr_line' id='line_1_46' title="bbox 202 2997 1776 3069; baseline 0.003 -20"><span class='ocrx_word' id='word_1_382' title='bbox 202 2997 379 3066; x_wconf 77' lang='lat' dir='ltr'><strong>gnatio,</strong></span> <span class='ocrx_word' id='word_1_383' title='bbox 410 2998 487 3054; x_wconf 86' lang='lat' dir='ltr'><strong>ibi</strong></span> <span class='ocrx_word' id='word_1_384' title='bbox 517 2998 674 3069; x_wconf 86' lang='lat' dir='ltr'><strong>quies</strong></span> <span class='ocrx_word' id='word_1_385' title='bbox 704 2999 854 3053; x_wconf 90' lang='lat' dir='ltr'><strong>nulla</strong></span> <span class='ocrx_word' id='word_1_386' title='bbox 891 3018 904 3052; x_wconf 89' lang='lat'><strong>:</strong></span> <span class='ocrx_word' id='word_1_387' title='bbox 938 2999 1027 3054; x_wconf 83' lang='lat' dir='ltr'><strong>tibi</strong></span> <span class='ocrx_word' id='word_1_388' title='bbox 1054 3000 1207 3066; x_wconf 88' lang='lat' dir='ltr'><strong>quies</strong></span> <span class='ocrx_word' id='word_1_389' title='bbox 1235 3013 1341 3053; x_wconf 92' lang='lat' dir='ltr'><strong>non</strong></span> <span class='ocrx_word' id='word_1_390' title='bbox 1374 3007 1488 3065; x_wconf 88' lang='lat' dir='ltr'><strong>est,</strong></span> <span class='ocrx_word' id='word_1_391' title='bbox 1522 2998 1593 3052; x_wconf 89' lang='lat' dir='ltr'><strong>ibi</strong></span> <span class='ocrx_word' id='word_1_392' title='bbox 1624 3013 1776 3053; x_wconf 89' lang='lat' dir='ltr'><strong>mens</strong></span> 
     </span>
    </p>
   </div>
   <div class='ocr_carea' id='block_1_47' title="bbox 200 3091 1777 3162">
    <p class='ocr_par' dir='ltr' id='par_1_47' title="bbox 200 3091 1777 3162">
     <span class='ocr_line' id='line_1_47' title="bbox 200 3091 1777 3162; baseline 0.003 -21"><span class='ocrx_word' id='word_1_393' title='bbox 200 3104 223 3141; x_wconf 82' lang='lat' dir='ltr'><strong>a</strong></span> <span class='ocrx_word' id='word_1_394' title='bbox 250 3095 525 3161; x_wconf 73' lang='lat' dir='ltr'><strong>proposito</strong></span> <span class='ocrx_word' id='word_1_395' title='bbox 570 3107 717 3160; x_wconf 66' lang='lat' dir='ltr'><strong>scere</strong></span> <span class='ocrx_word' id='word_1_396' title='bbox 750 3091 1057 3147; x_wconf 79' lang='lat' dir='ltr'><strong>deducitur.</strong></span> <span class='ocrx_word' id='word_1_397' title='bbox 1090 3091 1190 3149; x_wconf 87' lang='lat' dir='ltr'><strong>Uhi</strong></span> <span class='ocrx_word' id='word_1_398' title='bbox 1232 3101 1409 3146; x_wconf 89' lang='lat' dir='ltr'><strong>autem</strong></span> <span class='ocrx_word' id='word_1_399' title='bbox 1443 3106 1537 3160; x_wconf 83' lang='lat' dir='ltr'><strong>per</strong></span> <span class='ocrx_word' id='word_1_400' title='bbox 1565 3091 1777 3162; x_wconf 82' lang='lat' dir='ltr'><strong>inquie-</strong></span> 
     </span>
    </p>
   </div>
   <div class='ocr_carea' id='block_1_48' title="bbox 1884 1882 3488 1956">
    <p class='ocr_par' dir='ltr' id='par_1_48' title="bbox 1884 1882 3488 1956">
     <span class='ocr_line' id='line_1_48' title="bbox 1884 1882 3488 1956; baseline 0.002 -19"><span class='ocrx_word' id='word_1_401' title='bbox 1884 1883 2070 1939; x_wconf 90' lang='lat' dir='ltr'><strong>mitate</strong></span> <span class='ocrx_word' id='word_1_402' title='bbox 2098 1882 2160 1938; x_wconf 89' lang='lat' dir='ltr'><strong>fit</strong></span> <span class='ocrx_word' id='word_1_403' title='bbox 2202 1884 2411 1939; x_wconf 88' lang='lat' dir='ltr'><strong>fortior.</strong></span> <span class='ocrx_word' id='word_1_404' title='bbox 2449 1883 2595 1939; x_wconf 86' lang='lat' dir='ltr'><strong>Nihil</strong></span> <span class='ocrx_word' id='word_1_405' title='bbox 2620 1886 2698 1940; x_wconf 91' lang='lat' dir='ltr'><strong>sic</strong></span> <span class='ocrx_word' id='word_1_406' title='bbox 2728 1883 3029 1940; x_wconf 87' lang='lat' dir='ltr'><strong>inflammat</strong></span> <span class='ocrx_word' id='word_1_407' title='bbox 3050 1900 3302 1956; x_wconf 88' lang='lat' dir='ltr'><strong>corpora,</strong></span> <span class='ocrx_word' id='word_1_408' title='bbox 3340 1894 3393 1941; x_wconf 91' lang='lat' dir='ltr'><strong>et</strong></span> <span class='ocrx_word' id='word_1_409' title='bbox 3422 1886 3488 1941; x_wconf 85' lang='lat' dir='ltr'><strong>ti-</strong></span> 
     </span>
    </p>
   </div>
   <div class='ocr_carea' id='block_1_49' title="bbox 1884 1974 3482 2048">
    <p class='ocr_par' dir='ltr' id='par_1_49' title="bbox 1884 1974 3482 2048">
     <span class='ocr_line' id='line_1_49' title="bbox 1884 1974 3482 2048; baseline 0.004 -20"><span class='ocrx_word' id='word_1_410' title='bbox 1884 1974 2023 2029; x_wconf 88' lang='lat' dir='ltr'><strong>tillat</strong></span> <span class='ocrx_word' id='word_1_411' title='bbox 2067 1974 2308 2030; x_wconf 90' lang='lat' dir='ltr'><strong>membra</strong></span> <span class='ocrx_word' id='word_1_412' title='bbox 2340 1977 2620 2045; x_wconf 89' lang='lat' dir='ltr'><strong>genitalia,</strong></span> <span class='ocrx_word' id='word_1_413' title='bbox 2658 1976 2931 2047; x_wconf 89' lang='lat' dir='ltr'><strong>quomodo</strong></span> <span class='ocrx_word' id='word_1_414' title='bbox 2972 1977 3271 2047; x_wconf 71' lang='lat' dir='ltr'><strong>indigestus</strong></span> <span class='ocrx_word' id='word_1_415' title='bbox 3304 1979 3482 2048; x_wconf 90' lang='lat' dir='ltr'><strong>cibus,</strong></span> 
     </span>
    </p>
   </div>
   <div class='ocr_carea' id='block_1_50' title="bbox 1881 2068 3485 2141">
    <p class='ocr_par' dir='ltr' id='par_1_50' title="bbox 1881 2068 3485 2141">
     <span class='ocr_line' id='line_1_50' title="bbox 1881 2068 3485 2141; baseline 0.002 -20"><span class='ocrx_word' id='word_1_416' title='bbox 1881 2076 2175 2137; x_wconf 88' lang='lat' dir='ltr'><strong>ructusque</strong></span> <span class='ocrx_word' id='word_1_417' title='bbox 2204 2068 2498 2124; x_wconf 86' lang='lat' dir='ltr'><strong>convulsus</strong></span> <span class='ocrx_word' id='word_1_418' title='bbox 2544 2084 2559 2124; x_wconf 87' lang='lat'><strong>:</strong></span> <span class='ocrx_word' id='word_1_419' title='bbox 2601 2068 2861 2139; x_wconf 85' lang='lat' dir='ltr'><strong>quidquid</strong></span> <span class='ocrx_word' id='word_1_420' title='bbox 2891 2068 3256 2141; x_wconf 67' lang='lat' dir='ltr'><strong>{seminarium</strong></span> <span class='ocrx_word' id='word_1_421' title='bbox 3289 2070 3485 2140; x_wconf 88' lang='lat' dir='ltr'><strong>volup-</strong></span> 
     </span>
    </p>
   </div>
   <div class='ocr_carea' id='block_1_51' title="bbox 1884 2160 3483 2233">
    <p class='ocr_par' dir='ltr' id='par_1_51' title="bbox 1884 2160 3483 2233">
     <span class='ocr_line' id='line_1_51' title="bbox 1884 2160 3483 2233; baseline 0.004 -21"><span class='ocrx_word' id='word_1_422' title='bbox 1884 2169 2051 2213; x_wconf 90' lang='lat' dir='ltr'><strong>tatum</strong></span> <span class='ocrx_word' id='word_1_423' title='bbox 2089 2168 2193 2225; x_wconf 91' lang='lat' dir='ltr'><strong>est,</strong></span> <span class='ocrx_word' id='word_1_424' title='bbox 2232 2170 2289 2215; x_wconf 90' lang='lat' dir='ltr'><strong>ut</strong></span> <span class='ocrx_word' id='word_1_425' title='bbox 2326 2175 2595 2216; x_wconf 83' lang='lat' dir='ltr'><strong>venenum</strong></span> <span class='ocrx_word' id='word_1_426' title='bbox 2626 2160 2905 2216; x_wconf 86' lang='lat' dir='ltr'><strong>vitandum</strong></span> <span class='ocrx_word' id='word_1_427' title='bbox 2949 2172 3053 2217; x_wconf 79' lang='lat' dir='ltr'><strong>est.</strong></span> <span class='ocrx_word' id='word_1_428' title='bbox 3086 2161 3287 2217; x_wconf 88' lang='lat' dir='ltr'><strong>Parcus</strong></span> <span class='ocrx_word' id='word_1_429' title='bbox 3315 2162 3483 2233; x_wconf 85' lang='lat' dir='ltr'><strong>igitur</strong></span> 
     </span>
    </p>
   </div>
   <div class='ocr_carea' id='block_1_52' title="bbox 1882 2250 3473 2325">
    <p class='ocr_par' dir='ltr' id='par_1_52' title="bbox 1882 2250 3473 2325">
     <span class='ocr_line' id='line_1_52' title="bbox 1882 2250 3473 2325; baseline 0.004 -20"><span class='ocrx_word' id='word_1_430' title='bbox 1882 2250 2056 2317; x_wconf 86' lang='lat' dir='ltr'><strong>cibus,</strong></span> <span class='ocrx_word' id='word_1_431' title='bbox 2089 2261 2144 2307; x_wconf 88' lang='lat' dir='ltr'><strong>et</strong></span> <span class='ocrx_word' id='word_1_432' title='bbox 2170 2261 2364 2307; x_wconf 80' lang='lat' dir='ltr'><strong>venter</strong></span> <span class='ocrx_word' id='word_1_433' title='bbox 2410 2267 2629 2323; x_wconf 88' lang='lat' dir='ltr'><strong>semper</strong></span> <span class='ocrx_word' id='word_1_434' title='bbox 2674 2253 2923 2308; x_wconf 91' lang='lat' dir='ltr'><strong>esuriens</strong></span> <span class='ocrx_word' id='word_1_435' title='bbox 2953 2252 3215 2309; x_wconf 89' lang='lat' dir='ltr'><strong>triduanis</strong></span> <span class='ocrx_word' id='word_1_436' title='bbox 3248 2254 3473 2325; x_wconf 87' lang='lat' dir='ltr'><strong>jejuniis</strong></span> 
     </span>
    </p>
   </div>
   <div class='ocr_carea' id='block_1_53' title="bbox 1884 2346 3472 2417">
    <p class='ocr_par' dir='ltr' id='par_1_53' title="bbox 1884 2346 3472 2417">
     <span class='ocr_line' id='line_1_53' title="bbox 1884 2346 3472 2417; baseline 0.003 -19"><span class='ocrx_word' id='word_1_437' title='bbox 1884 2347 2204 2415; x_wconf 79' lang='lat' dir='ltr'><strong>prtefcrtur:</strong></span> <span class='ocrx_word' id='word_1_438' title='bbox 2241 2347 2469 2401; x_wconf 92' lang='lat' dir='ltr'><strong>multum</strong></span> <span class='ocrx_word' id='word_1_439' title='bbox 2502 2347 2698 2401; x_wconf 89' lang='lat' dir='ltr'><strong>melius</strong></span> <span class='ocrx_word' id='word_1_440' title='bbox 2717 2355 2799 2401; x_wconf 89' lang='lat' dir='ltr'><strong>est</strong></span> <span class='ocrx_word' id='word_1_441' title='bbox 2819 2346 3061 2417; x_wconf 89' lang='lat' dir='ltr'><strong>quotidie</strong></span> <span class='ocrx_word' id='word_1_442' title='bbox 3079 2361 3294 2416; x_wconf 91' lang='lat' dir='ltr'><strong>parum,</strong></span> <span class='ocrx_word' id='word_1_443' title='bbox 3312 2363 3472 2417; x_wconf 80' lang='lat' dir='ltr'><strong>quant</strong></span> 
     </span>
    </p>
   </div>
   <div class='ocr_carea' id='block_1_54' title="bbox 1882 2438 3479 2512">
    <p class='ocr_par' dir='ltr' id='par_1_54' title="bbox 1882 2438 3479 2512">
     <span class='ocr_line' id='line_1_54' title="bbox 1882 2438 3479 2512; baseline 0.003 -19"><span class='ocrx_word' id='word_1_444' title='bbox 1882 2453 2009 2494; x_wconf 89' lang='lat' dir='ltr'><strong>raro</strong></span> <span class='ocrx_word' id='word_1_445' title='bbox 2035 2438 2166 2493; x_wconf 88' lang='lat' dir='ltr'><strong>satis</strong></span> <span class='ocrx_word' id='word_1_446' title='bbox 2206 2454 2443 2494; x_wconf 89' lang='lat' dir='ltr'><strong>sumere.</strong></span> <span class='ocrx_word' id='word_1_447' title='bbox 2474 2438 2662 2494; x_wconf 85' lang='lat' dir='ltr'><strong>Pluvia</strong></span> <span class='ocrx_word' id='word_1_448' title='bbox 2692 2439 2785 2494; x_wconf 90' lang='lat' dir='ltr'><strong>illa</strong></span> <span class='ocrx_word' id='word_1_449' title='bbox 2812 2440 3016 2510; x_wconf 89' lang='lat' dir='ltr'><strong>optima</strong></span> <span class='ocrx_word' id='word_1_450' title='bbox 3065 2448 3170 2506; x_wconf 77' lang='lat' dir='ltr'><strong>est,</strong></span> <span class='ocrx_word' id='word_1_451' title='bbox 3204 2457 3324 2512; x_wconf 66' lang='lat' dir='ltr'><strong>quae</strong></span> <span class='ocrx_word' id='word_1_452' title='bbox 3351 2457 3479 2497; x_wconf 90' lang='lat' dir='ltr'><strong>sen-</strong></span> 
     </span>
    </p>
   </div>
   <div class='ocr_carea' id='block_1_55' title="bbox 1881 2530 3479 2611">
    <p class='ocr_par' dir='ltr' id='par_1_55' title="bbox 1881 2530 3479 2611">
     <span class='ocr_line' id='line_1_55' title="bbox 1881 2530 3479 2611; baseline 0.005 -29"><span class='ocrx_word' id='word_1_453' title='bbox 1881 2530 1984 2584; x_wconf 84' lang='lat' dir='ltr'><strong>sim</strong></span> <span class='ocrx_word' id='word_1_454' title='bbox 2019 2530 2307 2587; x_wconf 90' lang='lat' dir='ltr'><strong>descendit</strong></span> <span class='ocrx_word' id='word_1_455' title='bbox 2331 2532 2383 2586; x_wconf 90' lang='lat' dir='ltr'><strong>in</strong></span> <span class='ocrx_word' id='word_1_456' title='bbox 2415 2541 2620 2597; x_wconf 84' lang='lat' dir='ltr'><strong>terras;</strong></span> <span class='ocrx_word' id='word_1_457' title='bbox 2667 2532 2881 2587; x_wconf 90' lang='lat' dir='ltr'><strong>subitus</strong></span> <span class='ocrx_word' id='word_1_458' title='bbox 2912 2532 3195 2611; x_wconf 70' lang='lat' dir='ltr'><strong>et,tiimius</strong></span> <span class='ocrx_word' id='word_1_459' title='bbox 3225 2533 3398 2589; x_wconf 89' lang='lat' dir='ltr'><strong>imber</strong></span> <span class='ocrx_word' id='word_1_460' title='bbox 3427 2535 3479 2590; x_wconf 92' lang='lat' dir='ltr'><strong>in</strong></span> 
     </span>
    </p>
   </div>
   <div class='ocr_carea' id='block_1_56' title="bbox 1884 2624 3479 2696">
    <p class='ocr_par' dir='ltr' id='par_1_56' title="bbox 1884 2624 3479 2696">
     <span class='ocr_line' id='line_1_56' title="bbox 1884 2624 3479 2696; baseline 0.003 -19"><span class='ocrx_word' id='word_1_461' title='bbox 1884 2636 2123 2693; x_wconf 70' lang='lat' dir='ltr'><strong>praeceps</strong></span> <span class='ocrx_word' id='word_1_462' title='bbox 2149 2638 2275 2678; x_wconf 87' lang='lat' dir='ltr'><strong>arva</strong></span> <span class='ocrx_word' id='word_1_463' title='bbox 2306 2624 2590 2679; x_wconf 84' lang='lat' dir='ltr'><strong>subvertit.</strong></span> <span class='ocrx_word' id='word_1_464' title='bbox 2613 2624 2839 2692; x_wconf 87' lang='lat' dir='ltr'><strong>Quando</strong></span> <span class='ocrx_word' id='word_1_465' title='bbox 2860 2624 3124 2691; x_wconf 83' lang='lat' dir='ltr'><strong>comedis,</strong></span> <span class='ocrx_word' id='word_1_466' title='bbox 3144 2624 3320 2696; x_wconf 86' lang='lat' dir='ltr'><strong>cogita</strong></span> <span class='ocrx_word' id='word_1_467' title='bbox 3337 2626 3479 2695; x_wconf 86' lang='lat' dir='ltr'><strong>quod</strong></span> 
     </span>
    </p>
   </div>
   <div class='ocr_carea' id='block_1_57' title="bbox 1881 2716 3478 2787">
    <p class='ocr_par' dir='ltr' id='par_1_57' title="bbox 1881 2716 3478 2787">
     <span class='ocr_line' id='line_1_57' title="bbox 1881 2716 3478 2787; baseline 0.003 -19"><span class='ocrx_word' id='word_1_468' title='bbox 1881 2716 2061 2768; x_wconf 87' lang='lat' dir='ltr'><strong>statim</strong></span> <span class='ocrx_word' id='word_1_469' title='bbox 2108 2716 2200 2770; x_wconf 90' lang='lat' dir='ltr'><strong>tibi</strong></span> <span class='ocrx_word' id='word_1_470' title='bbox 2230 2716 2518 2781; x_wconf 88' lang='lat' dir='ltr'><strong>orandum,</strong></span> <span class='ocrx_word' id='word_1_471' title='bbox 2555 2717 2700 2771; x_wconf 90' lang='lat' dir='ltr'><strong>illico</strong></span> <span class='ocrx_word' id='word_1_472' title='bbox 2726 2716 3012 2787; x_wconf 87' lang='lat' dir='ltr'><strong>legendum</strong></span> <span class='ocrx_word' id='word_1_473' title='bbox 3057 2721 3148 2772; x_wconf 85' lang='lat' dir='ltr'><strong>sit.</strong></span> <span class='ocrx_word' id='word_1_474' title='bbox 3182 2716 3298 2772; x_wconf 86' lang='lat' dir='ltr'><strong>Non</strong></span> <span class='ocrx_word' id='word_1_475' title='bbox 3330 2733 3478 2787; x_wconf 72' lang='lat' dir='ltr'><strong>qum-</strong></span> 
     </span>
    </p>
   </div>
   <div class='ocr_carea' id='block_1_58' title="bbox 1881 2808 3482 2879">
    <p class='ocr_par' dir='ltr' id='par_1_58' title="bbox 1881 2808 3482 2879">
     <span class='ocr_line' id='line_1_58' title="bbox 1881 2808 3482 2879; baseline 0.002 -17"><span class='ocrx_word' id='word_1_476' title='bbox 1881 2823 1971 2863; x_wconf 85' lang='lat' dir='ltr'><strong>ras</strong></span> <span class='ocrx_word' id='word_1_477' title='bbox 2004 2808 2058 2864; x_wconf 89' lang='lat' dir='ltr'><strong>itt</strong></span> <span class='ocrx_word' id='word_1_478' title='bbox 2099 2808 2366 2864; x_wconf 88' lang='lat' dir='ltr'><strong>monacho</strong></span> <span class='ocrx_word' id='word_1_479' title='bbox 2411 2808 2610 2878; x_wconf 65' lang='lat' dir='ltr'><strong>lingua:</strong></span> <span class='ocrx_word' id='word_1_480' title='bbox 2662 2810 2920 2876; x_wconf 90' lang='lat' dir='ltr'><strong>nitorem,</strong></span> <span class='ocrx_word' id='word_1_481' title='bbox 2968 2811 3063 2864; x_wconf 89' lang='lat' dir='ltr'><strong>sed</strong></span> <span class='ocrx_word' id='word_1_482' title='bbox 3106 2811 3303 2864; x_wconf 85' lang='lat' dir='ltr'><strong>animae</strong></span> <span class='ocrx_word' id='word_1_483' title='bbox 3335 2812 3482 2879; x_wconf 89' lang='lat' dir='ltr'><strong>puri-</strong></span> 
     </span>
    </p>
   </div>
   <div class='ocr_carea' id='block_1_59' title="bbox 1884 2901 3479 2973">
    <p class='ocr_par' dir='ltr' id='par_1_59' title="bbox 1884 2901 3479 2973">
     <span class='ocr_line' id='line_1_59' title="bbox 1884 2901 3479 2973; baseline 0.001 -18"><span class='ocrx_word' id='word_1_484' title='bbox 1884 2910 2072 2958; x_wconf 90' lang='lat' dir='ltr'><strong>tatem.</strong></span> <span class='ocrx_word' id='word_1_485' title='bbox 2105 2901 2262 2972; x_wconf 82' lang='lat' dir='ltr'><strong>Apud</strong></span> <span class='ocrx_word' id='word_1_486' title='bbox 2296 2902 2582 2972; x_wconf 89' lang='lat' dir='ltr'><strong>religiosos</strong></span> <span class='ocrx_word' id='word_1_487' title='bbox 2620 2901 2766 2956; x_wconf 89' lang='lat' dir='ltr'><strong>enim</strong></span> <span class='ocrx_word' id='word_1_488' title='bbox 2799 2901 3135 2956; x_wconf 69' lang='lat' dir='ltr'><strong>solmcismus</strong></span> <span class='ocrx_word' id='word_1_489' title='bbox 3162 2916 3389 2973; x_wconf 90' lang='lat' dir='ltr'><strong>magnus</strong></span> <span class='ocrx_word' id='word_1_490' title='bbox 3420 2909 3479 2958; x_wconf 82' lang='lat' dir='ltr'><strong>et</strong></span> 
     </span>
    </p>
   </div>
   <div class='ocr_carea' id='block_1_60' title="bbox 1882 2993 3477 3066">
    <p class='ocr_par' dir='ltr' id='par_1_60' title="bbox 1882 2993 3477 3066">
     <span class='ocr_line' id='line_1_60' title="bbox 1882 2993 3477 3066; baseline 0.001 -17"><span class='ocrx_word' id='word_1_491' title='bbox 1882 2995 2069 3049; x_wconf 80' lang='lat' dir='ltr'><strong>vitium</strong></span> <span class='ocrx_word' id='word_1_492' title='bbox 2097 3036 2111 3062; x_wconf 96' lang='lat'><strong>,</strong></span> <span class='ocrx_word' id='word_1_493' title='bbox 2154 3004 2310 3066; x_wconf 90' lang='lat' dir='ltr'><strong>turpe</strong></span> <span class='ocrx_word' id='word_1_494' title='bbox 2341 2995 2542 3066; x_wconf 87' lang='lat' dir='ltr'><strong>aliquid</strong></span> <span class='ocrx_word' id='word_1_495' title='bbox 2577 2994 2659 3049; x_wconf 85' lang='lat' dir='ltr'><strong>vel</strong></span> <span class='ocrx_word' id='word_1_496' title='bbox 2701 3009 2925 3049; x_wconf 88' lang='lat' dir='ltr'><strong>narrare</strong></span> <span class='ocrx_word' id='word_1_497' title='bbox 2950 2994 3034 3050; x_wconf 85' lang='lat' dir='ltr'><strong>vel</strong></span> <span class='ocrx_word' id='word_1_498' title='bbox 3066 2993 3265 3049; x_wconf 85' lang='lat' dir='ltr'><strong>facere.</strong></span> <span class='ocrx_word' id='word_1_499' title='bbox 3306 2995 3477 3051; x_wconf 73' lang='lat' dir='ltr'><strong>Vene-</strong></span> 
     </span>
    </p>
   </div>
   <div class='ocr_carea' id='block_1_61' title="bbox 1881 3080 3479 3155">
    <p class='ocr_par' dir='ltr' id='par_1_61' title="bbox 1881 3080 3479 3155">
     <span class='ocr_line' id='line_1_61' title="bbox 1881 3080 3479 3155; baseline 0.002 -12"><span class='ocrx_word' id='word_1_500' title='bbox 1881 3080 2081 3144; x_wconf 88' lang='lat' dir='ltr'><strong>rationi</strong></span> <span class='ocrx_word' id='word_1_501' title='bbox 2137 3088 2383 3145; x_wconf 90' lang='lat' dir='ltr'><strong>habenda</strong></span> <span class='ocrx_word' id='word_1_502' title='bbox 2441 3100 2525 3145; x_wconf 85' lang='lat' dir='ltr'><strong>est</strong></span> <span class='ocrx_word' id='word_1_503' title='bbox 2579 3105 2685 3143; x_wconf 91' lang='lat' dir='ltr'><strong>non</strong></span> <span class='ocrx_word' id='word_1_504' title='bbox 2739 3089 2969 3145; x_wconf 82' lang='lat' dir='ltr'><strong>verbosa</strong></span> <span class='ocrx_word' id='word_1_505' title='bbox 3027 3090 3331 3155; x_wconf 88' lang='lat' dir='ltr'><strong>rusticitas,</strong></span> <span class='ocrx_word' id='word_1_506' title='bbox 3381 3090 3479 3146; x_wconf 85' lang='lat' dir='ltr'><strong>sed</strong></span> 
     </span>
    </p>
   </div>
   <div class='ocr_carea' id='block_1_62' title="bbox 202 3181 3477 3254">
    <p class='ocr_par' dir='ltr' id='par_1_62' title="bbox 202 3181 3477 3254">
     <span class='ocr_line' id='line_1_62' title="bbox 202 3181 3477 3254; baseline 0.002 -22"><span class='ocrx_word' id='word_1_507' title='bbox 202 3183 415 3239; x_wconf 80' lang='lat' dir='ltr'><strong>tudinem</strong></span> <span class='ocrx_word' id='word_1_508' title='bbox 446 3184 657 3254; x_wconf 86' lang='lat' dir='ltr'><strong>aliquid</strong></span> <span class='ocrx_word' id='word_1_509' title='bbox 686 3184 924 3239; x_wconf 87' lang='lat' dir='ltr'><strong>aufertur</strong></span> <span class='ocrx_word' id='word_1_510' title='bbox 954 3199 1021 3239; x_wconf 82' lang='lat' dir='ltr'><strong>ex</strong></span> <span class='ocrx_word' id='word_1_511' title='bbox 1062 3183 1242 3239; x_wconf 90' lang='lat' dir='ltr'><strong>studio</strong></span> <span class='ocrx_word' id='word_1_512' title='bbox 1265 3225 1279 3249; x_wconf 95' lang='lat'><strong>,</strong></span> <span class='ocrx_word' id='word_1_513' title='bbox 1314 3181 1491 3238; x_wconf 90' lang='lat' dir='ltr'><strong>minus</strong></span> <span class='ocrx_word' id='word_1_514' title='bbox 1523 3182 1582 3236; x_wconf 87' lang='lat' dir='ltr'><strong>fit</strong></span> <span class='ocrx_word' id='word_1_515' title='bbox 1610 3183 1679 3239; x_wconf 88' lang='lat' dir='ltr'><strong>ab</strong></span> <span class='ocrx_word' id='word_1_516' title='bbox 1708 3197 1776 3237; x_wconf 91' lang='lat' dir='ltr'><strong>eo</strong></span> <span class='ocrx_word' id='word_1_517' title='bbox 1802 3182 1846 3243; x_wconf 88' lang='lat' dir='ltr'><strong>C</strong></span> <span class='ocrx_word' id='word_1_518' title='bbox 1882 3190 2065 3237; x_wconf 91' lang='lat' dir='ltr'><strong>sancta</strong></span> <span class='ocrx_word' id='word_1_519' title='bbox 2097 3183 2438 3254; x_wconf 87' lang='lat' dir='ltr'><strong>simplicitas.</strong></span> <span class='ocrx_word' id='word_1_520' title='bbox 2473 3182 2719 3239; x_wconf 89' lang='lat' dir='ltr'><strong>Stadium</strong></span> <span class='ocrx_word' id='word_1_521' title='bbox 2766 3191 2850 3238; x_wconf 90' lang='lat' dir='ltr'><strong>est</strong></span> <span class='ocrx_word' id='word_1_522' title='bbox 2890 3182 3007 3237; x_wconf 72' lang='lat' dir='ltr'><strong>htcc</strong></span> <span class='ocrx_word' id='word_1_523' title='bbox 3044 3183 3151 3237; x_wconf 90' lang='lat' dir='ltr'><strong>vita</strong></span> <span class='ocrx_word' id='word_1_524' title='bbox 3182 3182 3429 3239; x_wconf 87' lang='lat' dir='ltr'><strong>mortalis</strong></span> <span class='ocrx_word' id='word_1_525' title='bbox 3462 3200 3477 3239; x_wconf 92' lang='lat'><strong>:</strong></span> 
     </span>
    </p>
   </div>
   <div class='ocr_carea' id='block_1_63' title="bbox 199 3277 1775 3348">
    <p class='ocr_par' dir='ltr' id='par_1_63' title="bbox 199 3277 1775 3348">
     <span class='ocr_line' id='line_1_63' title="bbox 199 3277 1775 3348; baseline 0.001 -17"><span class='ocrx_word' id='word_1_526' title='bbox 199 3278 317 3345; x_wconf 85' lang='lat' dir='ltr'><strong>quod</strong></span> <span class='ocrx_word' id='word_1_527' title='bbox 344 3280 555 3333; x_wconf 84' lang='lat' dir='ltr'><strong>tollitur</strong></span> <span class='ocrx_word' id='word_1_528' title='bbox 577 3296 590 3331; x_wconf 89' lang='lat'><strong>:</strong></span> <span class='ocrx_word' id='word_1_529' title='bbox 612 3287 666 3332; x_wconf 86' lang='lat' dir='ltr'><strong>et</strong></span> <span class='ocrx_word' id='word_1_530' title='bbox 691 3278 777 3333; x_wconf 92' lang='lat' dir='ltr'><strong>ubi</strong></span> <span class='ocrx_word' id='word_1_531' title='bbox 803 3278 983 3334; x_wconf 91' lang='lat' dir='ltr'><strong>minus</strong></span> <span class='ocrx_word' id='word_1_532' title='bbox 1008 3286 1111 3342; x_wconf 84' lang='lat' dir='ltr'><strong>est,</strong></span> <span class='ocrx_word' id='word_1_533' title='bbox 1132 3277 1426 3348; x_wconf 89' lang='lat' dir='ltr'><strong>perfectum</strong></span> <span class='ocrx_word' id='word_1_534' title='bbox 1456 3292 1562 3331; x_wconf 88' lang='lat' dir='ltr'><strong>non</strong></span> <span class='ocrx_word' id='word_1_535' title='bbox 1596 3285 1775 3347; x_wconf 87' lang='lat' dir='ltr'><strong>potest</strong></span> 
     </span>
    </p>
   </div>
   <div class='ocr_carea' id='block_1_64' title="bbox 197 3366 1775 3440">
    <p class='ocr_par' dir='ltr' id='par_1_64' title="bbox 197 3366 1775 3440">
     <span class='ocr_line' id='line_1_64' title="bbox 197 3366 1775 3440; baseline 0.003 -20"><span class='ocrx_word' id='word_1_536' title='bbox 197 3366 303 3423; x_wconf 79' lang='lat' dir='ltr'><strong>diei.</strong></span> <span class='ocrx_word' id='word_1_537' title='bbox 332 3369 411 3425; x_wconf 77' lang='lat' dir='ltr'><strong>Ex</strong></span> <span class='ocrx_word' id='word_1_538' title='bbox 443 3371 549 3425; x_wconf 87' lang='lat' dir='ltr'><strong>hac</strong></span> <span class='ocrx_word' id='word_1_539' title='bbox 574 3370 958 3440; x_wconf 89' lang='lat' dir='ltr'><strong>supputatione</strong></span> <span class='ocrx_word' id='word_1_540' title='bbox 983 3370 1070 3424; x_wconf 91' lang='lat' dir='ltr'><strong>illa</strong></span> <span class='ocrx_word' id='word_1_541' title='bbox 1092 3385 1299 3424; x_wconf 91' lang='lat' dir='ltr'><strong>summa</strong></span> <span class='ocrx_word' id='word_1_542' title='bbox 1319 3371 1775 3435; x_wconf 79' lang='lat' dir='ltr'><strong>nascitur,mona-</strong></span> 
     </span>
    </p>
   </div>
   <div class='ocr_carea' id='block_1_65' title="bbox 196 3459 1770 3531">
    <p class='ocr_par' dir='ltr' id='par_1_65' title="bbox 196 3459 1770 3531">
     <span class='ocr_line' id='line_1_65' title="bbox 196 3459 1770 3531; baseline 0.002 -19"><span class='ocrx_word' id='word_1_543' title='bbox 196 3459 332 3515; x_wconf 83' lang='lat' dir='ltr'><strong>cltum</strong></span> <span class='ocrx_word' id='word_1_544' title='bbox 362 3463 667 3531; x_wconf 85' lang='lat' dir='ltr'><strong>perfectum</strong></span> <span class='ocrx_word' id='word_1_545' title='bbox 693 3462 743 3515; x_wconf 93' lang='lat' dir='ltr'><strong>in</strong></span> <span class='ocrx_word' id='word_1_546' title='bbox 771 3462 937 3531; x_wconf 82' lang='lat' dir='ltr'><strong>patria</strong></span> <span class='ocrx_word' id='word_1_547' title='bbox 963 3476 1057 3514; x_wconf 88' lang='lat' dir='ltr'><strong>sua</strong></span> <span class='ocrx_word' id='word_1_548' title='bbox 1082 3476 1201 3515; x_wconf 84' lang='lat' dir='ltr'><strong>esse</strong></span> <span class='ocrx_word' id='word_1_549' title='bbox 1226 3476 1330 3513; x_wconf 90' lang='lat' dir='ltr'><strong>non</strong></span> <span class='ocrx_word' id='word_1_550' title='bbox 1363 3475 1540 3528; x_wconf 90' lang='lat' dir='ltr'><strong>posse.</strong></span> <span class='ocrx_word' id='word_1_551' title='bbox 1562 3460 1770 3515; x_wconf 85' lang='lat' dir='ltr'><strong>Perfec-</strong></span> 
     </span>
    </p>
   </div>
   <div class='ocr_carea' id='block_1_66' title="bbox 196 3553 1768 3623">
    <p class='ocr_par' dir='ltr' id='par_1_66' title="bbox 196 3553 1768 3623">
     <span class='ocr_line' id='line_1_66' title="bbox 196 3553 1768 3623; baseline 0.004 -22"><span class='ocrx_word' id='word_1_552' title='bbox 196 3560 290 3605; x_wconf 85' lang='lat' dir='ltr'><strong>tum</strong></span> <span class='ocrx_word' id='word_1_553' title='bbox 332 3564 515 3609; x_wconf 89' lang='lat' dir='ltr'><strong>autcm</strong></span> <span class='ocrx_word' id='word_1_554' title='bbox 572 3554 715 3608; x_wconf 87' lang='lat' dir='ltr'><strong>nolle</strong></span> <span class='ocrx_word' id='word_1_555' title='bbox 752 3568 894 3619; x_wconf 70' lang='lat' dir='ltr'><strong>esse,</strong></span> <span class='ocrx_word' id='word_1_556' title='bbox 931 3554 1247 3623; x_wconf 87' lang='lat' dir='ltr'><strong>delinquere</strong></span> <span class='ocrx_word' id='word_1_557' title='bbox 1273 3560 1375 3608; x_wconf 89' lang='lat' dir='ltr'><strong>est.</strong></span> <span class='ocrx_word' id='word_1_558' title='bbox 1407 3553 1453 3608; x_wconf 90' lang='grc' dir='ltr'><strong>Ο</strong></span> <span class='ocrx_word' id='word_1_559' title='bbox 1494 3553 1768 3609; x_wconf 90' lang='lat' dir='ltr'><strong>desertum</strong></span> 
     </span>
    </p>
   </div>
   <div class='ocr_carea' id='block_1_67' title="bbox 194 3641 1766 3715">
    <p class='ocr_par' dir='ltr' id='par_1_67' title="bbox 194 3641 1766 3715">
     <span class='ocr_line' id='line_1_67' title="bbox 194 3641 1766 3715; baseline 0.004 -20"><span class='ocrx_word' id='word_1_560' title='bbox 194 3641 371 3699; x_wconf 86' lang='lat' dir='ltr'><strong>Christi</strong></span> <span class='ocrx_word' id='word_1_561' title='bbox 388 3647 616 3701; x_wconf 87' lang='lat' dir='ltr'><strong>floribus</strong></span> <span class='ocrx_word' id='word_1_562' title='bbox 638 3647 893 3701; x_wconf 69' lang='lat' dir='ltr'><strong>vernans!</strong></span> <span class='ocrx_word' id='word_1_563' title='bbox 920 3647 962 3699; x_wconf 87' lang='lat'>0</span> <span class='ocrx_word' id='word_1_564' title='bbox 985 3645 1220 3700; x_wconf 84' lang='lat' dir='ltr'><strong>solitudo</strong></span> <span class='ocrx_word' id='word_1_565' title='bbox 1245 3644 1295 3699; x_wconf 90' lang='lat' dir='ltr'><strong>in</strong></span> <span class='ocrx_word' id='word_1_566' title='bbox 1321 3660 1422 3715; x_wconf 89' lang='lat' dir='ltr'><strong>qua</strong></span> <span class='ocrx_word' id='word_1_567' title='bbox 1440 3645 1517 3699; x_wconf 90' lang='lat' dir='ltr'><strong>illi</strong></span> <span class='ocrx_word' id='word_1_568' title='bbox 1546 3660 1766 3701; x_wconf 86' lang='lat' dir='ltr'><strong>nascun-</strong></span> 
     </span>
    </p>
   </div>
   <div class='ocr_carea' id='block_1_68' title="bbox 194 3737 1769 3811">
    <p class='ocr_par' dir='ltr' id='par_1_68' title="bbox 194 3737 1769 3811">
     <span class='ocr_line' id='line_1_68' title="bbox 194 3737 1769 3811; baseline 0.004 -23"><span class='ocrx_word' id='word_1_569' title='bbox 194 3744 266 3790; x_wconf 89' lang='lat' dir='ltr'><strong>tur</strong></span> <span class='ocrx_word' id='word_1_570' title='bbox 283 3739 591 3809; x_wconf 83' lang='lat' dir='ltr'><strong>lapides,de</strong></span> <span class='ocrx_word' id='word_1_571' title='bbox 615 3739 811 3811; x_wconf 86' lang='lat' dir='ltr'><strong>quibus</strong></span> <span class='ocrx_word' id='word_1_572' title='bbox 835 3739 887 3793; x_wconf 92' lang='lat' dir='ltr'><strong>in</strong></span> <span class='ocrx_word' id='word_1_573' title='bbox 917 3738 1240 3810; x_wconf 80' lang='lat' dir='ltr'><strong>Apocalypsi</strong></span> <span class='ocrx_word' id='word_1_574' title='bbox 1266 3737 1459 3793; x_wconf 83' lang='lat' dir='ltr'><strong>civitas</strong></span> <span class='ocrx_word' id='word_1_575' title='bbox 1481 3740 1656 3809; x_wconf 88' lang='lat' dir='ltr'><strong>magni</strong></span> <span class='ocrx_word' id='word_1_576' title='bbox 1682 3754 1769 3795; x_wconf 30' lang='lat' dir='ltr'><strong>rei</strong></span> 
     </span>
    </p>
   </div>
   <div class='ocr_carea' id='block_1_69' title="bbox 190 3828 1765 3902">
    <p class='ocr_par' dir='ltr' id='par_1_69' title="bbox 190 3828 1765 3902">
     <span class='ocr_line' id='line_1_69' title="bbox 190 3828 1765 3902; baseline 0.003 -21"><span class='ocrx_word' id='word_1_577' title='bbox 190 3828 255 3897; x_wconf 73' lang='lat' dir='ltr'><strong>gis</strong></span> <span class='ocrx_word' id='word_1_578' title='bbox 274 3833 593 3887; x_wconf 76' lang='lat' dir='ltr'><strong>exstruitur.</strong></span> <span class='ocrx_word' id='word_1_579' title='bbox 610 3833 652 3887; x_wconf 94' lang='grc' dir='ltr'>Ο</span> <span class='ocrx_word' id='word_1_580' title='bbox 681 3847 897 3887; x_wconf 89' lang='lat' dir='ltr'><strong>ercmus</strong></span> <span class='ocrx_word' id='word_1_581' title='bbox 922 3832 1170 3886; x_wconf 91' lang='lat' dir='ltr'><strong>familiari</strong></span> <span class='ocrx_word' id='word_1_582' title='bbox 1198 3832 1306 3886; x_wconf 86' lang='lat' dir='ltr'><strong>Deo</strong></span> <span class='ocrx_word' id='word_1_583' title='bbox 1326 3831 1599 3902; x_wconf 88' lang='lat' dir='ltr'><strong>gaudens!</strong></span> <span class='ocrx_word' id='word_1_584' title='bbox 1626 3831 1765 3899; x_wconf 87' lang='lat' dir='ltr'><strong>Quid</strong></span> 
     </span>
    </p>
   </div>
   <div class='ocr_carea' id='block_1_70' title="bbox 189 3923 1763 3993">
    <p class='ocr_par' dir='ltr' id='par_1_70' title="bbox 189 3923 1763 3993">
     <span class='ocr_line' id='line_1_70' title="bbox 189 3923 1763 3993; baseline 0 -18"><span class='ocrx_word' id='word_1_585' title='bbox 189 3923 302 3989; x_wconf 84' lang='lat' dir='ltr'><strong>agis,</strong></span> <span class='ocrx_word' id='word_1_586' title='bbox 347 3923 641 3985; x_wconf 86' lang='lat' dir='ltr'><strong>monache,</strong></span> <span class='ocrx_word' id='word_1_587' title='bbox 695 3924 748 3977; x_wconf 91' lang='lat' dir='ltr'><strong>in</strong></span> <span class='ocrx_word' id='word_1_588' title='bbox 790 3924 1009 3991; x_wconf 77' lang='lat' dir='ltr'><strong>szeculo,</strong></span> <span class='ocrx_word' id='word_1_589' title='bbox 1041 3923 1129 3993; x_wconf 92' lang='lat' dir='ltr'><strong>qui</strong></span> <span class='ocrx_word' id='word_1_590' title='bbox 1180 3923 1353 3992; x_wconf 87' lang='lat' dir='ltr'><strong>major</strong></span> <span class='ocrx_word' id='word_1_591' title='bbox 1398 3938 1456 3978; x_wconf 86' lang='lat' dir='ltr'><strong>es</strong></span> <span class='ocrx_word' id='word_1_592' title='bbox 1508 3925 1708 3979; x_wconf 83' lang='lat' dir='ltr'><strong>mundo</strong></span> <span class='ocrx_word' id='word_1_593' title='bbox 1748 3942 1763 3981; x_wconf 85' lang='lat'><strong>:</strong></span> 
     </span>
    </p>
   </div>
   <div class='ocr_carea' id='block_1_71' title="bbox 188 4017 1764 4087">
    <p class='ocr_par' dir='ltr' id='par_1_71' title="bbox 188 4017 1764 4087">
     <span class='ocr_line' id='line_1_71' title="bbox 188 4017 1764 4087; baseline 0.003 -18"><span class='ocrx_word' id='word_1_594' title='bbox 188 4017 414 4085; x_wconf 79' lang='lat' dir='ltr'><strong>quamdiu</strong></span> <span class='ocrx_word' id='word_1_595' title='bbox 445 4026 500 4072; x_wconf 86' lang='lat' dir='ltr'><strong>te</strong></span> <span class='ocrx_word' id='word_1_596' title='bbox 544 4026 809 4071; x_wconf 86' lang='lat' dir='ltr'><strong>tectorum</strong></span> <span class='ocrx_word' id='word_1_597' title='bbox 845 4019 1051 4072; x_wconf 67' lang='lat' dir='ltr'><strong>umbra:</strong></span> <span class='ocrx_word' id='word_1_598' title='bbox 1092 4024 1367 4087; x_wconf 87' lang='lat' dir='ltr'><strong>premunt,</strong></span> <span class='ocrx_word' id='word_1_599' title='bbox 1397 4017 1653 4087; x_wconf 90' lang='lat' dir='ltr'><strong>quamdiu</strong></span> <span class='ocrx_word' id='word_1_600' title='bbox 1685 4018 1764 4073; x_wconf 90' lang='lat' dir='ltr'><strong>fu-</strong></span> 
     </span>
    </p>
   </div>
   <div class='ocr_carea' id='block_1_72' title="bbox 188 4094 1759 4177">
    <p class='ocr_par' dir='ltr' id='par_1_72' title="bbox 188 4094 1759 4177">
     <span class='ocr_line' id='line_1_72' title="bbox 188 4094 1759 4177; baseline 0.003 -19"><span class='ocrx_word' id='word_1_601' title='bbox 188 4121 434 4164; x_wconf 82' lang='lat' dir='ltr'><strong>mosarutu</strong></span> <span class='ocrx_word' id='word_1_602' title='bbox 458 4110 673 4164; x_wconf 87' lang='lat' dir='ltr'><strong>urbium</strong></span> <span class='ocrx_word' id='word_1_603' title='bbox 696 4124 885 4165; x_wconf 86' lang='lat' dir='ltr'><strong>carcer</strong></span> <span class='ocrx_word' id='word_1_604' title='bbox 904 4109 1150 4164; x_wconf 82' lang='lat' dir='ltr'><strong>includit.</strong></span> <span class='ocrx_word' id='word_1_605' title='bbox 1174 4094 1556 4177; x_wconf 80' lang='lat' dir='ltr'><strong>Paupertatem</strong></span> <span class='ocrx_word' id='word_1_606' title='bbox 1584 4110 1759 4177; x_wconf 87' lang='lat' dir='ltr'><strong>times,</strong></span> 
     </span>
    </p>
   </div>
   <div class='ocr_carea' id='block_1_73' title="bbox 186 4200 1763 4272">
    <p class='ocr_par' dir='ltr' id='par_1_73' title="bbox 186 4200 1763 4272">
     <span class='ocr_line' id='line_1_73' title="bbox 186 4200 1763 4272; baseline 0.005 -23"><span class='ocrx_word' id='word_1_607' title='bbox 186 4200 261 4253; x_wconf 83' lang='lat' dir='ltr'><strong>sed</strong></span> <span class='ocrx_word' id='word_1_608' title='bbox 290 4200 477 4257; x_wconf 84' lang='lat' dir='ltr'><strong>beatos</strong></span> <span class='ocrx_word' id='word_1_609' title='bbox 524 4216 789 4272; x_wconf 87' lang='lat' dir='ltr'><strong>pauperes</strong></span> <span class='ocrx_word' id='word_1_610' title='bbox 816 4201 1063 4257; x_wconf 89' lang='lat' dir='ltr'><strong>Christus</strong></span> <span class='ocrx_word' id='word_1_611' title='bbox 1108 4201 1363 4270; x_wconf 86' lang='lat' dir='ltr'><strong>appellat.</strong></span> <span class='ocrx_word' id='word_1_612' title='bbox 1408 4200 1617 4257; x_wconf 88' lang='lat' dir='ltr'><strong>Labore</strong></span> <span class='ocrx_word' id='word_1_613' title='bbox 1655 4210 1763 4257; x_wconf 89' lang='lat' dir='ltr'><strong>ter-</strong></span> 
     </span>
    </p>
   </div>
   <div class='ocr_carea' id='block_1_74' title="bbox 184 4294 1757 4363">
    <p class='ocr_par' dir='ltr' id='par_1_74' title="bbox 184 4294 1757 4363">
     <span class='ocr_line' id='line_1_74' title="bbox 184 4294 1757 4363; baseline 0.003 -17"><span class='ocrx_word' id='word_1_614' title='bbox 184 4296 320 4363; x_wconf 78' lang='lat' dir='ltr'><strong>reris,</strong></span> <span class='ocrx_word' id='word_1_615' title='bbox 351 4296 449 4351; x_wconf 89' lang='lat' dir='ltr'><strong>sed</strong></span> <span class='ocrx_word' id='word_1_616' title='bbox 500 4311 663 4351; x_wconf 88' lang='lat' dir='ltr'><strong>nemo</strong></span> <span class='ocrx_word' id='word_1_617' title='bbox 705 4295 909 4350; x_wconf 87' lang='lat' dir='ltr'><strong>athleta</strong></span> <span class='ocrx_word' id='word_1_618' title='bbox 942 4295 1061 4349; x_wconf 72' lang='lat' dir='ltr'><strong>sine</strong></span> <span class='ocrx_word' id='word_1_619' title='bbox 1091 4294 1381 4348; x_wconf 89' lang='lat' dir='ltr'><strong>sudoribus</strong></span> <span class='ocrx_word' id='word_1_620' title='bbox 1419 4302 1713 4349; x_wconf 86' lang='lat' dir='ltr'><strong>coronatur</strong></span> <span class='ocrx_word' id='word_1_621' title='bbox 1743 4312 1757 4349; x_wconf 89' lang='lat'><strong>:</strong></span> 
     </span>
    </p>
   </div>
   <div class='ocr_carea' id='block_1_75' title="bbox 180 4384 1760 4460">
    <p class='ocr_par' dir='ltr' id='par_1_75' title="bbox 180 4384 1760 4460">
     <span class='ocr_line' id='line_1_75' title="bbox 180 4384 1760 4460; baseline 0.003 -23"><span class='ocrx_word' id='word_1_622' title='bbox 180 4384 236 4438; x_wconf 89' lang='lat' dir='ltr'><strong>de</strong></span> <span class='ocrx_word' id='word_1_623' title='bbox 260 4387 375 4441; x_wconf 91' lang='lat' dir='ltr'><strong>cibo</strong></span> <span class='ocrx_word' id='word_1_624' title='bbox 399 4388 631 4460; x_wconf 85' lang='lat' dir='ltr'><strong>cogitas,</strong></span> <span class='ocrx_word' id='word_1_625' title='bbox 662 4388 757 4442; x_wconf 89' lang='lat' dir='ltr'><strong>sed</strong></span> <span class='ocrx_word' id='word_1_626' title='bbox 791 4388 925 4443; x_wconf 90' lang='lat' dir='ltr'><strong>fides</strong></span> <span class='ocrx_word' id='word_1_627' title='bbox 956 4386 1152 4441; x_wconf 86' lang='lat' dir='ltr'><strong>famem</strong></span> <span class='ocrx_word' id='word_1_628' title='bbox 1192 4400 1298 4441; x_wconf 91' lang='lat' dir='ltr'><strong>non</strong></span> <span class='ocrx_word' id='word_1_629' title='bbox 1338 4387 1502 4441; x_wconf 88' lang='lat' dir='ltr'><strong>sentit</strong></span> <span class='ocrx_word' id='word_1_630' title='bbox 1541 4405 1554 4441; x_wconf 94' lang='lat'>:</span> <span class='ocrx_word' id='word_1_631' title='bbox 1588 4396 1642 4442; x_wconf 91' lang='lat' dir='ltr'><strong>et</strong></span> <span class='ocrx_word' id='word_1_632' title='bbox 1669 4402 1760 4441; x_wconf 85' lang='lat' dir='ltr'><strong>su-</strong></span> 
     </span>
    </p>
   </div>
   <div class='ocr_carea' id='block_1_76' title="bbox 180 4479 1755 4551">
    <p class='ocr_par' dir='ltr' id='par_1_76' title="bbox 180 4479 1755 4551">
     <span class='ocr_line' id='line_1_76' title="bbox 180 4479 1755 4551; baseline 0.001 -18"><span class='ocrx_word' id='word_1_633' title='bbox 180 4494 261 4548; x_wconf 80' lang='lat' dir='ltr'><strong>per</strong></span> <span class='ocrx_word' id='word_1_634' title='bbox 293 4484 488 4537; x_wconf 88' lang='lat' dir='ltr'><strong>nudant</strong></span> <span class='ocrx_word' id='word_1_635' title='bbox 532 4482 731 4538; x_wconf 88' lang='lat' dir='ltr'><strong>metuis</strong></span> <span class='ocrx_word' id='word_1_636' title='bbox 782 4481 1005 4537; x_wconf 89' lang='lat' dir='ltr'><strong>humum</strong></span> <span class='ocrx_word' id='word_1_637' title='bbox 1057 4495 1219 4537; x_wconf 83' lang='lat' dir='ltr'><strong>exesa</strong></span> <span class='ocrx_word' id='word_1_638' title='bbox 1266 4479 1487 4551; x_wconf 89' lang='lat' dir='ltr'><strong>jejuuiis</strong></span> <span class='ocrx_word' id='word_1_639' title='bbox 1511 4481 1755 4535; x_wconf 90' lang='lat' dir='ltr'><strong>membra</strong></span> 
     </span>
    </p>
   </div>
   <div class='ocr_carea' id='block_1_77' title="bbox 1882 3277 3478 3349">
    <p class='ocr_par' dir='ltr' id='par_1_77' title="bbox 1882 3277 3478 3349">
     <span class='ocr_line' id='line_1_77' title="bbox 1882 3277 3478 3349; baseline 0.003 -19"><span class='ocrx_word' id='word_1_640' title='bbox 1882 3277 1967 3332; x_wconf 92' lang='lat' dir='ltr'><strong>hic</strong></span> <span class='ocrx_word' id='word_1_641' title='bbox 2014 3278 2420 3345; x_wconf 88' lang='lat' dir='ltr'><strong>contendimus,</strong></span> <span class='ocrx_word' id='word_1_642' title='bbox 2454 3286 2514 3333; x_wconf 89' lang='lat' dir='ltr'><strong>ttt</strong></span> <span class='ocrx_word' id='word_1_643' title='bbox 2554 3278 2682 3333; x_wconf 87' lang='lat' dir='ltr'><strong>alibi</strong></span> <span class='ocrx_word' id='word_1_644' title='bbox 2732 3292 3077 3334; x_wconf 90' lang='lat' dir='ltr'><strong>coronemur.</strong></span> <span class='ocrx_word' id='word_1_645' title='bbox 3124 3277 3240 3333; x_wconf 83' lang='lat' dir='ltr'><strong>Non</strong></span> <span class='ocrx_word' id='word_1_646' title='bbox 3281 3282 3478 3349; x_wconf 72' lang='lat' dir='ltr'><strong>qumrit</strong></span> 
     </span>
    </p>
   </div>
   <div class='ocr_carea' id='block_1_78' title="bbox 1877 3370 3472 3441">
    <p class='ocr_par' dir='ltr' id='par_1_78' title="bbox 1877 3370 3472 3441">
     <span class='ocr_line' id='line_1_78' title="bbox 1877 3370 3472 3441; baseline -0.002 -15"><span class='ocrx_word' id='word_1_647' title='bbox 1877 3372 2129 3428; x_wconf 89' lang='lat' dir='ltr'><strong>diabolus</strong></span> <span class='ocrx_word' id='word_1_648' title='bbox 2158 3371 2405 3426; x_wconf 90' lang='lat' dir='ltr'><strong>homines</strong></span> <span class='ocrx_word' id='word_1_649' title='bbox 2449 3370 2717 3438; x_wconf 87' lang='lat' dir='ltr'><strong>infideles,</strong></span> <span class='ocrx_word' id='word_1_650' title='bbox 2754 3387 2860 3425; x_wconf 91' lang='lat' dir='ltr'><strong>non</strong></span> <span class='ocrx_word' id='word_1_651' title='bbox 2913 3386 3009 3427; x_wconf 90' lang='lat' dir='ltr'><strong>eos</strong></span> <span class='ocrx_word' id='word_1_652' title='bbox 3039 3372 3129 3441; x_wconf 89' lang='lat' dir='ltr'><strong>qui</strong></span> <span class='ocrx_word' id='word_1_653' title='bbox 3163 3372 3294 3426; x_wconf 86' lang='lat' dir='ltr'><strong>foris</strong></span> <span class='ocrx_word' id='word_1_654' title='bbox 3324 3383 3472 3434; x_wconf 87' lang='lat' dir='ltr'><strong>sunt,</strong></span> 
     </span>
    </p>
   </div>
   <div class='ocr_carea' id='block_1_79' title="bbox 1875 3463 3473 3536">
    <p class='ocr_par' dir='ltr' id='par_1_79' title="bbox 1875 3463 3473 3536">
     <span class='ocr_line' id='line_1_79' title="bbox 1875 3463 3473 3536; baseline -0.002 -16"><span class='ocrx_word' id='word_1_655' title='bbox 1875 3473 1930 3521; x_wconf 90' lang='lat' dir='ltr'><strong>et</strong></span> <span class='ocrx_word' id='word_1_656' title='bbox 1962 3480 2191 3536; x_wconf 88' lang='lat' dir='ltr'><strong>quorum</strong></span> <span class='ocrx_word' id='word_1_657' title='bbox 2241 3478 2435 3519; x_wconf 90' lang='lat' dir='ltr'><strong>carnes</strong></span> <span class='ocrx_word' id='word_1_658' title='bbox 2481 3479 2580 3518; x_wconf 83' lang='lat' dir='ltr'><strong>rex</strong></span> <span class='ocrx_word' id='word_1_659' title='bbox 2628 3464 2882 3535; x_wconf 83' lang='lat' dir='ltr'><strong>Assyrius</strong></span> <span class='ocrx_word' id='word_1_660' title='bbox 2911 3463 2963 3517; x_wconf 92' lang='lat' dir='ltr'><strong>in</strong></span> <span class='ocrx_word' id='word_1_661' title='bbox 2996 3478 3121 3518; x_wconf 87' lang='lat' dir='ltr'><strong>ossa</strong></span> <span class='ocrx_word' id='word_1_662' title='bbox 3171 3465 3473 3531; x_wconf 89' lang='lat' dir='ltr'><strong>succendit,</strong></span> 
     </span>
    </p>
   </div>
   <div class='ocr_carea' id='block_1_80' title="bbox 1874 3554 3474 3623">
    <p class='ocr_par' dir='ltr' id='par_1_80' title="bbox 1874 3554 3474 3623">
     <span class='ocr_line' id='line_1_80' title="bbox 1874 3554 3474 3623; baseline -0.001 -12"><span class='ocrx_word' id='word_1_663' title='bbox 1874 3557 1966 3611; x_wconf 87' lang='lat' dir='ltr'><strong>sed</strong></span> <span class='ocrx_word' id='word_1_664' title='bbox 1997 3556 2063 3611; x_wconf 90' lang='lat' dir='ltr'><strong>de</strong></span> <span class='ocrx_word' id='word_1_665' title='bbox 2094 3554 2330 3613; x_wconf 71' lang='lat' dir='ltr'><strong>Ecclesia</strong></span> <span class='ocrx_word' id='word_1_666' title='bbox 2352 3568 2546 3623; x_wconf 87' lang='lat' dir='ltr'><strong>rapere</strong></span> <span class='ocrx_word' id='word_1_667' title='bbox 2570 3554 2813 3609; x_wconf 88' lang='lat' dir='ltr'><strong>festinat.</strong></span> <span class='ocrx_word' id='word_1_668' title='bbox 2844 3554 2998 3610; x_wconf 66' lang='lat' dir='ltr'><strong>Escae</strong></span> <span class='ocrx_word' id='word_1_669' title='bbox 3024 3556 3144 3623; x_wconf 84' lang='lat' dir='ltr'><strong>ejus</strong></span> <span class='ocrx_word' id='word_1_670' title='bbox 3172 3557 3474 3610; x_wconf 88' lang='lat' dir='ltr'><strong>secundum</strong></span> 
     </span>
    </p>
   </div>
   <div class='ocr_carea' id='block_1_81' title="bbox 1873 3647 3471 3720">
    <p class='ocr_par' dir='ltr' id='par_1_81' title="bbox 1873 3647 3471 3720">
     <span class='ocr_line' id='line_1_81' title="bbox 1873 3647 3471 3720; baseline 0 -16"><span class='ocrx_word' id='word_1_671' title='bbox 1873 3650 2127 3706; x_wconf 84' lang='lat' dir='ltr'><strong>Abacuclt</strong></span> <span class='ocrx_word' id='word_1_672' title='bbox 2178 3647 2498 3720; x_wconf 88' lang='lat' dir='ltr'><strong>prophetam</strong></span> <span class='ocrx_word' id='word_1_673' title='bbox 2553 3647 2744 3703; x_wconf 63' lang='lat' dir='ltr'><strong>electae</strong></span> <span class='ocrx_word' id='word_1_674' title='bbox 2794 3656 2939 3701; x_wconf 88' lang='lat' dir='ltr'><strong>sunt.</strong></span> <span class='ocrx_word' id='word_1_675' title='bbox 2991 3647 3095 3701; x_wconf 87' lang='lat' dir='ltr'><strong>Job</strong></span> <span class='ocrx_word' id='word_1_676' title='bbox 3153 3648 3471 3704; x_wconf 83' lang='lat' dir='ltr'><strong>subvertere</strong></span> 
     </span>
    </p>
   </div>
   <div class='ocr_carea' id='block_1_82' title="bbox 1872 3739 3473 3813">
    <p class='ocr_par' dir='ltr' id='par_1_82' title="bbox 1872 3739 3473 3813">
     <span class='ocr_line' id='line_1_82' title="bbox 1872 3739 3473 3813; baseline -0.002 -15"><span class='ocrx_word' id='word_1_677' title='bbox 1872 3743 2050 3813; x_wconf 91' lang='lat' dir='ltr'><strong>cupit,</strong></span> <span class='ocrx_word' id='word_1_678' title='bbox 2089 3750 2143 3797; x_wconf 92' lang='lat' dir='ltr'><strong>et</strong></span> <span class='ocrx_word' id='word_1_679' title='bbox 2170 3743 2433 3797; x_wconf 88' lang='lat' dir='ltr'><strong>devorato</strong></span> <span class='ocrx_word' id='word_1_680' title='bbox 2470 3739 2626 3804; x_wconf 84' lang='lat' dir='ltr'><strong>Juda,</strong></span> <span class='ocrx_word' id='word_1_681' title='bbox 2664 3740 3049 3812; x_wconf 83' lang='lat' dir='ltr'><strong>Apostolorum</strong></span> <span class='ocrx_word' id='word_1_682' title='bbox 3082 3742 3287 3809; x_wconf 75' lang='lat' dir='ltr'><strong>expetit</strong></span> <span class='ocrx_word' id='word_1_683' title='bbox 3316 3749 3473 3809; x_wconf 90' lang='lat' dir='ltr'><strong>pote-</strong></span> 
     </span>
    </p>
   </div>
   <div class='ocr_carea' id='block_1_83' title="bbox 1873 3834 3465 3905">
    <p class='ocr_par' dir='ltr' id='par_1_83' title="bbox 1873 3834 3465 3905">
     <span class='ocr_line' id='line_1_83' title="bbox 1873 3834 3465 3905; baseline -0.002 -14"><span class='ocrx_word' id='word_1_684' title='bbox 1873 3846 2090 3893; x_wconf 89' lang='lat' dir='ltr'><strong>statem.</strong></span> <span class='ocrx_word' id='word_1_685' title='bbox 2113 3836 2229 3891; x_wconf 86' lang='lat' dir='ltr'><strong>Non</strong></span> <span class='ocrx_word' id='word_1_686' title='bbox 2248 3836 2768 3905; x_wconf 87' lang='lat' dir='ltr'><strong>sinascogitatioues</strong></span> <span class='ocrx_word' id='word_1_687' title='bbox 2795 3847 3046 3889; x_wconf 85' lang='lat' dir='ltr'><strong>crescere</strong></span> <span class='ocrx_word' id='word_1_688' title='bbox 3078 3835 3128 3886; x_wconf 92' lang='lat' dir='ltr'><strong>in</strong></span> <span class='ocrx_word' id='word_1_689' title='bbox 3153 3834 3318 3888; x_wconf 89' lang='lat' dir='ltr'><strong>corde</strong></span> <span class='ocrx_word' id='word_1_690' title='bbox 3337 3841 3428 3887; x_wconf 89' lang='lat' dir='ltr'><strong>tuo</strong></span> <span class='ocrx_word' id='word_1_691' title='bbox 3450 3850 3465 3888; x_wconf 89' lang='lat'><strong>:</strong></span> 
     </span>
    </p>
   </div>
   <div class='ocr_carea' id='block_1_84' title="bbox 1869 3924 3467 4000">
    <p class='ocr_par' dir='ltr' id='par_1_84' title="bbox 1869 3924 3467 4000">
     <span class='ocr_line' id='line_1_84' title="bbox 1869 3924 3467 4000; baseline -0.002 -17"><span class='ocrx_word' id='word_1_692' title='bbox 1869 3928 2005 3983; x_wconf 89' lang='lat' dir='ltr'><strong>nihil</strong></span> <span class='ocrx_word' id='word_1_693' title='bbox 2039 3929 2092 3983; x_wconf 93' lang='lat' dir='ltr'><strong>in</strong></span> <span class='ocrx_word' id='word_1_694' title='bbox 2126 3938 2177 3984; x_wconf 90' lang='lat' dir='ltr'><strong>te</strong></span> <span class='ocrx_word' id='word_1_695' title='bbox 2206 3928 2582 4000; x_wconf 83' lang='lat' dir='ltr'><strong>Babylonium,</strong></span> <span class='ocrx_word' id='word_1_696' title='bbox 2621 3926 2753 3980; x_wconf 91' lang='lat' dir='ltr'><strong>nihil</strong></span> <span class='ocrx_word' id='word_1_697' title='bbox 2785 3924 3125 3981; x_wconf 88' lang='lat' dir='ltr'><strong>confusionis</strong></span> <span class='ocrx_word' id='word_1_698' title='bbox 3163 3926 3467 3981; x_wconf 88' lang='lat' dir='ltr'><strong>adolescat.</strong></span> 
     </span>
    </p>
   </div>
   <div class='ocr_carea' id='block_1_85' title="bbox 1870 4018 3468 4092">
    <p class='ocr_par' dir='ltr' id='par_1_85' title="bbox 1870 4018 3468 4092">
     <span class='ocr_line' id='line_1_85' title="bbox 1870 4018 3468 4092; baseline -0.001 -15"><span class='ocrx_word' id='word_1_699' title='bbox 1870 4023 2004 4077; x_wconf 92' lang='lat' dir='ltr'><strong>Dum</strong></span> <span class='ocrx_word' id='word_1_700' title='bbox 2058 4037 2254 4092; x_wconf 85' lang='lat' dir='ltr'><strong>parvus</strong></span> <span class='ocrx_word' id='word_1_701' title='bbox 2291 4031 2373 4077; x_wconf 91' lang='lat' dir='ltr'><strong>cst</strong></span> <span class='ocrx_word' id='word_1_702' title='bbox 2406 4022 2597 4085; x_wconf 91' lang='lat' dir='ltr'><strong>hostis,</strong></span> <span class='ocrx_word' id='word_1_703' title='bbox 2649 4019 2913 4074; x_wconf 88' lang='lat' dir='ltr'><strong>interfice.</strong></span> <span class='ocrx_word' id='word_1_704' title='bbox 2951 4018 3199 4088; x_wconf 85' lang='lat' dir='ltr'><strong>Nequitia</strong></span> <span class='ocrx_word' id='word_1_705' title='bbox 3234 4020 3468 4075; x_wconf 87' lang='lat' dir='ltr'><strong>elidatur</strong></span> 
     </span>
    </p>
   </div>
   <div class='ocr_carea' id='block_1_86' title="bbox 1868 4111 3470 4185">
    <p class='ocr_par' dir='ltr' id='par_1_86' title="bbox 1868 4111 3470 4185">
     <span class='ocr_line' id='line_1_86' title="bbox 1868 4111 3470 4185; baseline -0.001 -15"><span class='ocrx_word' id='word_1_706' title='bbox 1868 4116 1919 4170; x_wconf 91' lang='lat' dir='ltr'><strong>in</strong></span> <span class='ocrx_word' id='word_1_707' title='bbox 1952 4115 2179 4181; x_wconf 91' lang='lat' dir='ltr'><strong>semine,</strong></span> <span class='ocrx_word' id='word_1_708' title='bbox 2221 4114 2363 4185; x_wconf 72' lang='lat' dir='ltr'><strong>quid</strong></span> <span class='ocrx_word' id='word_1_709' title='bbox 2406 4112 2747 4182; x_wconf 89' lang='lat' dir='ltr'><strong>impossibile</strong></span> <span class='ocrx_word' id='word_1_710' title='bbox 2797 4121 2882 4168; x_wconf 90' lang='lat' dir='ltr'><strong>est</strong></span> <span class='ocrx_word' id='word_1_711' title='bbox 2932 4113 2983 4166; x_wconf 90' lang='lat' dir='ltr'><strong>in</strong></span> <span class='ocrx_word' id='word_1_712' title='bbox 3038 4126 3203 4167; x_wconf 85' lang='lat' dir='ltr'><strong>sensu</strong></span> <span class='ocrx_word' id='word_1_713' title='bbox 3232 4111 3470 4169; x_wconf 86' lang='lat' dir='ltr'><strong>hominis</strong></span> 
     </span>
    </p>
   </div>
   <div class='ocr_carea' id='block_1_87' title="bbox 1867 4203 3471 4274">
    <p class='ocr_par' dir='ltr' id='par_1_87' title="bbox 1867 4203 3471 4274">
     <span class='ocr_line' id='line_1_87' title="bbox 1867 4203 3471 4274; baseline -0.001 -11"><span class='ocrx_word' id='word_1_714' title='bbox 1867 4223 1971 4263; x_wconf 92' lang='lat' dir='ltr'><strong>non</strong></span> <span class='ocrx_word' id='word_1_715' title='bbox 1997 4208 2153 4274; x_wconf 89' lang='lat' dir='ltr'><strong>oriri,</strong></span> <span class='ocrx_word' id='word_1_716' title='bbox 2175 4217 2301 4262; x_wconf 90' lang='lat' dir='ltr'><strong>noto</strong></span> <span class='ocrx_word' id='word_1_717' title='bbox 2325 4205 2686 4262; x_wconf 91' lang='lat' dir='ltr'><strong>medullarum</strong></span> <span class='ocrx_word' id='word_1_718' title='bbox 2715 4205 2920 4259; x_wconf 90' lang='lat' dir='ltr'><strong>calore.</strong></span> <span class='ocrx_word' id='word_1_719' title='bbox 2952 4203 3047 4259; x_wconf 84' lang='lat' dir='ltr'><strong>Ille</strong></span> <span class='ocrx_word' id='word_1_720' title='bbox 3080 4205 3348 4270; x_wconf 89' lang='lat' dir='ltr'><strong>laudatur,</strong></span> <span class='ocrx_word' id='word_1_721' title='bbox 3378 4204 3471 4261; x_wconf 87' lang='lat' dir='ltr'><strong>ille</strong></span> 
     </span>
    </p>
   </div>
   <div class='ocr_carea' id='block_1_88' title="bbox 1864 4297 3467 4372">
    <p class='ocr_par' dir='ltr' id='par_1_88' title="bbox 1864 4297 3467 4372">
     <span class='ocr_line' id='line_1_88' title="bbox 1864 4297 3467 4372; baseline -0.002 -16"><span class='ocrx_word' id='word_1_722' title='bbox 1864 4300 2191 4372; x_wconf 79' lang='lat' dir='ltr'><strong>prtcdieatur</strong></span> <span class='ocrx_word' id='word_1_723' title='bbox 2222 4300 2434 4365; x_wconf 88' lang='lat' dir='ltr'><strong>beatus,</strong></span> <span class='ocrx_word' id='word_1_724' title='bbox 2461 4300 2552 4368; x_wconf 90' lang='lat' dir='ltr'><strong>qui</strong></span> <span class='ocrx_word' id='word_1_725' title='bbox 2584 4313 2707 4353; x_wconf 90' lang='lat' dir='ltr'><strong>cum</strong></span> <span class='ocrx_word' id='word_1_726' title='bbox 2734 4297 3104 4368; x_wconf 88' lang='lat' dir='ltr'><strong>cogitationes</strong></span> <span class='ocrx_word' id='word_1_727' title='bbox 3128 4312 3255 4351; x_wconf 88' lang='lat' dir='ltr'><strong>suas</strong></span> <span class='ocrx_word' id='word_1_728' title='bbox 3293 4299 3467 4353; x_wconf 75' lang='lat' dir='ltr'><strong>inem-</strong></span> 
     </span>
    </p>
   </div>
   <div class='ocr_carea' id='block_1_89' title="bbox 1864 4390 3463 4466">
    <p class='ocr_par' dir='ltr' id='par_1_89' title="bbox 1864 4390 3463 4466">
     <span class='ocr_line' id='line_1_89' title="bbox 1864 4390 3463 4466; baseline -0.002 -16"><span class='ocrx_word' id='word_1_729' title='bbox 1864 4396 2065 4466; x_wconf 89' lang='lat' dir='ltr'><strong>perint,</strong></span> <span class='ocrx_word' id='word_1_730' title='bbox 2100 4394 2380 4461; x_wconf 89' lang='lat' dir='ltr'><strong>interficit,</strong></span> <span class='ocrx_word' id='word_1_731' title='bbox 2411 4405 2465 4448; x_wconf 91' lang='lat' dir='ltr'><strong>et</strong></span> <span class='ocrx_word' id='word_1_732' title='bbox 2496 4392 2649 4449; x_wconf 90' lang='lat' dir='ltr'><strong>elidit</strong></span> <span class='ocrx_word' id='word_1_733' title='bbox 2675 4406 2769 4447; x_wconf 90' lang='lat' dir='ltr'><strong>eas</strong></span> <span class='ocrx_word' id='word_1_734' title='bbox 2792 4390 2860 4446; x_wconf 90' lang='lat' dir='ltr'><strong>ad</strong></span> <span class='ocrx_word' id='word_1_735' title='bbox 2881 4401 3272 4463; x_wconf 85' lang='lat' dir='ltr'><strong>petram,petra</strong></span> <span class='ocrx_word' id='word_1_736' title='bbox 3289 4405 3463 4449; x_wconf 84' lang='lat' dir='ltr'><strong>autem</strong></span> 
     </span>
    </p>
   </div>
   <div class='ocr_carea' id='block_1_90' title="bbox 1862 4480 3464 4556">
    <p class='ocr_par' dir='ltr' id='par_1_90' title="bbox 1862 4480 3464 4556">
     <span class='ocr_line' id='line_1_90' title="bbox 1862 4480 3464 4556; baseline -0.003 -16"><span class='ocrx_word' id='word_1_737' title='bbox 1862 4497 1971 4541; x_wconf 87' lang='lat' dir='ltr'><strong>erat</strong></span> <span class='ocrx_word' id='word_1_738' title='bbox 2012 4485 2249 4540; x_wconf 78' lang='lat' dir='ltr'><strong>Christus</strong></span> <span class='ocrx_word' id='word_1_739' title='bbox 2291 4484 2336 4556; x_wconf 89' lang='lat' dir='ltr'><strong>(l</strong></span> <span class='ocrx_word' id='word_1_740' title='bbox 2366 4484 2486 4539; x_wconf 88' lang='lat' dir='ltr'><strong>Car.</strong></span> <span class='ocrx_word' id='word_1_741' title='bbox 2528 4499 2580 4552; x_wconf 80' lang='grc' dir='ltr'><strong>ι,</strong></span> <span class='ocrx_word' id='word_1_742' title='bbox 2619 4484 2695 4553; x_wconf 83' lang='grc'><strong>1).</strong></span> <span class='ocrx_word' id='word_1_743' title='bbox 2735 4480 3033 4537; x_wconf 82' lang='lat' dir='ltr'><strong>Monachus</strong></span> <span class='ocrx_word' id='word_1_744' title='bbox 3074 4484 3117 4538; x_wconf 91' lang='lat' dir='ltr'><strong>si</strong></span> <span class='ocrx_word' id='word_1_745' title='bbox 3172 4482 3464 4553; x_wconf 83' lang='lat' dir='ltr'><strong>ceciderit,</strong></span> 
     </span>
    </p>
   </div>
   <div class='ocr_carea' id='block_1_91' title="bbox 177 4571 3466 4648">
    <p class='ocr_par' dir='ltr' id='par_1_91' title="bbox 177 4571 3466 4648">
     <span class='ocr_line' id='line_1_91' title="bbox 177 4571 3466 4648; baseline 0.001 -21"><span class='ocrx_word' id='word_1_746' title='bbox 177 4575 468 4641; x_wconf 77' lang='lat' dir='ltr'><strong>considere,</strong></span> <span class='ocrx_word' id='word_1_747' title='bbox 502 4575 600 4631; x_wconf 86' lang='lat' dir='ltr'><strong>sed</strong></span> <span class='ocrx_word' id='word_1_748' title='bbox 648 4576 906 4630; x_wconf 87' lang='lat' dir='ltr'><strong>Dominus</strong></span> <span class='ocrx_word' id='word_1_749' title='bbox 943 4585 1121 4630; x_wconf 85' lang='lat' dir='ltr'><strong>tecum</strong></span> <span class='ocrx_word' id='word_1_750' title='bbox 1155 4574 1317 4643; x_wconf 88' lang='lat' dir='ltr'><strong>jacet.</strong></span> <span class='ocrx_word' id='word_1_751' title='bbox 1367 4571 1629 4642; x_wconf 90' lang='lat' dir='ltr'><strong>Squalido</strong></span> <span class='ocrx_word' id='word_1_752' title='bbox 1667 4588 1757 4628; x_wconf 82' lang='lat' dir='ltr'><strong>ca-</strong></span> <span class='ocrx_word' id='word_1_753' title='bbox 1786 4574 1839 4635; x_wconf 90' lang='lat' dir='ltr'><strong>D</strong></span> <span class='ocrx_word' id='word_1_754' title='bbox 1865 4579 2037 4635; x_wconf 89' lang='lat' dir='ltr'><strong>orabit</strong></span> <span class='ocrx_word' id='word_1_755' title='bbox 2091 4592 2190 4648; x_wconf 90' lang='lat' dir='ltr'><strong>pro</strong></span> <span class='ocrx_word' id='word_1_756' title='bbox 2228 4591 2295 4633; x_wconf 92' lang='lat' dir='ltr'><strong>eo</strong></span> <span class='ocrx_word' id='word_1_757' title='bbox 2329 4576 2611 4633; x_wconf 89' lang='lat' dir='ltr'><strong>sacerdos.</strong></span> <span class='ocrx_word' id='word_1_758' title='bbox 2656 4573 2762 4630; x_wconf 90' lang='lat' dir='ltr'><strong>Pro</strong></span> <span class='ocrx_word' id='word_1_759' title='bbox 2804 4574 3109 4631; x_wconf 88' lang='lat' dir='ltr'><strong>sacerdotis</strong></span> <span class='ocrx_word' id='word_1_760' title='bbox 3157 4576 3311 4645; x_wconf 90' lang='lat' dir='ltr'><strong>lapsu</strong></span> <span class='ocrx_word' id='word_1_761' title='bbox 3342 4577 3466 4647; x_wconf 90' lang='lat' dir='ltr'><strong>quis</strong></span> 
     </span>
    </p>
   </div>
   <div class='ocr_carea' id='block_1_92' title="bbox 178 4665 1753 4736">
    <p class='ocr_par' dir='ltr' id='par_1_92' title="bbox 178 4665 1753 4736">
     <span class='ocr_line' id='line_1_92' title="bbox 178 4665 1753 4736; baseline 0.002 -18"><span class='ocrx_word' id='word_1_762' title='bbox 178 4667 284 4731; x_wconf 86' lang='lat' dir='ltr'><strong>pitis</strong></span> <span class='ocrx_word' id='word_1_763' title='bbox 312 4668 572 4735; x_wconf 83' lang='lat' dir='ltr'><strong>horrore,</strong></span> <span class='ocrx_word' id='word_1_764' title='bbox 605 4678 661 4723; x_wconf 89' lang='lat' dir='ltr'><strong>et</strong></span> <span class='ocrx_word' id='word_1_765' title='bbox 708 4668 907 4723; x_wconf 89' lang='lat' dir='ltr'><strong>inculta</strong></span> <span class='ocrx_word' id='word_1_766' title='bbox 956 4667 1228 4733; x_wconf 71' lang='lat' dir='ltr'><strong>caesaries,</strong></span> <span class='ocrx_word' id='word_1_767' title='bbox 1277 4665 1373 4722; x_wconf 89' lang='lat' dir='ltr'><strong>sed</strong></span> <span class='ocrx_word' id='word_1_768' title='bbox 1412 4674 1574 4736; x_wconf 87' lang='lat' dir='ltr'><strong>caput</strong></span> <span class='ocrx_word' id='word_1_769' title='bbox 1603 4677 1753 4722; x_wconf 89' lang='lat' dir='ltr'><strong>tuum</strong></span> 
     </span>
    </p>
   </div>
   <div class='ocr_carea' id='block_1_93' title="bbox 176 4756 1751 4825">
    <p class='ocr_par' dir='ltr' id='par_1_93' title="bbox 176 4756 1751 4825">
     <span class='ocr_line' id='line_1_93' title="bbox 176 4756 1751 4825; baseline 0.003 -15"><span class='ocrx_word' id='word_1_770' title='bbox 176 4756 404 4817; x_wconf 82' lang='lat' dir='ltr'><strong>Christus</strong></span> <span class='ocrx_word' id='word_1_771' title='bbox 440 4771 546 4815; x_wconf 86' lang='lat' dir='ltr'><strong>est.</strong></span> <span class='ocrx_word' id='word_1_772' title='bbox 583 4759 789 4815; x_wconf 86' lang='lat' dir='ltr'><strong>Infinita</strong></span> <span class='ocrx_word' id='word_1_773' title='bbox 817 4760 985 4816; x_wconf 90' lang='lat' dir='ltr'><strong>eremi</strong></span> <span class='ocrx_word' id='word_1_774' title='bbox 1018 4759 1242 4815; x_wconf 88' lang='lat' dir='ltr'><strong>vastitas</strong></span> <span class='ocrx_word' id='word_1_775' title='bbox 1269 4767 1457 4825; x_wconf 89' lang='lat' dir='ltr'><strong>terret,</strong></span> <span class='ocrx_word' id='word_1_776' title='bbox 1491 4758 1585 4814; x_wconf 92' lang='lat' dir='ltr'><strong>sed</strong></span> <span class='ocrx_word' id='word_1_777' title='bbox 1615 4766 1669 4813; x_wconf 91' lang='lat' dir='ltr'><strong>tu</strong></span> <span class='ocrx_word' id='word_1_778' title='bbox 1699 4759 1751 4814; x_wconf 89' lang='lat' dir='ltr'><strong>in</strong></span> 
     </span>
    </p>
   </div>
   <div class='ocr_carea' id='block_1_94' title="bbox 175 4854 1753 4928">
    <p class='ocr_par' dir='ltr' id='par_1_94' title="bbox 175 4854 1753 4928">
     <span class='ocr_line' id='line_1_94' title="bbox 175 4854 1753 4928; baseline 0.001 -20"><span class='ocrx_word' id='word_1_779' title='bbox 175 4858 407 4922; x_wconf 84' lang='lat' dir='ltr'><strong>paradiso</strong></span> <span class='ocrx_word' id='word_1_780' title='bbox 433 4869 619 4914; x_wconf 89' lang='lat' dir='ltr'><strong>mente</strong></span> <span class='ocrx_word' id='word_1_781' title='bbox 650 4856 936 4913; x_wconf 88' lang='lat' dir='ltr'><strong>deambula</strong></span> <span class='ocrx_word' id='word_1_782' title='bbox 973 4875 986 4912; x_wconf 90' lang='lat'>:</span> <span class='ocrx_word' id='word_1_783' title='bbox 1012 4857 1459 4928; x_wconf 89' lang='lat' dir='ltr'><strong>quotiescumque</strong></span> <span class='ocrx_word' id='word_1_784' title='bbox 1500 4854 1629 4911; x_wconf 90' lang='lat' dir='ltr'><strong>illuc</strong></span> <span class='ocrx_word' id='word_1_785' title='bbox 1661 4869 1753 4911; x_wconf 91' lang='lat' dir='ltr'><strong>co-</strong></span> 
     </span>
    </p>
   </div>
   <div class='ocr_carea' id='block_1_95' title="bbox 174 4945 1745 5017">
    <p class='ocr_par' dir='ltr' id='par_1_95' title="bbox 174 4945 1745 5017">
     <span class='ocr_line' id='line_1_95' title="bbox 174 4945 1745 5017; baseline 0.002 -17"><span class='ocrx_word' id='word_1_786' title='bbox 174 4945 415 5013; x_wconf 78' lang='lat' dir='ltr'><strong>gitatione</strong></span> <span class='ocrx_word' id='word_1_787' title='bbox 464 4949 893 5017; x_wconf 87' lang='lat' dir='ltr'><strong>transcenderis,</strong></span> <span class='ocrx_word' id='word_1_788' title='bbox 944 4949 1111 5003; x_wconf 90' lang='lat' dir='ltr'><strong>toties</strong></span> <span class='ocrx_word' id='word_1_789' title='bbox 1156 4948 1209 5003; x_wconf 89' lang='lat' dir='ltr'><strong>in</strong></span> <span class='ocrx_word' id='word_1_790' title='bbox 1240 4962 1425 5003; x_wconf 90' lang='lat' dir='ltr'><strong>eremo</strong></span> <span class='ocrx_word' id='word_1_791' title='bbox 1474 4962 1579 5001; x_wconf 90' lang='lat' dir='ltr'><strong>non</strong></span> <span class='ocrx_word' id='word_1_792' title='bbox 1612 4946 1745 5003; x_wconf 87' lang='lat' dir='ltr'><strong>eris.</strong></span> 
     </span>
    </p>
   </div>
   <div class='ocr_carea' id='block_1_96' title="bbox 172 5038 1745 5109">
    <p class='ocr_par' dir='ltr' id='par_1_96' title="bbox 172 5038 1745 5109">
     <span class='ocr_line' id='line_1_96' title="bbox 172 5038 1745 5109; baseline 0.001 -15"><span class='ocrx_word' id='word_1_793' title='bbox 172 5038 354 5097; x_wconf 76' lang='lat' dir='ltr'><strong>Scabra</strong></span> <span class='ocrx_word' id='word_1_794' title='bbox 406 5043 532 5099; x_wconf 90' lang='lat' dir='ltr'><strong>sine</strong></span> <span class='ocrx_word' id='word_1_795' title='bbox 579 5042 789 5098; x_wconf 85' lang='lat' dir='ltr'><strong>balneis</strong></span> <span class='ocrx_word' id='word_1_796' title='bbox 834 5042 1125 5097; x_wconf 88' lang='lat' dir='ltr'><strong>attrahitur</strong></span> <span class='ocrx_word' id='word_1_797' title='bbox 1170 5040 1347 5107; x_wconf 90' lang='lat' dir='ltr'><strong>cutis,</strong></span> <span class='ocrx_word' id='word_1_798' title='bbox 1399 5039 1493 5096; x_wconf 90' lang='lat' dir='ltr'><strong>sed</strong></span> <span class='ocrx_word' id='word_1_799' title='bbox 1548 5039 1638 5109; x_wconf 92' lang='lat' dir='ltr'><strong>qui</strong></span> <span class='ocrx_word' id='word_1_800' title='bbox 1691 5040 1745 5095; x_wconf 89' lang='lat' dir='ltr'><strong>in</strong></span> 
     </span>
    </p>
   </div>
   <div class='ocr_carea' id='block_1_97' title="bbox 173 5130 1745 5202">
    <p class='ocr_par' dir='ltr' id='par_1_97' title="bbox 173 5130 1745 5202">
     <span class='ocr_line' id='line_1_97' title="bbox 173 5130 1745 5202; baseline 0 -17"><span class='ocrx_word' id='word_1_801' title='bbox 173 5130 369 5191; x_wconf 84' lang='lat' dir='ltr'><strong>Christo</strong></span> <span class='ocrx_word' id='word_1_802' title='bbox 400 5135 572 5192; x_wconf 91' lang='lat' dir='ltr'><strong>semel</strong></span> <span class='ocrx_word' id='word_1_803' title='bbox 602 5135 743 5191; x_wconf 91' lang='lat' dir='ltr'><strong>lotus</strong></span> <span class='ocrx_word' id='word_1_804' title='bbox 767 5144 872 5202; x_wconf 90' lang='lat' dir='ltr'><strong>est,</strong></span> <span class='ocrx_word' id='word_1_805' title='bbox 921 5151 1027 5191; x_wconf 91' lang='lat' dir='ltr'><strong>non</strong></span> <span class='ocrx_word' id='word_1_806' title='bbox 1060 5134 1140 5191; x_wconf 91' lang='lat' dir='ltr'><strong>illi</strong></span> <span class='ocrx_word' id='word_1_807' title='bbox 1175 5147 1400 5190; x_wconf 86' lang='lat' dir='ltr'><strong>necesse</strong></span> <span class='ocrx_word' id='word_1_808' title='bbox 1436 5142 1515 5187; x_wconf 91' lang='lat' dir='ltr'><strong>est</strong></span> <span class='ocrx_word' id='word_1_809' title='bbox 1548 5132 1745 5186; x_wconf 89' lang='lat' dir='ltr'><strong>iterum</strong></span> 
     </span>
    </p>
   </div>
   <div class='ocr_carea' id='block_1_98' title="bbox 170 5222 1747 5298">
    <p class='ocr_par' dir='ltr' id='par_1_98' title="bbox 170 5222 1747 5298">
     <span class='ocr_line' id='line_1_98' title="bbox 170 5222 1747 5298; baseline 0.003 -22"><span class='ocrx_word' id='word_1_810' title='bbox 170 5222 318 5283; x_wconf 83' lang='lat' dir='ltr'><strong>lavari</strong></span> <span class='ocrx_word' id='word_1_811' title='bbox 356 5245 371 5285; x_wconf 89' lang='lat'>:</span> <span class='ocrx_word' id='word_1_812' title='bbox 411 5238 467 5285; x_wconf 91' lang='lat' dir='ltr'><strong>et</strong></span> <span class='ocrx_word' id='word_1_813' title='bbox 516 5237 577 5284; x_wconf 89' lang='lat' dir='ltr'><strong>ut</strong></span> <span class='ocrx_word' id='word_1_814' title='bbox 604 5229 842 5286; x_wconf 89' lang='lat' dir='ltr'><strong>breviter</strong></span> <span class='ocrx_word' id='word_1_815' title='bbox 867 5228 935 5284; x_wconf 89' lang='lat' dir='ltr'><strong>ad</strong></span> <span class='ocrx_word' id='word_1_816' title='bbox 969 5237 1162 5284; x_wconf 87' lang='lat' dir='ltr'><strong>cuncta</strong></span> <span class='ocrx_word' id='word_1_817' title='bbox 1197 5227 1514 5298; x_wconf 83' lang='lat' dir='ltr'><strong>Apostolum</strong></span> <span class='ocrx_word' id='word_1_818' title='bbox 1561 5225 1747 5281; x_wconf 88' lang='lat' dir='ltr'><strong>audias</strong></span> 
     </span>
    </p>
   </div>
   <div class='ocr_carea' id='block_1_99' title="bbox 172 5316 1748 5392">
    <p class='ocr_par' dir='ltr' id='par_1_99' title="bbox 172 5316 1748 5392">
     <span class='ocr_line' id='line_1_99' title="bbox 172 5316 1748 5392; baseline 0 -20"><span class='ocrx_word' id='word_1_819' title='bbox 172 5320 569 5389; x_wconf 52' lang='lat' dir='ltr'><strong>impendentem</strong></span> <span class='ocrx_word' id='word_1_820' title='bbox 606 5340 620 5377; x_wconf 89' lang='lat'><strong>:</strong></span> <span class='ocrx_word' id='word_1_821' title='bbox 666 5320 785 5376; x_wconf 83' lang='lat' dir='ltr'><strong>Non</strong></span> <span class='ocrx_word' id='word_1_822' title='bbox 826 5332 946 5376; x_wconf 82' lang='lat' dir='ltr'><strong>sunt</strong></span> <span class='ocrx_word' id='word_1_823' title='bbox 986 5322 1261 5392; x_wconf 74' lang='lat' dir='ltr'><strong>condigna:</strong></span> <span class='ocrx_word' id='word_1_824' title='bbox 1287 5320 1551 5390; x_wconf 77' lang='lat' dir='ltr'><strong>passiones</strong></span> <span class='ocrx_word' id='word_1_825' title='bbox 1594 5316 1748 5383; x_wconf 81' lang='lat' dir='ltr'><strong>hujus</strong></span> 
     </span>
    </p>
   </div>
   <div class='ocr_carea' id='block_1_100' title="bbox 168 5412 1749 5488">
    <p class='ocr_par' dir='ltr' id='par_1_100' title="bbox 168 5412 1749 5488">
     <span class='ocr_line' id='line_1_100' title="bbox 168 5412 1749 5488; baseline 0 -24"><span class='ocrx_word' id='word_1_826' title='bbox 168 5416 390 5484; x_wconf 67' lang='lat' dir='ltr'><strong>(stuporis</strong></span> <span class='ocrx_word' id='word_1_827' title='bbox 421 5416 490 5469; x_wconf 82' lang='lat' dir='ltr'><strong>ad</strong></span> <span class='ocrx_word' id='word_1_828' title='bbox 534 5418 762 5487; x_wconf 79' lang='lat' dir='ltr'><strong>futuram</strong></span> <span class='ocrx_word' id='word_1_829' title='bbox 792 5416 1011 5488; x_wconf 81' lang='lat' dir='ltr'><strong>gloriam</strong></span> <span class='ocrx_word' id='word_1_830' title='bbox 1050 5432 1165 5485; x_wconf 78' lang='lat' dir='ltr'><strong>qute</strong></span> <span class='ocrx_word' id='word_1_831' title='bbox 1190 5413 1496 5469; x_wconf 80' lang='lat' dir='ltr'><strong>revelabitur</strong></span> <span class='ocrx_word' id='word_1_832' title='bbox 1521 5413 1575 5466; x_wconf 82' lang='lat' dir='ltr'><strong>in</strong></span> <span class='ocrx_word' id='word_1_833' title='bbox 1602 5412 1749 5465; x_wconf 80' lang='lat' dir='ltr'><strong>nobis</strong></span> 
     </span>
    </p>
   </div>
   <div class='ocr_carea' id='block_1_101' title="bbox 172 5502 1743 5578">
    <p class='ocr_par' dir='ltr' id='par_1_101' title="bbox 172 5502 1743 5578">
     <span class='ocr_line' id='line_1_101' title="bbox 172 5502 1743 5578; baseline 0.001 -22"><span class='ocrx_word' id='word_1_834' title='bbox 172 5502 332 5571; x_wconf 85' lang='lat' dir='ltr'><strong>(Rom.</strong></span> <span class='ocrx_word' id='word_1_835' title='bbox 356 5523 476 5573; x_wconf 86' lang='lat' dir='ltr'><strong>vut,</strong></span> <span class='ocrx_word' id='word_1_836' title='bbox 517 5508 627 5578; x_wconf 83' lang='grc'><strong>18).</strong></span> <span class='ocrx_word' id='word_1_837' title='bbox 664 5508 935 5564; x_wconf 87' lang='lat' dir='ltr'><strong>Delicatus</strong></span> <span class='ocrx_word' id='word_1_838' title='bbox 975 5509 1131 5563; x_wconf 90' lang='lat' dir='ltr'><strong>miles</strong></span> <span class='ocrx_word' id='word_1_839' title='bbox 1180 5521 1260 5574; x_wconf 90' lang='lat' dir='ltr'><strong>es,</strong></span> <span class='ocrx_word' id='word_1_840' title='bbox 1295 5506 1340 5562; x_wconf 88' lang='lat' dir='ltr'><strong>sl</strong></span> <span class='ocrx_word' id='word_1_841' title='bbox 1373 5507 1460 5561; x_wconf 90' lang='lat' dir='ltr'><strong>hic</strong></span> <span class='ocrx_word' id='word_1_842' title='bbox 1498 5506 1579 5559; x_wconf 91' lang='lat' dir='ltr'><strong>vis</strong></span> <span class='ocrx_word' id='word_1_843' title='bbox 1613 5518 1743 5575; x_wconf 87' lang='lat' dir='ltr'><strong>gau-</strong></span> 
     </span>
    </p>
   </div>
   <div class='ocr_carea' id='block_1_102' title="bbox 170 5594 1749 5674">
    <p class='ocr_par' dir='ltr' id='par_1_102' title="bbox 170 5594 1749 5674">
     <span class='ocr_line' id='line_1_102' title="bbox 170 5594 1749 5674; baseline 0.001 -23"><span class='ocrx_word' id='word_1_844' title='bbox 170 5594 283 5654; x_wconf 83' lang='lat' dir='ltr'><strong>dere</strong></span> <span class='ocrx_word' id='word_1_845' title='bbox 313 5600 367 5656; x_wconf 90' lang='lat' dir='ltr'><strong>in</strong></span> <span class='ocrx_word' id='word_1_846' title='bbox 398 5602 621 5671; x_wconf 64' lang='lat' dir='ltr'><strong>saeculo,</strong></span> <span class='ocrx_word' id='word_1_847' title='bbox 652 5611 707 5658; x_wconf 91' lang='lat' dir='ltr'><strong>et</strong></span> <span class='ocrx_word' id='word_1_848' title='bbox 740 5612 920 5673; x_wconf 90' lang='lat' dir='ltr'><strong>postea</strong></span> <span class='ocrx_word' id='word_1_849' title='bbox 949 5617 1178 5674; x_wconf 88' lang='lat' dir='ltr'><strong>regnare</strong></span> <span class='ocrx_word' id='word_1_850' title='bbox 1208 5616 1331 5657; x_wconf 90' lang='lat' dir='ltr'><strong>cum</strong></span> <span class='ocrx_word' id='word_1_851' title='bbox 1358 5600 1596 5656; x_wconf 83' lang='lat' dir='ltr'><strong>Christo.</strong></span> <span class='ocrx_word' id='word_1_852' title='bbox 1641 5597 1749 5654; x_wconf 79' lang='lat' dir='ltr'><strong>Ho-</strong></span> 
     </span>
    </p>
   </div>
   <div class='ocr_carea' id='block_1_103' title="bbox 168 5695 1748 5769">
    <p class='ocr_par' dir='ltr' id='par_1_103' title="bbox 168 5695 1748 5769">
     <span class='ocr_line' id='line_1_103' title="bbox 168 5695 1748 5769; baseline 0.006 -24"><span class='ocrx_word' id='word_1_853' title='bbox 168 5702 285 5749; x_wconf 87' lang='lat' dir='ltr'><strong>nora</strong></span> <span class='ocrx_word' id='word_1_854' title='bbox 313 5704 522 5766; x_wconf 81' lang='lat' dir='ltr'><strong>patrem</strong></span> <span class='ocrx_word' id='word_1_855' title='bbox 556 5705 735 5767; x_wconf 90' lang='lat' dir='ltr'><strong>tuum,</strong></span> <span class='ocrx_word' id='word_1_856' title='bbox 761 5697 857 5758; x_wconf 86' lang='lat' dir='ltr'><strong>sed</strong></span> <span class='ocrx_word' id='word_1_857' title='bbox 886 5698 933 5755; x_wconf 89' lang='lat' dir='ltr'><strong>si</strong></span> <span class='ocrx_word' id='word_1_858' title='bbox 962 5706 1014 5755; x_wconf 90' lang='lat' dir='ltr'><strong>te</strong></span> <span class='ocrx_word' id='word_1_859' title='bbox 1044 5712 1073 5753; x_wconf 91' lang='lat' dir='ltr'><strong>a</strong></span> <span class='ocrx_word' id='word_1_860' title='bbox 1104 5710 1237 5754; x_wconf 90' lang='lat' dir='ltr'><strong>vero</strong></span> <span class='ocrx_word' id='word_1_861' title='bbox 1274 5695 1430 5753; x_wconf 88' lang='lat' dir='ltr'><strong>Patre</strong></span> <span class='ocrx_word' id='word_1_862' title='bbox 1458 5710 1565 5751; x_wconf 90' lang='lat' dir='ltr'><strong>non</strong></span> <span class='ocrx_word' id='word_1_863' title='bbox 1592 5707 1748 5769; x_wconf 58' lang='lat' dir='ltr'><strong>sepac</strong></span> 
     </span>
    </p>
   </div>
   <div class='ocr_carea' id='block_1_104' title="bbox 1861 4669 3462 4743">
    <p class='ocr_par' dir='ltr' id='par_1_104' title="bbox 1861 4669 3462 4743">
     <span class='ocr_line' id='line_1_104' title="bbox 1861 4669 3462 4743; baseline -0.002 -15"><span class='ocrx_word' id='word_1_864' title='bbox 1861 4670 2187 4743; x_wconf 81' lang='lat' dir='ltr'><strong>rogaturus?</strong></span> <span class='ocrx_word' id='word_1_865' title='bbox 2213 4670 2614 4726; x_wconf 89' lang='lat' dir='ltr'><strong>Detrimentum</strong></span> <span class='ocrx_word' id='word_1_866' title='bbox 2642 4669 2881 4740; x_wconf 86' lang='lat' dir='ltr'><strong>pecoris,</strong></span> <span class='ocrx_word' id='word_1_867' title='bbox 2903 4669 3135 4739; x_wconf 89' lang='lat' dir='ltr'><strong>pastoris</strong></span> <span class='ocrx_word' id='word_1_868' title='bbox 3167 4669 3462 4740; x_wconf 90' lang='lat' dir='ltr'><strong>ignominia</strong></span> 
     </span>
    </p>
   </div>
   <div class='ocr_carea' id='block_1_105' title="bbox 1859 4763 3461 4835">
    <p class='ocr_par' dir='ltr' id='par_1_105' title="bbox 1859 4763 3461 4835">
     <span class='ocr_line' id='line_1_105' title="bbox 1859 4763 3461 4835; baseline -0.001 -12"><span class='ocrx_word' id='word_1_869' title='bbox 1859 4776 1959 4823; x_wconf 89' lang='lat' dir='ltr'><strong>est.</strong></span> <span class='ocrx_word' id='word_1_870' title='bbox 1986 4764 2341 4822; x_wconf 88' lang='lat' dir='ltr'><strong>Beatitudinis</strong></span> <span class='ocrx_word' id='word_1_871' title='bbox 2370 4772 2477 4819; x_wconf 77' lang='lat' dir='ltr'><strong>tua:</strong></span> <span class='ocrx_word' id='word_1_872' title='bbox 2502 4764 2890 4833; x_wconf 89' lang='lat' dir='ltr'><strong>interrogatio,</strong></span> <span class='ocrx_word' id='word_1_873' title='bbox 2908 4763 3205 4835; x_wconf 89' lang='lat' dir='ltr'><strong>disputatio</strong></span> <span class='ocrx_word' id='word_1_874' title='bbox 3234 4764 3356 4829; x_wconf 88' lang='lat' dir='ltr'><strong>fuit,</strong></span> <span class='ocrx_word' id='word_1_875' title='bbox 3382 4766 3461 4822; x_wconf 90' lang='lat' dir='ltr'><strong>sic</strong></span> 
     </span>
    </p>
   </div>
   <div class='ocr_carea' id='block_1_106' title="bbox 1856 4854 3463 4928">
    <p class='ocr_par' dir='ltr' id='par_1_106' title="bbox 1856 4854 3463 4928">
     <span class='ocr_line' id='line_1_106' title="bbox 1856 4854 3463 4928; baseline -0.001 -17"><span class='ocrx_word' id='word_1_876' title='bbox 1856 4859 2117 4928; x_wconf 78' lang='lat' dir='ltr'><strong>qutesisse</strong></span> <span class='ocrx_word' id='word_1_877' title='bbox 2145 4855 2461 4926; x_wconf 86' lang='lat' dir='ltr'><strong>quaerenda,</strong></span> <span class='ocrx_word' id='word_1_878' title='bbox 2493 4863 2550 4910; x_wconf 93' lang='lat' dir='ltr'><strong>ut</strong></span> <span class='ocrx_word' id='word_1_879' title='bbox 2582 4854 2664 4910; x_wconf 90' lang='lat' dir='ltr'><strong>via</strong></span> <span class='ocrx_word' id='word_1_880' title='bbox 2689 4855 2761 4911; x_wconf 90' lang='lat' dir='ltr'><strong>sit</strong></span> <span class='ocrx_word' id='word_1_881' title='bbox 2791 4854 3006 4911; x_wconf 88' lang='lat' dir='ltr'><strong>dedisse</strong></span> <span class='ocrx_word' id='word_1_882' title='bbox 3034 4856 3297 4927; x_wconf 68' lang='lat' dir='ltr'><strong>quaesitis.</strong></span> <span class='ocrx_word' id='word_1_883' title='bbox 3331 4855 3463 4910; x_wconf 91' lang='lat' dir='ltr'><strong>Pcr-</strong></span> 
     </span>
    </p>
   </div>
   <div class='ocr_carea' id='block_1_107' title="bbox 1856 4945 3465 5019">
    <p class='ocr_par' dir='ltr' id='par_1_107' title="bbox 1856 4945 3465 5019">
     <span class='ocr_line' id='line_1_107' title="bbox 1856 4945 3465 5019; baseline -0.001 -14"><span class='ocrx_word' id='word_1_884' title='bbox 1856 4951 1945 5007; x_wconf 88' lang='lat' dir='ltr'><strong>det</strong></span> <span class='ocrx_word' id='word_1_885' title='bbox 1972 4950 2351 5006; x_wconf 88' lang='lat' dir='ltr'><strong>auctoritatem</strong></span> <span class='ocrx_word' id='word_1_886' title='bbox 2382 4948 2623 5014; x_wconf 91' lang='lat' dir='ltr'><strong>dicendi,</strong></span> <span class='ocrx_word' id='word_1_887' title='bbox 2656 4947 2812 5019; x_wconf 89' lang='lat' dir='ltr'><strong>cujus</strong></span> <span class='ocrx_word' id='word_1_888' title='bbox 2838 4961 3024 5003; x_wconf 92' lang='lat' dir='ltr'><strong>sermo</strong></span> <span class='ocrx_word' id='word_1_889' title='bbox 3045 4962 3210 5017; x_wconf 89' lang='lat' dir='ltr'><strong>opere</strong></span> <span class='ocrx_word' id='word_1_890' title='bbox 3229 4945 3465 5003; x_wconf 85' lang='lat' dir='ltr'><strong>destrui-</strong></span> 
     </span>
    </p>
   </div>
   <div class='ocr_carea' id='block_1_108' title="bbox 1857 5038 3462 5113">
    <p class='ocr_par' dir='ltr' id='par_1_108' title="bbox 1857 5038 3462 5113">
     <span class='ocr_line' id='line_1_108' title="bbox 1857 5038 3462 5113; baseline -0.002 -15"><span class='ocrx_word' id='word_1_891' title='bbox 1857 5052 1963 5098; x_wconf 91' lang='lat' dir='ltr'><strong>tur.</strong></span> <span class='ocrx_word' id='word_1_892' title='bbox 2003 5044 2271 5099; x_wconf 85' lang='lat' dir='ltr'><strong>lnnocens</strong></span> <span class='ocrx_word' id='word_1_893' title='bbox 2323 5042 2531 5113; x_wconf 90' lang='lat' dir='ltr'><strong>absque</strong></span> <span class='ocrx_word' id='word_1_894' title='bbox 2584 5055 2842 5097; x_wconf 90' lang='lat' dir='ltr'><strong>sermone</strong></span> <span class='ocrx_word' id='word_1_895' title='bbox 2890 5038 3237 5095; x_wconf 88' lang='lat' dir='ltr'><strong>conversatio</strong></span> <span class='ocrx_word' id='word_1_896' title='bbox 3278 5054 3462 5095; x_wconf 88' lang='lat' dir='ltr'><strong>sacer-</strong></span> 
     </span>
    </p>
   </div>
   <div class='ocr_carea' id='block_1_109' title="bbox 1856 5132 3461 5209">
    <p class='ocr_par' dir='ltr' id='par_1_109' title="bbox 1856 5132 3461 5209">
     <span class='ocr_line' id='line_1_109' title="bbox 1856 5132 3461 5209; baseline -0.002 -16"><span class='ocrx_word' id='word_1_897' title='bbox 1856 5136 2019 5202; x_wconf 90' lang='lat' dir='ltr'><strong>d0tis,</strong></span> <span class='ocrx_word' id='word_1_898' title='bbox 2070 5145 2333 5209; x_wconf 90' lang='lat' dir='ltr'><strong>quantum</strong></span> <span class='ocrx_word' id='word_1_899' title='bbox 2387 5135 2643 5205; x_wconf 81' lang='lat' dir='ltr'><strong>exemplo</strong></span> <span class='ocrx_word' id='word_1_900' title='bbox 2690 5133 2931 5205; x_wconf 88' lang='lat' dir='ltr'><strong>prodest,</strong></span> <span class='ocrx_word' id='word_1_901' title='bbox 2977 5142 3185 5187; x_wconf 91' lang='lat' dir='ltr'><strong>tantum</strong></span> <span class='ocrx_word' id='word_1_902' title='bbox 3238 5132 3461 5190; x_wconf 91' lang='lat' dir='ltr'><strong>silentio</strong></span> 
     </span>
    </p>
   </div>
   <div class='ocr_carea' id='block_1_110' title="bbox 1856 5224 3459 5297">
    <p class='ocr_par' dir='ltr' id='par_1_110' title="bbox 1856 5224 3459 5297">
     <span class='ocr_line' id='line_1_110' title="bbox 1856 5224 3459 5297; baseline -0.004 -11"><span class='ocrx_word' id='word_1_903' title='bbox 1856 5240 2038 5288; x_wconf 92' lang='lat' dir='ltr'><strong>nocet.</strong></span> <span class='ocrx_word' id='word_1_904' title='bbox 2070 5229 2290 5285; x_wconf 87' lang='lat' dir='ltr'><strong>Latratu</strong></span> <span class='ocrx_word' id='word_1_905' title='bbox 2329 5228 2473 5284; x_wconf 91' lang='lat' dir='ltr'><strong>enim</strong></span> <span class='ocrx_word' id='word_1_906' title='bbox 2517 5240 2714 5282; x_wconf 91' lang='lat' dir='ltr'><strong>canum</strong></span> <span class='ocrx_word' id='word_1_907' title='bbox 2754 5233 2807 5281; x_wconf 90' lang='lat' dir='ltr'><strong>et</strong></span> <span class='ocrx_word' id='word_1_908' title='bbox 2867 5224 3061 5280; x_wconf 90' lang='lat' dir='ltr'><strong>baculo</strong></span> <span class='ocrx_word' id='word_1_909' title='bbox 3106 5225 3341 5297; x_wconf 90' lang='lat' dir='ltr'><strong>pastoris</strong></span> <span class='ocrx_word' id='word_1_910' title='bbox 3374 5224 3459 5280; x_wconf 94' lang='lat' dir='ltr'><strong>lu-</strong></span> 
     </span>
    </p>
   </div>
   <div class='ocr_carea' id='block_1_111' title="bbox 1856 5319 3462 5396">
    <p class='ocr_par' dir='ltr' id='par_1_111' title="bbox 1856 5319 3462 5396">
     <span class='ocr_line' id='line_1_111' title="bbox 1856 5319 3462 5396; baseline -0.003 -16"><span class='ocrx_word' id='word_1_911' title='bbox 1856 5342 2053 5396; x_wconf 91' lang='lat' dir='ltr'><strong>porum</strong></span> <span class='ocrx_word' id='word_1_912' title='bbox 2093 5323 2275 5379; x_wconf 87' lang='lat' dir='ltr'><strong>rabies</strong></span> <span class='ocrx_word' id='word_1_913' title='bbox 2325 5321 2577 5379; x_wconf 88' lang='lat' dir='ltr'><strong>terrenda</strong></span> <span class='ocrx_word' id='word_1_914' title='bbox 2616 5330 2717 5378; x_wconf 90' lang='lat' dir='ltr'><strong>est.</strong></span> <span class='ocrx_word' id='word_1_915' title='bbox 2765 5319 3037 5375; x_wconf 82' lang='lat' dir='ltr'><strong>Violentia</strong></span> <span class='ocrx_word' id='word_1_916' title='bbox 3086 5320 3373 5393; x_wconf 90' lang='lat' dir='ltr'><strong>impiorum</strong></span> <span class='ocrx_word' id='word_1_917' title='bbox 3404 5328 3462 5375; x_wconf 90' lang='lat' dir='ltr'><strong>et</strong></span> 
     </span>
    </p>
   </div>
   <div class='ocr_carea' id='block_1_112' title="bbox 1855 5413 3455 5485">
    <p class='ocr_par' dir='ltr' id='par_1_112' title="bbox 1855 5413 3455 5485">
     <span class='ocr_line' id='line_1_112' title="bbox 1855 5413 3455 5485; baseline -0.004 -10"><span class='ocrx_word' id='word_1_918' title='bbox 1855 5426 2287 5475; x_wconf 87' lang='lat' dir='ltr'><strong>comessatorunt</strong></span> <span class='ocrx_word' id='word_1_919' title='bbox 2332 5424 2414 5472; x_wconf 89' lang='lat' dir='ltr'><strong>est</strong></span> <span class='ocrx_word' id='word_1_920' title='bbox 2439 5462 2452 5485; x_wconf 94' lang='lat'><strong>,</strong></span> <span class='ocrx_word' id='word_1_921' title='bbox 2500 5430 2607 5471; x_wconf 91' lang='lat' dir='ltr'><strong>non</strong></span> <span class='ocrx_word' id='word_1_922' title='bbox 2641 5413 3008 5470; x_wconf 88' lang='lat' dir='ltr'><strong>sacerdotum.</strong></span> <span class='ocrx_word' id='word_1_923' title='bbox 3063 5415 3119 5469; x_wconf 84' lang='lat' dir='ltr'><strong>In</strong></span> <span class='ocrx_word' id='word_1_924' title='bbox 3157 5416 3284 5470; x_wconf 82' lang='lat' dir='ltr'><strong>vino</strong></span> <span class='ocrx_word' id='word_1_925' title='bbox 3313 5414 3455 5469; x_wconf 87' lang='lat' dir='ltr'><strong>enim</strong></span> 
     </span>
    </p>
   </div>
   <div class='ocr_carea' id='block_1_113' title="bbox 1858 5507 3457 5583">
    <p class='ocr_par' dir='ltr' id='par_1_113' title="bbox 1858 5507 3457 5583">
     <span class='ocr_line' id='line_1_113' title="bbox 1858 5507 3457 5583; baseline 0 -16"><span class='ocrx_word' id='word_1_926' title='bbox 1858 5512 2090 5583; x_wconf 81' lang='lat' dir='ltr'><strong>luxuria,</strong></span> <span class='ocrx_word' id='word_1_927' title='bbox 2127 5513 2177 5567; x_wconf 89' lang='lat' dir='ltr'><strong>itt</strong></span> <span class='ocrx_word' id='word_1_928' title='bbox 2199 5511 2409 5566; x_wconf 85' lang='lat' dir='ltr'><strong>luxuria</strong></span> <span class='ocrx_word' id='word_1_929' title='bbox 2438 5510 2708 5580; x_wconf 78' lang='lat' dir='ltr'><strong>voluptas,</strong></span> <span class='ocrx_word' id='word_1_930' title='bbox 2738 5510 2788 5564; x_wconf 92' lang='lat' dir='ltr'><strong>iu</strong></span> <span class='ocrx_word' id='word_1_931' title='bbox 2809 5511 3089 5581; x_wconf 85' lang='lat' dir='ltr'><strong>voluptate</strong></span> <span class='ocrx_word' id='word_1_932' title='bbox 3118 5507 3457 5579; x_wconf 82' lang='lat' dir='ltr'><strong>impudicitia</strong></span> 
     </span>
    </p>
   </div>
   <div class='ocr_carea' id='block_1_114' title="bbox 1856 5602 3183 5676">
    <p class='ocr_par' dir='ltr' id='par_1_114' title="bbox 1856 5602 3183 5676">
     <span class='ocr_line' id='line_1_114' title="bbox 1856 5602 3183 5676; baseline -0.002 -13"><span class='ocrx_word' id='word_1_933' title='bbox 1856 5615 1957 5663; x_wconf 90' lang='lat' dir='ltr'><strong>est.</strong></span> <span class='ocrx_word' id='word_1_934' title='bbox 1993 5606 2107 5663; x_wconf 85' lang='lat' dir='ltr'><strong>Non</strong></span> <span class='ocrx_word' id='word_1_935' title='bbox 2140 5605 2442 5663; x_wconf 88' lang='lat' dir='ltr'><strong>moriturus</strong></span> <span class='ocrx_word' id='word_1_936' title='bbox 2478 5604 2600 5676; x_wconf 86' lang='lat' dir='ltr'><strong>quis</strong></span> <span class='ocrx_word' id='word_1_937' title='bbox 2626 5602 2869 5661; x_wconf 72' lang='lat' dir='ltr'><strong>victurus</strong></span> <span class='ocrx_word' id='word_1_938' title='bbox 2899 5603 3183 5661; x_wconf 81' lang='lat' dir='ltr'><strong>occiditur.</strong></span> 
     </span>
    </p>
   </div>
  </div>
