3926 6290
412 355 520 414 319
1435 352 1496 411 S.
1539 351 1923 412 IIIERONYMI
1963 353 2251 412 OPERUM
2292 353 2656 414 MANTISSA.

3612 364 3719 424 320

422 475 3689 507 “ww—mm

924 600 1564 679 ADMONITIO
1638 602 1785 676 DE
1869 597 2660 688 SUBSEQUENTE
2738 591 3215 685 REGULA.

412 964 415 969 ι
495 900 770 954 Auctorem
791 897 905 971 ipsa
933 896 1146 971 prtefert
1176 896 1467 971 inscriptio,
1499 895 1704 963 Lupum
1724 896 1789 951 de
1819 895 2025 971 Otmeto
2063 894 2448 971 Hispalcn_sem,
2468 897 2559 971 qui
2590 914 2666 971 ex,
2684 898 2989 970 Hieronymi
3018 900 3229 968 scriptis
3256 900 3326 954 ad
3354 901 3625 969 propriam
3660 901 3735 970 {a-

421 971 619 1025 miliam
648 967 1042 1025 instaurandum
1072 968 1295 1038 ﬁdeliter
1326 967 1649 1039 feliciterque
1675 968 1956 1039 sententias
1984 970 2257 1039 expressit.
2295 967 2422 1023 Fuit
2461 967 2549 1023 ille
2583 969 2679 1023 sub
2708 967 2913 1024 initium
2941 967 3133 1026 decimi
3148 972 3315 1037 quinti
3354 967 3555 1033 sa'culi.
3585 983 3642 1026 ut
3661 967 3739 1026 ’δε

420 1042 547 1097 dicit
576 1043 708 1113 ipse,
732 1040 925 1097 Frater
948 1037 1263 1095 monasterii
1301 1037 1361 1094 S.
1391 1037 1572 1113 ῥίπῙώ
1594 1037 2008 1113 de_Guadalupe
2039 1037 2264 1113 Ordinis
2291 1039 2349 1113 S.
2382 1040 2699 1112 Hieronymi
2732 1041 3011 1111 professus
3044 1060 3059 1097 :
3095 1044 3279 1097 deinde
3308 1043 3359 1096 in
3391 1044 3616 1105 priorem
3648 1061 3738 1110 ge-

424 1110 673 1175 neralem,
703 1122 761 1185 ut
778 1120 1341 1185 quocauttassumptus.
1368 1110 1635 1185 ‘Laborem
1662 1110 1798 1185 hunc
1818 1126 1997 1185 suum,
2030 1126 2133 1180 quo
2175 1110 2403 1185 quidem
2434 1110 2677 1185 apposite
2711 1110 3169 1185 congruenterque,
3196 1129 3311 1183 qua:
3341 1114 3413 1167 ad
3424 1184 3427 1185 ν
3449 1114 3737 1169 Monac-Iros

428 1186 709 1253 pertinent,
730 1184 869 1237 dicta
889 1183 970 1256 _S._r
985 1181 1159 1256 Patris
1183 1179 1471 1256 insigniora
1494 1181 1798 1256 cortnexuit,
1818 1179 2115 1256 Flores,ut
2140 1179 2363 1256 videtur,
2387 1179 2829 1256 ipse'inscripsit.'
2844 1179 3098 1256 Summus
3118 1179 3352 1256 pontifex
3380 1184 3644 1241 Martinus
3667 1186 3737 1251 V,

423 1252 482 1309 eo
502 1256 785 1320 advivente,
819 1253 910 1307 sub
938 1252 1161 1322 Regulae
1189 1252 1573 1322 Monachornm
1604 1252 1662 1307 S.
1700 1252 2016 1322 Hieronymi
2063 1253 2270 1307 nomine
2316 1252 2419 1308 suis
2449 1253 2634 1308 litteris
2661 1252 3030 1322 camprobavit.
3067 1252 3197 1310 Post
3240 1256 3449 1310 Erasmi
3478 1266 3651 1312 autem
3691 1267 3739 1311 ct

431 1306 1261 1387 Victorii—editiones,recensuit
1280 1306 1377 1377 Fr.
1413 1306 1870 1396 PiushRubeusude
1898 1306 2193 1396 Placentia,
2224 1306 2485 1396 ediditque
2502 1306 2650 1396 Comi

426 1398 492 1452 tis
518 1397 708 1479 assutis
732 1412 795 1479 ea:
814 1396 1012 1479 integro
1033 1394 1700 1479 capitibus,.nonnulilisque
1720 1394 1838 1479 aliis
1861 1394 2283 1479 truncatishqutv
2303 1394 2408 1479 sibi
2448 1396 2512 1449 ab
2537 1395 2585 1449 Η
2594 1396 2962 1479 ierongmianis
3006 1397 3183 1479 aliena
3225 1398 3563 1479 ridebantur;
3598 1399 3743 1479 Ope-

426 1484 499 1525 τω
526 1470 579 1523 in
627 1485 685 1522 eo
716 1465 936 1537 aliquod
969 1467 1191 1538 pretium
1231 1466 1374 1536 fecit,
1404 1466 1543 1536 quod
1587 1465 1928 1538 allegationes
1975 1465 2200 1537 singulis
2227 1466 2509 1537 quibusque
2538 1465 2785 1538 capitulis
2815 1470 2883 1522 ad
2912 1472 3283 1523 sententiarum
3311 1470 3427 1523 loca
3453 1465 3743 1524 indicanda

427 1484 499 1525 ra:
526 1486 579 1523 ιη
627 1485 685 1522 eo
716 1484 927 1537 auquoa
940 1484 1191 1590 frenum
1231 1484 1374 1536 yecu,
1404 1484 1542 1536 quoa
1587 1484 1928 1536 auegauones
1975 1484 2200 1537 smguus
2227 1484 2509 1537 quibusque
2538 1484 2785 1538 capitum
2815 1484 2881 1522 aa
2912 1484 3283 1523 sententiarum
3311 1484 3427 1523 toca
3453 1484 3743 1524 matcauua

427 1540 643 1621 subjecit
669 1554 815 1621 {qua
845 1538 933 1621 qui
975 1552 1057 1621 em
1085 1553 1253 1621 ορενε
1268 1545 1315 1621 et
1345 1554 1439 1620 nos
1463 1538 1543 1591 usi
1562 1536 1851 1619 aliquando
1873 1552 2222 1621 sumus-neum
2252 1547 2423 1593 tamen
2466 1538 2636 1593 locum
2667 1548 2713 1593 et
2741 1555 3018 1621 numerant
3041 1542 3223 1621 secuti,
3255 1556 3405 1621 quem
3432 1540 3485 1594 in
3512 1540 3745 1621 editione

428 1606 605 1683 nostra
630 1606 865 1664 obtinent
886 1609 1078 1683 scripta
1112 1608 1176 1664 S.
1209 1606 1666 1683 Patris‘genuina,
1690 1608 2161 1683 non‘supposititia
2201 1623 2475 1683 ;__qu_orum
2502 1625 2609 1683 non
2635 1610 2871 1683 eamdem
2915 1611 3173 1683 rationem
3199 1606 3493 1683 habuimus.
3527 1610 3744 1683 Propo-

428 1682 625 1735 suimus
666 1689 834 1734 autent
858 1678 1003 1734 nobis
1030 1678 1497 1751 recognoscendurn
1525 1678 2023 1751 restituendumque,
2052 1695 2156 1732 non
2194 1678 2331 1733 illud
2373 1682 2510 1743 quod
2553 1678 2781 1734 diximus
2813 1690 2883 1735 tot
2911 1680 3039 1751 locis
3066 1699 3096 1735 a
3142 1682 3320 1737 Rubeo
3344 1678 3741 1749 interpolatum,

428 1752 520 1806 sed
543 1753 694 1825 quod
720 1752 968 1825 hactenus
996 1752 1065 1825 in_
1079 1749 1392 1825 postremum
1440 1749 1971 1825 Hieronymianorum
2015 1766 2227 1825 operum
2250 1760 2468 1825 domum
2497 1752 2785 1825 excutiatur
2811 1754 2925 1825 ejus
2973 1750 3278 1825 Regultzea:
3308 1752 3445 1825 Lupi
3477 1753 3747 1808 Olmetani

430 1819 604 1895 studio
648 1832 724 1877 est
755 1824 995 1895 ascitum.
1030 1819 1181 1895 Quod
1210 1821 1419 1892 quidem
1447 1830 1494 1878 et
1532 1819 1654 1878 cum
1678 1835 1778 1875 ms.
1827 1819 2003 1877 codice
2042 1819 2380 1878 Bibliotheca:
2420 1820 2699 1878 Trinitatis
2729 1822 2990 1879 Montium
3019 1819 3083 1880 de
3112 1823 3247 1883 Urbe
3275 1819 3617 1895 contulimus,
3652 1841 3747 1879 nec

434 1894 617 1963 paucis
638 1911 763 1949 sane
794 1894 920 1949 locis
941 1894 1300 1949 emendantur.

990 2156 1739 2288 REGULA
1827 2155 3178 2292 MONACHORUM

711 2414 720 2431 .
778 2371 897 2435 EX
938 2369 1287 2434 SCRIPTIS
1328 2368 1792 2434 HIERONYMI
1834 2369 1989 2432 PER
2028 2370 2302 2435 LUPUM
2344 2369 2450 2433 DE
2492 2376 2520 2407 ⁸
2555 2369 2892 2434 OLMETO
2934 2370 3376 2436 COLLECTA.

446 2011 3745 2038 Ἥ

1789 2658 2379 2738 PROLOGUS.

516 2847 738 2904 Fratres
766 2841 1095 2911 charissimi,
1132 2854 1238 2897 non
1266 2853 1429 2912 queo,
1471 2853 1634 2911 quem
1674 2848 1860 2897 mente
1908 2855 2038 2897 con-
2070 2844 2125 2905 Α
2219 2841 2423 2899 Verum
2452 2842 2579 2915 quia
2603 2841 2867 2900 memoria
2895 2841 3095 2899 labitur
3126 2858 3137 2894 :
3170 2838 3413 2897 omnium
3440 2851 3562 2912 qua:
3592 2840 3749 2898 dixe-

438 2941 563 3014 ccpi
591 2956 689 2998 ore
717 2938 965 3012 proferre
997 2950 1333 2999 sermonem,
1374 2944 1430 2990 et
1452 2934 1636 2990 cordis
1668 2934 1909 2991 laatitiam
1940 2934 2042 2991 lin-

442 3049 546 3105 gua
576 3049 684 3090 non
717 3032 984 3101 explicat;
1021 3029 1127 3085 hoc
1152 3036 1333 3083 autem
1367 3042 1474 3081 non
1503 3026 1679 3081 solum
1715 3040 1817 3095 ego
1845 3025 2038 3096 patior,

440 3126 536 3197 qui
573 3125 735 3197 cupio
759 3136 984 3180 narrare
1005 3136 1125 3192 qua:
1157 3120 1354 3186 sentio,
1383 3119 1480 3176 sed
1507 3117 1692 3185 etiam,
1720 3127 1775 3175 et
1803 3133 1901 3175 vos
1930 3133 2042 3175 me-

440 3233 565 3275 cum
598 3215 868 3288 patimini,
894 3214 1013 3285 plus
1038 3212 1381 3271 exsultantes
1419 3212 1473 3266 in
1502 3211 1857 3278 conscientia,
1880 3225 2040 3282 quam

449 3310 506 3368 in
537 3309 757 3381 eloquio
792 3307 1151 3379 proferentes.
1186 3303 1330 3360 Nihil
1354 3303 1665 3360 Christiano
1693 3303 1926 3370 felicius,
1955 3303 2043 3359 cui

449 3401 788 3474 promittitur
810 3414 1037 3471 regnum
1066 3397 1331 3454 caelorum
1372 3414 1384 3450 :
1416 3395 1552 3451 nihil
1578 3395 1924 3461 laboriosius,
1951 3395 2042 3465 qui

447 3495 517 3553 de
538 3494 647 3550 vita
673 3491 915 3564 quotidie
946 3490 1289 3562 periclitatur
1314 3506 1328 3543 :
1354 3487 1490 3544 nihil
1519 3486 1734 3553 fortius,
1763 3486 2045 3557 qui-vincit

445 3587 721 3644 diabolum
750 3603 761 3639 ε
789 3584 923 3639 nihil
970 3581 1315 3647 imbecillius,
1344 3580 1495 3651 quia
1533 3593 1698 3635 carne
1735 3586 2042 3649 superatur.

446 3682 744 3752 Utriusque
768 3680 847 3736 rei
874 3677 1123 3747 exempla
1158 3684 1287 3732 sunt
1310 3675 1560 3745 plurima.
1594 3674 1759 3730 Latro
1786 3673 1960 3729 credit
1991 3673 2042 3727 in

443 3788 626 3839 cruce,
658 3782 714 3829 et
738 3770 923 3827 statim
965 3777 1209 3825 meretur
1232 3766 1425 3823 audire
1477 3786 1491 3823 :
1540 3764 1702 3821 Amen
1746 3763 1862 3819 dico
1907 3764 2044 3819 tibi:

448 3865 603 3921 hodie
632 3880 831 3919 mecum
859 3864 958 3917 eris
990 3862 1044 3917 in
1069 3860 1338 3932 paradiso.
1370 3858 1540 3915 ludas
1566 3872 1697 3913 vero
1726 3856 1794 3912 de
1822 3865 2043 3927 aposto-

446 3961 587 4016 latus
619 3958 833 4030 fastigio
873 3956 927 4013 in
966 3955 1291 4028 perditionis
1324 3961 1587 4009 tartarum
1616 3950 1831 4021 labitur,
1866 3960 1920 4006 et
1944 3966 2045 4007 nec

446 4052 815 4109 familiaritate
841 4049 1079 4107 convivii
1110 4050 1219 4121 [ΑΙ.
1248 4043 1571 4118 communi],
1595 4060 1695 4101 nec
1724 4044 2045 4101 intinctione

446 4144 698 4210 bucelltu,
743 4158 843 4198 nec
885 4142 1059 4197 osculi
1094 4140 1267 4211 gratia
1306 4139 1596 4210 frangitur,
1641 4152 1711 4193 ne
1756 4136 1918 4207 quasi
1946 4136 2046 4191 bo-

2143 2934 2315 2991 rimus
2339 2933 2620 2991 desideras
2637 2933 3153 2993 Commentariolum
3180 2934 3318 2999 fieri,
3336 2941 3397 2991 ut
3413 2933 3746 2990 oblivionem

2144 3025 2308 3083 lectio
2336 3026 2690 3084 consoletur:
2725 3028 2847 3084 ideo
2877 3041 3046 3099 pauca
3077 3041 3200 3098 qua:
3228 3026 3324 3083 tibi
3353 3042 3476 3083 reor
3507 3026 3624 3084 fore
3654 3043 3751 3085 ne-

2144 3118 2407 3188 cessaria,
2432 3118 2639 3174 credidi
2660 3118 3047 3175 subnectenda.
3072 3118 3207 3175 Illuc
3235 3120 3379 3175 enim
3405 3127 3593 3175 nostra
3624 3130 3749 3175 ten-

2145 3208 2227 3265 dit
2249 3210 2432 3266 oratio
2466 3229 2479 3265 :
2506 3221 2563 3266 ut
2589 3227 2820 3281 quorum
2854 3227 2993 3268 unus
3024 3220 3110 3267 est
3139 3211 3316 3281 labor,
3340 3227 3505 3267 unum
3527 3221 3584 3267 et
3610 3226 3752 3282 prte-

2145 3301 2313 3357 mium
2345 3302 2437 3357 sit.
2469 3301 2798 3374 Navigantes
2829 3318 3061 3375 namque
3091 3302 3333 3359 Rubrum
3358 3316 3531 3370 mare,
3556 3303 3613 3358 in
3640 3318 3751 3375 quo

2144 3394 2439 3465 optandum
2472 3395 2630 3451 nobis
2660 3404 2763 3462 est,
2800 3404 2858 3450 ut
2890 3411 3054 3452 verus
3081 3395 3298 3453 Pharao
3323 3403 3603 3466 mergatur
3622 3409 3751 3450 cum

2145 3499 2245 3541 suo
2283 3485 2527 3542 exercitu
2561 3504 2573 3538 :
2607 3487 2793 3542 multis
2825 3487 3240 3543 difficultatibus
3280 3496 3445 3558 atque
3486 3487 3751 3559 periculis

2144 3577 2214 3633 ad
2250 3578 2440 3633 urbem
2482 3577 2509 3617 δ
2550 3579 2849 3635 maximam
2889 3581 3213 3650 perveniunt
3246 3596 3263 3639 :
3304 3588 3535 3649 utroque
3563 3579 3751 3636 littore

2145 3678 2335 3741 gentes
2353 3684 2503 3741 vaga:
2522 3670 2689 3726 immo
2706 3670 2902 3727 bellua:
2922 3672 3169 3728 habitant
3186 3670 3556 3728 ferocissimae.
3584 3672 3751 3728 Sem-

2147 3779 2245 3835 per
2272 3764 2514 3832 solliciti,
2547 3780 2762 3837 semper
2796 3766 3014 3835 armati,
3050 3766 3219 3822 totius
3253 3765 3379 3821 anni
3429 3765 3637 3819 vehunt
3670 3764 3751 3821 ci-

2147 3856 2343 3912 baria:
2392 3856 2687 3914 latentibus
2730 3858 2879 3916 saxis
2932 3858 3194 3932 vadisque
3234 3858 3543 3916 durissimis
3585 3858 3753 3931 plena

2144 3960 2273 4006 sunt
2297 3952 2501 4009 omnia.

2219 4045 2487 4113 Quorsum
2515 4046 2642 4112 ista,
2674 4046 3025 4118 perSpicuum
3058 4054 3165 4102 est.
3189 4044 3325 4102 Nam
3355 4044 3402 4101 si
3426 4045 3617 4103 surculi
3649 4061 3753 4103 ne-

2147 4136 2447 4208 gotiatores
2470 4145 2619 4193 tanta
2638 4137 2931 4205 sustinent,
2963 4146 3022 4191 ut
3047 4137 3115 4192 ad
3160 4139 3395 4193 incertas
3429 4139 3757 4207 perveniant

448 4237 652 4291 minem
684 4233 1062 4303 tradat,quem
1088 4232 1279 4288 Filium
1306 4232 1402 4287 Dei
1424 4237 1675 4287 noverat.
1692 4228 1800 4283 Nos
1829 4228 2045 4298 quidem
2080 4226 2126 4287 B
2154 4230 2537 4302 periturasque
2570 4229 2809 4297 divitias,
2844 4240 2900 4285 et
2928 4238 3148 4285 servent
3170 4243 3293 4285 cum
3330 4229 3526 4285 anima:
3555 4228 3758 4285 discri.

449 4342 618 4397 parva
640 4325 949 4381 dimisimus
984 4342 997 4379 :
1030 4323 1254 4393 grandia
1284 4321 1649 4394 possidemus,
1682 4320 2046 4391 centuplicato

448 4418 639 4474 fenore
661 4416 867 4473 Christi
906 4416 1172 4488 promissa
1197 4414 1518 4471 redduntur.

523 4512 651 4566 llzec
682 4510 935 4577 dicimus,
970 4526 1077 4565 non
1110 4520 1217 4564 tam
1249 4508 1521 4578 tibiquam
1548 4508 1667 4565 aliis
1690 4510 1793 4565 sub
1821 4518 1911 4565 tuo
1940 4525 2047 4566 no-

449 4604 618 4672 mine,
663 4611 722 4658 ut
754 4604 926 4672 prima
960 4612 1036 4668 te,
1068 4602 1165 4669 fili,
1200 4603 1375 4657 fronte
1396 4602 1690 4659 doceamus
1717 4617 1909 4674 magna
1937 4617 2047 4659 ca:-

449 4699 618 4768 pisse,
637 4705 694 4752 et
714 4696 926 4752 excelsa
948 4698 1167 4764 sectari,
1184 4697 1633 4754 ctadulescentire
1656 4698 1824 4753 immo
1842 4696 2040 4768 puber-

451 4788 577 4845 tatis
625 4788 901 4844 inccntiva
947 4789 1269 4856 calcantem,
1316 4790 1575 4861 perfectae
1618 4791 1793 4846 tetatis
1818 4790 2046 4861 gradum

452 4880 741 4938 scandere.
777 4881 898 4939 Scis
922 4882 1066 4937 enim
1093 4881 1283 4953 dogma
1323 4892 1569 4938 nostrum
1605 4882 1923 4939 humilitatis
1969 4891 2049 4957 tea

459 4988 591 5029 nere
645 4973 955 5045 vestigium.
1012 4982 1067 5028 et
1117 4989 1215 5043 per
1263 4974 1367 5029 ima
1404 4976 1715 5045 gradientes
1736 4974 1804 5030 ad
1837 4989 2045 5030 summa

457 5079 556 5118 nos
603 5067 917 5122 ascendere.
969 5066 1133 5137 Igitur
1168 5076 1388 5124 sanctus
1434 5068 1565 5125 mihi
1596 5069 1929 5125 invocandus
1965 5078 2051 5126 est

453 5155 709 5225 Spiritus,
743 5168 803 5214 ut
850 5158 953 5215 hoc
998 5174 1104 5215 suo
1132 5174 1294 5215 sensu
1344 5176 1438 5215 ore
1467 5176 1590 5217 meo
1620 5162 1893 5218 defendat.
1932 5163 2046 5218 Non

452 5248 672 5322 quidem
704 5266 956 5322 campum
1000 5251 1259 5309 rhetorici
1285 5252 1657 5310 desideramus
1683 5254 1904 5325 eloquii,
1938 5270 2048 5312 non

454 5343 864 5401 dialecticorum
896 5346 1201 5413 tendicula,
1252 5356 1306 5403 et
1340 5347 1651 5409 Aristotelis
1680 5348 1893 5419 spineta
1921 5364 2049 5404 con-

453 5436 723 5507 quirimus
757 5454 772 5492 :
812 5436 909 5492 sed
958 5438 1025 5492 ad
1070 5448 1383 5495 sanctarum
1434 5438 1840 5510 Scripturarum
1872 5441 2051 5512 gravi-

459 5536 625 5584 tatem
649 5527 989 5601 confugimus
1019 5546 1033 5584 :
1063 5532 1153 5587 ubi
1183 5532 1466 5589 vulnerum
1490 5547 1617 5589 vera
1640 5532 1905 5591 medicina
1926 5542 2012 5592 est
2032 5550 2045 5588 :

453 5622 541 5677 ubi
571 5620 818 5680 dolorum
846 5630 998 5680 certa
1026 5624 1292 5682 remedia.

525 5816 552 5880 ξι
579 5809 869 5880 Perperam
898 5808 1241 5865 Martianteus
1269 5808 1476 5880 Lupum
1505 5812 1568 5866 de
1591 5812 1791 5867 Oliveto
1823 5819 2002 5867 vocat.

526 5876 555 5916 ι»
578 5876 714 5937 Vide
745 5896 866 5952 qua:
895 5881 997 5938 hoc
1028 5881 1096 5940 de
1125 5883 1295 5941 verbo
1327 5876 1565 5940 diximus
1584 5883 1800 5941 laudata
1822 5882 2036 5955 epistol.

2148 4323 2317 4389 mine,
2339 4339 2461 4395 qua:
2492 4323 2681 4379 multis
2705 4323 2959 4395 periculis
2982 4322 3319 4395 quaesierunt
3352 4339 3365 4376 :
3388 4319 3516 4392 quid
3546 4321 3756 4378 Christi

2148 4419 2480 4491 negotiatori
2523 4418 2833 4475 faciendum
2874 4424 2995 4485 est,
3038 4395 3152 4488 qtii,
3180 4416 3421 4472 venditis
3471 4416 3753 4483 omnibus,

2148 4514 2343 4585 quaerit
2378 4513 2834 4585 pretiosissimam
2874 4509 3224 4581 margaritam
3259 4526 3274 4564 :
3316 4510 3411 4581 qui
3447 4510 3577 4565 totis
3624 4509 3759 4565 sub-

2150 4608 2365 4664 stantia:
2393 4607 2591 4678 opibus
2619 4607 2757 4663 emit
2794 4621 3005 4676 agrum,
3039 4605 3091 4660 in
3118 4618 3226 4675 quo
3254 4603 3494 4674 reperiat
3533 4602 3759 4660 thesau-

2148 4716 2291 4767 rum,
2323 4714 2484 4771 quem
2514 4713 2617 4756 nec
2642 4700 2726 4753 fur
2753 4698 3017 4766 effodere,
3050 4706 3105 4753 et
3133 4697 3274 4752 latro
3299 4710 3407 4752 non
3444 4699 3620 4767 possit
3654 4709 3759 4750 au-

2150 4792 2315 4849 ferre.
2356 4791 2533 4847 Nosse
2571 4793 2736 4863 igitur
2760 4799 2977 4862 oportet
3008 4789 3136 4861 quid
3158 4789 3369 4859 iussum
3404 4790 3476 4843 sit
3505 4806 3517 4841 :
3547 4788 3758 4858 quidve

2151 4885 2483 4957 prohibitum
2512 4901 2527 4939 :
2561 4892 2624 4939 ut
2664 4884 2905 4940 scientes
2943 4891 3231 4953 utrumque
3260 4894 3562 4936 servemus.
3594 4878 3756 4935 Alio-

2150 4977 2281 5048 quin
2311 4986 2436 5033 ante
2481 4975 2769 5032 scientiam
2821 4973 3061 5030 mandati
3097 4971 3436 5044 impossibile
3471 4981 3555 5027 est
3587 4985 3758 5029 nosse

2148 5068 2278 5139 quid
2306 5069 2420 5124 fiat.
2450 5068 2516 5123 Et
2537 5067 2655 5124 haac
2683 5082 2787 5137 ego
2809 5082 2920 5121 non
2946 5064 3173 5135 integris
3199 5073 3316 5120 rate
3336 5064 3421 5120 vel
3451 5063 3754 5130 mercibus,

2149 5162 2304 5234 quasi
2361 5162 2583 5232 ignarus
2611 5158 2896 5223 ﬂuctuum,
2939 5158 3133 5213 doctus
3172 5163 3337 5211 nauta
3384 5169 3705 5226 prrcmoneo
3739 5173 3753 5209 :

2150 5254 2248 5311 sed
2276 5268 2448 5324 nuper
2475 5251 2756 5322 naufragio
2797 5250 3005 5322 ejectus
3027 5250 3081 5306 in
3118 5248 3295 5317 littus,
3319 5246 3507 5303 timida
3530 5246 3757 5318 naviga-

2153 5346 2288 5402 turis
2317 5360 2451 5402 voce
2478 5345 2767 5401 denuntio.
2809 5342 3003 5399 Cuncti
3054 5350 3235 5397 tamen
3283 5339 3391 5397 mei
3432 5354 3630 5396 sensus
3668 5339 3755 5395 af-

2149 5440 2296 5497 fectu
2328 5440 2485 5496 vobis
2528 5454 2663 5495 vaco
2703 5455 2718 5498 :
2758 5438 2857 5495 sed
2899 5436 3008 5509 [Αι.
3038 5442 3251 5492 vacant.
3282 5431 3492 5505 Itaque]
3514 5432 3753 5489 obsecro

2152 5549 2269 5603 vos,
2299 5544 2362 5591 ut
2392 5543 2621 5591 conatus
2662 5548 2813 5589 meos
2849 5529 3187 5587 orationibus
3227 5526 3521 5599 adjuvetis,
3552 5535 3616 5584 ut
3643 5525 3757 5583 Do-

2075 5625 2121 5689 C
2154 5628 2334 5686 minus
2365 5635 2422 5684 et
2450 5626 2701 5685 Salvator
2724 5638 2826 5696 pro
2853 5636 3018 5681 causa
3051 5632 3073 5661 ε
3101 5620 3446 5694 respondeat.

2153 5811 2221 5868 ad
2246 5809 2552 5866 Rusticum.

2223 5893 2245 5923 ο
2278 5883 2619 5942 lnterserunt
2645 5880 2769 5951 alii,
2804 5896 2898 5937 suo
2927 5896 3105 5950 sensu,
3136 5893 3225 5935 ore
3253 5892 3384 5934 meo.
