3926 6290
166 302 239 361 531
672 289 959 355 REGULA
999 288 1480 354 MONACHORUM
1518 292 1613 351 EX
1651 285 1966 352 SCRIPTIS
2002 285 2392 349 lllERONYMl
2431 285 2817 349 COLLECTA.
3295 290 3405 348 ω

216 414 430 471 Vestrum
451 407 634 482 itaque
661 418 769 479 est,
801 419 861 467 ut
886 411 1223 467 voluntatem
1255 416 1515 482 sequatur
1541 406 1703 466 etl‘ec-
1728 410 1778 468 A
1810 405 1986 477 ipsum
2009 404 2241 462 Domino
2263 404 2480 463 dederis
2499 449 2514 475 ,
2542 412 2600 463 et
2622 401 2937 478 Apostolica
2964 402 3164 461 virtute
3191 404 3407 477 perfec-

160 515 243 562 tus.
265 503 419 559 Meum
449 510 535 558 est
565 508 628 556 ut
667 502 834 558 velim
867 520 879 556 :
913 501 1369 560 Obsecrationum
1400 510 1702 558 vestrarum
1808 506 1921 565 tus,
1955 499 2108 572 sequi
2139 499 2371 571 coeperis
2405 499 2741 557 Salvatorem
2762 544 2776 570 ,
2806 507 2935 555 tunc
2974 498 3268 571 intelliges,
3315 497 3408 557 ubi

158 608 238 665 est,
259 606 281 635 ι
308 604 356 652 ut
381 595 579 667 possim
614 611 629 650 :
654 595 752 652 sed
794 595 970 667 ipsum
1010 610 1192 651 meum
1223 596 1342 651 sine
1368 595 1461 650 Dei
1492 608 1707 664 semper
1810 591 2007 659 fueris;
2037 603 2093 650 et
2123 594 2177 649 in
2205 594 2449 650 exercitu
2487 593 2724 662 Christi,
2757 608 2918 666 quam
2944 602 3252 652 extremum
3281 593 3405 669 [ΑΙ.

162 690 327 748 auxilio
346 703 447 745 non
472 688 580 745 erit
606 703 787 744 meum
821 705 835 742 :
866 687 1011 744 Deus
1038 702 1258 759 semper
1292 687 1535 759 largitur,
1565 700 1709 742 sem-
1808 687 2174 760 extraneum]
2207 688 2445 744 tenueris
2473 686 2671 745 locum.

161 796 321 856 perque
343 780 637 837 donaturus
666 779 776 855 [ΑΙ.
804 778 1059 853 donator]
1092 788 1178 836 est
1214 796 1230 836 ε
1265 794 1364 836 nec
1393 778 1527 834 mihi
1554 777 1707 833 sufli-
1881 779 2244 851 Prmpositum
2291 781 2483 852 itaque
2531 779 2852 837 monasterii
2892 780 3086 841 timeas
3128 790 3189 838 ut
3224 781 3410 839 Domi-

161 878 215 933 cit
230 877 347 949 quod
390 874 565 932 semel
606 873 782 941 dedit,
808 874 914 930 nisi
961 888 1181 946 semper
1206 873 1439 931 dederit.
1477 873 1535 930 Si
1561 873 1707 930 enim
1812 890 1961 943 num,
1989 875 2185 946 diligas
2208 886 2268 931 ut
2291 883 2594 946 parentem.
2615 873 2814 932 Credas
2842 876 2934 931 tibi
2957 876 3220 944 salutare,
3243 876 3408 949 quid-

160 970 249 1027 duri
277 968 463 1040 judicis
509 969 839 1025 sententiam
882 967 1077 1025 crebra
1110 967 1354 1025 mulieris
1394 968 1544 1022 ﬂexit
1572 966 1711 1039 peti-
1810 969 1936 1037 quid
1970 969 2061 1025 ille
2088 969 2449 1042 praeceperit;
2479 984 2579 1026 nec
2612 969 2680 1025 de
2709 968 2931 1041 majoris
2962 971 3236 1027 sententia
3262 970 3411 1042 judi-

162 1062 248 1119 tio:
274 1071 462 1134 quanto
487 1061 662 1133 magis
684 1069 910 1133 paterna
934 1060 1143 1117 viscera
1167 1060 1602 1130 interpellatione
1623 1074 1710 1117 se-
1810 1074 1925 1131 ccs,
1957 1062 2117 1133 cujus
2155 1062 2320 1119 officii
2349 1072 2432 1119 est
2463 1062 2713 1129 obedire,
2746 1074 2801 1119 et
2831 1064 3056 1135 implere
3076 1104 3091 1130 ,
3120 1064 3411 1137 qurejussa

162 1154 253 1211 dula
296 1154 621 1210 moliuntur?
655 1153 861 1211 Scitote
892 1162 1072 1209 tamen
1096 1162 1221 1209 ante
1251 1152 1431 1208 omnia
1461 1150 1572 1224 [Αι.
1603 1160 1706 1207 lac.
1810 1164 1960 1220 sunt,
1994 1154 2207 1211 dicente
2249 1155 2474 1227 Moyse:
2507 1156 2647 1210 Audi
2674 1153 2844 1212 Israel
2869 1199 2885 1225 ,
2926 1166 2973 1211 et
2994 1166 3123 1212 tace.
3154 1156 3264 1213 Nec
3294 1158 3413 1228 ipse

161 1258 257 1305 ante
283 1248 472 1321 omnia]
502 1248 660 1304 nobis
687 1262 810 1304 esse
831 1247 969 1304 nihil
995 1248 1291 1318 antiquius,
1323 1262 1485 1319 quam
1509 1245 1709 1303 Christi
1813 1253 1866 1302 te
1890 1247 2090 1304 doceas
2113 1292 2126 1316 ,
2182 1259 2203 1287 ο
2229 1258 2285 1304 et
2322 1249 2530 1319 absque
2580 1249 2807 1305 doctore
2862 1250 3183 1320 ingrediaris
3239 1250 3413 1320 viam',

155 1339 249 1411 jura
270 1353 496 1407 servare,
525 1355 628 1397 nec
655 1349 869 1411 patrum
898 1338 1199 1396 transferre
1231 1339 1493 1395 terminos
1524 1356 1537 1392 :
1569 1352 1711 1395 sem-
1811 1352 1975 1410 quam
2006 1354 2301 1407 numquam
2330 1340 2607 1411 ingressus
2630 1355 2711 1396 es.
2743 1340 2896 1396 Nulla
2934 1356 3023 1397 ars
3052 1341 3262 1413 absque
3302 1358 3418 1399 ma-

160 1449 321 1504 perque
355 1434 675 1492 meminisse
721 1433 1024 1491 Romanam
1056 1431 1217 1489 fidem
1256 1430 1559 1505 apostolico
1616 1445 1713 1489 ore
1812 1430 1984 1503 gistro
2006 1431 2256 1486 discitur.
2280 1431 2461 1487 Etiam
2485 1440 2632 1487 muta
2655 1433 2935 1500 animalia,
2962 1443 3018 1490 et
3038 1433 3274 1490 ferarum
3295 1450 3419 1506 gre—

161 1527 398 1585 laudatam.
633 1596 656 1600 ᾼ
681 1597 689 1600 Α
717 1599 740 1600 7
761 1596 849 1600 __
891 1597 918 1600 _
941 1598 960 1600 _
1815 1538 1912 1592 ges
1938 1522 2195 1579 ductores
2219 1533 2522 1594 sequuntur
2553 1538 2701 1581 suos.
2735 1525 2793 1580 In
2821 1526 3017 1596 apibus
3048 1526 3167 1599 [ΑΙ.
3196 1525 3421 1600 opibus]

620 1596 850 1657 CAPUT
889 1597 1187 1656 ΡΒΙΜυΜο
1816 1617 2093 1688 principes
2122 1626 2285 1684 sunt;
2322 1632 2483 1688 grues
2513 1632 2674 1673 unam
2706 1628 3009 1690 sequuntur
3050 1596 3250 1677 ordine
3275 1596 3422 1676 litte;

682 1693 763 1749 De
808 1692 1132 1748 Obedientia.
1816 1720 1972 1791 quo;
2021 1712 2227 1783 impera

1872 1720 1972 1778 tto;
2021 1712 2323 1783 imperator
2364 1728 2543 1780 unus;
2587 1712 2763 1784 judex
2806 1728 2949 1769 unus
2999 1714 3053 1768 in
3107 1714 3422 1785 provincia;

217 1809 389 1883 Accipe
415 1824 577 1882 ergo,
607 1808 704 1879 fili,
732 1808 1036 1865 doctrinam
1058 1814 1325 1877 nostram,
1358 1822 1425 1865 ea
1455 1806 1716 1880 simplici-
1744 1807 1792 1869 Β
1817 1805 2013 1876 Roma,
2049 1816 2106 1862 ut
2135 1807 2354 1863 condita
2385 1815 2471 1863 est
2489 1849 2504 1875 ,
2534 1806 2671 1863 duos
2698 1807 2896 1864 fratres
2923 1807 3082 1863 simul
3108 1809 3309 1865 habere
3335 1823 3427 1866 re-

160 1908 244 1956 tate
274 1911 321 1957 et
342 1900 599 1970 veritate,
628 1913 738 1971 qua
786 1897 1071 1955 didicimus
1103 1899 1227 1973 (At.
1258 1898 1552 1972 dicimus].
1592 1901 1717 1971 quia
1821 1913 1916 1970 ges
1943 1914 2049 1954 non
2076 1898 2275 1968 potuit,
2313 1908 2367 1953 et
2396 1898 2689 1970 parricidio
2721 1899 2849 1971 [ΑΙ.
2880 1898 3229 1972 fratricidio]
3269 1899 3424 1956 dedi-

158 2010 239 2049 non
260 1994 548 2067 quaerimus
596 1991 879 2050 hominum
913 1992 1144 2065 gloriam
1181 1993 1357 2065 (Deus
1380 1997 1534 2051 testis
1575 1991 1718 2066 est),
1820 1999 1994 2048 catur.
2039 1991 2096 2046 ln
2124 1990 2391 2047 Rebecca:
2423 2000 2577 2048 utero
2602 1991 2747 2048 Esau
2790 2001 2845 2047 et
2870 1991 3039 2048 Jaeob
3067 1992 3208 2047 bella
3238 2008 3427 2064 gesse-

160 2101 235 2141 nec
253 2087 309 2143 ad
330 2088 431 2144 hoc
454 2086 759 2159 loquimur,
787 2094 848 2142 ut
884 2084 1152 2143 humanas
1182 2086 1451 2144 amicitias
1480 2100 1721 2156 aucupe-
1822 2093 1951 2139 runt
1992 2100 2006 2137 :
2039 2082 2241 2154 singuli
2274 2083 2643 2140 Ecclesiarum
2674 2084 2913 2156 episcopi
2943 2126 2958 2152 ,
3002 2083 3203 2156 singuli
3250 2085 3402 2141 archi

157 2195 270 2246 mur,
296 2194 361 2236 ne
378 2188 592 2236 nostra:
616 2178 946 2235 adulationis
968 2192 1243 2246 sermone,
1265 2186 1320 2234 et
1350 2192 1473 2247 nos,
1508 2187 1562 2234 et
1585 2178 1723 2235 alios
1823 2175 2171 2247 presbyteri,
2208 2175 2406 2247 singuli
2437 2174 2840 2243 archidiaconi,
2873 2184 2929 2231 et
2956 2176 3134 2231 omnis
3166 2175 3304 2232 ordo
3333 2191 3428 2232 ec-
3474 2166 3485 2169 ἢ

158 2272 453 2343 deripiamus
478 2290 497 2330 :
522 2288 625 2329 nec
645 2280 707 2329 ut
730 2272 875 2344 apud
906 2271 1157 2327 homines
1182 2271 1388 2343 aliquid
1414 2272 1719 2340 videamur,
1825 2270 2172 2344 clesiasticus
2199 2272 2317 2327 suis
2346 2270 2652 2326 rectoribus
2682 2270 2891 2327 nititur.
2918 2270 2974 2326 In
3002 2285 3139 2327 nave
3171 2284 3308 2325 unus
3328 2285 3429 2341 gu-

156 2366 232 2423 sed
252 2376 307 2424 ut
330 2368 476 2440 apud
509 2366 677 2423 Deum
723 2340 978 2423 homines
1010 2379 1205 2437 magna
1242 2340 1580 2421 mereantur.
1612 2364 1725 2420 Hoc
1827 2340 2120 2461 bbrnator,
2163 2364 2216 2419 in
2246 2363 2408 2420 domo
2441 2380 2585 2420 unus
2612 2364 2870 2421 dominus
2894 2407 2908 2432 ,
2939 2364 2991 2421 in
3016 2366 3210 2437 quovis
3235 2365 3430 2437 grandi

158 2464 408 2535 estitaque
447 2472 647 2533 totum,
677 2461 830 2535 quod
866 2460 1207 2533 apprehensa
1240 2474 1403 2515 manu
1444 2458 1725 2515 insinuare
1826 2457 2071 2529 exercitu
2113 2457 2275 2513 unius
2309 2458 2526 2530 signum
2559 2468 2934 2530 exspectatur.
2968 2461 3129 2532 Etjne
3156 2461 3312 2531 plura
3343 2477 3431 2519 re-

157 2556 235 2611 tibi
260 2557 434 2629 cupio.
461 2555 533 2613 Et
557 2554 667 2628 [Αἰ.
691 2555 822 2611 add.
850 2552 1090 2627 revera],
1119 2561 1179 2609 ut
1201 2550 1528 2623 simpliciter
1546 2559 1726 2607 motus
1828 2550 2081 2622 plicando
2110 2550 2389 2607 fastidium
2419 2551 2617 2623 legenti
2641 2552 2858 2621 faciam,
2885 2568 2984 2624 per
3012 2554 3130 2610 haec
3154 2555 3339 2612 omnia
3362 2555 3431 2612 ad

157 2650 325 2705 mentis
346 2648 503 2717 jmeae
523 2648 731 2719 (fatear,
769 2661 917 2705 nunc
954 2644 1206 2703 monachi
1245 2643 1575 2702 incunabula
1612 2659 1729 2701 mo-
1829 2644 1959 2700 illud
1988 2645 2161 2702 tendit
2190 2648 2388 2713 oratio,
2413 2654 2471 2700 ut
2493 2646 2718 2703 doceam
2750 2656 2802 2703 te
2825 2663 2938 2703 non
2970 2657 3065 2704 tuo
3090 2648 3322 2705 arbitrio
3347 2665 3435 2707 re-

154 2755 322 2814 resque
344 2741 698 2800 discutimus.
1314 2776 1320 2787 .
1649 2754 1656 2762 ·
1830 2737 2190 2809 linquendum
2242 2736 2361 2810 [AL
2394 2739 2827 2812 dimittendum],
2859 2741 2958 2799 sed
3002 2743 3187 2799 vivere
3230 2742 3434 2801 debere

214 2834 267 2890 Si
291 2836 360 2891 ris
390 2836 561 2909 igitur
591 2833 658 2889 ad
678 2836 834 2890 vitam
869 2833 1095 2909 ingredi,
1126 2849 1271 2889 serva
1296 2840 1589 2905 praecepta:
1626 2829 1762 2886 hoc»
1833 2830 1888 2887 in
1918 2830 2252 2887 monasterio
2293 2830 2394 2886 sub
2436 2832 2595 2887 unius
2636 2832 2925 2903 disciplina
2960 2832 3163 2904 patris,
3206 2848 3434 2890 consor-

154 2936 242 2996 est,
264 2928 330 2984 ab
351 2929 506 2985 omni
538 2928 755 2998 illicito,
784 2943 888 3000 quo
918 2926 1249 2999 prohiberis,
1278 2925 1501 2983 recedas
1526 2964 1541 2990 ,
1571 2933 1627 2982 et
1658 2922 1726 2979 ad
1834 2922 2018 2993 tioque
2044 2922 2337 2979 multorum
2366 2938 2380 2980 :
2412 2931 2471 2978 ut
2492 2922 2560 2977 ab
2582 2923 2689 2978 alio
2719 2923 2902 2980 discas
2928 2924 3291 2981 humilitatem
3310 2966 3325 2992 ,
3360 2925 3431 2980 ab

154 3036 292 3080 omne
313 3024 549 3091 bonum,
573 3022 719 3094 quod
744 3022 984 3093 juberis,
1015 3029 1305 3093 promptus
1333 3018 1587 3076 accedas.
1621 3018 1730 3075 Re-
1835 3013 1940 3069 alio
1972 3013 2329 3081 patientiam;
2363 3013 2453 3069 hic
2479 3022 2530 3069 te
2569 3013 2849 3070 silentium
2876 3057 2891 3079 ,
2925 3014 3018 3071 ille
3056 3015 3248 3072 doceat
3276 3031 3432 3073 man-

151 3117 281 3186 spice
309 3127 562 3175 sanctum
591 3118 768 3173 virum
814 3115 1222 3186 Pammachium
1249 3157 1264 3182 ,
1306 3123 1364 3170 et
1397 3112 1701 3171 ferventissi

1884 3103 2218 3171 retudinem;
2268 3119 2377 3161 non
2407 3105 2575 3163 facias
2611 3106 2757 3177 quod
2797 3106 2922 3174 vis;
2958 3108 3215 3164 comedas
3242 3150 3258 3176 ,
3290 3108 3434 3180 quod

153 3225 240 3265 tua:
278 3211 398 3268 ﬁdei
453 3209 746 3269 Paulinum
796 3208 1221 3281 presbyterum:
1260 3207 1352 3277 qui
1407 3221 1515 3263 non
1558 3206 1733 3262 solum
1763 3201 1809 3265 C
1835 3197 2073 3269 iuberis;
2104 3201 2363 3268 vestiare,
2401 3200 2547 3272 quod
2588 3202 2899 3273 acceperis:
2944 3203 3129 3273 operis
3167 3204 3273 3259 tuis
3298 3218 3437 3275 pen-

152 3301 349 3359 divitias
373 3344 390 3368 ,
430 3302 531 3359 sed
569 3302 782 3373 seipsos
812 3300 1165 3367 obtulerunt,
1195 3298 1288 3371 qui
1316 3305 1505 3354 contra
1532 3297 1734 3354 diaboli
1841 3308 1960 3351 sum
1986 3293 2292 3365 persolvas;
2330 3294 2642 3365 subjiciaris
2666 3337 2682 3363 ,
2714 3296 2800 3351 cui
2844 3310 2952 3351 non
2982 3298 3061 3352 vis
3089 3314 3105 3357 ;
3142 3296 3321 3353 lassus
3367 3296 3437 3353 ad

154 3396 649 3467 tergiversationem
672 3436 687 3464 ,
718 3408 1060 3465 nequaquam
1088 3391 1282 3463 pellem
1314 3404 1414 3461 pro
1440 3390 1609 3461 pelle,
1638 3388 1735 3445 sed
1839 3394 2067 3444 stratum
2109 3387 2316 3454 venias,
2354 3384 2381 3424 ά
2424 3388 2818 3460 ambulansque
2860 3388 3129 3446 dormites
3153 3433 3168 3460 ,
3221 3398 3277 3446 et
3304 3404 3434 3446 nec-

153 3500 350 3555 carnes,
377 3498 436 3545 et
458 3502 618 3553 ossa,
658 3494 715 3543 et
752 3486 962 3541 animas
1003 3498 1132 3539 suas
1177 3481 1405 3538 Domino
1443 3495 1735 3537 consecra-
1840 3482 1966 3539 dum
1995 3483 2211 3554 expleto
2227 3496 2455 3551 somno,
2486 3496 2711 3554 surgere
2734 3484 3102 3557 compellaris.
3131 3484 3320 3540 Tantis
3341 3500 3434 3541 oc-

152 3590 259 3634 runt
284 3598 299 3635 :
327 3579 424 3653 qui
459 3586 607 3646 te,et
628 3576 905 3648 exemplo,
929 3585 983 3633 et
1006 3574 1247 3646 eloquio,
1274 3572 1327 3629 id
1348 3582 1525 3639 est,et
1545 3586 1734 3643 opere,
1840 3583 2070 3644 cupatus
2112 3575 2376 3646 negotiis,
2415 3577 2579 3632 nullis
2606 3576 2823 3633 vacabis
2862 3579 3278 3649 cogitationibus
3308 3597 3322 3635 :
3361 3588 3439 3649 et,

151 3679 196 3723 et
227 3672 404 3744 lingua
446 3670 661 3743 possint
699 3670 768 3725 ad
798 3668 1006 3739 majora
1047 3667 1368 3739 perducere.
1399 3664 1611 3721 Nobilis
1637 3665 1740 3721 es?
1840 3666 1971 3723 dum
1994 3667 2062 3723 ab
2088 3667 2197 3723 alio
2229 3668 2427 3726 transis
2448 3668 2515 3725 ad
2538 3670 2708 3739 aliud,
2733 3686 2975 3744 opusque
2997 3673 3243 3730 succedit
3264 3675 3440 3745 operi,

148 3773 193 3816 et
218 3764 311 3831 illi,
341 3763 443 3820 sed
467 3762 523 3819 in
552 3762 777 3820 Christo
809 3760 1130 3818 nobiliores.
1168 3760 1329 3816 Dives
1350 3801 1366 3829 ,
1409 3766 1465 3815 et
1499 3757 1739 3813 honora-
1842 3759 1975 3816 illud
1997 3760 2171 3816 solum
2195 3770 2377 3818 mente
2406 3763 2685 3832 retinebis,
2710 3764 2852 3835 quod
2879 3781 3041 3836 agere
3061 3767 3437 3837 compelleris.

150 3857 261 3909 tus?
280 3866 335 3911 et
357 3856 464 3922 illi,
491 3854 661 3911 immo
687 3869 756 3909 ex
784 3852 1045 3931 divitibus
1070 3898 1084 3923 ,
1115 3860 1173 3909 et
1199 3850 1504 3917 honoratis,
1534 3864 1741 3921 paupe-
1843 3854 1975 3909 Nam
2005 3854 2149 3909 omni
2181 3854 2458 3911 oblatione
2495 3865 2548 3911 et
2578 3854 2751 3910 hostia
2783 3856 3073 3926 pretiosior
3107 3867 3191 3914 est
3223 3858 3439 3914 obtem-
3500 3862 3507 3865 “

148 3962 227 4001 res
254 3960 309 4003 et
338 3944 600 4019 inglorii,
624 3955 680 4003 et
706 3946 920 4002 idcirco
950 3946 1201 4012 ditiores,
1235 3953 1291 4001 et
1314 3944 1485 4013 magis
1514 3942 1702 4014 inclyti
1725 3983 1741 4010 ,
1845 3948 2090 4019 perantia
2126 3947 2531 4016 mandatorum,
2566 3947 2781 4005 dicente
2810 3947 3079 4020 Propheta
3116 3966 3133 4007 :
3162 3949 3298 4005 Ecce
3324 3950 3443 4006 obe-

150 4030 256 4108 qnia
287 4056 392 4112 pro
426 4037 650 4095 Christo
677 4053 945 4111 pauperes
982 4044 1040 4094 et
1069 4036 1403 4093 inhonorati.
1428 4035 1744 4093 Coutemnis
1846 4038 2043 4092 dientia
2063 4037 2249 4093 melior
2272 4049 2344 4095 est
2367 4056 2522 4108 quam
2535 4041 2871 4110 sacri/icium,
2895 4051 2941 4096 et
2959 4044 3273 4099 auscultatio
3287 4060 3443 4116 quam

145 4153 323 4193 aurum
347 4156 363 4193 :
405 4145 897 4208 contempserunt,
922 4144 976 4193 et
1005 4136 1157 4192 multi
1191 4134 1528 4207 philosophi.
1845 4131 2008 4201 adeps
2037 4131 2255 4186 arietum
2284 4132 2303 4205 (
2321 4132 2338 4187 l
2367 4132 2499 4205 Reg.
2532 4148 2622 4202 xv,
2653 4132 2722 4187 22
2750 4134 2789 4204 ).
2820 4134 2891 4189 Εῑ
2911 4135 3040 4192 alibi
3069 4154 3081 4189 :
3112 4136 3333 4192 Initium
3354 4139 3445 4195 bo-

209 4230 324 4287 Non
373 4230 529 4289 enim
554 4238 641 4287 est
675 4229 812 4286 satis
840 4227 1084 4299 perfecto
1121 4236 1179 4284 et
1219 4235 1599 4284 consummato
1628 4226 1746 4283 viro
1846 4240 1927 4278 me
1955 4224 2051 4277 via:
2083 4222 2191 4295 [AL
2243 4224 2408 4296 riter],
2454 4226 2624 4294 facere
2665 4227 2820 4295 juxta
2861 4243 2978 4298 qum
3007 4240 3264 4302 prazcepta
3301 4230 3443 4304 [AL

145 4339 267 4394 opes
294 4332 659 4381 contemnere
682 4366 699 4392 ,
730 4321 994 4394 pecunias
1026 4321 1297 4394 dissipare
1317 4364 1333 4390 ,
1380 4330 1437 4379 et
1478 4321 1749 4393 projicere
1839 4320 1994 4390 jussa
2021 4334 2137 4389 qua:
2162 4318 2411 4391 accepta]
2441 4330 2561 4374 sunt
2590 4325 2730 4392 apud
2762 4320 2953 4390 Deum,
2982 4326 3151 4395 magis
3173 4343 3330 4397 quam
3345 4327 3445 4383 im-

144 4432 220 4485 qu-
243 4418 277 4472 d
309 4419 365 4473 in
390 4424 700 4483 momento,
725 4425 781 4472 et
812 4414 992 4487 perdi,
1024 4424 1080 4471 et
1109 4415 1343 4472 inveniri
1374 4423 1572 4485 potest.
1597 4413 1751 4471 Fecit
1849 4412 2048 4467 molere
2071 4412 2268 4468 hostias
2292 4412 2475 4485 (Prov.
2505 4430 2617 4480 xw,
2652 4414 2733 4485 5).
2757 4414 2826 4469 Et
2859 4416 2984 4471 alibi
3013 4435 3025 4469 :
3061 4417 3166 4483 Qui
3184 4431 3449 4477 conservat

144 4509 239 4565 hoc
264 4510 292 4551 δ
325 4510 529 4568 Crates
557 4508 881 4576 Thebanus,
913 4508 1045 4565 fecit
1083 4508 1470 4575 Antisthenes,
1505 4507 1753 4565 fecerunt
1850 4506 2047 4580 legem,
2098 4508 2413 4579 multiplicat
2445 4507 2757 4563 oblationem
2790 4526 2810 4565 :
2846 4509 3181 4578 Sacriﬁcium
3221 4514 3452 4572 salutare

145 4605 396 4671 plurimi,
459 4616 599 4674 quos
654 4601 1039 4659 vitiosissimos
1088 4601 1342 4672 legimus.
1394 4600 1526 4657 Plus
1588 4600 1750 4657 debet
1778 4592 1827 4652 D
1853 4610 1948 4667 est,
1980 4601 2243 4654 attendere
2279 4600 2541 4654 mandatis
2577 4610 2627 4655 et
2673 4600 2937 4657 discedere
2970 4603 3036 4658 ab
3077 4607 3217 4660 omni
3266 4608 3453 4679 iniqui-

142 4692 341 4753 Cbristi
390 4693 699 4765 discipulus
744 4702 1050 4764 praestare,
1080 4709 1247 4764 quam
1288 4692 1475 4749 mundi
1507 4692 1749 4763 philoso-
1851 4704 1955 4750 tate
1994 4695 2202 4767 (Eccli.
2234 4711 2396 4764 xxxv,
2442 4695 2522 4765 l).
2558 4694 2669 4751 Nec
2716 4695 2879 4753 nobis
2918 4698 3153 4755 blandiri
3192 4699 3455 4757 debemus

144 4794 301 4858 phus.
332 4788 537 4860 gloria:
564 4787 801 4856 animal,
839 4796 893 4844 et
923 4787 1201 4859 popularis
1228 4802 1376 4843 aura:
1401 4828 1415 4854 ,
1459 4796 1620 4859 atque
1652 4803 1747 4842 ru-
1852 4788 1906 4844 in
1940 4788 2094 4843 factis
2112 4787 2415 4857 jussorum,
2441 4788 2487 4842 si
2517 4786 2568 4842 in
2594 4786 2994 4857 prohibitorum
3020 4792 3455 4863 transgressione

142 4898 354 4938 morum
397 4880 595 4937 venale
641 4879 998 4952 mancipium.
1050 4878 1171 4935 Tibi
1219 4895 1330 4937 non
1375 4879 1576 4935 sufficit
1616 4893 1750 4949 opes
1852 4894 2163 4951 peccemus,
2184 4895 2307 4935 cum
2338 4882 2789 4951 transgressionis
2811 4883 3019 4941 crimen
3042 4884 3312 4943 benefacti
3339 4901 3457 4944 me-

142 4985 528 5043 mntemnere,
555 4973 662 5030 nisi
685 4983 742 5030 et
763 4972 1041 5029 Christum
1072 4973 1341 5045 sequaris.
1365 4974 1623 5042 Teipsum
1647 4971 1751 5026 Do-
1853 4972 2017 5028 ritum
2054 4972 2229 5027 tollat.

140 5068 341 5135 minus,
377 5065 622 5123 hostiam
652 5065 853 5133 vivam,
886 5066 1191 5137 placentem
1227 5066 1373 5122 Deo:
1402 5075 1476 5131 te,
1508 5065 1751 5136 inquam,
1927 5064 2080 5134 Quod
2127 5079 2234 5121 non
2292 5065 2400 5121 mei
2443 5079 2640 5123 sensus
2692 5073 2962 5138 assertio,
3021 5071 3117 5129 sed
3168 5073 3455 5149 utriusque

141 5175 243 5215 non
287 5172 413 5217 tua.
452 5158 523 5215 Et
566 5159 711 5216 Deus
752 5159 919 5215 variis
961 5158 1351 5216 tentationibus
1397 5166 1710 5213 commonet
1736 5199 1752 5226 ,
1856 5157 2192 5215 Testamenti
2228 5159 2484 5229 exempla
2525 5159 2791 5230 probant:
2834 5164 2924 5219 ubi
2958 5165 3264 5224 invenimus
3289 5168 3455 5227 etiam

139 5256 259 5326 quia
293 5255 498 5312 multis
534 5254 709 5326 plagis
731 5294 749 5323 ,
790 5262 847 5311 et
884 5254 1172 5311 doloribus
1202 5252 1452 5311 eruditur
1482 5251 1672 5321 Israel,
1701 5261 1756 5309 et
1859 5248 1954 5306 Dei
1981 5250 2207 5318 amicos,
2236 5252 2306 5306 ob
2332 5252 2491 5307 unius
2513 5262 2855 5324 contemptus
2876 5269 3148 5321 errorem.
3186 5259 3456 5318 bonorum

138 5364 298 5419 quem
322 5348 515 5420 diligit
544 5349 809 5406 Dominus
836 5348 1109 5421 corripit:
1152 5348 1385 5419 flagellat
1429 5357 1610 5403 autem
1638 5362 1757 5404 om-
1857 5341 2276 5400 retrofaetornm
2317 5344 2744 5401 munificentiam
2788 5347 3111 5417 perdidisse.
3160 5352 3255 5410 Sic
3285 5355 3456 5411 Adam

136 5459 259 5503 nem
300 5442 525 5511 ﬁlium,
565 5456 731 5516 quem
774 5442 969 5514 recipit
1011 5438 1226 5514 (Hebr.
1256 5440 1336 5513 ι).
1389 5441 1544 5510 Quod
1587 5440 1635 5497 si
1679 5450 1760 5499 te-
1860 5450 1985 5493 cum
2011 5435 2231 5492 diabolo
2254 5435 2417 5493 facile
2443 5438 2675 5494 credidit
2698 5439 3003 5511 seducenti,
3037 5453 3159 5515 post
3179 5443 3461 5502 familiari-

209 5614 235 5643 ι
271 5605 469 5667 Atque
497 5600 586 5657 hic
626 5599 745 5670 plus
774 5599 979 5655 habent
1011 5597 1280 5656 Victorius
1319 5606 1374 5656 et
1412 5597 1655 5665 Rubeus,
1700 5608 1758 5656 ut
1864 5614 1984 5655 nus.

132 5678 279 5754 quod
300 5674 471 5729 velim
493 5684 543 5728 et
570 5666 786 5754 possim.
826 5670 968 5727 Nam
998 5670 1128 5727 velte
1156 5681 1202 5728 et
1230 5686 1437 5728 currere
1466 5689 1635 5727 meum
1656 5681 1751 5741 est,
1898 5742 1910 5754 ⁸
1939 5680 1962 5709 ε
1991 5668 2198 5726 Tacent
2234 5666 2399 5726 iidem
2439 5668 2587 5754 libri,
2621 5680 2671 5726 et
2705 5666 2893 5743 absque
2916 5675 3123 5732 doctore
3150 5677 3462 5752 ingrediaris

136 5744 227 5805 sed
251 5751 454 5816 ipsum
483 5744 668 5809 nterim,
703 5752 810 5801 etc.
1242 5815 1245 5816 ν
1365 5812 1389 5816 ᾼ
1862 5744 1998 5816 viam
2013 5759 2169 5813 quam
2198 5758 2479 5816 numquam
2507 5744 2768 5816 ingressus
2797 5762 2869 5800 es.

208 5819 238 5865 ι
270 5808 507 5876 ὒιιιίιιὶῑ
536 5808 781 5875 Martian.
809 5822 932 5892 post
956 5814 1193 5889 Erasm.,
1226 5815 1323 5873 hac
1349 5812 1528 5874 Crates
1558 5814 1758 5875 Thcba-
1935 5808 1963 5854 (³
1995 5808 2171 5892 Atque
2198 5812 2288 5874 hic
2316 5808 2517 5890 tacent,
2553 5808 2933 5894 Ambulansqtte
2953 5819 3217 5885 dormites.
