3926 6290
475 311 583 371 313

1516 310 1576 370 S.
1619 309 2002 370 lilERONYMI
2041 304 2325 370 OPERUM
2364 305 2731 373 MANTISSA.

3667 300 3776 370 52‘

476 438 664 499 tatem,
699 437 752 485 et
774 428 1102 501 colloquium
1128 429 1260 495 Dei,
1286 427 1448 485 unius
1470 426 1617 499 pomi
1658 428 1954 498 cupiditate
1983 444 2074 485 su-
2101 432 2149 491 Α
2178 425 2363 480 audiat
2383 426 2600 495 capite,
2633 427 2718 483 sin
2750 430 2931 484 autem
2954 430 3133 483 vertat
3172 430 3412 498 tergum,
3444 423 3656 499 signum
3688 434 3772 483 est

478 536 717 596 peratus.
749 525 981 595 perdidit
1012 524 1353 580 Paradisum.
1398 524 1460 578 Et
1494 523 1617 594 quia
1649 537 1747 593 per
1772 534 2073 593 transgres-

472 621 683 672 sionem
711 631 875 671 unum
901 616 1105 673 habere
1129 616 1481 687 prmsumpsit
1500 656 1514 682 ,
1552 615 1721 671 multa
1748 615 1909 670 simul
1936 616 2076 671 bona

474 711 674 765 amisit.
720 710 811 767 Sic
857 727 1001 766 uxor
1044 711 1212 777 Loth,
1262 719 1383 782 post
1421 712 1741 782 angelorum
1792 710 2073 781 obsequia,

474 813 665 861 contra
696 815 721 843 ἰ
754 806 1102 861 interdictum
1146 806 1570 877 retroaspiciens
1595 851 1608 873 ,
1656 805 1709 861 in
1756 804 2073 876 figmentum

471 898 604 953 salis
625 907 849 967 repente
874 908 1076 953 mutata
1109 906 1212 954 est.
1235 899 1366 966 Quis
1398 898 1484 953 hic
1508 897 1944 970 praesumptionis
1964 894 2078 966 Spi-

469 992 607 1046 ritus
631 1033 646 1060 ,
677 992 766 1062 qui
822 1001 1027 1048 tantam
1074 994 1125 1048 in
1164 995 1347 1049 animo
1386 1003 1575 1049 nostro
1606 1001 1866 1063 operatur
1908 992 2076 1048 auda-

469 1086 630 1150 ciam,
665 1094 722 1140 ut
752 1101 874 1140 cum
908 1095 1130 1141 sanctos
1160 1086 1410 1142 homines
1430 1088 1497 1142 dc
1524 1087 1735 1142 levibus
1765 1087 1926 1140 etiam
1960 1087 2075 1142 cnl-

472 1178 557 1247 pis
587 1176 868 1233 videamus
895 1191 1016 1233 esse
1041 1178 1287 1248 punitos,
1319 1189 1371 1235 et
1400 1194 1500 1234 nos
1533 1178 1781 1250 quotidie
1812 1178 1866 1233 in
1906 1179 2076 1247 majo-

471 1269 641 1335 ribus,
667 1278 722 1324 et
754 1270 1007 1340 pluribus
1030 1272 1410 1342 delinquentes
1435 1312 1449 1336 ,
1487 1270 1513 1309 δ
1545 1272 1781 1326 intactos
1811 1272 1861 1325 in
1894 1270 2073 1327 media

470 1363 824 1417 damnatione
856 1362 977 1419 fore
1008 1364 1334 1419 credamus?
1365 1364 1701 1433 Quamquam
1751 1364 1870 1419 leve
1912 1381 2071 1419 num-

469 1468 631 1524 quam
681 1455 751 1509 sit
804 1456 973 1511 Deum
1022 1456 1184 1512 etiam
1230 1458 1280 1512 in
1318 1458 1516 1528 exiguo
1558 1468 1948 1522 contemnere;
1980 1458 2074 1530 qui

470 1561 578 1601 non
613 1556 819 1602 tantum
853 1548 918 1603 ad
948 1549 1268 1619 qualitatem
1296 1551 1503 1621 peccati
1530 1551 1769 1622 respicit,
1794 1553 1888 1608 sed
1909 1554 2073 1608 etiam

471 1638 536 1692 ad
570 1652 821 1707 persona:
854 1650 1254 1707 contemptum:
1286 1653 1508 1712 prepter
1544 1644 1687 1712 quod
1721 1645 1930 1699 homini
1963 1660 2071 1700 non

472 1733 649 1787 solum
675 1733 1070 1790 intendendum
1094 1745 1198 1802 est,
1229 1739 1392 1808 quale
1413 1738 1504 1804 sit,
1539 1738 1683 1808 quod
1704 1736 1943 1807 jubetur,
1974 1738 2070 1793 sed

2179 519 2601 575 contemnentis.

2810 590 3041 649 CAPUT
3084 591 3149 646 ll.

2185 703 2259 759 De
2287 705 2448 761 tribus
2487 706 2751 779 generibus
2789 706 3163 762 monachorum
3193 707 3245 762 in
3278 705 3512 780 /Egypto
3542 720 3773 765 camma-

2848 785 3094 835 rantium.

2848 796 3094 834 mnuum.

2248 891 2317 948 Et
2344 894 2597 965 quoniam
2622 896 3019 953 monachorum
3063 896 3295 954 fecimus
3327 900 3689 965 mentionem,
3717 908 3773 956 et

2178 994 2232 1042 te
2271 989 2385 1043 scio
2426 989 2660 1045 libenter
2688 992 2911 1059 audire,
2967 988 3136 1062 qua!d
3163 1002 3344 1048 sancta
3384 1002 3529 1059 Sunt,
3579 1007 3769 1047 aurem

2177 1080 2451 1150 paulisper
2481 1084 2850 1139 accommoda.
2883 1083 3008 1139 Tria
3044 1092 3172 1139 sunt
3208 1085 3259 1140 in
3290 1082 3524 1155 rEgypto
3568 1100 3770 1156 genera

2178 1174 2589 1230 monachorum.
2622 1175 2862 1232 Primum
2908 1178 3193 1233 caenobila:
3220 1220 3233 1245 ,
3266 1179 3407 1249 quod
3441 1177 3516 1232 illi
3569 1178 3770 1235 Sauses

2175 1266 2364 1336 gentili
2396 1266 2576 1339 lingua
2622 1279 2855 1339 vocant,
2905 1285 3036 1339 nos,
3083 1271 3134 1326 in
3177 1270 3452 1326 communi
3484 1272 3766 1337 viventes,

2179 1374 2466 1430 possumus
2489 1363 2784 1433 appellare.
2817 1365 3126 1421 Secundum
3157 1366 3510 1433 anachoritze,
3542 1368 3634 1437 qui
3666 1367 3771 1422 soli

2178 1454 2421 1509 habitant
2454 1473 2549 1526 per
2570 1457 2809 1526 deserta,
2833 1467 2887 1513 et
2917 1458 2985 1512 ab
3010 1473 3099 1528 eo,
3125 1459 3266 1530 quod
3290 1466 3474 1529 procul
3499 1461 3567 1514 ab
3592 1459 3773 1515 homi-

2175 1546 2333 1601 nibus
2362 1560 2729 1615 recesserunt,
2757 1560 3154 1622 nuneupantur.
3194 1552 3431 1607 Tertium
3453 1567 3625 1622 genus
3661 1563 3768 1619 est,

2175 1640 2319 1710 quod
2367 1640 2714 1708 Remobotb,
2744 1644 2932 1699 dicunt
2983 1645 3339 1701 deterrimum
3388 1646 3511 1717 [AL
3554 1648 3777 1702 teterri-

2175 1748 2322 1787 mum
2348 1732 2398 1805 ],
2429 1744 2590 1805 atque
2620 1737 2949 1807 neglectum,
2983 1747 3037 1794 et
3065 1737 3209 1809 quod
3240 1740 3290 1794 in
3322 1747 3507 1795 nostra
3541 1740 3773 1811 provin-

468 1840 705 1899 quantus
733 1831 804 1886 sit
835 1831 947 1899 ille,
981 1834 1074 1904 qui
1102 1833 1280 1903 jubet.
1315 1834 1636 1889 Excluditur
1661 1836 1763 1890 hoc
1796 1836 1915 1890 loco
1945 1836 2062 1891 vul-

2173 1826 2275 1893 cia,
2306 1837 2394 1881 aut
2427 1828 2623 1897 solum,
2654 1839 2746 1884 aut
2780 1832 3011 1901 primum
3053 1843 3157 1886 est.
3184 1831 3249 1886 Hi
3282 1832 3433 1900 bini,
3468 1832 3555 1888 vel
3584 1834 3725 1888 terni
3753 1874 3770 1901 ,

467 1925 613 1992 garis
639 1925 729 1979 illa
767 1926 1057 1991 sententia,
1092 1943 1194 1998 qua
1248 1928 1378 1982 milii
1413 1944 1512 1983 suo
1549 1927 1756 1999 judicio
1788 1929 2067 1999 religiosi,

469 2025 523 2072 et
562 2019 653 2087 qui
696 2021 972 2088 sapientes
1018 2020 1239 2077 sibimet
1280 2021 1571 2087 videntur,
1617 2023 1802 2078 dicere
1853 2023 2066 2078 solent:

468 2110 669 2165 sufticit
701 2111 889 2179 nobis,
927 2122 984 2168 ut
1010 2128 1116 2169 non
1147 2112 1448 2170 critninalia
1483 2122 1705 2186 peccata
1732 2158 1747 2184 ,
1777 2124 1831 2171 et
1862 2115 2069 2185 majora

465 2202 751 2259 faciamus.

540 2295 740 2351 Facilis
766 2305 849 2352 est
870 2299 1014 2353 enim
1044 2300 1271 2355 omissio
1294 2300 1566 2355 minorum
1600 2300 1949 2356 delictorum:
1976 2301 2067 2371 qui

456 2388 584 2442 dum
614 2390 834 2444 animali
862 2392 1126 2459 sapientia
1154 2403 1423 2461 occupant
1455 2392 1689 2459 animos,
1720 2393 2061 2463 spiritualem

464 2479 905 2549 intelligentiam,
946 2491 1002 2536 et
1032 2482 1489 2538 consuetudinem
1524 2483 1724 2539 divinm
1754 2483 1884 2553 legis
1912 2486 2065 2555 igno-

466 2580 609 2634 rant,
644 2587 765 2640 qna-
793 2586 941 2641 satpe
974 2582 1255 2641 peccatum
1287 2573 1565 2641 ostendit,
1598 2574 1740 2645 quod
1769 2577 1923 2629 nobis
1958 2590 2064 2631 non

466 2663 682 2719 videtur
706 2678 829 2719 esse
852 2675 1167 2733 peccatum;
1198 2677 1251 2722 et
1278 2683 1399 2738 quae
1420 2668 1529 2723 illic
1552 2669 1889 2739 impietatem
1915 2669 2062 2738 facit,

461 2756 556 2811 ubi
587 2770 687 2813 nos
730 2771 868 2827 opus
902 2758 1126 2828 pietatis
1154 2760 1516 2815 ostendimus.
1553 2761 1681 2817 Saul
1712 2772 1765 2817 et
1797 2761 2066 2833 Josapbat

458 2866 619 2921 reges
642 2850 865 2907 fuerunt
895 2853 1083 2921 Israel,
1113 2864 1165 2910 et
1193 2855 1320 2909 dum
1347 2856 1775 2911 misericordiam
1801 2856 1906 2925 bis,
1929 2871 2065 2928 quos

460 2945 603 3001 Deus
647 2947 869 3013 oderat,
935 2950 1341 3018 prmstiterunt,
1372 2950 1467 3005 Dei
1498 2950 1758 3006 otl'ensam
1804 2951 1854 3006 in
1898 2967 2064 3021 Opere

460 3038 469 3109 |
504 3039 587 3090 At.
615 3038 758 3111 ope]
793 3040 1015 3109 pietatis
1078 3043 1365 3097 incurrunt
1416 3042 1517 3113 (Ill
1549 3042 1675 3114 Reg.
1710 3044 1841 3115 xv).
1887 3045 2065 3101 Econ-

458 3133 652 3198 trario,
687 3132 922 3190 Pbittees
951 3178 965 3201 ,
997 3134 1202 3207 filiique
1238 3135 1366 3191 Levi
1407 3137 1636 3207 gratiam
1683 3136 1776 3193 Dei
1828 3138 2059 3194 humana

2176 1934 2275 1973 nec
2318 1919 2487 1975 multo
2529 1922 2711 1991 plures
2752 1924 2910 1978 simul
2964 1924 3236 1993 habitant,
3281 1940 3383 1980 suo
3429 1927 3659 1981 arbitrio
3704 1943 3773 1982 ac

2172 2010 2377 2067 ditiune
2403 2025 2647 2069 Viventes
2674 2033 2686 2069 :
2710 2016 2852 2071 etde
2882 2032 2947 2072 eo
2968 2058 2982 2083 ,
3015 2018 3156 2088 quod
3187 2017 3551 2074 laboraverint
3580 2019 3634 2073 in
3664 2035 3771 2075 mc-

2170 2104 2318 2159 dium
2352 2116 2533 2175 partes
2562 2107 2873 2179 conferunt,
2903 2121 2961 2165 ut
2985 2111 3212 2167 habeam
3239 2111 3491 2167 alimenta
3522 2128 3774 2168 commu-

2171 2198 2280 2250 nia.
2330 2196 2586 2254 Habitant
2633 2209 2817 2256 autem
2860 2204 3243 2273 quamplurimi
3284 2203 3399 2275 [AL
3434 2206 3774 2275 quampluri-

2170 2291 2347 2365 mum]
2381 2295 2434 2349 in
2472 2294 2693 2350 urbibus
2714 2306 2767 2353 et
2792 2298 3056 2352 castellis:
3084 2308 3136 2353 et
3161 2299 3319 2365 quasi
3343 2313 3429 2353 ars
3464 2300 3533 2353 sit
3555 2310 3770 2369 sancta,

2170 2401 2275 2440 non
2306 2388 2442 2452 vita,
2478 2389 2737 2459 quidquid
2788 2390 3168 2457 vendiderint,
3201 2390 3421 2461 maj0tis
3468 2400 3549 2446 est
3581 2392 3770 2461 pretii.

2168 2476 2315 2533 Inter
2340 2478 2442 2534 hos
2468 2496 2614 2550 saepe
2655 2492 2780 2536 sunt
2804 2482 3022 2553 jurgia:
3056 2485 3178 2554 quia
3202 2499 3302 2539 suo
3340 2484 3585 2540 viventes
3618 2486 3768 2555 cibo,

2168 2584 2275 2625 non
2306 2574 2584 2641 patiuntur
2609 2588 2668 2629 se
2695 2574 2853 2628 alicui
2879 2590 3001 2630 esse
3022 2576 3316 2645 subjectos.
3346 2577 3556 2632 Revera
3585 2578 3775 2632 solent

2166 2672 2377 2719 certare
2392 2664 2631 2735 jejuuiis,
2658 2676 2837 2722 etrem
2862 2669 3078 2735 secreti,
3104 2671 3343 2725 victoria:
3359 2664 3580 2726 iaciunt.
3607 2672 3772 2742 Apud

2166 2755 2268 2811 hos
2290 2757 2534 2813 :tll‘ectata
2565 2768 2692 2814 sunt
2712 2761 2913 2829 omnia,
2947 2761 3083 2817 laxa:
3109 2765 3364 2829 manicw,
3396 2763 3584 2833 caligae
3616 2764 3772 2819 folli-

2165 2861 2373 2919 cantes,
2398 2850 2564 2906 vestis
2592 2853 2858 2916 crassior,
2883 2854 3072 2909 crebra
3102 2855 3354 2926 suspiria,
3378 2854 3619 2911 visitatio
3651 2857 3772 2911 vir-

2164 2941 2385 3015 ginum,
2415 2945 2683 3002 detractio
2715 2948 3059 3004 clericorum.
3093 2950 3165 3005 Et
3204 2953 3248 3006 si
3281 2951 3499 3021 quando
3538 2952 3657 3008 dies
3692 2952 3774 3008 fe-

2164 3047 2279 3092 stus
2307 3038 2610 3103 advenerit,
2635 3051 2950 3096 saturantur
2973 3044 3041 3097 ad
3068 3043 3353 3098 vomitum.

2235 3129 2330 3184 llis
2362 3129 2526 3201 igitur
2555 3133 2706 3202 quasi
2734 3133 3055 3204 quibusdam
3082 3136 3322 3206 pestibus
3347 3136 3731 3193 exterminatis
3751 3180 3767 3205 ,

457 3228 607 3283 caede
638 3237 691 3281 et
730 3244 952 3284 suorum
987 3231 1278 3301 parricidio
1303 3240 1643 3289 meruerunt.
1678 3232 1865 3299 Vides,
1887 3250 2059 3305 quan-
2091 3214 2136 3277 C
2167 3224 2445 3279 νεηίθιηυδ
2472 3226 2538 3280 ad
2568 3241 2661 3281 eos
2682 3229 2773 3298 qui
2800 3228 2985 3298 Plures
3011 3242 3155 3298 δην,
3186 3242 3241 3286 ει
3268 3232 3320 3285 ίυ
3347 3246 3641 3287 οοηιῐηυηε
3670 3234 3774 3285 ιη·

459 3327 571 3375 tum
604 3320 673 3374 ab
719 3321 971 3377 humanis
1015 3324 1269 3379 sensibus
1316 3340 1411 3394 per
1456 3337 1696 3379 nostram
1734 3326 2059 3395 imperitiam

457 3414 736 3485 discrepat
765 3414 948 3470 divina
986 3418 1257 3473 sententia
1278 3464 1290 3486 ,
1323 3425 1383 3472 ut
1413 3418 1569 3473 nobis
1600 3418 1869 3474 interdum
1894 3421 2062 3475 cmle-

454 3509 555 3563 stis
580 3509 781 3579 judicis
805 3510 1275 3579 dispensationem
1305 3512 1709 3579 nescientibus,
1742 3512 1943 3584 injusta
1974 3513 2057 3567 vi-

456 3601 710 3670 deantur,
737 3621 856 3673 qute
899 3621 996 3675 per
1022 3620 1309 3661 causarum
1351 3607 1635 3662 scientiam
1658 3608 1805 3677 jttste
1833 3609 1972 3663 satis
2008 3617 2063 3664 et

455 3706 604 3751 recte
635 3695 772 3752 facta
804 3700 1121 3766 probantur.
1151 3698 1213 3753 Et
1241 3715 1488 3754 rursum:
1522 3701 1593 3756 lia
1622 3716 1740 3770 qum
1770 3711 1955 3757 n05tro
1975 3702 2063 3771 ju-

455 3789 600 3845 dicio
629 3801 778 3846 recte
818 3791 1122 3861 probantur
1152 3792 1291 3862 apud
1317 3793 1487 3848 Deum
1523 3793 1843 3865 plerumque
1874 3810 2060 3865 repro-

454 3885 519 3939 ba
557 3894 611 3941 ct
639 3887 857 3957 ingrata
881 3887 1152 3942 videntur.

530 3976 663 4045 Quis
698 3978 858 4034 hodie
897 3981 1068 4050 patris
1106 3980 1338 4036 Abrahae
1370 3981 1621 4052 exemplo
1658 3982 1936 4038 innoxium
1966 3999 2061 4039 vo-

454 4066 573 4123 lens
615 4068 781 4124 iilium
830 4072 1102 4127 trucidare
1147 4070 1310 4145 (Gen.
1362 4075 1541 4146 χχιι),
1586 4074 1827 4131 humano
1852 4076 2059 4146 judicio

450 4175 559 4216 non
610 4162 936 4217 crederetur
985 4167 1252 4222 insanus?
1322 4167 1579 4235 Econtra,
1623 4170 1746 4239 quis
1813 4170 1865 4225 itt
1912 4180 2057 4227 tactu

453 4270 597 4310 arca:
626 4256 835 4311 Domini
879 4257 1120 4313 imitatus
1161 4259 1325 4314 Ozam
1358 4260 1429 4331 (11
1460 4262 1588 4333 Reg.
1622 4279 1669 4317 vt
1692 4264 1735 4332 ),
1776 4264 2055 4320 hominum

454 4347 726 4403 sententia
755 4348 1142 4406 damnaretur?
1165 4348 1587 4408 Consideremns
1612 4355 1793 4425 igitur,
1824 4365 2057 4426 quantus

457 4453 618 4494 casus
641 4440 711 4494 sit
735 4452 943 4496 temere
975 4444 1399 4511 contemnentis,
1428 4461 1547 4499 cum
1579 4455 1723 4500 tanta
1757 4448 1909 4501 ruina
1936 4464 2056 4506 esse

454 4530 653 4586 dicitur
684 4533 736 4585 in
769 4534 1100 4604 negligentia
1129 4536 1511 4607 obsequentis;
1536 4539 1621 4594 vel
1644 4556 1804 4608 quam
1832 4540 2057 4596 damna-

2166 3316 2360 3385 bitant,
2393 3318 2446 3373 id
2478 3327 2582 3387 est,
2618 3334 2755 3390 quos
2781 3323 2959 3377 vocari
2983 3324 3282 3379 CtBﬂObllﬂS
3298 3324 3557 3380 diximus.
3582 3324 3772 3380 Prima

2164 3411 2305 3481 apud
2350 3426 2444 3467 eos
2483 3413 2883 3469 conl'mderatio
2908 3457 2923 3483 ,
2973 3426 3056 3471 est
3086 3417 3310 3473 obedire
3338 3417 3637 3488 majoribus
3662 3463 3679 3487 ,
3718 3426 3779 3473 et

2164 3506 2423 3578 quidquid
2454 3508 2721 3577 jusserint
2751 3509 2951 3567 facere.
2999 3512 3165 3567 Divisi
3202 3522 3328 3569 sunt
3378 3528 3476 3582 per
3511 3512 3775 3568 decurias

2163 3609 2325 3671 atque
2354 3604 2628 3659 centurias
2655 3619 2668 3656 :
2695 3603 2771 3659 ita
2801 3614 2861 3659 ut
2880 3618 3074 3661 novem
3107 3604 3435 3661 hominibus.
3460 3608 3648 3676 praesit
3670 3606 3774 3661 de-

2164 3693 2340 3750 cimus
2369 3713 2380 3749 :
2406 3703 2459 3751 et
2492 3710 2709 3752 rursum
2746 3697 2934 3753 decem
2970 3699 3292 3769 prmpositos
3322 3700 3420 3754 sub
3443 3714 3502 3756 se
3527 3700 3779 3755 centesi-

2164 3802 2284 3843 mus
2315 3787 2532 3845 habeat.
2566 3789 2783 3846 Manent
2805 3793 3072 3863 separati,
3092 3802 3115 3829 ε
3139 3800 3196 3848 et
3216 3793 3476 3863 sejunctis
3503 3792 3730 3848 cellulis
3758 3810 3774 3848 :

2164 3896 2334 3951 usque
2356 3884 2420 3936 ad
2443 3882 2633 3938 horam
2664 3899 2880 3952 nonam,
2912 3895 2969 3940 ut
2993 3886 3295 3941 institutum
3320 3895 3421 3954 est,
3455 3901 3619 3941 nemo
3644 3902 3780 3956 per-

2162 3973 2242 4045 git
2267 3975 2334 4029 ad
2361 3976 2553 4043 alium,
2582 3981 2828 4049 exceptis
2856 3979 2939 4033 bis
2976 3979 3199 4035 decanis
3223 3993 3358 4051 quos
3381 3978 3619 4036 diximus
3642 3996 3661 4035 :
3690 3991 3774 4047 ut,

2163 4067 2209 4123 si
2231 4070 2653 4139 cogitationibus
2677 4070 2820 4129 forte
2848 4075 2967 4145 quis
2990 4073 3235 4140 ﬂuctuet,
3269 4073 3415 4129 illius
3445 4075 3782 4132 consoletur

2162 4162 2438 4234 alloquiis.

2232 4255 2363 4311 Post
2414 4258 2601 4313 horam
2651 4273 2849 4315 nonam
2920 4260 2975 4314 in
3028 4272 3321 4315 commune
3370 4258 3781 4325 concurritur,

2164 4348 2355 4417 psalmi
2386 4360 2687 4420 resonant,
2718 4350 3014 4421 Scriptura:
3050 4351 3350 4407 recitantur
3377 4366 3441 4405 ex
3476 4364 3630 4407 more
3668 4371 3684 4407 :
3721 4360 3785 4408 et

2161 4443 2447 4512 completis
2475 4446 2813 4501 orationibus
2831 4490 2843 4512 ,
2870 4447 3188 4517 cunctisque
3213 4444 3581 4501 residentibus
3603 4488 3619 4512 ,
3652 4462 3784 4502 me-

2162 4536 2282 4591 dius
2330 4554 2491 4608 quem
2526 4539 2737 4595 Patrem
2787 4552 3011 4607 vocant,
3066 4540 3259 4609 incipit
3304 4540 3613 4609 disputare.
3648 4541 3783 4607 Quo

453 4624 656 4678 tionem
678 4635 1002 4693 excepturos
1024 4628 1297 4684 credimus
1318 4644 1441 4686 esse
1463 4630 1771 4700 indevotos,
1795 4649 1915 4687 cum
1940 4646 2054 4690 lan-
2082 4604 2137 4665 Ῑ)
2161 4628 2437 4698 loquente,
2497 4640 2701 4687 tantttm
2744 4631 3021 4687 silentium
3053 4631 3132 4699 ilt,
3164 4642 3223 4685 ut
3267 4646 3429 4685 nemo
3458 4630 3631 4685 alium
3683 4646 3785 4687 rc-

457 4725 567 4770 tam
597 4718 1035 4787 reprobationem
1060 4721 1288 4777 devotus
1322 4724 1624 4795 exceperit.
1649 4724 1912 4796 Tepidum
1945 4728 2057 4783 dis-

452 4809 695 4879 cipulum
737 4825 843 4865 non
879 4821 1026 4867 amat
1054 4812 1323 4870 Christus.
1367 4818 1468 4884 Qui
1499 4818 1603 4872 uult
1635 4835 1776 4875 meus
1804 4836 1912 4875 esse
1947 4821 2057 4874 dis-

451 4902 684 4971 cipulus,
739 4904 835 4972 ait,
893 4905 1109 4978 abneget
1150 4909 1512 4980 semetipsum,
1558 4921 1606 4965 et
1662 4912 1809 4967 tollat
1850 4929 2055 4967 crucem

451 5010 618 5059 tuam,
654 5004 699 5048 et
726 5005 973 5065 sequatur
1000 5016 1097 5053 me.
1136 5000 1314 5056 Beata:
1341 5003 1520 5072 itaque
1544 5015 1671 5060 sunt
1701 5006 1805 5060 illm
1833 5008 2050 5075 animm,

450 5103 576 5157 qua:
600 5089 824 5145 dorsum
856 5108 1016 5148 suum
1044 5107 1431 5162 curvaverunt,
1460 5106 1517 5151 ut
1544 5098 1843 5169 suscipiant
1869 5116 2051 5157 sesso-

451 5195 566 5234 retn
597 5185 822 5240 verbum
852 5186 946 5241 Dei
971 5202 1141 5257 super
1170 5205 1250 5253 se,
1300 5198 1357 5245 et
1395 5189 1545 5245 frena
1579 5192 1697 5261 ejus
1737 5193 2009 5263 patiantur
2030 5235 2045 5262 ,

450 5282 512 5327 ut
532 5289 870 5347 quocumque
904 5281 1021 5351 ipse
1048 5282 1302 5349 voluerit,
1335 5284 1511 5339 ﬂectat
1534 5300 1648 5351 eas,
1682 5297 1703 5323 ε
1733 5296 1785 5341 et
1812 5294 1934 5357 agat
1958 5287 2051 5342 ha-

450 5366 607 5423 benis
640 5382 1038 5442 prmceptorum
1078 5392 1322 5433 suorum.
1355 5379 1584 5447 Quando
1610 5380 1756 5435 enim
1794 5381 2051 5452 magister

449 5462 719 5533 praecipit,
743 5466 1051 5525 obedientis
1087 5470 1340 5526 indicium
1368 5479 1454 5527 est
1479 5514 1493 5539 ,
1524 5472 1567 5528 si
1598 5472 1823 5530 dimisso
1852 5482 2045 5531 contra

519 5631 543 5696 ξι
577 5622 717 5696 Male
747 5623 886 5695 apud
910 5623 1185 5696 Martium,
1215 5637 1395 5684 contra
1420 5629 1706 5684 interitum.

516 5691 546 5731 δ
579 5694 636 5747 In
656 5691 985 5761 ialiis'libris,
1011 5691 1249 5754 (eternos.

520 5764 839 5848 °_0mittunt
877 5769 967 5823 alii
995 5771 1126 5828 editi
1175 5771 1330 5842 libri,
1384 5780 1433 5828 et
1467 5782 1610 5848 agat_
1643 5774 1860 5833 habenis
1905 5790 2040 5848 prte-

444 5843 709 5906 ceptorum
728 5854 964 5895 suorum.
1317 5840 1325 5842 ⁷
1502 5840 1525 5846 ’
1591 5840 1610 5850 ’

2161 4725 2392 4795 spicere,
2422 4742 2583 4783 nemo
2611 4727 2807 4783 audeat
2832 4742 3138 4785 exscreare.
3177 4723 3413 4781 Dicentis
3438 4725 3562 4779 laus
3588 4733 3683 4780 est
3716 4725 3780 4781 in

2160 4817 2289 4873 ﬂetu
2316 4818 2670 4875 audientium.
2688 4819 2873 4876 Tacite
2893 4820 3181 4875 volvuntur
3208 4833 3306 4889 per
3332 4833 3426 4872 ora
3459 4816 3736 4888 lacrymm
3764 4834 3781 4870 :

2158 4921 2212 4967 et
2242 4928 2310 4968 ne
2336 4912 2388 4968 in
2423 4915 2688 4984 singultus
2721 4916 2938 4984 quidem
2967 4913 3200 4983 erumpit
3238 4911 3413 4966 dolor.
3459 4907 3599 4964 Cum
3635 4927 3787 4966 vero

2160 5003 2227 5059 de
2273 5021 2441 5075 regno
2480 5006 2707 5075 Christi,
2759 5014 2815 5062 et
2861 5006 2929 5061 de
2976 5006 3153 5061 futura
3202 5002 3574 5067 beatitudine,
3612 5012 3677 5057 et.
3707 5003 3787 5057 de

2159 5098 2331 5169 gloria
2361 5101 2590 5170 cmperit
2630 5100 2955 5154 annuntiare
3000 5108 3246 5161 ventura,
3301 5094 3485 5150 videas
3529 5104 3785 5149 cunctos

2158 5193 2438 5249 moderato
2469 5196 2704 5265 suspirio
2733 5202 2787 5249 et
2814 5194 3000 5249 oculos
3029 5193 3092 5246 ad
3125 5191 3318 5247 malum
3348 5190 3596 5244 levantes
3622 5188 3789 5245 inter

2158 5299 2217 5341 se
2238 5286 2420 5342 dicere
2447 5306 2458 5341 :
2498 5286 2627 5355 Quis
2657 5286 2798 5340 dabit
2824 5286 2949 5339 mihi
2988 5301 3185 5357 pennas
3223 5283 3353 5336 sicut
3392 5279 3659 5334 columba:
3680 5322 3699 5347 ,
3734 5292 3787 5335 et

2156 5378 2339 5433 volabo
2370 5388 2419 5434 et
2444 5380 2759 5450 requiescam
2788 5377 2959 5452 (Ρεαι.
2993 5392 3101 5444 Liv,
3132 5373 3223 5447 7)?
3257 5375 3385 5430 Post
3417 5373 3535 5427 haec
3577 5375 3788 5429 conci-

2151 5471 2285 5527 lium
2331 5472 2578 5540 solvitur,
2599 5481 2679 5529 'et
2719 5484 3060 5542 unaquznque
3101 5467 3320 5525 decuria
3350 5481 3475 5523 cum
3511 5481 3622 5521 suo
3668 5481 3782 5537 pa-

2225 5630 2250 5670 ἀ
2276 5635 2471 5707 Antea,
2503 5652 2618 5707 qua:
2650 5636 2787 5706 facta
2817 5642 2936 5707 sunt
2963 5649 2982 5707 ,ᾖ
2996 5633 3170 5707 male.

2152 5702 2527 5834 vclﬂubeus,
2561 5702 2658 5764 sed
2677 5705 2877 5779 junctis
2904 5704 3109 5762 cellulis
3146 5721 3165 5763 ε
3202 5702 3679 5777 quemadmodum
3728 5716 3792 5765 ει

2198 5791 2245 5833 tc
2273 5793 2442 5835 ortus.
