3926 6290
140 322 219 383 323

668 321 953 381 necum
999 323 1140 381 non
1165 322 1483 381 \CHORUM
1522 321 1613 380 nx
1655 320 1967 382 SCRIPTIS
2006 323 2389 395 HIERONYMI
2429 304 2813 391 COLLECTA.

3299 339 3408 399 3‘26

136 453 255 497 rente
287 438 458 510 pergit
509 439 578 494 ad
624 456 870 496 mensnm
903 461 915 496 :
948 443 1146 512 quibus
1173 460 1269 514 per
1301 444 1541 514 singulas
1571 443 1701 497 ιιι-ι)-
1728 447 1779 504 Λ
1806 445 1857 497 in
1888 461 1964 498 me
1995 446 2245 503 Christus.
2278 449 2376 517 Qui
2412 453 2820 509 mortificaverit
2854 452 3096 512 membra
3121 469 3241 527 sua,
3274 469 3329 515 et
3350 459 3403 518 in

136 531 357 588 domadas
398 532 643 587 vicissim
680 533 1013 589 ministrant.
1047 534 1233 590 Nullus
1262 536 1313 589 in
1356 535 1477 591 cibo
1504 537 1695 605 strepi-

142 639 205 681 tus
227 637 341 681 est:
375 641 540 680 nemo
573 627 867 682 comedens
906 628 1141 698 loquitur
1180 646 1192 682 :
1240 627 1449 682 Vivitur
1486 644 1622 697 pane
1650 636 1703 684 et

139 718 487 788 leguminibus,
541 728 598 773 et
632 719 870 774 oleribus
898 735 1019 789 quae
1050 720 1168 773 solo
1214 720 1327 774 sale
1356 718 1700 775 condiuntur.

141 813 297 867 Vinum
330 819 543 866 tantum
572 826 733 867 senes
758 812 1054 883 accipiunt,
1085 814 1281 882 quibus
1307 823 1331 850 α
1353 828 1475 868 cum
1508 829 1705 884 parvu-

140 907 335 975 lissaepe
364 905 427 960 ﬁt
459 907 780 976 prandium,
812 916 869 961 ut
894 907 1118 961 aliorum
1157 915 1288 963 aetas
1315 908 1456 962 fessa
1490 919 1703 963 susten-

140 1009 280 1057 tetur:
314 1000 550 1055 aliorum
584 1018 692 1056 non
729 1001 1005 1073 frangatur
1031 1002 1314 1073 incipiens.
1348 1003 1551 1060 Dehinc
1576 1019 1705 1059 con-

140 1103 324 1165 surgunt
379 1094 605 1163 pariter,
654 1102 710 1150 et
754 1095 957 1167 hymno
1003 1095 1171 1165 dicto,
1210 1096 1277 1151 ad
1326 1097 1586 1167 praesepia
1620 1112 1706 1153 re-

137 1186 283 1253 deant,
317 1188 411 1243 ubi
438 1203 612 1259 usque
641 1188 707 1243 ad
732 1203 1020 1259 vesperum
1045 1204 1167 1245 cum
1196 1193 1308 1244 suis
1331 1191 1705 1261 unusquisque

142 1278 338 1349 loquitur
362 1289 413 1335 et
446 1280 579 1335 dicit
610 1297 624 1335 :
658 1280 882 1337 Vidistis
915 1281 1064 1337 illum
1106 1290 1161 1337 et
1199 1282 1390 1337 illum?
1420 1292 1617 1352 quanta
1650 1283 1701 1337 in

138 1375 224 1443 ipso
256 1377 425 1445 gratia
468 1376 582 1430 sit?
628 1387 889 1446 quantum
940 1375 1261 1432 silentium?
1302 1391 1464 1447 quam
1517 1378 1702 1432 mode—

139 1476 249 1522 ratus
273 1469 557 1524 incessus?

190 1561 235 1615 Si
284 1560 561 1617 infirmum
611 1563 887 1628 viderint,
937 1565 1315 1620 consolantur.
1381 1563 1439 1620 Si
1498 1564 1549 1619 in
1610 1564 1703 1620 Dei

144 1668 292 1709 amore
318 1654 625 1711 ferventem
647 1697 661 1721 ,
692 1657 1050 1714 cohortantur
1071 1659 1137 1713 ad
1175 1657 1435 1714 studium.
1485 1659 1552 1714 Et
1582 1664 1706 1730 quia

142 1755 262 1801 nocte
283 1758 436 1803 extra
469 1750 744 1806 orationes
762 1750 999 1819 publ‘cas
1032 1752 1083 1805 in
1102 1766 1202 1805 suo
1233 1751 1392 1807 cubili
1418 1753 1706 1823 unusquis-

1809 536 2039 607 imagine
2068 540 2239 594 noctis
2272 534 2746 610 perambulaverit,
2780 560 2885 598 non
2920 545 3137 602 timebit
3172 549 3360 604 dicere
3394 568 3410 606 :

1807 627 2003 683 Factus
2046 648 2160 684 sum
2195 633 2326 686 sicut
2355 643 2467 687 uter
2494 636 2544 687 in
2574 637 2759 707 pruina
2795 636 3021 706 (Psalm.
3056 654 3219 695 cxvnt
3243 682 3258 706 ,
3291 642 3405 713 85).

1809 722 1961 779 Unde
1994 725 2134 780 idem
2165 727 2457 796 Apostolus
2488 729 2786 799 castigabat
2816 747 3015 802 corpus
3042 749 3221 802 suum,
3259 746 3314 790 et
3358 738 3411 793 in

1805 818 2125 872 servitutem
2154 820 2467 890 redigebat,
2494 838 2560 876 ne
2588 822 2710 876 aliis
2743 824 3050 892 praedicans
3074 825 3189 895 ipse
3218 842 3411 898 repro-

1805 909 1906 965 bus
1935 911 2291 967 inveniretur.
2320 912 2687 986 Corporisque
2713 931 2777 971 ex
2803 932 3031 987 persona
3058 922 3275 990 generis
3305 921 3410 977 hu-

1807 1004 1951 1058 mani
1986 1003 2202 1059 inflatus
2241 1003 2349 1076 [Αἱ.
2385 1006 2773 1081 inflammatus]
2813 1009 3100 1066 ardoribus
3144 1012 3407 1083 loqueba-

1807 1103 1914 1149 tur.
1976 1094 2138 1151 Miser
2183 1114 2276 1167 ego
2320 1097 2496 1166 homo,
2545 1101 2661 1165 quis
2707 1116 2785 1154 me
2816 1102 3051 1156 liberabit
3092 1104 3157 1157 de
3192 1122 3409 1176 corpore

1804 1191 1986 1244 mortis
2014 1189 2216 1263 hujus?
2258 1191 2327 1246 Et
2363 1194 2553 1248 iterum
2586 1213 2598 1249 :
2645 1193 2767 1249 Scio
2796 1197 3039 1265 quoniam
3077 1214 3179 1252 non
3208 1198 3408 1254 habitat

1805 1283 1856 1335 in
1889 1298 1991 1348 me,
2024 1282 2121 1337 hoc
2154 1294 2224 1338 est
2266 1285 2320 1338 in
2360 1301 2518 1340 carne
2546 1303 2680 1349 mea,
2715 1287 2927 1341 bonum.
2965 1287 3106 1343 Velle
3135 1292 3269 1345 enim
3298 1295 3397 1348 ad-

1796 1379 1938 1448 jacet
1972 1376 2119 1442 mihi,
2155 1384 2209 1431 ut
2238 1378 2428 1448 faciam
2455 1388 2629 1433 autem
2659 1379 2869 1448 bonum,
2905 1399 3229 1454 nequaquam
3260 1394 3282 1422 ε
3317 1386 3405 1439 in-

1804 1468 1989 1522 venio:
2022 1482 2181 1538 neque
2208 1469 2349 1539 quod
2375 1469 2489 1524 volo
2519 1471 2705 1525 bonum
2727 1517 2740 1541 ,
2774 1474 2863 1527 sed
2891 1474 3030 1545 quod
3061 1474 3180 1529 nolo
3212 1476 3408 1529 malum

1806 1562 1940 1615 illud
1966 1562 2121 1633 facio.
2173 1562 2241 1617 Et
2274 1561 2457 1620 denuo
2488 1579 2500 1613 :
2547 1565 2645 1631 Qui
2678 1566 2731 1619 in
2774 1582 2930 1619 carne
2960 1576 3080 1620 sunt
3104 1608 3120 1635 ,
3152 1566 3263 1622 Deo
3290 1569 3408 1639 pla-

1807 1672 1919 1710 cere
1952 1672 2054 1710 non
2086 1666 2321 1726 possunt.
2361 1654 2467 1710 Vos
2497 1666 2669 1712 autem
2700 1675 2804 1711 non
2848 1659 2971 1713 estis
3001 1660 3054 1714 in
3100 1675 3286 1730 carne,
3320 1660 3410 1715 sed

1805 1748 1858 1802 in
1886 1748 2097 1817 spiritu,
2131 1748 2177 1802 si
2204 1757 2373 1801 tamen
2405 1747 2636 1816 Spiritus
2657 1746 2753 1803 Dei
2777 1749 2971 1804 habitat
2992 1752 3043 1805 in
3078 1751 3236 1807 vobis.

138 1842 432 1912 quevigilat,
466 1843 810 1899 circumeunt
850 1844 1073 1900 cellulas
1099 1846 1460 1916 singulorum,
1491 1855 1542 1901 et
1572 1859 1702 1901 aure
1736 1834 1781 1895 Β
1882 1838 2035 1894 Unde
2086 1846 2210 1909 post
2255 1837 2646 1909 cogitationum
2689 1840 3163 1912 diligentissimam
3205 1844 3415 1901 cautio-

141 1936 363 2005 apposita,
413 1938 543 2008 quid
592 1937 815 2003 faciant,
863 1938 1155 2010 diligenter
1193 1940 1498 2009 explorant.
1530 1940 1701 2008 Quem

142 2030 393 2087 tardiorem
427 2032 917 2103 deprehenderint,
953 2048 1058 2088 non
1093 2033 1395 2102 increpant,
1422 2033 1518 2088 sed
1546 2034 1705 2088 dissi-

143 2123 306 2179 mulato
336 2126 485 2194 quod
517 2136 737 2192 norunt,
772 2142 896 2181 cum
930 2128 1133 2197 sa‘pius
1164 2128 1383 2182 visitant
1418 2144 1431 2187 :
1468 2136 1522 2183 et
1552 2129 1705 2199 prius

141 2220 417 2291 incipientes
466 2234 774 2293 provocant
831 2226 1001 2296 magis
1047 2240 1240 2292 orare,
1275 2240 1434 2297 quam
1483 2233 1701 2296 cogant.

140 2312 295 2381 Opusb
318 2313 426 2368 diei
462 2324 662 2369 statum
692 2324 807 2380 est,
850 2315 993 2385 quod
1026 2317 1234 2372 decano
1271 2317 1503 2371 reditum
1537 2318 1705 2371 fertur

140 2402 187 2454 ad
211 2417 546 2458 inermomum
568 2447 581 2469 ,
613 2404 706 2475 qui
734 2414 789 2460 et
830 2407 945 2473 ipse
968 2422 1067 2477 per
1092 2406 1329 2477 singulos
1360 2420 1574 2461 menses
1613 2421 1705 2474 pa-

140 2496 191 2548 tri
214 2496 439 2551 omninm
474 2512 600 2552 eum
632 2512 828 2569 magno
860 2498 1038 2553 reddit
1068 2500 1264 2554 timore
1305 2498 1571 2553 rationem
1620 2516 1631 2551 :
1675 2513 1704 2551 ιι

138 2604 220 2656 quo
253 2590 409 2644 etiam
460 2590 569 2645 cibi
620 2606 745 2644 eum
774 2589 902 2645 facti
946 2590 1164 2656 fuerint,
1213 2591 1566 2661 degustantur
1596 2588 1702 2660 [ΑΙ.

139 2683 550 2756 mguSIantur].
584 2683 857 2754 Jejuuium
888 2685 1051 2741 totius
1079 2686 1205 2740 anni
1234 2686 1445 2755 mquale
1474 2692 1576 2749 est,
1611 2699 1705 2737 ex-

139 2787 265 2845 cepta
303 2778 736 2849 Quadragesima
762 2797 774 2832 :
804 2779 858 2833 in
900 2794 1005 2849 qua
1034 2779 1145 2834 sola
1187 2776 1501 2833 conceditur
1525 2776 1707 2830 distri-

136 2872 246 2925 ctius
288 2872 498 2928 vivere.
555 2882 579 2911 ο
625 2874 667 2927 A
720 2872 1045 2928 Pentecoste
1094 2886 1267 2927 cinna:
1316 2878 1595 2924 mutantur
1653 2868 1704 2923 in

136 2964 327 3031 prandia
354 3007 369 3029 ,
402 2981 513 3035 quo
537 2975 592 3020 et
623 2966 904 3020 traditioni
936 2965 1318 3021 ecclesiastica:
1347 2961 1703 3031 Satisfaciant,

135 3067 176 3110 ct
202 3067 439 3115 ventrem
479 3058 605 3113 cibo
636 3073 748 3113 non
774 3065 1004 3113 onerent
1030 3056 1327 3126 duplicato.

188 3150 259 3207 Ad
301 3152 519 3207 tertium
559 3152 776 3205 veniam
808 3165 1008 3219 genus,
1058 3163 1195 3220 quos
1222 3146 1585 3203 Anachoritas
1613 3160 1708 3202 vo.

1809 1950 1931 1988 nem
1960 1976 1972 1997 ,
2024 1935 2355 2004 jejuniornm
2392 1937 2486 1990 tibi
2523 1952 2670 1991 arma
2705 1937 2969 1993 sumenda
3018 1947 3179 2005 sunt;
3240 1950 3294 1996 et
3321 1957 3414 1996 ea-

1809 2026 2044 2080 nendum
2092 2042 2213 2081 cum
2260 2027 2423 2081 David
2460 2044 2473 2081 :
2505 2027 2797 2083 Humiliavi
2837 2032 2888 2083 in
2927 2032 3139 2103 jejunio
3185 2034 3414 2088 animant

1808 2134 1974 2171 meam
2020 2117 2248 2185 (Psalm.
2302 2136 2500 2187 xmv,
2550 2122 2659 2188 l3).
2717 2121 2944 2177 Matrem
2997 2123 3068 2179 ita
3129 2126 3294 2191 vide,
3345 2144 3412 2183 ne

1806 2225 1908 2281 per
1935 2210 2077 2265 illam
2121 2211 2256 2266 alias
2280 2211 2465 2268 videre
2491 2214 2737 2282 cogaris,
2783 2229 3012 2283 quarum
3043 2217 3226 2272 vultus
3256 2218 3411 2275 cordi

1809 2310 1902 2356 tuo
1928 2302 2167 2357 luereant
2200 2322 2211 2356 :
2245 2313 2299 2359 et
2331 2307 2551 2360 tacitum
2593 2307 2738 2361 vivat
2779 2307 2880 2362 sub
2921 2315 3140 2377 pectore
3188 2310 3407 2366 vulnus.

1807 2396 2108 2452 Ancillulas
2147 2413 2267 2468 qua:
2309 2399 2385 2453 illi
2418 2400 2467 2453 in
2497 2400 2764 2469 obsequio
2805 2411 2953 2467 sunt,
2989 2402 3083 2457 tibi
3114 2404 3255 2458 scias
3285 2419 3411 2459 esse

1810 2488 1861 2541 iu
1890 2488 2099 2544 insidiis
2128 2508 2138 2542 :
2171 2490 2305 2559 Quia
2326 2498 2538 2561 quanto
2570 2493 2727 2547 vilior
2746 2508 2932 2549 earum
2954 2494 3193 2551 conditio
3219 2512 3233 2549 :
3263 2507 3413 2551 tanto

1809 2579 2019 2638 facilior
2059 2585 2211 2639 ruina
2255 2594 2358 2640 est.
2396 2587 2527 2640 Volo
2559 2602 2688 2658 ergo
2721 2596 2772 2642 te
2811 2595 3035 2658 propter
3074 2589 3173 2643 has
3219 2604 3411 2644 causas

1810 2689 1915 2728 non
1952 2675 2194 2732 habitare
2221 2694 2344 2731 eum
2380 2687 2553 2734 matre
2591 2696 2605 2732 :
2651 2688 2704 2734 et
2738 2681 3011 2751 praecipue
3050 2697 3121 2737 ne
3164 2694 3259 2737 aut
3301 2682 3411 2755 ιΑἰ.

1810 2765 2003 2838 ipsam]
2046 2767 2366 2825 offerentem
2417 2770 2685 2826 delicatos
2735 2772 2909 2839 cibos,
2944 2775 3226 2830 renuendo
3278 2791 3413 2830 con-

1809 2860 2014 2923 tristes,
2050 2870 2141 2915 aut
2168 2862 2213 2915 si
2234 2865 2534 2931 acceperis,
2559 2862 2737 2918 oleum
2771 2862 2878 2934 igni
2904 2864 3130 2934 adjicias
3155 2883 3168 2919 :
3192 2877 3246 2921 et
3270 2868 3411 2923 inter

1810 2952 2172 3021 frequentiam
2202 2954 2503 3023 puellarum
2539 2972 2634 3025 per
2662 2955 2807 3011 diem
2842 2956 3211 3027 videas,quod
3238 2962 3413 3015 nocti-

1810 3042 1910 3099 bus
1938 3044 2171 3115 cogites.
2204 3045 2642 3103 Adulescentiam
2695 3059 2838 3104 tuam
2886 3049 3029 3104 nulla
3063 3051 3226 3107 sorde
3254 3068 3403 3108 eom-

1814 3136 2075 3203 macules,
2129 3144 2188 3192 ιιι
2231 3138 2297 3192 ad
2340 3140 2513 3194 altare
2558 3139 2799 3208 Christi,
2848 3142 3000 3212 quasi
3053 3141 3123 3198 de
3172 3144 3413 3217 thalamo

135 3253 251 3312 eam,
271 3245 362 3316 qui
391 3255 448 3302 ει
479 3247 550 3301 de
592 3245 859 3301 εωηοωίε
885 3251 1168 3307 exeuntes,
1209 3251 1441 3313 excepto
1484 3257 1625 3313 pane
1655 3250 1708 3297 ει
1736 3225 1782 3291 C
1813 3230 1964 3299 virgo
2014 3229 2280 3300 procedas
2312 3248 2325 3285 :
2378 3241 2431 3288 et
2462 3230 2664 3289 habeas
2691 3232 2896 3290 deforis
2933 3234 3135 3291 bonum
3174 3235 3417 3293 testimo-

134 3338 243 3407 sale,
285 3341 520 3411 amplius
565 3339 631 3394 ad
681 3337 899 3395 deserta
945 3338 1018 3394 nil
1049 3337 1323 3394 deferunt.
1378 3336 1543 3407 llujus
1586 3337 1707 3391 vita:

135 3439 292 3485 auctor
319 3432 547 3498 Paulus,
583 3431 884 3487 illustrator
911 3429 1203 3498 Antonius,
1237 3439 1312 3497 et,
1346 3439 1404 3483 ut
1439 3428 1503 3483 ad
1546 3442 1707 3497 supe-

135 3520 253 3578 riora
291 3523 687 3593 conscendam,
738 3524 996 3595 princeps
1026 3524 1264 3579 Joannes
1311 3521 1547 3591 Baptista
1591 3522 1706 3575 fuit.

136 3610 287 3669 Talem
313 3630 447 3671 vero
473 3618 649 3670 virum
679 3615 947 3672 Jeremias
976 3631 1193 3686 «pioque
1217 3616 1478 3685 prephcta
1500 3613 1709 3670 descri-

136 3704 198 3758 bit
219 3706 395 3762 dicens
420 3725 436 3761 :
464 3706 673 3761 Bonum
698 3716 773 3762 est
802 3709 914 3761 viro
940 3723 1056 3761 cum
1086 3706 1366 3779 portaverit
1384 3710 1573 3779 jugum
1606 3705 1712 3760 Do-

135 3797 239 3851 Itini
262 3798 363 3870 [ΑΙ.
411 3806 546 3853 tacet
578 3799 811 3871 Domini]
843 3800 907 3853 ab
935 3800 1291 3853 adolescentia
1334 3814 1430 3853 sua
1467 3814 1484 3851 :
1514 3796 1709 3852 sedebit

135 3889 371 3947 solitarius
415 3902 467 3947 et
497 3891 707 3961 tacebit,
754 3891 878 3962 quia
920 3890 1130 3945 sustulit
1159 3907 1309 3962 sup‘r
1347 3906 1403 3945 se
1417 3893 1630 3963 jugum,
1664 3898 1712 3943 et

134 3984 252 4038 dabit
279 3987 593 4056 percutienti
615 4002 673 4040 se
698 3984 968 4040 maxillam
1000 4001 1018 4038 :
1047 3986 1371 4039 saturabitur
1398 3984 1710 4056 opprobriis,

132 4077 233 4142 quia
255 4094 355 4133 non
385 4081 441 4133 in
470 4078 840 4147 sempiternum
869 4076 1056 4149 ubjecit
1090 4075 1343 4131 Dominus
1375 4074 1590 4149 (Thren.
1630 4091 1709 4140 ιιι,

130 4164 203 4231 27,
248 4169 441 4241 seqq.).
502 4170 706 4224 Horum
758 4169 1000 4225 laborem
1044 4178 1100 4225 et
1134 4168 1615 4225 conversationem
1658 4169 1712 4224 in

132 4272 271 4315 carne
289 4276 397 4317 nor:
421 4261 625 4327 carnis,
658 4261 765 4316 alio
794 4271 1041 4331 tempore
1062 4264 1108 4316 si
1136 4261 1378 4317 volueris
1405 4260 1710 4331 explicabo.

131 4349 259 4409 Nunc
300 4354 369 4409 ad
419 4356 756 4425 propositum
804 4355 1047 4410 redeam.
1100 4355 1306 4409 Bonum
1351 4364 1433 4409 est
1488 4354 1715 4409 obedire

132 4444 427 4513 majoribus,
466 4458 657 4516 parere
699 4445 970 4517 praefectis
1004 4465 1017 4499 :
1068 4454 1124 4502 et
1170 4456 1293 4517 post
1324 4446 1537 4517 regulas
1569 4447 1716 4503 Scri-

131 4547 389 4602 pturarnm
440 4540 569 4593 vitae
595 4549 700 4594 tua;
728 4538 833 4609 ιῇΑι.
890 4538 1026 4611 sure]
1062 4540 1330 4595 tramitem
1373 4539 1442 4593 ah
1476 4540 1596 4595 aliis
1626 4541 1711 4594 di-

1812 3339 1982 3378 nium.

1883 3417 2034 3475 Licet
2075 3418 2145 3475 de
2180 3419 2399 3475 creteris
2433 3420 2741 3487 virtutibus,
2783 3430 2843 3477 ut
2869 3423 3169 3493 sapientia,
3204 3424 3417 3480 fortitu-

1811 3511 1959 3579 dine,
2005 3512 2214 3582 justitia
2260 3512 2367 3585 [ΑΙ.
2414 3514 2538 3567 add.
2594 3514 3020 3589 temperantia],
3073 3516 3405 3583 humilitate,

1810 3605 2224 3661 mansuetudine
2246 3613 2301 3659 et
2331 3605 2657 3663 liberalitate
2690 3608 2902 3678 possint
2928 3618 2983 3665 et
3012 3608 3102 3664 alii
3118 3610 3409 3680 judicare:

1813 3697 2126 3767 pudicitiam
2178 3701 2293 3755 sola
2341 3700 2490 3755 novit
2524 3702 2887 3772 conscientia,
2927 3712 2982 3758 et
3018 3703 3235 3760 humani
3269 3706 3413 3761 oculi

1812 3790 1971 3859 hujus
2002 3790 2080 3846 rei
2129 3790 2263 3846 certi
2306 3792 2518 3861 judices
2557 3808 2678 3849 esse
2722 3810 2829 3849 non
2871 3806 3116 3866 possunt.
3170 3797 3412 3855 Femina}

1810 3898 2024 3955 qunque
2054 3900 2176 3956 quae
2200 3901 2395 3941 nomen
2426 3895 2572 3941 tuum
2602 3889 2879 3955 noverint,
2911 3890 3114 3944 vultum
3140 3891 3412 3948 nesciant.

1813 3975 1945 4031 Nam
1967 3975 2203 4033 Joannes
2228 3977 2468 4047 Baptista
2500 3987 2742 4035 sanctam
2769 3988 2999 4035 matrem
3033 3980 3241 4048 habuit,
3279 3997 3415 4053 pon-

1818 4069 2085 4141 tificisque
2110 4070 2251 4125 illius
2274 4081 2392 4125 erat
2423 4088 2436 4123 :
2461 4078 2515 4127 et
2541 4082 2718 4127 tamen
2747 4086 2847 4129 nec
2870 4075 3057 4128 matris
3081 4071 3297 4142 aﬂectu,
3317 4089 3419 4131 nec

1814 4162 1982 4233 patris
2003 4162 2195 4232 opibus
2223 4162 2566 4231 vincebatur,
2612 4176 2667 4219 ut
2698 4164 2755 4219 in
2785 4164 2949 4222 domo
2977 4177 3258 4237 parentum
3290 4184 3412 4225 eum

1815 4256 2055 4327 periculo
2080 4255 2286 4312 viveret
2321 4258 2605 4314 castitatis.
2642 4258 2871 4315 Vivebat
2898 4263 2948 4315 in
2979 4276 3203 4317 eremo:
3237 4264 3412 4318 oculis

1813 4350 2250 4406 desiderantibus
2273 4350 2568 4419 Christum,
2597 4351 2730 4406 nihil
2754 4352 2895 4407 aliud
2920 4353 3243 4423 dignabatur
3265 4356 3415 4425 aspi-

1814 4460 1959 4500 cere.
2000 4444 2177 4501 Vestis
2218 4459 2431 4514 aspera,
2476 4459 2608 4498 zona
2650 4445 2879 4514 pellicea
2906 4488 2921 4509 ,
2962 4446 3117 4501 cibus
3150 4446 3412 4516 locustae,

1815 4544 1869 4590 et
1900 4535 2005 4589 mel
2032 4534 2299 4605 sylvestre
2326 4552 2340 4588 :
2374 4536 2554 4589 omnia
2584 4534 2773 4590 virtuti
2813 4543 2869 4590 et
2896 4537 3245 4593 continentiae
3274 4554 3417 4609 pra:-

131 4641 280 4694 scere,
313 4645 419 4686 nec
446 4640 782 4703 praeceptore
809 4631 885 4687 uti
916 4632 1178 4702 pessimo,
1213 4631 1421 4687 scilicet
1452 4648 1711 4703 pI'JISUﬂl-
1740 4613 1794 4675 Ι)
1818 4637 2023 4697 parata.
2056 4625 2210 4683 Unde
2250 4636 2545 4698 martyrem
2596 4643 2756 4700 quem
2790 4638 3057 4684 tormenta
3111 4646 3219 4685 non
3265 4631 3415 4688 vice-

128 4720 289 4787 ptiooe
318 4732 437 4779 tua.

682 4838 970 4899 CAPUT
1024 4841 1139 4898 ΙΙΙ.

726 4954 802 5011 De
838 4956 1104 5013 Castitate.

185 5086 529 5161 Mortiﬁcate,
568 5090 743 5162 inquit
778 5090 1091 5161 Apostolus,
1125 5090 1349 5144 membra
1382 5100 1569 5154 vestra,
1600 5106 1714 5161 quia

129 5193 228 5235 tut
253 5200 416 5255 super
441 5194 627 5238 terram
653 5182 880 5255 (Coloss.
914 5199 995 5251 tu,
1031 5185 1112 5253 5).
1148 5183 1299 5240 Unde
1323 5185 1440 5253 ipse
1468 5196 1653 5255 postea
1683 5183 1710 5222 ιι

128 5275 453 5335 conﬁdenter
477 5278 660 5335 aiebat
682 5297 693 5333 :
712 5277 839 5333 Vivo
863 5285 1038 5333 autem
1054 5278 1169 5347 jam
1196 5294 1299 5332 non
1321 5294 1432 5348 ego,
1459 5280 1578 5333 vivit
1598 5294 1717 5335 vero

188 5467 209 5535 ξ
246 5460 399 5535 idem
436 5461 593 5529 falso,
624 5463 805 5533 quibus
831 5471 879 5535 et
904 5462 1139 5535 pasculis
1159 5480 1294 5534 ωερε
1322 5464 1403 5535 ﬁt,
1432 5472 1545 5521 etc.

188 5530 211 5568 δ
251 5534 430 5606 Alinas
457 5546 604 5591 recte
628 5530 772 5600 erat,
807 5530 953 5606 Opus
981 5534 1095 5589 Dei.

190 5612 209 5673 ς
250 5603 528 5659 Victorius
560 5608 784 5673 aliique,
819 5603 864 5660 Ᾰ
893 5605 1188 5663 Paschaad
1218 5605 1573 5664 Pentecosten.

185 5669 210 5709 ⁴
248 5676 543 5749 ΑιΙῖωιμ,
572 5669 749 5749 postea
769 5669 1105 5749 considerans
1135 5679 1322 5733 aiebat.

1817 4727 1960 4787 rant,
1996 4720 2289 4790 superabat
2313 4719 2584 4790 voluptas.
2618 4720 2856 4777 Tandem
2878 4721 3094 4779 ctelitus
3125 4724 3417 4796 inspiratus

1820 4814 2101 4885 prmeisam
2138 4828 2319 4868 morsu
2342 4813 2578 4884 linguam
2605 4815 2657 4868 in
2688 4815 2987 4871 osculantis
3014 4833 3072 4873 se
3095 4816 3288 4872 faciem
3322 4832 3417 4873 ex-

1822 4908 1955 4977 puit,
1989 4916 2042 4961 et
2069 4907 2147 4961 sic
2192 4904 2432 4960 libidinis
2482 4920 2700 4961 sensum
2730 4907 3033 4963 succedens
3061 4907 3263 4963 doloris
3303 4922 3417 4963 ma-

1817 4998 2045 5070 gnitudo
2076 4996 2355 5068 praeripuit
2381 4996 2493 5070 [Αι.
2526 4998 2851 5071 superavit].
2899 4997 2917 5037 ί
2975 4998 3106 5054 Nam
3141 5000 3417 5067 quomodo

1819 5092 1908 5162 qui
1933 5093 2109 5161 ignem
2142 5090 2379 5161 tetigerit
2408 5094 2588 5147 statim
2613 5092 2861 5148 aduritur
2890 5109 2903 5145 :
2933 5092 3003 5147 ita
3033 5093 3132 5146 viri
3163 5101 3337 5147 tactus
3364 5100 3421 5148 et

1820 5184 2034 5240 feminas
2061 5185 2228 5240 sentit
2274 5196 2520 5240 naturam
2561 5202 2740 5254 suam,
2768 5196 2824 5243 et
2861 5185 3226 5242 diversitatem
3256 5202 3421 5245 sexus

1826 5279 2097 5351 intelligit.
2140 5289 2165 5327 ις
2199 5279 2331 5335 Item
2375 5280 2650 5352 quomodo
2679 5282 2876 5353 poterit
2914 5280 3203 5338 libidinem
3253 5284 3424 5339 refre-

1904 5459 2129 5516 tAddit
2192 5460 2412 5517 [lubens
2472 5477 2549 5518 ριν
2601 5462 2693 5517 lib.
2757 5476 2796 5517 ιι
2858 5461 3075 5518 advers.
3147 5463 3420 5518 Jovinian.

1828 5548 1949 5603 cap.
1979 5533 2033 5597 7,
2070 5531 2256 5587 Tactus
2284 5535 2567 5588 alienorum
2599 5550 2900 5599 arporum,
2928 5542 2973 5588 et
3007 5536 3314 5606 {carinarum
3334 5550 3423 5588 ar-

1831 5606 2036 5661 dentior
2068 5607 2324 5676 appetitus
2353 5608 2546 5660 vicinus
2566 5606 2784 5676 insania:
2807 5618 2901 5660 est.

1908 5688 1931 5725 ις
1973 5676 2079 5731 Pro
2102 5674 2184 5749 his
2208 5691 2328 5748 qlia:
2354 5686 2675 5746 sequuntur,
2722 5674 2857 5731 Item
2883 5694 2984 5749 quo
3022 5677 3193 5749 modo,
3226 5684 3335 5731 etc.
3366 5676 3424 5734 in

196 5754 219 5782 ο
254 5745 497 5805 Verbum
534 5745 758 5819 invenio,
803 5746 1085 5822 Erasmus,
1116 5752 1317 5824 aliique
1345 5751 1476 5811 editi
1498 5751 1620 5810 libri
1652 5758 1731 5812 ta-
1836 5748 2008 5803 Rubei
2052 5745 2453 5824 ediligivelpeé
2483 5745 2988 5824 substituuntur”
3049 5748 3144 5801 lib.
3184 5763 3243 5824 ut
3273 5763 3427 5824 corn-

133 5827 265 5875 cent.

1839 5827 2076 5882 mentar.
2097 5824 2148 5878 in
2167 5818 2464 5891 Ezechieb,
2480 5834 2601 5895 cap.
2622 5836 2711 5879 vin
2734 5837 2750 5877 :
2781 5818 3045 5898 Vultuqae
3064 5827 3113 5877 et
3129 5820 3291 5879 oculis
3313 5822 3430 5880 dis-
