3926 6290
465 272 572 355 δυ

1506 276 1565 339 S.
1608 268 1997 339 IIIERONYMI
2035 273 2322 340 OPERUM
2361 274 2729 340 MANTISSA.

3665 286 3765 347 528

467 415 601 458 nare
626 440 642 467 ,
691 397 781 472 qui
810 411 912 457 nec
936 412 1155 455 manum
1185 392 1331 457 valet
1354 397 1645 468 cohibere,
1678 415 1781 458 nec
1809 400 2071 471 linguam.
2100 400 2151 459 A
2179 399 2296 473 ore]
2324 399 2580 457 Christus
2624 400 2937 470 resonabat,
2979 406 3216 459 macerat
3243 413 3441 473 corpus
3474 415 3631 460 suum
3670 420 3685 460 :
3714 415 3769 462 et

542 495 653 551 Sed
680 505 735 551 et
757 493 1107 564 hoSpitiolum
1141 504 1292 549 tuum
1325 509 1615 565 numquam
1647 494 1938 549 mulierum
1974 506 2070 562 pe-

470 587 570 645 des
620 594 817 643 terant.
869 584 1066 641 Videas
1122 584 1230 658 [ΑΙ.
1265 583 1380 656 aut]
1432 600 1498 641 ne
1528 585 1643 655 .sub
1691 584 1881 640 eodem
1926 591 2070 639 tecto

472 682 738 740 mansites
770 698 783 735 :
815 695 918 737 nec
941 680 995 735 in
1028 680 1300 751 praeterita
1331 679 1585 736 castitate
1614 678 1880 734 conﬁdas.
1932 677 2069 745 Quia

473 791 576 833 nec
604 772 773 829 David
806 772 1069 839 sanctior,
1102 786 1201 827 nec
1242 770 1509 828 Samsone
1537 770 1754 839 fortior,
1786 783 1888 825 nec
1917 767 2071 825 Salo-

475 884 636 926 mone
667 875 821 937 potes
850 881 974 923 esse
1003 865 1324 937 sapientior.
1359 864 1634 921 Memento
1666 879 1904 934 semper,
1926 862 2069 934 quod

473 962 709 1036 paradisi
740 962 994 1017 colonum
1040 961 1110 1016 de
1156 958 1503 1030 possessione
1534 973 1628 1014 sua
1659 958 1854 1013 mulier
1886 956 2067 1027 ejece-

474 1060 568 1115 rit.
600 1056 907 1129 JEgrotanti
940 1054 1034 1111 tibi
1079 1062 1302 1109 sanctus
1342 1052 1568 1123 quilibet
1610 1049 1781 1106 frater
1830 1048 2069 1105 assistat.

473 1150 608 1209 Nam
638 1151 752 1208 scio
799 1148 1061 1220 quosdam
1100 1160 1334 1217 corpore
1359 1143 1736 1209 convaluisse,
1784 1151 1841 1199 et
1886 1142 2070 1198 animo

476 1255 743 1319 :cgrotare
769 1240 1023 1312 cmpisse.
1076 1239 1390 1295 Periculose
1429 1238 1525 1293 tibi
1571 1236 1870 1306 ministrat,
1916 1234 2071 1305 cujus

472 1340 683 1399 vultum
710 1339 1026 1410 frequenter
1053 1333 1310 1391 attendis.
1351 1333 1406 1390 Si
1444 1341 1627 1388 tamen
1660 1331 1822 1387 vidua
1854 1344 1884 1385 a
1913 1338 1967 1386 te
1994 1328 2073 1385 vi-

477 1434 692 1500 sitatur,
718 1440 810 1487 aut
839 1431 992 1502 virgo
1022 1447 1035 1483 :
1068 1441 1361 1497 numquam
1391 1425 1614 1480 domum
1639 1424 1789 1480 solus
1810 1422 2070 1477 introeas.

480 1528 644 1587 Solus
673 1543 798 1584 cum
829 1525 942 1581 sola
988 1534 1043 1581 et
1072 1523 1279 1594 absque
1321 1521 1531 1576 arbitro
1558 1519 1643 1575 vel
1677 1526 1814 1575 teste
1846 1532 1952 1572 non
1989 1530 2076 1572 se-

479 1622 635 1678 deas.
660 1619 940 1689 Tantaque
965 1611 1351 1674 confabulandi
1385 1611 1579 1668 ﬁducia
1608 1610 1711 1677 sit,
1743 1616 1807 1664 ut
1835 1607 2073 1663 intrante

480 1714 608 1783 alio,
643 1728 750 1768 non
795 1724 989 1783 paveas
1020 1717 1122 1764 nec
1167 1705 1481 1763 erubescas.
1531 1712 1557 1741 δ
1608 1701 1899 1773 Speculum
1928 1698 2072 1756 enim

2174 507 2354 553 tamen
2384 498 2561 554 cernit
2604 498 2907 555 naturalem
2946 498 3131 555 carnis
3160 498 3436 569 ardorem,
3468 514 3581 557 sua:
3609 516 3772 572 repu-

2172 604 2340 660 gnare
2363 588 2653 646 sententiae
2676 630 2692 657 ,
2726 598 2787 645 ut
2812 590 2959 662 quod
2991 606 3097 647 non
3127 590 3242 646 vult
3288 592 3394 648 hoc
3435 606 3602 663 agere
3622 606 3772 649 com-

2171 684 2438 755 pellatur;
2473 694 2526 741 et
2557 694 2612 740 tu
2652 694 2704 741 te
2746 684 3033 742 arbitraris
3052 686 3257 758 absque
3290 687 3443 759 lapsu
3464 696 3521 744 et
3546 686 3774 744 vulnere

2171 790 2335 845 posse
2384 777 2639 846 transire,
2690 778 2793 833 nisi
2847 779 2995 834 omni
3047 781 3294 837 custodia
3333 782 3644 837 servaveris
3681 797 3775 839 cor

2175 880 2345 926 tuum.
2364 871 2593 928 Maxime
2616 886 2739 928 cum
2770 871 3012 944 plurimi,
3041 875 3252 931 etiamsi
3278 876 3650 941 continentes,
3671 874 3779 931 ira-

2172 961 2332 1017 cundi
2359 962 2490 1031 sint,
2525 963 2751 1035 ebriosi,
2794 979 3079 1035 procaces,
3121 966 3366 1037 superbi,
3397 983 3466 1025 ex
3494 969 3781 1025 continen-

2173 1055 2246 1109 tia
2273 1054 2443 1124 magis
2474 1054 2667 1124 inflati,
2709 1071 3087 1129 percussores,
3129 1058 3405 1125 maledici,
3455 1059 3682 1130 cupidi,j
3708 1060 3780 1115 ti-

2174 1147 2327 1214 midi,
2359 1147 2584 1204 multum
2624 1148 2729 1205 sibi
2780 1149 3056 1220 placentes
3105 1161 3165 1208 ut
3212 1152 3456 1209 indicent
3496 1154 3782 1210 continen-

2175 1243 2326 1308 tiam,
2385 1241 2541 1312 quasi
2569 1241 2863 1314 praeferant
2893 1245 3301 1303 incontinentize
3331 1245 3783 1305 subministrasse

2174 1333 2491 1390 materiam.

2246 1425 2353 1481 Sed
2396 1426 2488 1483 ille
2520 1428 2809 1487 continens
2838 1445 2967 1487 vere
2999 1438 3084 1488 est
3119 1449 3135 1488 :
3185 1432 3277 1505 qui
3324 1433 3580 1491 universa
3608 1449 3786 1491 mem-

2173 1518 2401 1577 brorum
2434 1522 2611 1579 ofﬁcia
2642 1539 2672 1578 a
2704 1526 2861 1581 malis
2881 1525 3168 1583 affectibus
3195 1528 3487 1599 subtrahit,
3533 1539 3594 1585 et
3636 1530 3789 1602 cogi-

2178 1623 2348 1672 tatum
2380 1630 2410 1671 a
2464 1624 2576 1672 tota
2622 1618 2863 1690 nequitia
2892 1619 3211 1690 compescit.
3244 1620 3459 1689 Quanto
3498 1622 3658 1693 plura
3702 1632 3788 1678 ta-

2181 1723 2307 1765 men
2338 1718 2464 1765 sunt
2489 1726 2609 1781 quae
2633 1711 2954 1783 impugnant
2986 1712 3297 1783 pudicitiam
3319 1754 3335 1780 ,
3374 1722 3525 1771 tanto
3553 1715 3789 1771 victoris

480 1806 678 1863 mentis
706 1802 873 1861 facies
892 1810 977 1859 est
1006 1809 1101 1858 :et
1131 1796 1279 1855 taciti
1308 1796 1474 1867 oculi,
1506 1794 1688 1852 cordis
1713 1792 1952 1850 fatentur
1992 1808 2080 1847 ar-
2111 1794 2157 1855 Β
2190 1800 2397 1871 majora
2444 1811 2571 1857 sunt
2610 1804 2854 1872 praemia.
2903 1803 3038 1860 Nam
3076 1814 3133 1860 et
3174 1819 3276 1876 ego
3323 1819 3446 1861 cum
3477 1821 3661 1864 essem
3699 1809 3793 1878 ju-

480 1914 637 1955 cana.

552 1989 711 2048 Tales
736 2003 950 2061 quoque
978 1984 1175 2043 habeto
1207 1983 1391 2041 socios
1412 2026 1427 2053 ,
1463 1995 1691 2053 quorum
1714 1975 2075 2035 contubernio

481 2102 589 2144 non
614 2083 916 2141 infameris.
941 2082 1057 2140 Non
1079 2088 1248 2149 veste,
1281 2078 1377 2135 sed
1411 2076 1650 2134 moribus
1675 2082 1939 2132 ornentur
1972 2091 1986 2128 :
2023 2081 2077 2129 et

479 2178 789 2252 pudicitiam
828 2175 1017 2233 habitu
1065 2175 1443 2247 polliceantur.
1500 2169 1850 2242 Corrumpunt
1906 2183 2077 2223 mores

477 2271 637 2328 bonos
681 2270 1126 2343 confabulationes
1157 2269 1411 2340 pessimw.
1444 2266 1646 2322 Caveto
1676 2280 1867 2321 omnes
1897 2262 2074 2333 suspi-

476 2367 660 2422 ciones
684 2381 699 2420 ε
726 2372 779 2420 et
804 2361 1061 2435 quidquid
1088 2359 1442 2431 probabiliter
1466 2358 1593 2429 ﬁngi
1618 2366 1797 2429 potest
1829 2374 1843 2411 :
1880 2370 1949 2412 ne
1973 2356 2075 2411 ﬁn-

476 2468 660 2530 gatur,
686 2472 813 2513 ante
839 2456 1039 2512 devita.
1083 2455 1283 2510 Crebra
1315 2453 1658 2521 munuscula,
1697 2460 1754 2507 et
1780 2450 2073 2517 sudariola,

478 2562 534 2608 et
572 2550 844 2616 fasciolas,
880 2557 936 2605 et
967 2555 1147 2603 vestes
1187 2547 1269 2601 ori
1316 2546 1620 2617 applicitas,
1671 2552 1728 2600 et
1774 2544 1987 2601 oblatos
2011 2558 2077 2600 ac

480 2643 796 2715 degustatos
843 2640 1014 2709 cibos,
1065 2638 1400 2709 blandasque
1441 2647 1496 2694 et
1547 2637 1733 2693 dulces
1781 2637 2074 2705 litterulas,

479 2744 702 2793 sanctus
761 2748 914 2790 amor
966 2748 1073 2788 non
1133 2732 1318 2789 habet.
1369 2730 1397 2770 δ
1445 2732 1549 2789 Mel
1605 2748 1783 2787 meum
1819 2773 1835 2799 ,
1892 2731 2076 2788 lumen

481 2839 682 2897 meum,
737 2842 1027 2899 meumque
1056 2826 1410 2883 desiderium.
1468 2824 1671 2881 Omnes
1700 2824 1923 2880 delicias
1966 2821 2073 2895 [AL

478 2928 717 3003 divitias]
746 2940 800 2986 et
827 2929 1045 3000 lepores
1076 2936 1131 2984 et
1156 2928 1269 2983 risu
1298 2926 1489 2997 dignas
1511 2922 1866 2989 urbanitates,
1894 2930 1949 2977 et
1972 2936 2077 2977 cae-

480 3036 627 3082 teras
671 3023 906 3094 ineptias
948 3029 1252 3076 amatorum
1285 3021 1340 3075 in
1368 3018 1649 3074 comoediis
1677 3017 2073 3082 erubescimus,

479 3129 536 3175 et
566 3119 618 3172 in
650 3118 836 3174 saeculi
883 3114 1194 3172 hominibus
1238 3114 1575 3170 detestamur
1611 3129 1624 3168 :
1670 3121 1875 3184 quanto
1901 3112 2075 3184 magis

2179 1892 2356 1961 venis,
2388 1902 2445 1950 et
2474 1895 2786 1953 solitudinis
2832 1912 2919 1955 me
2948 1897 3168 1955 deserta
3193 1899 3479 1969 vallarent,
3504 1902 3791 1959 incentiva

2179 1988 2433 2045 vitiorum
2482 1988 2844 2062 ardoremque
2880 2002 3089 2048 natura:
3138 1991 3285 2049 ferre
3332 2009 3443 2050 non
3490 2004 3788 2066 poteram:

2178 2097 2338 2152 quem
2368 2096 2492 2138 cum
2522 2082 2729 2139 crebris
2763 2083 2986 2154 jejuniis
3014 2083 3342 2157 frangerem,
3372 2088 3547 2156 {mens
3574 2091 3793 2159 cogita-

2179 2173 2418 2230 tionibus
2450 2174 2737 2231 :estuabat.
2761 2174 2846 2232 Ad
2872 2192 3034 2248 quam
3056 2177 3413 2233 edomandam
3444 2177 3667 2235 cuidam
3705 2197 3797 2237 me

2178 2266 2355 2336 fratri,
2406 2269 2496 2341 qui
2553 2285 2620 2325 ex
2675 2269 2919 2327 Hebraeis
2951 2271 3277 2345 crediderat,
3328 2273 3383 2329 in
3433 2274 3793 2344 disciplinam

2183 2360 2309 2417 dedi
2336 2380 2351 2417 :
2376 2370 2437 2417 ut
2466 2372 2587 2433 post
2610 2362 2927 2431 Quintiliani
2949 2365 3219 2433 acumina,
3251 2367 3573 2437 gravitatem
3605 2367 3791 2425 Fron-

2183 2456 2351 2525 tonis,
2382 2455 2777 2530 Ciceronisque
2806 2457 3019 2527 ﬁuvios,
3071 2468 3123 2516 et
3174 2460 3451 2516 lenitatem
3493 2461 3681 2529 Plinii,
3715 2464 3798 2518 al-

2179 2547 2473 2620 phabetum
2528 2549 2795 2607 discerem
2826 2591 2842 2619 ,
2913 2559 2969 2607 et
3024 2551 3309 2607 stridentia
3360 2552 3795 2627 anhelantiaque

2180 2640 2349 2697 verba
2372 2640 2686 2699 meditarer.
2716 2643 2856 2712 Quid
2880 2643 2954 2700 ibi
2982 2643 3186 2719 laboris
3218 2645 3625 2715 insumpserim,
3646 2664 3793 2717 quo-

2182 2734 2398 2806 tiesque
2448 2736 2775 2792 cessaverim
2822 2755 2836 2791 :
2880 2746 2935 2793 et
2974 2739 3330 2795 contentione
3372 2737 3623 2796 discendi
3663 2758 3801 2798 rur-

2178 2840 2272 2883 sus
2314 2828 2669 2901 incmperim:
2715 2832 2871 2903 testis
2899 2840 2984 2888 est
3030 2833 3363 2889 conscientia
3396 2843 3502 2890 tam
3530 2850 3655 2891 mea
3700 2836 3797 2907 qui

2183 2934 2376 2991 passus
2422 2937 2568 2988 sum,
2600 2938 2760 2991 quam
2793 2939 2981 2980 eorum
3009 2925 3099 2996 qui
3138 2940 3350 2982 mecum
3399 2926 3680 2984 duxerunt
3713 2932 3800 2985 vi-

2180 3020 2314 3068 tam.
2351 3013 2421 3070 Et
2443 3016 2648 3085 gratias
2677 3031 2780 3087 ago
2805 3016 3052 3084 Domino,
3083 3017 3230 3089 quod
3260 3018 3330 3075 de
3354 3034 3543 3078 amaro
3574 3022 3800 3081 semine

2180 3102 2486 3163 litterarum
2516 3108 2701 3165 dulces
2730 3109 2941 3166 fructus
2970 3112 3127 3182 capio
3148 3113 3257 3183 [ΑΙ.
3287 3112 3495 3186 carpo].

479 3211 533 3266 in
579 3208 790 3265 clericis
838 3216 895 3264 et
944 3206 1272 3264 monachis:
1322 3219 1555 3277 quorum
1609 3212 1664 3260 et
1714 3202 2075 3260 sacerdotium
2104 3191 2154 3257 Ο
2255 3199 2433 3256 Prima
2466 3201 2633 3273 igitur
2674 3213 3011 3260 tentamenta
3052 3205 3378 3262 clericorum
3412 3217 3539 3265 sunt
3582 3210 3799 3269 mulie-

480 3301 784 3376 proposito,
825 3310 881 3357 et
927 3301 1266 3372 proliositum
1297 3299 1606 3356 sacerdotio
1649 3299 1918 3354 ornatur?
1970 3298 2079 3355 Nec

482 3396 585 3451 hoc
615 3395 738 3450 dico
762 3438 777 3465 ,
824 3394 966 3466 quod
996 3403 1090 3448 aut
1119 3394 1172 3449 in
1212 3401 1298 3461 te,
1331 3401 1424 3448 aut
1464 3392 1519 3448 in
1554 3392 1759 3448 sanctis
1806 3390 1935 3447 viris
1974 3391 2078 3448 ista

479 3487 765 3543 formidem
818 3504 831 3540 :
885 3485 979 3541 sed
1011 3484 1156 3556 quod
1185 3485 1237 3540 in
1264 3486 1409 3540 omni
1435 3484 1718 3555 proposito
1744 3494 1797 3541 et
1824 3484 1996 3556 gradu
2024 3494 2081 3542 et

482 3598 618 3640 sexu
668 3580 797 3637 boni
838 3587 893 3636 et
922 3579 1049 3635 mali
1081 3582 1425 3650 reperiantur
1476 3597 1489 3634 :
1538 3580 1916 3650 malorumque
1942 3594 2079 3636 con—

480 3672 757 3731 demnatio
797 3672 913 3727 laus
943 3671 1209 3728 bonorum
1239 3673 1329 3727 sit.
1378 3671 1514 3729 Vide
1564 3672 1692 3743 quid
1722 3673 1933 3743 prosint
1970 3671 2077 3745 [ΑΙ.

479 3766 713 3841 possint]
747 3766 895 3822 frena
926 3782 940 3820 :
979 3780 1009 3820 a
1047 3765 1196 3820 vitiis
1222 3779 1322 3820 nos
1354 3764 1640 3821 retrahunt
1668 3782 1681 3818 :
1717 3764 2071 3820 introducunt

480 3861 547 3916 ad
580 3861 836 3915 virtutum
857 3856 1053 3914 choros
1090 3875 1100 3910 :
1136 3854 1189 3910 iu
1217 3854 1575 3927 Christoque,
1608 3864 1793 3912 monte
1831 3855 2084 3927 pulcher-

480 3956 643 4021 rimo,
666 3953 914 4009 habitare
944 3966 1046 4007 nos
1078 3949 1301 4006 faciunt.
1355 3961 1377 3989 ε
1406 3950 1676 4018 Quamdiu
1705 3952 1757 4006 in
1786 3952 1961 4021 patria
1994 3963 2080 4009 tua

481 4067 563 4120 es,
596 4050 794 4106 habeto
821 4048 1068 4104 cellulam
1101 4061 1197 4117 pro
1230 4044 1484 4117 paradiso
1525 4063 1537 4100 :
1568 4045 1719 4102 varia
1765 4045 2080 4117 Scriptura-

482 4158 600 4200 rum
633 4156 792 4213 poma
821 4139 1076 4209 decerpe.

552 4235 646 4290 His
692 4242 844 4289 utere
891 4229 1103 4287 deliciis
1132 4271 1147 4298 ,
1192 4230 1384 4285 harum
1431 4229 1611 4287 fruere
1653 4231 1963 4303 complexu.
2022 4232 2079 4289 Si

483 4328 814 4386 scandalizat
849 4334 904 4382 te
957 4340 1070 4397 pes,
1120 4322 1336 4391 oculus,
1361 4338 1555 4378 manus
1586 4332 1673 4379 tua
1709 4341 1723 4379 :
1759 4324 1965 4395 projice
1993 4340 2076 4381 ea.

486 4421 627 4478 Nulli
659 4433 875 4491 parcas,
909 4426 967 4473 ut
992 4416 1093 4473 soli
1124 4430 1314 4487 parcas
1336 4416 1533 4471 anima:
1581 4423 1707 4471 tute.
1743 4416 1843 4482 Qui
1874 4416 2077 4485 viderit,

484 4514 658 4587 inquit
695 4512 976 4579 Dominus,
1016 4510 1282 4565 mulierem
1311 4509 1381 4562 ad
1409 4510 1877 4581 concupiscendum
1918 4527 2029 4566 eam
2060 4529 2080 4567 :

2184 3309 2302 3350 rum
2348 3309 2624 3353 accessus.
2675 3296 2939 3353 Nocivum
2974 3314 3150 3370 genus
3176 3299 3373 3356 femina
3400 3342 3418 3370 ,
3461 3302 3631 3372 janua
3665 3305 3800 3362 dia-

2182 3387 2337 3459 boli,
2386 3389 2473 3445 via
2526 3390 2874 3462 iniquitatis,
2926 3393 3233 3464 scorpionis
3274 3397 3558 3465 percussio
3603 3412 3801 3457 :rcum

2182 3482 2454 3553 proximat
2481 3483 2707 3555 stipula,
2738 3485 2993 3541 accendit
3038 3489 3247 3558 ignem;
3279 3486 3625 3561 ﬂammigero
3658 3493 3801 3562 igne

2182 3575 2413 3647 perculit
2433 3574 2635 3631 femina
2660 3578 3047 3635 conscientiam
3073 3580 3281 3650 pariter
3306 3580 3625 3648 habitantis,
3649 3599 3805 3641 exu-

2182 3666 2362 3737 ritque
2393 3665 2743 3724 fundamenta
2778 3671 3069 3726 montium.
3104 3670 3217 3742 Ego
3250 3670 3437 3742 judico
3466 3673 3513 3728 si
3543 3686 3675 3730 cum
3713 3677 3803 3733 vi-

2183 3760 2260 3817 ris
2290 3760 2505 3817 femina:
2534 3760 2826 3831 habitent,
2858 3762 3151 3821 viscarium
3196 3779 3308 3821 non
3345 3767 3523 3823 deerit
3551 3768 3803 3826 diaboli.

2183 3854 2241 3910 Si
2268 3855 2570 3925 alligaverit
2599 3855 2718 3925 quis
2748 3855 2927 3927 ignem
2959 3857 3012 3913 in
3042 3857 3163 3912 sinu
3190 3873 3292 3914 suo
3325 3876 3339 3912 :
3368 3866 3423 3914 et
3446 3860 3803 3918 vestimenta

2182 3962 2277 4005 sua
2320 3964 2428 4003 non
2460 3947 2894 4004 comburentur?
2932 3948 3063 4004 Mihi
3090 3950 3253 4007 crede
3298 3965 3406 4007 non
3437 3962 3621 4023 potest
3676 3964 3807 4012 toto

2182 4039 2349 4096 corde
2394 4054 2514 4096 cum
2547 4039 2782 4096 Domino
2827 4039 3074 4097 habitare
3101 4041 3197 4112 qui
3227 4040 3546 4098 feminarum
3600 4058 3806 4104 acces-

2181 4132 2332 4190 sibus
2360 4131 2659 4203 copulatur.

2254 4227 2363 4284 Sed
2394 4227 2529 4283 dicis
2555 4246 2566 4281 :
2603 4226 2706 4295 Qui
2738 4226 2968 4287 ambulat
2994 4228 3325 4299 simpliciter,
3356 4229 3589 4287 ambulat
3615 4236 3807 4305 conﬁ-

2182 4322 2361 4377 denter
2392 4320 2578 4393 (Prov.
2611 4338 2667 4388 x,
2699 4321 2778 4392 9).
2808 4322 2956 4379 Bene
2981 4333 3034 4380 et
3054 4333 3277 4395 argute;
3307 4326 3399 4382 sed
3430 4335 3657 4396 oportet
3694 4329 3808 4386 bo-

2181 4430 2311 4471 num
2344 4413 2545 4471 habere
2570 4414 2944 4471 testimonium
2969 4430 3038 4472 ex
3069 4415 3156 4473 bis
3173 4417 3269 4489 qui
3291 4417 3426 4474 foris
3452 4428 3601 4475 sunt.
3630 4419 3809 4479 Licet

2183 4522 2367 4563 coram
2411 4507 2524 4563 Deo
2556 4515 2706 4563 recte
2734 4507 3004 4575 ambules,
3040 4519 3221 4566 tamen
3261 4526 3443 4567 coram
3466 4511 3805 4573 hominibus

474 4582 594 4682 jam
629 4606 906 4662 nitecltatus
951 4613 1026 4659 est
1059 4620 1171 4658 eam
1200 4602 1254 4656 in
1284 4600 1438 4656 corde
1484 4618 1576 4657 suo
1622 4600 1838 4674 (Matth.
1871 4619 1924 4670 v,
1954 4602 2069 4675 28).
2104 4582 2156 4644 D
2188 4602 2331 4658 bona
2379 4600 2719 4672 providenda
2766 4610 2895 4657 sunt
2939 4621 2953 4659 :
2983 4604 3108 4674 quia
3146 4607 3443 4662 astutiores
3488 4617 3619 4663 sum
3653 4609 3807 4668 ﬁliis

486 4703 617 4768 Quis
638 4697 945 4772 gloriabitur
969 4705 1167 4751 castum
1186 4710 1240 4747 se
1270 4693 1454 4749 habere
1470 4695 1599 4748 cor?
1626 4692 1783 4748 Astra
1816 4709 1922 4751 non
1949 4706 2077 4751 sunt

486 4792 685 4851 munda
717 4793 769 4847 in
821 4797 1114 4860 conspectu
1151 4787 1403 4855 Domini;
1452 4796 1652 4859 quanto
1684 4788 1853 4860 magis
1900 4788 2078 4845 homi-

484 4902 604 4955 nes,
633 4899 862 4957 quorum
900 4883 998 4938 vita
1024 4880 1247 4938 tentatio
1271 4880 1395 4936 est?

558 4980 650 5035 Vae
694 4978 850 5034 nobis
894 4976 1129 5043 miseris,
1175 4974 1392 5046 quoties
1432 4974 1891 5045 concupiscimus,
1917 4974 2076 5032 toties

481 5076 839 5131 fornicamur.
883 5070 1183 5126 Inebriatus
1210 5080 1305 5140 est,
1351 5070 1548 5141 inquit,
1591 5070 1795 5142 gladius
1845 5086 1986 5125 meus
2021 5072 2075 5126 in

486 5170 651 5224 aeto:
680 5168 851 5224 multo
895 5165 1126 5236 amplius
1152 5167 1205 5220 in
1235 5174 1411 5235 terra,
1447 5180 1568 5235 quae
1608 5165 1793 5234 spinas
1822 5174 1876 5219 et
1909 5164 2077 5221 tribu-

482 5264 565 5319 los
608 5271 850 5333 generat.
911 5259 1018 5316 Vas
1049 5258 1357 5325 electionis,
1407 5256 1465 5312 in
1503 5255 1656 5327 cujus
1701 5263 1923 5327 pectore
1963 5255 2070 5329 [ΑΙ.

484 5396 723 5457 simulari
751 5411 857 5449 non
886 5401 1064 5466 potest;
1084 5389 1397 5466 conscientia
1421 5429 1438 5454 ,
1477 5386 1900 5466 dumuluaturiosa
1928 5398 1975 5445 et
1997 5389 2076 5466 la-

483 5472 623 5526 sciva
645 5484 783 5523 mens
809 5460 943 5521 lucet
966 5466 1022 5519 in
1039 5464 1258 5535 facie,§et
1274 5469 1466 5518 secreta
1485 5460 1655 5515 cordis
1674 5469 1817 5514 motu
1841 5463 2075 5533 corporis

480 5538 1155 5619 etgestibusindicantur._
1414 5602 1496 5619 in
1552 5618 1587 5619 η
1638 5602 1650 5619 ⁸
1728 5618 1733 5619 γ
1837 5604 1847 5615 ι

554 5602 581 5650 ῗι
612 5608 928 5667 Econtrario
957 5607 1212 5677 periocha
1238 5602 1741 5674 isthtec,Speculum
1766 5604 2067 5673 enim,etc.,

483 5686 538 5743 in
570 5683 659 5739 illa
687 5684 925 5737 editione
952 5679 1314 5735 desideratur.

557 5755 582 5794 ιι
622 5752 959 5809 Reﬁnximus
1009 5752 1185 5805 locum
1221 5748 1289 5803 ad
1346 5747 1515 5803 Rubei
1569 5746 1874 5818 exemplar,
1906 5754 2063 5803 antea

482 5826 627 5891 enim
658 5825 743 5885 his
772 5822 1173 5899 praeﬁgebatur,
1203 5820 1341 5877 Audi
1381 5836 1482 5890 me,
1516 5826 1627 5877 tum
1659 5820 1766 5877 alio
1794 5833 1955 5877 sensu
1988 5819 2064 5878 lo-

2184 4692 2321 4749 lucis
2351 4692 2448 4748 ﬁlii
2479 4694 2853 4751 tenebrarum.
2876 4693 3010 4750 Cum
3038 4712 3171 4768 ergo
3196 4713 3226 4752 a
3254 4706 3310 4755 te
3336 4698 3437 4756 hoc
3465 4715 3643 4771 genus
3678 4720 3805 4762 non

2181 4797 2496 4860 amputatur
2548 4807 2561 4844 :
2606 4790 2704 4845 das
2745 4790 3271 4861 reprehendentibus
3317 4802 3371 4851 te
3402 4794 3619 4868 locum,
3659 4814 3805 4857 cum

2182 4884 2300 4955 ipse
2332 4892 2385 4939 te
2409 4882 2813 4939 detrahentium
2843 4885 3121 4942 morsibus
3151 4886 3439 4944 tradidisti.
3469 4888 3605 4945 Nam
3637 4892 3809 4951 inter

2179 4975 2470 5032 illecebras
2493 4975 2831 5047 voluptatum
2860 5018 2875 5045 ,
2906 4964 3071 5035 etiam
3097 4979 3305 5035 ferreas
3347 4992 3561 5039 mentes
3611 4982 3810 5044 libido

2180 5067 2369 5124 domat
2398 5085 2412 5122 :
2440 5082 2561 5138 qua:
2591 5067 2855 5137 majorem
2894 5068 2946 5124 in
2976 5068 3283 5140 virginibus
3314 5072 3518 5142 patitur
3546 5073 3804 5146 famem,

2181 5161 2310 5217 dum
2338 5160 2552 5217 dulcius
2582 5170 2735 5231 putat
2769 5176 2934 5219 omne
2964 5163 3109 5233 quod
3140 5166 3331 5223 nescit.
3375 5164 3611 5224 Narrant
3640 5185 3806 5240 gen-

2181 5255 2355 5311 tilium
2386 5254 2622 5322 fabulaz,
2660 5254 2911 5311 cantibus
2958 5254 3274 5313 Sirenarum
3319 5260 3513 5314 nautas
3559 5260 3616 5315 in
3648 5277 3803 5321 saxa

2182 5391 2436 5467 gebatur,
2485 5406 2756 5467 meumque
2802 5389 3397 5467 desideriumﬁhristus
3446 5401 3524 5447 est
3574 5409 3595 5448 :
3630 5398 3803 5467 quod

2180 5460 2298 5519 erat
2321 5463 2481 5519 etiam
2503 5478 2532 5517 a
2560 5461 2872 5534 Hieronymi
2902 5471 3083 5519 mente
3104 5460 3375 5519 alienum?

2256 5545 2276 5571 ε
2318 5534 2494 5610 Atque
2520 5534 2603 5588 his
2645 5532 3192 5610 alia'substituuntur
3211 5550 3255 5610 Aa
3287 5534 3474 5592 [iubeo
3504 5550 3685 5610 usque
3718 5543 3802 5599 ad

2175 5606 2379 5671 locum,
2410 5605 2472 5661 Si
2500 5606 2825 5659 scandalizat
2862 5614 2909 5677 te
2932 5622 3040 5677 pes,
3066 5614 3172 5662 etc.
3201 5605 3437 5674 Quarum
3468 5605 3654 5665 tamen
3692 5615 3797 5669 in-

2175 5677 2607 5753 terpolationum
2638 5678 2770 5753 satis
2816 5676 2974 5734 nobis
3015 5686 3099 5737 eSt
3142 5693 3311 5735 unum
3351 5688 3513 5753 atque
3537 5680 3798 5746 alterum

2172 5751 2451 5824 specimen
2477 5748 2800 5823 prtebuisse.
