3926 6290
134 263 220 326 Sili
649 261 949 322 illEGULA
998 258 1488 322 Mt.i;\'ACll'.~RU3I
1532 263 1618 320 EX
1664 263 1735 322 SC

1850 265 1974 321 ’ΤΒ
2015 263 2395 323 liii-.RUNYM!
2439 262 2823 323 COLUZCTA.

137 389 223 441 igic
261 381 582 454 prmc'pitcs,
616 391 665 436 ct
700 382 764 435 ad
800 381 1003 450 Orpbci
1039 382 1300 440 citharam
1334 383 1582 447 arbarcs,
1619 380 1704 436 be-
1730 385 1776 442 Α

136 483 266 542 stias,
298 494 356 532 ac.
387 478 599 532 silieuni
629 476 764 530 dura
791 475 1020 530 mollita.

191 571 403 628 Diﬂieile
435 587 655 641 quoque
703 573 846 625 inter
882 571 1075 636 epulas
1117 581 1366 626 servatur
1417 567 1697 639 pudicitia.

130 666 289 723 Nitens
319 665 484 733 culis,
515 664 802 718 sordidntn
835 661 1081 717 ostendit
1112 663 1375 718 animum.
1407 662 1556 717 Licet
1586 663 1705 733 qui-

131 759 231 814 dam
253 767 439 826 putent
463 755 689 824 majoris
716 771 840 810 esse
863 755 1082 810 virtutis
1113 766 1439 826 praisctttem
1462 765 1706 820 eontem-

132 867 237 904 ιιι-ω
279 851 612 918 voluptatem
666 866 680 901 :
739 859 919 910 tamen
975 863 1076 917 ego
1125 849 1420 902 securioris
1470 847 1707 900 arbitror

132 943 456 998 tndineutia:
509 942 724 998 nescire
773 941 914 1012 quod
963 957 1199 1012 quaeras.
1246 939 1499 997 Reuzotio
1543 940 1711 1008 igitur

134 1039 230 1094 τοι-ἰ.
253 1034 520 1090 castitatis
540 1035 779 1090 collocat
802 1049 976 1100 arma,
1003 1035 1270 1089 construit
1302 1034 1355 1088 in
1387 1033 1708 1087 melioribus

135 1138 279 1182 castra
328 1125 580 1196 pudoris.
627 1125 828 1180 'l‘lu-cla
883 1134 1007 1196 post
1057 1135 1146 1180 ten
1174 1127 1410 1180 titionem
1445 1125 1710 1196 passionis

137 1219 413 1273 Antiochiae
440 1261 456 1279 ,
492 1235 619 1272 cum
648 1218 820 1273 Paulo
871 1217 1192 1286 prohibetur
1226 1222 1430 1288 pariter
1463 1234 1709 1289 pergere.

136 1311 280 1367 Nemo
302 1312 455 1365 miles
481 1327 606 1367 cum
637 1327 804 1364 uxore
837 1311 1012 1381 pergit
1043 1311 1108 1365 ad
1141 1312 1362 1366 bellum.
1389 1310 1713 1365 Germiaant

139 1405 319 1460 femina:
347 1405 539 1474 Spinas
571 1419 694 1458 cum
719 1403 850 1458 viris
875 1404 1201 1473 habitantes,
1225 1420 1421 1458 arcana
1448 1405 1710 1458 mentium

139 1509 272 1552 acuto
317 1512 586 1552 mucrone
633 1496 951 1551 concutiunt
1001 1495 1107 1568 [ΑΙ.
1147 1493 1500 1568 petetuiunt].
1545 1494 1714 1550 Nemo

3290 266 3398 323 530

1879 380 2148 435 Ardentes
2179 383 2336 452 igitur
2363 383 2561 436 diaboli
2593 384 2802 453 sagitta‘:
2829 428 2841 450 ,
2868 381 3197 452 jejttttiot'ttm
3232 394 3284 437 cl
3316 387 3398 440 vi-

1805 473 2052 542 giliarum
2084 473 2288 542 frigore
2323 477 2719 544 restingueudm
2751 485 2900 530 snnt.
2934 475 3102 530 Erras
3142 493 3397 548 namque,

1807 566 1997 634 frater,
2031 585 2186 624 erras
2209 611 2223 634 ,
2253 568 2298 624 si
2337 581 2491 639 putas
2531 586 2785 639 umquam
2814 571 3182 627 Christianum
3214 587 3404 643 perse-

1807 662 2081 718 Ctttionetn
2116 677 2222 716 non
2256 663 2390 733 pati.
2423 662 2577 718 Tunc
2607 664 2752 718 enim
2784 663 3018 721 maxime
3048 667 3400 735 Oppugnaris,

1807 757 1852 810 si
1881 765 1930 810 lc
1953 744 2254 828 oppugnari
2281 756 2483 812 neseis.
2507 756 2677 812 Nemo
2699 759 2843 812 enim
2864 769 2946 813 est
2971 769 3114 814 tanta
3145 758 3401 815 ﬁrmitate

1809 850 2062 906 suli'ultus
2087 895 2101 922 ,
2130 860 2188 905 ut
2215 849 2284 905 de
2315 850 2612 906 stabilitate
2641 851 2837 906 debeat
2867 867 2988 909 esse
3019 869 3242 909 securus
3277 871 3289 907 :
3324 854 3410 910 di-

1811 950 1967 996 cente
2001 942 2297 1012 Apostolo:
2335 943 2435 1010 Qui
2466 953 2569 996 stat
2590 987 2604 1006 ,
2637 945 2800 997 videat
2827 962 2889 999 ne
2913 945 3071 999 cadat
3103 946 3402 1018 :quoniam

1812 1033 1988 1087 tmllus
2025 1032 2207 1088 hostili
2241 1035 2486 1088 exercitu
2518 1035 2807 1090 obsidente
2851 1052 3080 1092 securus
3119 1051 3224 1092 est.
3267 1037 3400 1092 Nam

1814 1127 2137 1180 adversarius
2171 1137 2341 1182 noster
2371 1139 2632 1197 tamquam
2665 1128 2745 1182 leo
2775 1129 2981 1202 rugiens
3012 1131 3211 1203 aliquid
3255 1135 3411 1188 devo-

1813 1235 1930 1271 rare
1958 1235 2189 1286 quterens
2217 1260 2232 1285 ,
2277 1220 2510 1273 circumit
2541 1219 2597 1291 (l
2634 1219 2775 1277 Petr.
2812 1239 2873 1290 γ,
2909 1220 3012 1294 8);
3045 1234 3100 1278 et
3133 1234 3188 1279 tu
3219 1241 3410 1295 pacem

1820 1323 1977 1379 potas
1999 1311 2022 1363 '?
2064 1312 2216 1366 Sedet
2265 1314 2316 1366 in
2346 1313 2546 1366 insidiis
2595 1331 2710 1367 cum
2741 1315 2982 1370 divitibus
3013 1325 3060 1370 et
3093 1319 3144 1371 in
3174 1320 3412 1388 occultis,

1819 1413 1872 1459 ut
1904 1405 2182 1474 interﬁciat
2213 1406 2537 1460 innocentem
2571 1405 2744 1479 (Psal.
2781 1407 2880 1482 tt).
2905 1409 3062 1477 Quod
3093 1410 3159 1466 de
3191 1411 3416 1470 libidine

1819 1496 2055 1554 diximus
2096 1498 2395 1554 referamus
2425 1500 2491 1554 ad
2532 1501 2814 1570 avaritiam
2843 1543 2856 1566 ,
2888 1516 2942 1555 et
2969 1503 3036 1556 ad
3069 1503 3254 1559 omnia
3285 1507 3415 1562 vitia

142 1592 276 1659 igitur
305 1591 445 1645 inter
475 1601 765 1660 serpentes
797 1597 852 1641 et
900 1590 1224 1655 seorpiones
1271 1603 1499 1644 securus
1531 1587 1714 1658 ingre-
1821 1607 1942 1662 qua:
1967 1591 2206 1646 vitantur
2237 1592 2550 1648 solitudine.
2588 1593 2654 1648 Et
2686 1593 2888 1648 idcirco
2915 1594 3129 1651 urbium
3163 1598 3419 1668 frequen-

145 1685 282 1736 ditur.
313 1683 507 1736 Libido
548 1683 694 1736 enim
734 1696 951 1751 semper
980 1680 1064 1735 Sui
1106 1680 1372 1751 relinquit
1417 1678 1717 1750 pmnitudi-
1824 1684 1950 1736 tiam
1983 1683 2320 1739 declinemus
2345 1727 2358 1750 ,
2392 1703 2458 1740 ne
2491 1685 2671 1741 facere
2712 1688 3126 1757 compcllamur,
3158 1707 3278 1760 qus:
3319 1705 3421 1747 nos

147 1793 269 1830 neut.
297 1776 602 1845 Numquam
623 1775 876 1835 satiatur,
903 1787 956 1829 et
987 1775 1259 1831 exstincta
1290 1775 1668 1832 reacceuditur
1697 1792 1710 1829 :
1746 1780 1791 1840 Β
1829 1792 1935 1832 non
1969 1787 2076 1832 tant
2109 1791 2301 1834 natura
2331 1779 2476 1851 cogit
2503 1778 2682 1836 facere
2707 1797 2870 1852 quant
2899 1786 3170 1840 voluntas.

149 1886 226 1924 u~u
251 1871 439 1924 (rescit
459 1878 516 1923 et
543 1868 817 1924 decrescit
859 1867 968 1941 [ΑΙ.
1002 1878 1132 1922 tacet
1162 1879 1218 1922 et
1245 1867 1535 1940 decrescit]
1566 1885 1579 1921 :
1615 1882 1716 1923 nec

2435 1915 2666 1974 CAPUT
2708 1917 2775 1974 IV

2486 1957 2656 1974 ιιινι
2708 1957 2795 1974 I'.

150 1965 311 2019 rationi
344 1973 518 2032 paret,
553 1979 678 2034 qme
721 1963 927 2032 impetu
968 1961 1204 2018 ducitur.
1243 1961 1397 2018 Unde
1431 1961 1718 2032 virginitas

155 2059 196 2110 ia
218 2074 273 2110 co
299 2057 506 2110 felicior
534 2067 643 2118 est,
675 2055 816 2124 quod
851 2057 1032 2110 carnis
1062 2054 1328 2110 incentiva
1363 2069 1469 2108 non
1515 2052 1660 2108 novit
1700 2070 1714 2107 :
2391 2031 2469 2087 De
2501 2031 2841 2104 Ραημενῖσιε·

160 2161 203 2205 et
221 2151 434 2205 \iduitas
447 2167 514 2205 eo
537 2150 806 2204 infelicior
825 2148 932 2222 [ΑΙ.
970 2147 1300 2221 soliieitior],
1330 2152 1472 2220 quod
1494 2158 1716 2219 praeter-

159 2246 241 2297 ias
266 2245 439 2299 animo
481 2244 675 2300 recolit
721 2244 1054 2314 voluptates.
1101 2243 1230 2300 Viro
1270 2245 1413 2300 enim
1443 2242 1721 2299 luxurioso

164 2338 352 2392 \erbuttt
379 2337 647 2392 castitatis
669 2336 898 2391 oli'ensro
929 2345 1034 2392 est.

216 2431 303 2497 Qui
338 2429 521 2484 \iVuItt
563 2429 616 2483 in
651 2429 1017 2494 monasterio,
1046 2440 1099 2483 et
1131 2443 1360 2500 quorum
1393 2427 1554 2481 simul
1604 2441 1723 2480 ma-

169 2541 284 2592 guns
307 2537 380 2578 est
412 2539 674 2578 numerus
708 2540 719 2576 :
751 2536 1045 2592 numquam
1080 2523 1180 2575 soli
1218 2530 1373 2576 extra
1401 2521 1724 2590 procedunt.

164 2619 225 2672 De
249 2620 446 2689 agndae
476 2617 856 2688 columbarum
901 2617 1096 2670 crebro
1143 2614 1404 2687 accipiter
1446 2630 1608 2670 unant
1641 2629 1729 2669 se-

164 2725 313 2780 pirat,
336 2728 492 2782 qnam
527 2714 710 2765 statim
745 2709 960 2763 invadat
987 2720 1040 2763 ct
1071 2710 1275 2764 laceret
1306 2727 1318 2761 :
1349 2719 1404 2762 et
1431 2707 1588 2776 cujus
1612 2721 1732 2761 car-

164 2824 189 2856 n
213 2806 301 2860 bus
327 2822 376 2862 et
411 2821 611 2860 cruore
654 2813 951 2858 saturetur.
987 2801 1245 2858 Murbidae
1286 2815 1418 2856 oves
1448 2815 1605 2856 Suum
1639 2815 1729 2855 re-

1894 2147 2176 2216 Quondam
2216 2146 2368 2204 dives
2408 2147 2727 2204 adolescens
2754 2193 2769 2219 ,
2814 2149 2996 2205 omnia
3049 2168 3168 2223 qute
3201 2153 3254 2210 itt
3301 2155 3423 2227 lege

1826 2256 2093 2315 priceepta
2136 2253 2267 2297 sunt
2297 2259 2357 2298 se
2388 2241 2644 2312 implesse
2681 2243 2940 2313 jactabat.
2991 2245 3074 2299 Ad
3115 2262 3276 2315 quem
3315 2248 3424 2302 Do-

1827 2338 2005 2392 minus
2030 2339 2082 2391 itt
2108 2336 2400 2406 Evangelia
2432 2353 2444 2389 :
2482 2332 2656 2390 Unum
2689 2335 2802 2400 tibi,
2835 2336 3033 2407 inquit,
3065 2337 3248 2392 deest:
3275 2340 3320 2393 si
3350 2341 3423 2393 vis

1827 2432 2082 2503 perfectus
2110 2445 2221 2485 esse
2247 2473 2261 2498 ,
2295 2426 2421 2482 vade
2443 2470 2456 2492 ,
2488 2430 2646 2481 vende
2683 2427 2856 2506 omnia
2902 2443 3016 2498 qua:
3056 2428 3242 2494 habes,
3281 2438 3328 2483 et
3359 2430 3428 2483 da

1829 2522 2140 2595 pauperibus
2162 2538 2178 2574 :
2197 2531 2244 2576 et
2268 2522 2400 2586 veni,
2426 2538 2636 2593 sequere
2665 2538 2761 2577 me.
2790 2521 2890 2589 Qui
2914 2523 3092 2575 omnia
3131 2539 3188 2578 se
3213 2523 3429 2579 dicebat

1832 2619 2051 2682 fecisse,
2089 2617 2141 2670 in
2174 2615 2347 2683 primo
2376 2616 2678 2670 certamine
2702 2615 2921 2669 dixitias
2949 2614 3171 2671 vincere
3201 2633 3304 2670 non
3335 2632 3432 2687 po-

1835 2721 1958 2765 test.
1997 2710 2151 2766 Unde
2187 2709 2408 2764 dil'licile
2453 2711 2654 2763 intrant
2686 2709 2885 2765 divites
2914 2726 3078 2779 regna
3124 2710 3426 2777 cellarum,

1834 2819 1955 2875 qua:
1981 2802 2269 2872 expeditos
2297 2814 2351 2856 et
2373 2801 2580 2856 alarum
2613 2801 2833 2856 levitate
2863 2803 3126 2857 subnixos
3162 2802 3434 2858 habitato-

164 2901 380 2967 li..qututl
410 2917 632 2968 ert-gem
661 2915 676 2952 :
709 2911 761 2951 et
794 2901 1041 2966 luporum
1077 2895 1328 2950 faucibus
1371 2895 1729 2949 devorattlur.

171 2993 322 3047 l‘taius
347 2997 504 3061 igisur
528 2992 622 3045 tibi
653 2991 724 3044 sit
745 3006 998 3057 egressus
1028 2989 1079 3043 itt
1113 2989 1389 3059 publicum
1422 3003 1436 3042 :
1467 2997 1735 3058 martyres

167 3087 246 3138 tibi
271 3084 641 3151 qua-ravitnrin
666 3083 919 3138 cubiculo
944 3091 1057 3136 tuo.
1087 3077 1395 3150 Numquam
1435 3078 1534 3134 tibi
1570 3094 1733 3133 cau~a

1836 2911 1926 2959 res
1965 2894 2303 2951 desiderant.
2361 2892 2538 2960 Vade,
2571 2895 2786 2960 inquit,
2834 2895 2988 2949 rcnde
3025 2911 3044 2949 :
3074 2912 3180 2950 non
3221 2912 3431 2967 partem

1837 2989 2192 3070 substantiae,
2225 2987 2318 3043 sed
2350 2991 2600 3042 universa
2633 3005 2753 3058 qum
2787 2991 3034 3058 possides
3078 3007 3093 3043 :
3126 3001 3172 3044 et
3201 2991 3292 3056 da,
3323 3007 3431 3045 non

1839 3083 2064 3150 amicis,
2115 3100 2222 3138 non
2272 3085 2724 3154 consanguineis,
2774 3101 2880 3138 ttott
2922 3084 3278 3156 prOpinqnis,
3327 3101 3433 3140 nou

169 3182 258 3232 ιτίῑ
288 3178 605 3248 l‘I'OCt‘dt'l“Ii
634 3217 650 3243 ν
684 3176 730 3231 εἰ
781 3191 1002 3247 εριιιρει-
1047 3173 1356 3230 necessarie
1388 3187 1739 3244 processurus
1767 3175 1815 3240 C
1847 3179 2032 3242 uxori,
2078 3192 2184 3230 uott
2219 3176 2406 3231 liberis
2439 3193 2451 3228 :
2487 3178 2608 3245 plus
2649 3177 2850 3245 aliquid
2894 3177 3090 3232 addam
3130 3194 3144 3231 :
3177 3178 3310 3232 nihil
3343 3179 3436 3234 tibi

169 3277 251 3326 sit.
283 3277 371 3327 Alii
397 3291 514 3328 rurn
549 3275 748 3326 vulnus
776 3312 792 3336 ,
846 3281 1026 3324 nostra
1081 3269 1149 3323 sit
1193 3268 1397 3324 cautio.
1443 3265 1740 3322 Pestilente

169 3369 198 3419 ll
229 3371 439 3438 gellato,
472 3367 677 3422 stultus
709 3363 1010 3434 Sapientior
1035 3363 1160 3419 erit.

229 3460 347 3516 Nam
378 3468 431 3514 ιι
453 3477 540 3512 :tltt
571 3475 693 3525 qua:
723 3457 973 3511 ltulltillt‘S
1005 3454 1280 3511 autimant
1316 3453 1418 3509 sibi
1453 3451 1740 3518 salutaria,

175 3551 268 3605 lleo
291 3554 516 3619 volente,
544 3551 685 3604 verti
705 3548 950 3603 videmus
982 3548 1033 3601 itt
1060 3545 1375 3616 perniciem.
1403 3545 1458 3599 in
1484 3545 1744 3612 tranquil-

174 3647 302 3700 litate
329 3648 468 3703 enim
497 3651 793 3714 tempestas
821 3651 994 3697 oritur
1028 3659 1041 3695 :
1076 3641 1236 3708 ttiltil,
1261 3641 1370 3696 Deo
1399 3641 1742 3700 adtersante.

181 3758 399 3795 securum
431 3753 536 3796 est.
565 3737 820 3794 Naturale
849 3752 1066 3808 quoque
1090 3745 1172 3790 est
1205 3748 1651 3804 unumquemque
1687 3730 1744 3785 in

175 3850 259 3886 suo
283 3835 516 3903 perit-nlo
544 3831 616 3887 de
640 3831 748 3886 alio
779 3830 897 3901 plus
928 3844 1172 3900 sperare.
1407 3825 1410 3828 ’

232 3930 282 3982 Si
318 3929 531 3999 quando
581 3923 822 3980 senseris
852 3924 1182 3979 exteriorem
1232 3920 1508 3976 hominem
1554 3919 1743 3973 liorem

177 4023 534 4077 3dUlC‘SH'n'im
566 4021 849 4088 suspirare
883 4036 895 4070 :
937 4028 993 4072 et
1018 4027 1243 4083 accepto
1267 4015 1414 4082 cibo,
1446 4029 1568 4069 euut
1612 4021 1665 4068 te
1692 4011 1745 4066 itt

177 4114 298 4169 lecto
333 4117 563 4186 positum
594 4113 770 4166 dulcis
807 4110 1092 4164 libidinum
1127 4123 1321 4178 pompa
1355 4103 1696 4160 concusserit
1733 4121 1745 4156 :

175 4209 334 4272 διῆρε
357 4218 570 4263 sentum
599 4205 722 4260 lidci
747 4205 801 4260 in
825 4219 934 4275 quo
957 4201 1141 4273 ignita:
1165 4199 1366 4256 diaboli
1391 4197 1750 4261 exstinguun-

178 4313 247 4356 tur
271 4304 494 4372 st-giltzc.
551 4301 746 4356 Omnes
777 4299 911 4351 enim
949 4293 1306 4350 adulterantes
1333 4293 1480 4363 quasi
1518 4289 1752 4344 clibanus

176 4398 313 4450 corda
342 4414 513 4451 eorum
557 4393 708 4464 (οδε.
758 4401 864 4458 ιιι).
901 4389 1052 4443 Licet
1081 4387 1300 4442 tltl'licile
1331 4395 1413 4440 cst
1458 4385 1748 4437 humanam

178 4494 392 4546 animant
424 4488 631 4560 aliquid
666 4504 773 4542 non
808 4500 1014 4552 amare,
1045 4492 1103 4538 ιιι
1127 4482 1177 4537 ἰιι
1202 4494 1572 4552 quoscumque
1601 4494 1753 4532 mens

179 4597 337 4640 nostra
367 4585 616 4638 trahatur
643 4584 892 4634 allectus.
925 4575 1118 4632 Carnis
1140 4577 1306 4646 igitur
1328 4590 1502 4632 amor.
1529 4569 1754 4640 Spiritus
1785 4573 1830 4634 ι)
1859 4590 1980 4630 runt
2035 4572 2352 4626 deferebant
2414 4572 2578 4640 pedes

178 4694 342 4731 more
372 4683 682 4746 superetur.
733 4670 1071 4726 Desiderium
1121 4667 1397 4722 desiderio
1444 4665 1756 4733 restingua-

181 4781 252 4824 tur
278 4790 291 4824 :
321 4768 581 4841 quidquid
617 4765 746 4820 inde
778 4763 1062 4825 minuitur,
1094 4761 1181 4815 hic
1203 4769 1438 4814 crescat.
1467 4757 1584 4812 Non
1608 4757 1756 4809 sinas

182 4881 288 4930 ergo
318 4863 705 4935 cogitationem
736 4873 987 4914 crescere
1021 4875 1033 4910 :
1063 4857 1190 4912 dunt
1223 4871 1422 4926 parvus
1453 4866 1529 4908 ρει
1564 4850 1754 4916 hostis,

183 4955 441 5012 interﬁce:
479 4955 716 5026 nequitia
751 4953 988 5008 elidatur
1031 4952 1083 5005 itt
1109 4950 1334 5004 semine.
1371 4947 1506 5002 Audi
1540 4945 1760 5016 pSaInti-

185 5060 347 5104 stam:
388 5048 583 5104 Beatus
626 5047 715 5114 qui
752 5046 933 5098 (illidet
984 5044 1227 5114 parvulos
1280 5058 1395 5096 suos
1441 5039 1509 5092 ad
1558 5049 1753 5110 petram

184 5137 334 5206 thI.
369 5142 530 5209 sui)!
562 5137 905 5209 Impossibile
937 5147 1021 5190 est
1055 5137 1104 5190 in
1133 5151 1350 5190 sensum
1387 5134 1617 5188 heminis
1645 5146 1754 5185 non

185 5252 218 5286 ir
247 5255 367 5291 nete
415 5243 626 5288 molunt
659 5230 766 5304 [ΑΙ.
798 5235 1039 5285 innatum
1084 5229 1442 5285 medullarum
1470 5271 1482 5292 ,
1518 5224 1672 5298 etc.].
1703 5236 1759 5279 et

187 5330 525 5383 medullarum
558 5327 821 5381 calorem.
858 5325 953 5380 Ille
989 5337 1168 5380 tamen
1203 5324 1472 5390 laudatur,
1505 5323 1593 5378 ille
1623 5338 1765 5393 pra:-

189 5421 376 5476 clcatur
402 5422 620 5483 beatus,
654 5420 743 5489 qui
775 5422 959 5473 statim
989 5434 1109 5472 cum
1135 5417 1361 5485 t-mpcrit
1393 5417 1648 5487 cogitare,
1685 5416 1765 5470 itt-

190 5513 368 5569 trﬁcit
397 5516 693 5582 (agitatus,
727 5523 779 5567 et
804 5512 978 5567 allidt
1002 5531 1096 5567 eos
1121 5514 1186 5566 ad
1220 5523 1446 5580 petram.
1484 5509 1640 5564 Petri:
1674 5527 1769 5564 au-

189 5615 270 5660 ten
288 5619 399 5664 erat
421 5606 659 5664 Christus
690 5606 728 5678 (l
756 5609 875 5663 Cor.
905 5623 958 5672 Χ,
993 5606 1060 5676 l).
1088 5607 1217 5662 Nam
1247 5607 1378 5661 lides
1403 5622 1531 5675 pura
1559 5620 1766 5660 ntorant

193 5716 279 5753 nan
308 5707 535 5773 patitur.
575 5701 715 5759 Cum
754 5703 1071 5774 apparuerit
1119 5700 1370 5773 scorpio,
1405 5699 1547 5757 illico
1574 5707 1764 5755 conte-

193 5796 373 5856 rettdus
399 5806 508 5857 est.

621 5890 899 5958 Ps'rttol.
936 5885 1158 5957 XXX.

1844 3269 1914 3323 ob
1945 3279 2151 3324 metum
2186 3267 2384 3338 inopia:
2415 3268 2754 3331 rescrvabis,
2789 3285 2855 3323 nc
2886 3285 3007 3323 eum
3038 3270 3244 3325 Anania
3279 3274 3434 3326 dant-

1845 3360 1999 3417 neris
2020 3371 2072 3416 et
2093 3360 2359 3430 Sappbira
2395 3378 2407 3414 :
2441 3359 2535 3413 sed
2568 3359 2633 3414 da
2667 3371 2861 3414 cuncta
2895 3363 3243 3433 pauperibus,
3272 3375 3325 3420 et
3355 3364 3438 3420 fac

1847 3454 1940 3510 tibi
1970 3456 2176 3508 atttiens
2205 3453 2270 3508 de
2301 3451 2487 3522 iniquo
2520 3467 2854 3520 mammona,
2882 3455 2975 3526 qui
3007 3465 3058 3510 te
3085 3456 3348 3528 recipiant
3378 3459 3433 3513 in

1847 3561 2049 3604 :cterua
2082 3549 2431 3604 tabernacula
2460 3590 2476 3613 ,
2510 3557 2568 3602 ut
2614 3564 2702 3604 me
2742 3551 2990 3619 sequaris
3023 3562 3076 3604 ut
3124 3551 3435 3609 Dominum.

1850 3642 1992 3698 Nam
2022 3643 2188 3696 omnis
2233 3643 2325 3712 qui
2355 3642 2619 3713 reliquerit
2668 3641 2877 3696 domum
2903 3687 2937 3712 ,,
2967 3643 3044 3698 rel
3086 3647 3278 3714 fratres
3302 3687 3318 3714 ,
3349 3658 3442 3700 aut

1847 3752 2051 3791 sorores
2080 3776 2096 3801 ,
2129 3743 2219 3788 aut
2251 3744 2468 3806 patrem,
2502 3745 2592 3788 aut
2633 3746 2882 3802 matrem,
2916 3746 3006 3789 aut
3059 3754 3270 3792 υπονρυι
3291 3779 3306 3805 ,
3352 3750 3443 3794 aut

1848 3829 2006 3897 ﬁlios,
2041 3837 2128 3881 ant
2156 3843 2310 3899 agros
2337 3836 2547 3897 prapter
2577 3841 2760 3880 nomen
2794 3843 2980 3885 meum.
3015 3828 3312 3900 centuplum
3343 3847 3434 3882 ar-

1848 3922 2034 3993 cipict,
2066 3929 2113 3974 et
2145 3921 2301 3973 vitam
2331 3928 2577 3973 aeternam
2609 3919 2888 3988 possidebit
2918 3918 3134 3990 (Matth.
3168 3939 3287 3988 xix,
3320 3925 3440 3990 2L3).

1921 4014 1966 4066 0
1996 4026 2195 4083 quama
2244 4013 2521 4067 beatitudo
2564 4026 2662 4082 pro
2705 4013 2885 4082 parvis
2933 4028 3128 4082 magna
3175 4017 3443 4084 recipere,

1853 4119 2054 4162 acterna
2089 4122 2184 4174 pro
2227 4105 2514 4172 brevibus,
2563 4121 2662 4174 pro
2704 4108 2984 4162 morituris
3022 4123 3237 4179 semper
3264 4112 3448 4166 viven-

1855 4201 1950 4264 tia,
1981 4210 2034 4253 et
2059 4197 2260 4253 habere
2295 4199 2463 4252 Deum
2503 4196 2843 4252 debitorem?
2867 4199 2922 4254 In
2952 4197 3177 4254 Actibus
3215 4203 3447 4272 Aposzo-

1855 4293 2028 4348 lorum
2063 4289 2228 4362 (quod
2267 4289 2480 4345 Domini
2515 4292 2683 4345 ιιι-»ειτί
2717 4291 2893 4347 adhuc
2933 4291 3148 4346 calebat
3174 4309 3358 4360 cruor,
3391 4309 3448 4350 ct

1854 4387 2097 4441 fervebat
2129 4401 2319 4441 recens
2344 4386 2398 4438 in
2428 4382 2779 4439 credentibus
2806 4383 2963 4456 ﬁdes)
2994 4385 3306 4442 vendebant
3332 4403 3450 4442 ont-

1855 4496 1954 4535 nes
1978 4479 2352 4549 possessiones
2382 4493 2526 4536 suas,
2562 4490 2611 4531 ct
2649 4479 2820 4547 pretia
2843 4493 3031 4533 earum
3055 4480 3122 4533 ad
3152 4484 3446 4549 Apostolo-

2629 4588 2640 4624 :
2686 4579 2744 4624 ut
2787 4571 3143 4627 ostenderent
3186 4575 3452 4642 pecunias

1859 4683 1981 4724 esse
2009 4667 2297 4722 calcatttlas
2326 4681 2338 4717 :
2369 4666 2709 4733 dabaturque
2749 4663 2980 4734 singulis
3004 4705 3018 4731 ,
3053 4677 3213 4735 prout
3251 4668 3450 4737 cuiqao

1860 4777 1998 4832 Opus
2023 4770 2158 4817 erat.
2191 4760 2340 4815 Unde
2383 4757 2621 4812 Ananias
2651 4769 2703 4812 et
2736 4759 3004 4829 Sappltira
3036 4760 3442 4829 dispensatore;

1863 4854 2079 4920 timidi,
2125 4855 2289 4907 immo
2318 4853 2485 4906 corde
2533 4852 2733 4922 ἀκωκή
2768 4898 2781 4920 ,
2825 4864 2874 4906 et
2925 4853 3043 4908 ideo
3085 4856 3455 4920 coodctttuati,

1842 4950 1986 5020 -quia
2031 4958 2153 5019 po.~t
2195 4955 2376 4998 votum
2408 4945 2746 4998 alttuicrunt
2780 4946 2928 5011 qzzasi
2963 4963 3052 4999 sua
3075 4987 3088 5012 ,
3115 4956 3169 4999 et
3201 4962 3306 4999 non
3337 4947 3455 5014 ejus

1865 5041 1950 5096 cui
1982 5056 2046 5094 ca
2072 5049 2356 5102 vivorum,
2394 5046 2712 5106 ριιιΊεςιιιειιει)
2736 5037 2833 5089 sibi
2860 5037 2963 5104 iam
2987 5039 3177 5091 aliena:
3202 5038 3457 5094 substan-

1865 5133 1956 5188 titn
1987 5140 2438 5196 reservaverunt,
2484 5138 2786 5183 mezueutcs
2835 5130 3070 5194 latuerit,
3124 5147 3282 5200 quam
3331 5149 3460 5190 vera

1868 5227 2004 5280 tides
2029 5241 2136 5279 non
2171 5225 2323 5279 timet
2364 5239 2376 5276 :
2412 5233 2466 5277 et
2499 5238 2824 5290 prtesement
2857 5238 3105 5278 meruere
3135 5226 3456 5296 γὶιιιεῐειειιιι,

1869 5336 1976 5374 non
2006 5318 2331 5374 crudelitate
2354 5317 2661 5380 εοιιιιξιιιίιρ,
2689 5314 2782 5370 sed
2805 5317 3164 5373 correctionis
3187 5325 3457 5390 exemplo.

1869 5411 2060 5466 Vende
2103 5428 2231 5479 ergo
2277 5410 2456 5465 omnia
2485 5425 2603 5478 qua:
2649 5408 2814 5461 habes
2841 5448 2855 5472 ,
2899 5418 2954 5464 et
2996 5409 3063 5465 da
3113 5416 3462 5480 pauperibus,

1873 5523 1979 5562 non
2009 5504 2268 5561 divitibus
2293 5545 2308 5569 ,
2353 5520 2458 5558 non
2489 5502 2555 5555 ad
2588 5501 2856 5555 luxuriam
2882 5543 2895 5565 ,
2942 5503 3036 5558 sed
3071 5503 3135 5557 ad
3168 5506 3465 5558 necessita-

1876 5610 2005 5655 teut.
2042 5596 2166 5654 Sive
2197 5597 2286 5651 ille
2324 5594 2580 5651 Sacerdos
2609 5595 2712 5662 sit,
2747 5594 2861 5649 sive
2884 5605 3144 5666 cognatus
3170 5639 3184 5660 ,
3215 5599 3329 5650 sive
3353 5598 3474 5651 nili-

1879 5694 2002 5751 nis:
2038 5691 2173 5748 nihil
2199 5690 2342 5744 aliud
2376 5689 2428 5745 in
2459 5706 2527 5744 co
2551 5689 2868 5746 consideres
2893 5731 2908 5754 ,
2938 5691 3041 5746 nisi
3072 5701 3471 5761 paupertatem.

1951 5787 2216 5867 Quodque
2236 5785 2290 5845 in
2315 5784 2584 5864 Egyptiis
2613 5827 2630 5855 ,
2655 5795 2702 5842 ct
2731 5782 2906 5858 Syriis
2934 5783 3284 5843 monasteriis
3312 5792 3494 5858 motis
