3926 6290
575 324 681 399 ast

1621 325 1685 392 8.
1727 324 2115 389 HIERONYMI
2152 321 2442 388 OPERUM
2475 323 2840 388 MANTISSA.

3711 338 3794 400 332

577 464 658 513 est
694 472 707 510 :
738 460 797 510 ut
826 449 919 525 qui
945 464 1005 508 se
1030 417 1149 507 Deo
1170 447 1422 506 voverint
1448 490 1463 517 ,
1506 450 1710 505 smculo
1760 450 2137 505 renuntiantes
2159 495 2172 519 ,
2205 449 2257 511 Α
2283 448 2535 518 laqueum
2568 449 2769 507 diaboli
2815 457 2871 507 et
2904 447 3176 508 desideria
3216 449 3395 507 multa.
3439 450 3498 511 Et
3522 461 3790 528 praesertim,

581 560 774 603 omnes
803 543 990 600 stecuii
1021 541 1247 599 delicias
1291 542 1623 599 conculcent
1661 558 1677 595 :
1723 549 1749 579 ι
1790 544 1994 598 utinam
2035 542 2179 613 quod

579 640 791 698 ateculo
820 638 1199 695 renuntiamus
1220 637 1470 692 voluntas
1498 637 1590 703 sit,
1617 650 1727 692 non
1750 636 2050 692 necessitas
2083 654 2096 689 :
2122 643 2181 690 ut

579 741 874 805 paupertas
913 731 1110 788 habeat
1149 728 1390 802 expetita
1423 729 1649 801 gloriam
1674 772 1689 797 ,
1724 744 1830 786 non
1873 730 2020 786 illata
2054 744 2180 785 cru-

579 830 805 885 ciatum.
832 826 1103 884 Caeterum
1137 827 1292 897 juxta
1324 825 1581 882 miserias
1604 824 1766 896 hujus
1793 824 2052 897 temporis
2077 866 2093 892 ,
2125 834 2181 880 et

583 921 783 993 ubique
812 920 1024 992 gladios
1069 919 1359 975 szevientes
1382 960 1397 986 ,
1445 920 1581 975 satis
1624 918 1775 974 dives
1811 928 1894 974 est
1919 917 2009 988 qui
2041 931 2181 988 pane

578 1029 686 1071 non
715 1012 922 1085 indiget
954 1031 969 1069 :
995 1023 1051 1069 et
1075 1012 1296 1069 nimium
1341 1022 1535 1083 potens
1565 1022 1672 1081 est,
1700 1012 1792 1083 qui
1835 1013 2043 1067 servire
2072 1027 2178 1066 non

576 1108 817 1181 cogitur.
846 1107 994 1163 Multi
1026 1106 1171 1162 enim
1203 1104 1473 1162 aediﬁcant
1503 1106 1743 1177 parietes
1766 1145 1784 1173 ,
1815 1114 1869 1161 et
1896 1104 2182 1160 columnas

581 1198 851 1258 Ecclesia
872 1201 1230 1269 Substrttuut,
1262 1214 1539 1255 marmora
1573 1200 1784 1266 nitent,
1828 1214 1963 1254 auro
1993 1198 2177 1267 splen-

576 1292 707 1350 dent
735 1290 1038 1363 laquearia,
1063 1302 1116 1345 et
1136 1289 1369 1362 gemmis
1398 1289 1575 1347 altare
1597 1289 1970 1362 distinguitur,
2000 1298 2055 1345 et
2080 1289 2181 1344 mi-

580 1387 879 1443 nistrorum
934 1384 1028 1440 Dei
1062 1383 1209 1440 nulla
1246 1391 1330 1439 est
1373 1382 1594 1439 electio.
1636 1381 1827 1455 Neque
1873 1398 2007 1437 vero
2047 1382 2179 1440 mihi

575 1481 773 1553 aliquis
801 1485 1044 1551 opponat
1071 1495 1084 1533 :
1116 1477 1271 1535 dives
1303 1479 1355 1533 in
1384 1475 1571 1534 Juda-a
1594 1479 1880 1549 templum,
1906 1493 2175 1546 mensam,

575 1574 859 1637 lucernas,
888 1571 1162 1627 thuribnla
1183 1614 1197 1638 ,
1234 1570 1504 1644 scyphos,
1536 1578 1593 1626 et
1621 1570 1724 1626 alia
1754 1586 1823 1626 ex
1855 1586 1989 1626 auro
2017 1568 2181 1625 fabri-

584 1679 724 1722 cata.
752 1665 910 1721 Tunc
944 1663 1058 1720 hate
1082 1664 1384 1736 probantur
1409 1677 1439 1717 a
1473 1662 1722 1729 Domino,
1753 1662 1971 1733 quando
1998 1676 2179 1717 sacer-

581 1763 740 1817 dotes
768 1759 977 1816 hostias
1008 1757 1362 1813 immolabant
1387 1797 1402 1823 ,
1448 1764 1503 1813 et
1532 1756 1751 1827 sanguis
1778 1769 2035 1826 pecorum
2063 1764 2180 1809 erat

2283 539 2407 612 quia
2431 551 2561 597 tetas
2591 553 2775 611 Optata
2806 545 3018 599 cunctis
3056 559 3161 600 non
3190 544 3409 601 vicinam
3440 560 3643 607 mortem
3667 598 3679 619 ,
3704 572 3797 624 qua:

2281 630 2548 688 debentur
2579 634 2899 691 mortalibus
2930 644 3137 690 natura:
3168 637 3284 706 lege
3316 655 3329 690 :
3360 653 3396 691 st
3417 640 3444 693 d
3474 657 3608 697 cassa
3631 658 3709 713 Spe
3726 662 3797 701 an-

2284 738 2476 778 norum
2516 724 2672 781 nobis
2705 727 2874 797 Spatia
2910 728 3214 798 pollicetur.
3246 729 3405 783 Nemo
3432 733 3561 787 enim
3596 744 3685 789 tam
3713 736 3796 791 fra-

2282 816 2383 872 ctis
2407 816 2633 885 viribus,
2658 828 2712 874 et
2735 819 2815 874 sic
2838 820 3127 891 decrepita:
3152 826 3445 878 senectutis
3469 837 3561 891 est,
3586 838 3736 884 utnon
3756 847 3799 886 se

2282 917 2437 980 putet
2478 909 2655 965 adhuc
2696 928 2859 966 unum
2915 928 3116 967 annum
3159 929 3219 969 es
3251 930 3281 970 e
3321 916 3595 972 victurum.
3639 920 3799 976 Verum

2282 1002 2410 1072 quid
2439 1006 2573 1074 ago?
2604 1004 2772 1061 fracta
2806 1009 2925 1061 navi
2973 1007 3043 1063 de
3074 1009 3341 1064 mercibus
3372 1010 3587 1079 disputo.
3623 1012 3718 1068 Non
3744 1017 3803 1071 in-

2286 1095 2577 1167 telligimus
2616 1098 3009 1156 Anlicilrislltm
3042 1104 3471 1174 apprOpinqttare
3511 1123 3524 1160 ε
3560 1122 3697 1178 quem
3720 1109 3801 1163 Do-

2284 1188 2463 1243 minus
2491 1188 2650 1245 Jesus
2675 1190 2967 1248 interficiat
2994 1195 3184 1263 spiritu
3216 1194 3325 1249 oris
3350 1194 3479 1265 ejus.

2354 1282 2578 1340 Jttvenis
2609 1285 2827 1356 quidem
2860 1294 3042 1358 potest
3085 1284 3222 1342 mori
3261 1288 3364 1341 cito
3399 1306 3409 1339 :
3451 1288 3538 1342 sed
3565 1305 3706 1345 senex
3736 1291 3805 1345 diu

2282 1377 2471 1434 vivere
2501 1394 2606 1433 non
2630 1386 2837 1449 potest,
2867 1380 3113 1434 maxime
3135 1379 3261 1449 quia
3284 1383 3665 1448 comparatione
3687 1398 3809 1437 :ezer-

2284 1469 2471 1526 nitatis
2526 1485 2688 1526 omne
2735 1470 2876 1542 quod
2929 1470 2984 1526 in
3042 1471 3244 1527 mundo
3293 1472 3549 1542 patimur,
3595 1490 3684 1528 una
3722 1476 3807 1529 dies

2283 1563 2546 1636 appellari
2571 1573 2771 1634 potest,
2810 1580 2915 1619 non
2950 1564 3319 1633 habitationis,
3354 1567 3444 1621 sed
3479 1568 3725 1637 peregrina
3749 1571 3809 1621 io-

2283 1657 2388 1711 ltis.
2438 1654 2572 1711 Nam
2621 1656 2863 1728 quotidie
2902 1668 3305 1713 commutamur
3350 1675 3361 1710 :
3412 1666 3583 1712 tamen
3625 1670 3811 1713 (ett-rans

2285 1764 2386 1804 nos
2422 1748 2719 1804 credimus.
2753 1748 2867 1804 Hoc
2898 1749 3075 1819 ipsum
3106 1750 3251 1821 quod
3290 1750 3447 1818 dico,
3482 1752 3613 1819 qttod
3640 1752 3811 1815 serilm,

494 1856 511 1879 ‘
573 1852 874 1921 redemptio
903 1857 1274 1922 peccatorum,
1306 1863 1632 1920 quamquam
1679 1848 1795 1903 lucc
1821 1846 2001 1901 omnia
2036 1862 2173 1917 prte-
2209 1846 2256 1909 Β
2286 1841 2429 1915 quod
2456 1844 2595 1913 lego,
2628 1844 2771 1914 quod
2797 1844 3050 1909 emendo,
3079 1845 3148 1899 de
3177 1844 3284 1899 vita
3316 1860 3430 1899 mea
3460 1846 3686 1900 trahitur.
3707 1845 3813 1912 Quot

579 1954 868 2003 cesserunt
892 1945 943 1999 in
977 1942 1165 2014 figura.

646 2035 803 2092 Nunc
832 2050 960 2090 vero
1006 2050 1128 2087 cum
1164 2040 1538 2104 paupertatem
1582 2031 1774 2087 domus
1820 2047 1932 2087 sum
1971 2046 2176 2101 pauper

571 2133 835 2189 Dominus
865 2129 1203 2185 dedicaverit
1230 2144 1244 2187 :
1276 2129 1576 2197 cogitemus
1604 2141 1842 2191 erucem,
1880 2126 2173 2181 etdivitias

570 2225 744 2281 lutum
767 2220 1102 2294 putabimus.
1136 2218 1245 2276 Sed
1276 2216 1535 2289 numquid
1561 2228 1795 2287 tempus,
1832 2226 1891 2271 ut
1918 2210 2172 2271 habitetis

570 2319 625 2375 ln
649 2316 905 2374 domibus
936 2314 1226 2386 laqueatis,
1262 2312 1315 2367 id
1346 2323 1453 2378 εει,
1487 2314 1693 2366 ornath
1722 2320 1775 2364 et
1804 2309 2119 2379 compositis
2154 2324 2169 2365 :

570 2426 627 2471 et
648 2429 771 2484 qua:
805 2426 911 2466 non
944 2418 1051 2463 tam
1077 2407 1145 2462 ad
1175 2423 1331 2462 usum
1362 2416 1510 2472 sunt,
1539 2420 1696 2476 quam
1712 2404 1776 2459 ad
1806 2401 2053 2470 delicias,
2083 2404 2168 2457 in-

569 2507 689 2577 qttit
735 2502 1028 2573 Propheta.
1083 2499 1217 2556 Nam
1271 2499 1639 2555 habitaculum
1691 2511 1905 2562 meum,
1959 2496 2012 2551 in
2061 2512 2170 2566 quo

570 2599 787 2655 fuerant
824 2596 1025 2652 Sancta
1066 2602 1399 2657 sanctorum,
1436 2600 1491 2645 et
1534 2590 1817 2645 cherubim
1850 2632 1865 2656 ,
1896 2600 1951 2644 et
1981 2604 2169 2644 mensa

571 2687 981 2762 propositionis,
1012 2685 1189 2757 pluris
1214 2683 1479 2754 rigabitnr
1510 2700 1521 2736 :
1552 2681 1824 2752 squalebit
1852 2680 2167 2746 solitudine,

571 2792 627 2838 et
653 2782 768 2837 sole
793 2778 1044 2835 torrebit.
1070 2777 1203 2845 Quae
1229 2785 1410 2832 autem
1439 2774 1583 2830 ntilit
1602 2792 1644 2828 IS
1670 2773 1873 2845 fulgere
1896 2773 2124 2843 gemmis
2152 2791 2164 2827 :

571 2888 627 2934 et
654 2876 930 2933 Christum
962 2874 1017 2928 in
1050 2886 1285 2943 paupere
1314 2872 1455 2924 fatue
1486 2870 1620 2924 mori
1660 2866 1769 2940 [AL
1804 2855 2118 2938 periclitari]
2145 2865 2168 2919 3

568 2972 689 3027 lam
723 2982 832 3023 non
885 2973 1012 3020 sunt
1055 2971 1145 3017 tua
1195 2977 1313 3032 quae
1365 2976 1431 3030 po
1465 2959 1653 3018 sides:
1688 2958 2019 3027 dispensatio
2070 2957 2167 3012 tibi

567 3061 777 3118 credita
809 3066 893 3114 est
922 3075 933 3111 ε
964 3070 1102 3112 cave
1131 3070 1197 3109 ne
1227 3052 1381 3123 quasi
1426 3051 1601 3107 fidelis
1632 3060 1686 3105 et
1714 3050 1952 3105 famosus
1986 3064 2164 3118 quon-

569 3160 695 3215 dam
736 3165 955 3212 tuorum
982 3151 1360 3223 dispensator,
1391 3150 1627 3206 alienam
1662 3148 1946 3221 pecuniam
1976 3146 2163 3204 distri-

568 3249 846 3307 buendam
876 3246 1138 3316 accipias.

645 3341 836 3399 Crates
863 3340 958 3396 ille
992 3337 1289 3395 Thebanus
1316 3383 1329 3406 ,
1358 3333 1520 3393 homo
1546 3334 1816 3408 quondam
1845 3334 2164 3403 ditissinus,

573 3450 697 3492 eum
720 3432 788 3490 ad
818 3428 1312 3504 philosophandum
1342 3428 1581 3482 Athenas
1614 3436 1883 3499 pergeret,
1914 3440 2167 3496 magnum

576 3527 695 3583 auri
738 3522 947 3596 pondus
990 3521 1190 3589 abjecit
1222 3538 1233 3571 :
1270 3534 1370 3573 nec
1415 3519 1620 3588 putavit
1650 3533 1707 3573 se
1738 3534 1898 3588 posse
1939 3520 2168 3572 virtutes

568 3618 727 3673 simul
788 3627 840 3671 et
897 3612 1112 3668 divitias
1174 3611 1495 3681 possidere,
1552 3622 1606 3667 et
1668 3625 1767 3667 nos
1831 3608 2167 3666 suffarcinati

572 3724 707 3766 auro
745 3708 1020 3764 Christum
1069 3719 1362 3775 pauperem
1414 3706 1746 3772 sequimur:
1786 3696 1841 3758 et
1883 3703 1985 3759 sub
2029 3718 2169 3774 prur-

568 3811 720 3859 textu
745 3799 1108 3871 eleemosyna:
1142 3796 1387 3866 pristinis
1416 3796 1611 3867 opibus
1646 3795 1998 3863 incubantes,
2029 3813 2165 3867 quo-

573 3895 735 3952 modo
769 3905 1061 3965 po~sutnus
1096 3892 1269 3945 aliena
1309 3889 1541 3946 fideliter
1569 3890 1919 3958 distribuere,
1954 3891 2041 3961 qui
2073 3906 2170 3945 no-

566 4002 678 4045 t-tra
706 3987 893 4044 timide
916 3984 1293 4041 reservamus?
1321 3984 1578 4056 lntelligis
1608 3985 1736 4057 quid
1762 3986 1977 4055 loquor.
2010 3984 2169 4039 Dedit

571 4084 716 4139 enim
762 4082 857 4136 tibi
891 4078 1151 4135 Dominus
1182 4080 1234 4133 itt
1263 4079 1517 4134 omnibus
1545 4080 1884 4135 inteilectum
1920 4096 1932 4133 :
1962 4078 2167 4133 Prreter

569 4177 776 4231 victum
808 4182 863 4228 et
891 4170 1147 4226 vestitum
1185 4181 1236 4226 et
1281 4172 1600 4227 manifestas
1640 4174 1998 4228 necessitates
2032 4170 2164 4225 nihil

561 4268 818 4338 cuiquam
864 4264 1115 4320 tribuas:
1159 4276 1227 4318 ne
1269 4263 1505 4318 filiorum
1552 4280 1750 4335 panem
1788 4280 1950 4320 canes
1974 4280 2162 4320 come-

569 4362 721 4419 dant.

638 4456 719 4512 Tu
751 4468 881 4525 ergo
910 4450 1217 4515 considera,
1247 4464 1312 4506 ne
1339 4448 1540 4506 Christi
1574 4450 1931 4507 substantiam
1961 4450 2164 4523 impru-

562 4548 755 4605 denter
774 4545 1023 4603 eﬂ'undas
1049 4562 1063 4598 :
1094 4545 1146 4600 id
1169 4554 1271 4610 est,
1306 4559 1395 4611 ne,
1422 4543 1773 4597 immoderato
1800 4544 2023 4613 judicio,
2048 4560 2159 4599 rem

2282 1945 2476 2007 puncta
2508 1938 2706 1990 notarii
2732 1978 2747 2001 ,
2784 1946 2855 1989 tot
2892 1952 3137 1991 meorum
3169 1936 3367 1991 damna
3398 1946 3517 1991 sunt
3544 1944 3815 2007 temporum.

2278 2027 2481 2083 Omnes
2520 2044 2751 2099 namque
2794 2028 2996 2084 divitie
3036 2030 3109 2086 de
3158 2030 3444 2100 iniquitate
3482 2028 3819 2085 descendunt:

2276 2123 2380 2180 nisi
2405 2125 2542 2180 alter
2565 2125 2885 2194 perdiderit,
2926 2125 3060 2181 alter
3084 2125 3329 2181 invenire
3352 2140 3458 2180 non
3496 2135 3677 2195 potest.
3699 2123 3819 2179 Unde

2276 2219 2491 2291 vulgata
2517 2220 2785 2275 sententia
2813 2218 2946 2274 milti
2966 2220 3185 2274 videtur
3207 2234 3329 2275 csse
3350 2220 3617 2275 verissima
3645 2237 3653 2270 :
3681 2218 3817 2281 Dives,

2274 2322 2363 2367 aut
2405 2314 2649 2383 iniquus,
2693 2324 2780 2366 aut
2818 2314 2984 2384 iniqui
3026 2315 3212 2369 lueres.
3258 2313 3422 2368 Vides
3453 2313 3590 2370 enim
3619 2311 3820 2366 homines

2275 2407 2444 2461 maria
2476 2406 2714 2462 transire
2742 2427 2751 2460 :
2782 2420 2907 2463 an'e
2937 2418 3218 2475 potentum
3252 2409 3519 2463 excubare
3546 2406 3707 2460 fores:
3739 2404 3820 2472 pati

2276 2498 2456 2553 omnia
2480 2514 2600 2569 qua:
2630 2514 2913 2553 servorum
2939 2498 3179 2553 conditio
3210 2500 3299 2553 vix
3333 2498 3547 2567 patitur,
3576 2510 3629 2552 ut
3648 2496 3825 2550 divitias

2271 2603 2639 2663 congregem,
2698 2602 2757 2646 ut
2807 2591 3044 2663 aliquam
3094 2592 3367 2663 accipiant
3417 2590 3727 2661 dignitatem.
3777 2588 3825 2641 Et

2268 2697 2558 2758 pOSiquztm
2602 2688 2704 2740 hoc
2736 2686 2940 2741 fuerint
2971 2688 3290 2750 consecuti,
3325 2685 3537 2743 tradere
3561 2699 3615 2739 se
3644 2678 3827 2736 luxurie

2271 2790 2328 2837 et
2358 2780 2725 2851 voluptatibus
2763 2793 2811 2835 et
2844 2779 2991 2834 omni
3036 2780 3309 2852 iniquitati
3336 2822 3353 2849 ,
3392 2789 3450 2835 ut
3479 2778 3614 2850 quod
3646 2772 3825 2831 avaritia

2271 2886 2587 2945 COngregat,
2615 2874 2828 2928 luxuria
2860 2883 3167 2928 consumat.

2344 2965 2434 3020 Isti
2484 2982 2612 3036 ergo
2650 2982 2744 3034 pro
2782 2965 3058 3020 laboribus
3102 2965 3217 3019 suis
3250 2965 3561 3020 efficiuntur
3590 2961 3827 3029 hospitium

2269 3056 2603 3113 daemonum.
2656 3056 2755 3124 Qui
2798 3057 3053 3127 templum
3098 3055 3193 3111 Dei
3240 3071 3369 3112 es~e
3415 3056 3698 3121 debebant,
3725 3051 3829 3105 ﬁunt

2271 3148 2605 3204 tibernacnli
2648 3148 2990 3216 Aithiopntn.
3034 3148 3336 3220 Postquam
3382 3148 3524 3204 enim
3566 3148 3705 3203 ditati
3740 3146 3827 3197 iue-

2194 3224 2239 3287 C
2275 3242 2407 3307 rint,
2443 3250 2495 3296 et
2530 3257 2625 3311 per
2656 3240 2735 3295 fas
2765 3251 2819 3296 et
2848 3243 2999 3307 nefas
3029 3240 3096 3295 ad
3130 3242 3464 3297 altissimum
3492 3239 3701 3310 gradum
3726 3252 3827 3291 con-

2273 3332 2635 3401 scenderittt,
2691 3342 2820 3388 tunc
2872 3333 3203 3389 conscientia
3258 3345 3608 3407 peccatorum
3649 3344 3829 3386 suorum

2273 3444 2493 3498 semper
2530 3437 2796 3496 mortem,
2832 3443 3047 3499 semper
3070 3428 3345 3503 judicium
3380 3426 3760 3490 formidabant,
3790 3432 3831 3475 et

2274 3522 2340 3575 ad
2379 3522 2551 3574 levem
2587 3519 2942 3588 febriculam,
2989 3520 3143 3589 quasi
3182 3520 3435 3577 latrones
3475 3521 3526 3576 in
3564 3533 3757 3574 carcere
3782 3514 3833 3567 de

2272 3612 2495 3683 aeternis
2520 3612 2800 3682 suppliciis
2823 3612 3194 3682 suspirabttnt.
3233 3612 3453 3668 Divites
3479 3622 3651 3667 autem
3675 3607 3750 3674 qui
3768 3607 3832 3657 in.

2268 3709 2442 3779 gressi
2486 3719 2610 3762 sunt
2654 3724 2815 3778 regna
2861 3708 3122 3763 cmlttrtlm
3151 3748 3166 3773 ,
3215 3707 3354 3777 ipsis
3388 3706 3589 3763 divitiis
3628 3703 3687 3757 ad
3725 3700 3833 3753 bona

2270 3810 2488 3856 utentes
2506 3816 2691 3869 opera,
2709 3799 2904 3855 divites
2924 3815 3043 3855 esse
3064 3799 3375 3864 desierunt,
3394 3809 3449 3851 et
3478 3799 3835 3864 dispensatores

2270 3896 2441 3965 magis
2476 3894 2566 3948 Dei
2596 3910 2754 3965 quam
2779 3893 2973 3947 divites
3006 3891 3347 3962 appellandi.
3374 3890 3619 3946 Obsecro
3642 3901 3755 3955 ergo
3779 3894 3834 3944 lc.

2269 4003 2339 4044 ne
2367 3989 2509 4043 lucra
2546 3988 2731 4041 mundi
2758 3988 2811 4041 in
2843 3985 3041 4041 Christi
3068 4001 3293 4056 quaeras
3322 3986 3541 4040 militia.
3572 3978 3771 4051 Negotia
3792 3991 3836 4027 o-

2268 4097 2381 4138 rem
2416 4082 2671 4136 clerientn
2698 4124 2711 4148 ,
2746 4093 2799 4137 et
2828 4098 2893 4137 ex
2926 4082 3086 4151 inope
3108 4081 3344 4137 divitem
3371 4082 3601 4144 factum,
3628 4094 3686 4133 ex
3714 4076 3838 4145 igno-

2267 4175 2361 4231 bili
2413 4175 2751 4247 gloriosum,
2803 4178 2957 4246 quasi
3001 4176 3299 4245 quamdam
3352 4185 3561 4246 pestem
3608 4171 3737 4241 fuge.
3789 4163 3838 4218 Et

2266 4270 2574 4343 praesertim
2608 4285 2730 4323 cum
2765 4269 2932 4323 sciam
2968 4278 3016 4323 te
3052 4269 3149 4323 toti
3183 4270 3546 4324 renuntiasse
3575 4261 3776 4322 mundo,
3801 4266 3841 4311 ei

2268 4363 2495 4435 abjeclis
2522 4362 2854 4433 coloniisque
2883 4361 3088 4417 divitiis
3109 4405 3122 4426 ,
3156 4362 3407 4416 orationi
3426 4407 3439 4425 ,
3473 4357 3710 4424 Iet'tioni,
3732 4353 3842 4425 jeju-

2267 4458 2375 4512 niis
2404 4471 2599 4511 vacare
2630 4453 2891 4526 quotidie.
2918 4452 3325 4509 Procuratores
3348 4470 3568 4525 quoque
3594 4460 3645 4507 et
3665 4450 3843 4515 dispen-

2266 4562 2479 4606 SaIOI'eS
2518 4550 2804 4604 domorum
2850 4550 3150 4602 alienarum
3192 4558 3367 4618 atque
3416 4549 3658 4603 villarum
3693 4536 3841 4595 clerici

566 4656 865 4715 pauperum
896 4638 1102 4694 tribuas
1143 4653 1247 4692 non
1292 4636 1619 4706 patueribus
1647 4679 1661 4701 ,
1696 4638 1838 4705 quod
1891 4637 2033 4706 paris
2078 4646 2163 4693 est

2275 4661 2391 4701 εδεο
2422 4662 2525 4697 non
2553 4660 2584 4714 p
2622 4652 2780 4697 ssunt
2808 4659 2822 4695 :
2849 4643 2937 4712 qni
2963 4643 3218 4712 proprias
3239 4642 3514 4710 jubentnr
3538 4645 3845 4695 contemne'e

567 4732 839 4804 sacrilegii
873 4748 887 4785 :
918 4729 1216 4787 secundum
1256 4729 1456 4783 dictum
1498 4727 1905 4799 prudentissimi
1936 4729 2056 4793 viri,
2093 4729 2159 4783 h-

564 4825 820 4882 heralitas
844 4830 1052 4895 pereat.
1083 4819 1219 4876 Sunt
1251 4836 1463 4890 quoque
1492 4822 1579 4890 qui
1610 4820 1936 4891 pauperibus
1966 4835 2159 4890 parum

561 4920 835 4985 tribuunt,
889 4926 947 4972 ut
991 4914 1223 4984 amplius
1271 4912 1541 4983 accipiant
1597 4930 1607 4967 :
1652 4923 1705 4967 et
1752 4912 1853 4967 Sub
1893 4922 2159 4983 praetextu

562 5014 928 5083 eieemosyna
974 5006 1189 5062 divitias
1225 5014 1471 5075 qua-runt
1518 5021 1681 5072 :qute
1726 5007 1897 5076 magis
1944 5006 2160 5061 venatio

558 5122 717 5176 quam
748 5106 1098 5174 eleemosyna
1129 5098 1357 5155 dicenda
1389 5110 1491 5153 t'st.
1525 5097 1613 5153 Sic
1646 5098 1830 5153 bestia:
1854 5143 1869 5167 ,
1904 5101 1981 5155 sic
2004 5119 2153 5169 aves,

558 5199 640 5253 sic
664 5207 719 5254 et
746 5196 1034 5267 capiuntur
1062 5194 1260 5265 pisces.
1296 5192 1561 5247 Modicum
1611 5192 1664 5245 in
1701 5191 1859 5246 hamo
1890 5210 2029 5248 esca:
2063 5213 2156 5266 po-

569 5292 717 5348 nitur
746 5306 760 5343 :
793 5298 853 5343 ut
899 5295 1265 5342 matronarum
1312 5284 1365 5338 in
1398 5298 1463 5339 co
1492 5283 1697 5338 saeculi
1742 5286 2149 5355 protrahantur.

554 5383 665 5439 Nos
694 5389 873 5437 autem
922 5378 1151 5434 humiles
1178 5386 1341 5447 atque
1382 5375 1725 5445 pauperculi,
1759 5391 1860 5432 nec
1889 5377 2151 5435 habemus

551 5476 795 5544 divitias,
820 5487 921 5529 nec
945 5472 1154 5528 oblatas
1193 5468 1474 5539 dignamur
1501 5467 1769 5538 accipere.
1814 5467 2145 5540 Balsa’mum,

548 5568 703 5639 piper
748 5578 804 5622 et
844 5576 1005 5638 poma
1044 5562 1344 5634 palmarum
1395 5559 1581 5615 rustici
1630 5574 1737 5616 non
1783 5572 1969 5616 emunt
2001 5581 2016 5620 :
2045 5564 2147 5632 Qui

538 5661 688 5717 enim
719 5658 904 5717 vo‘.unt
933 5656 1127 5714 divites
1171 5654 1321 5721 ﬁeri,
1368 5652 1616 5711 incidunt
1652 5654 1704 5710 in
1738 5656 2066 5714 tentationes
2092 5671 2145 5716 et

2266 4738 2579 4794 divitiarum
2627 4739 2928 4790 facultates.
2980 4736 3243 4789 Avaritia:
3288 4752 3515 4805 qunque
3553 4733 3736 4788 malum
3774 4723 3843 4778 ubi

2265 4835 2491 4887 omnino
2522 4829 2795 4885 vitandum
2830 4840 2936 4894 est,
2980 4846 3085 4881 non
3118 4843 3233 4899 quo
3268 4829 3457 4884 aliena
3501 4845 3609 4883 non
3640 4832 3843 4895 appetas.

2265 4925 2369 4982 hoc
2411 4927 2554 4979 enim
2588 4935 2641 4980 et
2687 4923 2918 4991 publica:
2952 4924 3097 4992 leges
3140 4923 3385 4990 puniunt
3424 4942 3437 4977 ε
3486 4923 3581 4977 sed
3621 4936 3718 4988 quo
3743 4926 3843 4975 ῑιη.

2264 5034 2386 5088 qnte
2412 5018 2501 5073 tibi
2532 5026 2655 5069 sunt
2679 5015 2879 5079 aliena,
2905 5030 3012 5067 non
3043 5028 3259 5067 serves.
3293 5013 3357 5069 Si
3388 5015 3443 5067 in
3466 5015 3658 5079 alieno,
3681 5005 3844 5078 inquit,

2268 5110 2447 5175 fideles
2481 5126 2580 5163 non
2616 5108 2812 5177 fuistis,
2848 5105 2987 5177 quod
3026 5116 3259 5159 vestram
3292 5122 3393 5173 est,
3429 5108 3546 5176 quis
3574 5105 3706 5159 dabit
3736 5100 3847 5154 robii

2266 5199 2419 5271 (Luc.
2457 5200 2599 5269 xvi)?

2338 5295 2392 5349 St
2414 5294 2597 5348 ddicis
2623 5311 2631 5344 :
2653 5291 2877 5347 Juvenis
2910 5307 3027 5345 sum
3060 5289 3367 5350 delicatus.
3395 5302 3451 5346 et
3479 5290 3721 5346 manibus
3741 5282 3847 5339 meis

2259 5383 2512 5440 laborare
2552 5400 2659 5437 non
2706 5397 2958 5450 possunt;
3010 5382 3054 5435 si
3102 5380 3169 5434 ad
3224 5395 3527 5438 senectam
3572 5394 3774 5441 venero,
3812 5372 3846 5426 si

2260 5486 2532 5548 agrotare
2572 5488 2828 5545 (mpero,
2862 5474 2986 5543 quis
3034 5472 3137 5527 mei
3183 5474 3591 5531 miserebitur?
3637 5471 3759 5528 Audi
3796 5464 3846 5517 ad

2258 5569 2550 5642 Apostolos
2572 5568 2889 5638 loquentem
2931 5566 3115 5624 Jesum
3157 5584 3174 5621 :
3226 5565 3322 5623 Ne
3359 5567 3607 5644 regnetis
3636 5565 3686 5621 in
3722 5556 3848 5618 corde

2256 5674 2446 5732 vestro,
2471 5662 2594 5735 quid
2617 5660 2970 5730 manducetis,
2999 5675 3161 5732 neque
3189 5663 3417 5735 corpori
3442 5671 3625 5726 rastro,
3653 5654 3767 5731 quid
3787 5654 3848 5706 in-

612 5853 636 5883 ·
670 5844 765 5901 llic
788 5844 985 5901 utinam
1012 5840 1200 5903 deerat
1234 5856 1246 5896 τ
1280 5855 1401 5900 mox
1431 5840 1746 5914 etpeditum,
1777 5856 1874 5914 pro
1898 5845 2136 5917 expedita
2168 5844 2468 5924 legebatur.
