3926 6290
544 352 651 412 ὃέεό

1579 335 1637 394 s.
1679 327 2064 391 utsaotvvut
2104 326 2394 386 eretum
2433 323 2798 384 manssa.
3669 320 3754 378 εδδ

537 470 688 528 dera.
719 477 778 522 ut
805 461 1037 534 impleas
1059 456 1364 525 sacculum,
1393 468 1553 524 quem
1580 449 1844 506 Dominus
1871 457 2139 501 evacuate
2169 444 2220 502 Δ
2248 457 2346 496 nor
2373 450 2663 511 paupertas
2693 448 2747 494 et
2788 435 2990 490 divitiae
3017 429 3366 503 czrlloeantnr,
3392 445 3440 487 ιιι
3478 434 3655 492 divitis
3677 440 3758 493 ιω.

544 559 813 634 praecipit.

583 657 674 712 .Si
718 652 880 723 igitur
909 648 1001 721 qui
1043 647 1246 702 habent
1287 640 1664 715 possessiones
1707 645 1761 690 et
1791 630 2011 688 divitias
2047 627 2136 698 ju-

544 754 744 808 bentur
777 746 959 803 omnia
992 744 1229 799 vendere
1256 782 1273 807 ,
1313 748 1370 793 et
1396 737 1528 792 dare
1559 730 1891 805 pauperibus
1916 767 1932 792 ,
1977 734 2030 780 et
2060 723 2140 776 sic

542 844 695 914 sequi
727 842 1062 897 Salvatorem
1105 853 1120 889 :
1164 831 1408 904 dignatio
1439 839 1530 884 tua
1565 841 1673 882 non
1705 822 1871 880 debet
1895 830 2140 890 quaerere

542 940 687 1011 quod
717 943 1002 1006 erogatura
1041 946 1121 987 es.
1157 928 1327 984 Vidua
1361 926 1452 981 illa
1484 923 1539 978 in
1579 917 1878 988 Evangelio
1911 926 2143 983 pauper-

541 1034 684 1097 cnla,
717 1044 837 1102 qute
867 1028 976 1082 duo
1007 1026 1213 1078 minuta
1244 1019 1389 1074 misit
1428 1016 1482 1070 in
1513 1007 1984 1084 gamphylacium,
2015 1017 2141 1058 cun-

543 1127 646 1180 etis
698 1122 986 1193 praeter-tur
1028 1115 1324 1178 divitibus,
1373 1109 1499 1181 quia
1549 1115 1719 1161 totum
1767 1099 1910 1172 quod
1954 1097 2140 1152 habuit

545 1189 714 1272 dedit:
750 1214 818 1268 Et
850 1223 908 1268 tu
936 1212 1101 1282 igitur
1122 1204 1396 1277 eroganda
1421 1218 1526 1256 non
1557 1212 1796 1270 qumras,
1824 1203 1884 1248 ut
1909 1189 2143 1248 fortissi-

545 1326 692 1364 ιιιιιιιι
726 1305 1069 1379 tyrunculum
1108 1316 1268 1357 suum
1295 1297 1549 1353 Christus
1578 1296 1869 1362 agnoscat,
1897 1297 1956 1340 ut
1985 1285 2142 1338 laetus

540 1404 643 1459 tibi
669 1403 738 1458 de
769 1382 1086 1470 longissima
1127 1395 1354 1464 regione
1397 1388 1636 1444 venienti
1678 1389 1934 1439 occurrat
1964 1389 2141 1449 pater,

544 1514 601 1553 nt
633 1498 829 1552 Slnlaln
861 1494 1067 1548 tribuat
1096 1499 1150 1544 et
1178 1487 1461 1551 annulum,
1492 1491 1552 1537 ut
1572 1476 1822 1535 immolet
1848 1489 1947 1546 pro
1981 1485 2032 1529 te
2064 1471 2144 1527 vi-

546 1593 718 1648 tulum
745 1587 1072 1660 saginatum.
1171 1649 1398 1708 CAPUT
1437 1645 1480 1703 γ

974 1749 1052 1805 De
1083 1745 1308 1802 utilitate
1337 1739 1692 1814 Paupertatis.

2242 536 2474 589 ntanitas
2502 533 2596 588 Dei
2627 530 2880 587 exatriiae
2906 527 3308 596 comprobetur.
3334 526 3597 583 Exsultate
3631 531 3760 585 debet

2243 641 2471 697 panper,
2503 627 2611 679 Deo
2643 625 2850 695 gratias
2894 636 3078 691 agere,
3107 618 3251 689 quod
3295 620 3465 672 multis
3503 619 3760 689 patrimonii

2243 719 2476 774 nexibus
2520 719 2810 778 liberatus,
2842 714 2897 769 in
2941 714 3031 768 die
3065 711 3388 777 probationis
3421 728 3519 766 non
3555 724 3763 782 gravatur

2243 815 2602 885 compedibus
2634 811 2978 867 facultatum.
3034 807 3269 864 Facilius
3307 805 3440 862 liber
3463 807 3676 878 sequitur
3699 807 3763 863 di-

2244 911 2484 981 scipulu~
2506 909 2551 963 D
2576 909 2794 962 .minum
2813 905 2980 960 nullis
3007 903 3232 958 nexibus
3263 901 3565 968 implicatus.
3585 900 3680 955 Non
3699 901 3765 956 de.

2243 1005 2314 1059 sit
2370 1004 2532 1058 etiam
2588 1002 2657 1056 ab
2700 1001 2819 1071 ipso
2873 999 3194 1069 inquantum
3236 1004 3409 1063 potest
3452 991 3765 1048 irriserieordia

2239 1095 2385 1167 justa
2415 1097 2468 1150 in
2500 1109 2724 1163 egenos,
2757 1091 2880 1162 quia
2909 1091 3048 1146 sicut
3070 1088 3250 1158 jusms
3275 1085 3498 1140 eftieitur
3521 1085 3581 1140 de
3621 1084 3766 1153 fruga-

2244 1186 2420 1252 litate,
2470 1185 2828 1241 inferioribus
2881 1192 2936 1237 et
2989 1197 3093 1235 non
3138 1177 3454 1233 habentibus
3503 1191 3768 1246 prorogatur

2245 1296 2355 1337 non
2400 1294 2651 1335 ver-eaiur
2694 1293 2762 1333 ne
2805 1277 2922 1346 ipse
2951 1274 3193 1337 deficiat,
3227 1287 3344 1326 cum
3391 1271 3441 1324 in
3482 1286 3568 1324 usu
3608 1281 3768 1323 sanette

2245 1373 2739 1431 administrationis
2772 1371 2968 1424 habeat
2999 1364 3445 1438 promptissimam
3475 1362 3767 1416 voluntati-m.

2245 1468 2556 1525 Nihilenim
2585 1466 2684 1520 sibi
2709 1464 2909 1528 deerit,
2942 1478 3047 1518 non
3066 1462 3248 1530 cupiat
3270 1457 3320 1513 in
3345 1455 3532 1512 sreculo
3553 1458 3682 1510 dives
3700 1457 3772 1510 lie-

2247 1563 2294 1620 ri
2330 1581 2343 1617 :
2379 1578 2446 1617 ne
2475 1564 2614 1616 mala
2645 1558 2748 1614 sibi
2794 1555 3031 1627 plurima
3077 1553 3344 1622 acquirat,
3370 1550 3569 1606 diteutc
3601 1564 3655 1603 ac
3680 1562 3771 1602 mo-

2248 1656 2674 1726 nentegloriosn
2716 1651 2886 1706 Paulo
2919 1667 2936 1706 :
2977 1647 3240 1703 Habentes
3280 1645 3460 1700 victum
3499 1652 3540 1698 et
3579 1641 3770 1696 vestitum

2247 1750 2329 1804 Itis
2352 1748 2580 1804 contenti
2599 1746 2760 1802 simus
2791 1741 2984 1816 (lbid.,
3013 1738 3113 1814 Vl).

621 1873 836 1941 Pauper
863 1881 996 1923 vero
1023 1865 1097 1920 ita
1128 1857 1498 1917 consolandus
1519 1866 1635 1922 est,
1668 1862 1727 1907 ut
1757 1851 1890 1906 sciat
1919 1849 1971 1903 in
2007 1860 2142 1916 pau-
2174 1839 2222 1898 B
2321 1843 2493 1898 immo
2515 1841 2559 1894 si
2589 1854 2715 1894 vera
2746 1836 2850 1893 title
2877 1845 2932 1891 et
2961 1842 3182 1905 propter
3206 1829 3428 1886 salutem
3457 1825 3659 1883 credere
3691 1838 3775 1880 co:-

551 1978 761 2036 pettate
799 1962 970 2031 magis
1000 1958 1140 2012 bona
1172 1950 1589 2008 consideranda.
1627 1948 1691 2000 Et
1726 1948 1901 2013 pritno
1931 1939 2147 2010 quidem

552 2061 698 2131 quod
739 2073 766 2110 ει
809 2029 1118 2110 Deoillisit
1141 2045 1344 2101 utiliter
1368 2042 1665 2112 provisum.
1697 2032 1980 2092 Praescivit
2003 2029 2148 2086 enim

554 2158 723 2208 Deum
770 2147 1143 2204 inﬁrmitatem
1180 2141 1300 2210 ejus
1338 2135 1744 2198 considerasse,
1788 2141 1842 2185 et
1883 2143 1942 2183 se
1980 2125 2152 2182 scisse

551 2263 621 2314 qu
647 2250 694 2297 id
727 2241 1038 2296 divitiarum
1075 2234 1344 2288 sarcinam
1383 2236 1438 2283 et
1465 2225 1892 2282 sollicitudinem
1929 2231 2152 2291 portare

553 2355 659 2393 non
685 2342 890 2406 posset.
917 2327 1122 2385 Deinde
1146 2326 1286 2380 sciat
1311 2331 1542 2392 quantas
1569 2316 1920 2378 tentationes,
1951 2319 2152 2379 quanta

553 2430 800 2502 pericula
825 2423 1139 2481 trausiverit
1163 2417 1388 2474 nomine
1412 2413 1771 2484 paupertatis,
1804 2409 1848 2462 si
1873 2404 2153 2468 afﬂuentia

554 2497 728 2585 deest,
761 2533 882 2588 quae
910 2513 1224 2581 frequenter
1251 2504 1529 2562 contraria
1564 2514 1670 2559 est.
1705 2499 1787 2556 Ad
1819 2499 1983 2553 animi
2008 2497 2153 2552 divi-

556 2615 660 2667 tias
707 2606 1031 2680 quantocius
1089 2602 1210 2657 sine
1276 2596 1668 2668 impedimento
1722 2593 1775 2648 in
1838 2598 2156 2662 paupertate

555 2703 818 2758 transitur
859 2715 873 2753 :
916 2705 1065 2751 certe
1104 2691 1324 2763 quantis
1373 2687 1530 2744 malis
1559 2686 1737 2741 earuit
1762 2726 1776 2749 ,
1817 2683 2153 2738 consideret.

555 2795 721 2849 Caret
749 2789 975 2856 invidia,
1010 2786 1380 2848 aemulatione,"
1417 2779 1655 2847 insidiis,
1687 2776 1841 2841 dolo,
1875 2772 2152 2842 superbia,

559 2887 930 2948 contentione,
960 2892 1016 2936 et
1046 2881 1128 2934 his
1150 2895 1270 2948 qua:
1304 2874 1618 2930 horninibus
1644 2872 1697 2924 in
1725 2871 1826 2924 hoc
1848 2866 2050 2922 saeculo
2077 2865 2156 2919 di-

554 2983 697 3034 viti-.c
719 2977 900 3032 solent
927 2972 1184 3028 conflare.
1217 2969 1386 3024 Fluxu
1411 2966 1554 3022 enim
1590 2977 1796 3020 rerum.
1829 2970 1884 3015 et
1909 2960 2156 3013 ubertate

558 3073 862 3142 cupiarum,
889 3067 1106 3121 animus
1128 3062 1356 3117 solvitur
1383 3078 1395 3112 :
1427 3060 1575 3128 vigor
1597 3054 1796 3110 mentis
1819 3051 2156 3121 infringitur,

558 3168 729 3219 virtus
779 3159 1030 3229 corporis
1074 3163 1388 3211 enervatur.
1434 3154 1507 3206 At
1549 3151 1602 3203 in
1653 3151 2003 3218 paupertate,
2048 3157 2154 3196 non

562 3258 764 3313 lasciva
795 3251 1080 3314 convivia,
1115 3261 1220 3303 non
1253 3253 1436 3315 turpes
1464 3241 1768 3313 potationes
1808 3255 1823 3292 :
1855 3237 2036 3292 omnia
2068 3249 2157 3288 so-
2183 3232 2230 3297 (ζ

560 3352 708 3414 bria,
753 3346 937 3402 omnia
979 3341 1183 3413 rigida,
1223 3339 1407 3394 omnia
1448 3333 1707 3398 humilia,
1747 3345 1854 3386 non
1897 3328 2152 3398 abjeCta:

559 3443 821 3515 quoniam
843 3436 1183 3495 conscientia
1207 3450 1342 3504 pura
1370 3442 1429 3488 et
1454 3429 1657 3484 virtute
1679 3435 1806 3482 sunt
1823 3424 1984 3496 plena
2013 3441 2024 3476 :
2051 3437 2158 3478 non

559 3548 649 3592 est
672 3532 958 3590 abundans
987 3526 1262 3585 extraneis
1293 3523 1664 3580 facultatibus.

639 3629 756 3682 Non
789 3625 948 3679 facile
987 3622 1056 3676 ad
1085 3619 1300 3675 divitias
1347 3615 1536 3681 animi,
1573 3615 1626 3669 id
1676 3620 1782 3680 est,
1817 3611 1883 3667 ad
1933 3611 2162 3666 virtutes

563 3722 724 3791 hujus
741 3714 1100 3774 mundidives
1123 3710 1353 3766 accedit.
1382 3707 1552 3763 Filius
1583 3707 1728 3761 enim
1758 3703 1855 3759 Dei
1885 3701 2162 3757 difﬁcilius

563 3817 775 3882 dicens,
801 3810 1022 3866 divitem
1048 3806 1276 3862 introire
1301 3803 1354 3858 in
1383 3816 1610 3873 regnum
1640 3799 1904 3855 enatorum
1932 3815 1946 3851 :
1981 3796 2163 3866 utique

564 3905 815 3976 intelligit
862 3914 1158 3973 pauperem
1197 3896 1412 3953 facilius
1443 3912 1456 3949 :
1491 3911 1559 3950 ne
1586 3909 1645 3948 se
1676 3894 1746 3948 ob
1789 3899 2162 3962 paupertatem

565 4002 800 4055 alienum
824 4011 946 4052 esse
968 4010 998 4050 a
1019 4008 1147 4049 cura
1169 3989 1264 4047 Dei
1285 3987 1581 4054 existimet,
1607 3983 1876 4055 PrOphcta
1902 3991 2159 4048 testatur,

566 4095 755 4147 dicens
783 4108 796 4142 :
831 4089 897 4143 Et
947 4100 1232 4158 pauperem
1258 4091 1304 4136 et
1335 4081 1546 4135 divitem
1576 4094 1668 4150 ego
1696 4077 1796 4148 feci
1827 4091 1846 4130 :
1870 4091 1962 4146 pro
1998 4074 2167 4129 omni-

564 4188 658 4240 bus
690 4180 908 4254 aequalis
936 4195 1061 4232 cura
1085 4176 1211 4231 mihi
1237 4184 1337 4230 est.
1369 4172 1488 4229 Non
1515 4173 1764 4228 estenim
1798 4169 1942 4224 Deus
1969 4181 2163 4238 perso-

568 4291 759 4332 narum
791 4279 1078 4343 acceptor;
1108 4283 1209 4324 nec
1247 4281 1348 4338 pro
1377 4265 1470 4320 illo
1503 4274 1711 4320 tantum
1744 4278 1928 4318 curam
1970 4275 2165 4332 gerere

569 4371 878 4438 profitetur,
907 4364 1000 4435 qui
1032 4363 1084 4418 in
1114 4359 1301 4417 saeculi
1329 4357 1539 4413 divitiis
1572 4357 1764 4428 pollet,
1795 4354 1892 4411 sed
1925 4369 2021 4426 pro
2047 4369 2165 4407 out-

571 4466 753 4527 nibus,
787 4472 843 4517 et
878 4474 975 4530 pro
1019 4454 1348 4528 pauperibus
1376 4465 1560 4507 curam
1609 4448 1882 4504 sustinet:
1911 4462 2168 4504 remune-

2252 1936 2420 1994 lestes
2447 1933 2550 1988 sibi
2581 1931 2802 1988 divitias
2840 1937 3065 1998 eeoptet
3098 1936 3154 1983 et
3185 1932 3474 1992 comparet,
3499 1934 3619 1991 quas
3641 1931 3776 1974 unus-

2252 2028 2482 2098 quiSque
2519 2033 2576 2082 et
2626 2020 2999 2078 misericordia
3048 2030 3103 2074 et
3150 2016 3378 2086 reliquis
3419 2013 3609 2068 actibus
3657 2006 3778 2063 bonis

2253 2131 2535 2194 comparat
2554 2129 2609 2176 et
2628 2116 2876 2173 assumit.
2893 2112 3312 2182 Temporalihus
3331 2107 3470 2166 enim
3491 2119 3667 2162 :eterna
3686 2110 3782 2156 sunt

2255 2213 2623 2288 praeponenda
2651 2230 2663 2265 :
2691 2212 2914 2268 caducis
2955 2207 3171 2263 stabilia
3201 2202 3480 2261 :soilzcitis
3517 2199 3780 2254 securim:

2259 2311 2582 2382 periculosis
2609 2310 2780 2364 libera
2813 2323 2827 2362 :
2854 2304 3232 2361 inltonorilicis
3259 2301 3502 2356 clariora.
3532 2295 3599 2366 lgi
3623 2303 3784 2349 urenm

2255 2403 2505 2459 Christus
2533 2401 2762 2456 dixerit:
2784 2399 3021 2455 Primum
3051 2397 3268 2465 qmrrite
3284 2407 3491 2464 regnum
3519 2386 3618 2447 Dei,
3641 2396 3680 2438 et
3701 2381 3786 2433 Inrc

2257 2500 2431 2554 omnia
2459 2506 2786 2570 opponentur
2812 2493 2954 2549 vobis
2982 2490 3203 2562 (Matth.
3221 2487 3320 2558 γι),
3338 2485 3461 2541 ιιιιίιί
3481 2481 3676 2538 dubium
3700 2476 3789 2530 fore

2257 2592 2446 2652 credo.
2478 2589 2562 2644 his
2592 2588 2804 2658 capiam
2834 2583 3204 2658 necessariam
3236 2593 3411 2634 rerum
3442 2574 3491 2629 in
3534 2568 3675 2626 terris
3706 2579 3788 2620 non

2257 2685 2615 2745 defer-turam,
2645 2681 2839 2751 quibus
2875 2656 3121 2734 cmlestizt
3168 2682 3550 2744 pra-parantur.
3578 2659 3707 2716 Unde
3729 2656 3792 2724 liis

2261 2776 2505 2839 monitis,
2536 2782 2589 2828 ct
2621 2775 2772 2826 dives
2815 2776 3175 2837 temperetur,
3207 2775 3259 2818 et
3292 2774 3488 2831 pauper
3513 2753 3790 2811 sublevetur.

2261 2869 2496 2924 Difﬁcile
2524 2877 2793 2937 potentes,
2823 2874 2877 2918 ct
2900 2862 3130 2926 nobiles,
3163 2867 3222 2912 ct
3249 2857 3463 2915 divites,
3491 2861 3541 2906 et
3568 2846 3713 2903 multo
3731 2841 3793 2895 liis

2259 2963 2537 3018 dilficilins
2565 2962 2892 3028 eloquentes
2922 2954 3152 3010 credunt
3185 2952 3321 3007 Deo.
3355 2948 3652 3002 Obca'czttur
3675 2951 3793 2990 nant-

2261 3071 2366 3126 quc
2395 3069 2548 3110 tuens
2579 3069 2768 3107 eorum
2803 3047 3030 3106 divitiis.
3065 3046 3265 3116 opibus
3288 3054 3449 3112 atque
3485 3028 3795 3098 lttxuri.t,cir-

2261 3149 2502 3204 cumdati
2527 3146 2672 3201 vitiis
2702 3161 2808 3199 non
2844 3151 3064 3212 possunt
3095 3139 3290 3195 videre
3325 3139 3563 3188 virtutes.

2335 3242 2485 3299 Felix
2529 3257 2661 3311 ergo
2703 3241 2794 3311 qui
2829 3255 2936 3294 non
2986 3237 3038 3291 in
3084 3235 3312 3297 divitiis,
3345 3245 3446 3286 non
3485 3228 3534 3282 in
3563 3217 3794 3292 sapientia.

2262 3350 2370 3392 non
2403 3336 2454 3390 in
2481 3333 2720 3405 potentia
2745 3330 2991 3386 surculari
3025 3337 3080 3384 ct
3127 3323 3460 3396 eloquentia,
3488 3317 3575 3373 sed
3607 3315 3651 3369 in
3678 3308 3798 3365 Cliti-

2261 3432 2329 3485 sti
2380 3428 2726 3500 passionibus
2771 3425 3055 3497 gloriatur.
3089 3424 3167 3477 Ae
3217 3419 3352 3475 nihil
3411 3409 3645 3469 miserius
3670 3417 3796 3475 qutun

2264 3525 2435 3579 Deum
2463 3531 2686 3590 propter
2708 3532 2986 3574 nummum
3009 3523 3382 3569 contemnere.
3407 3507 3528 3563 Ideo
3547 3515 3685 3574 quem
3707 3510 3800 3548 sen-

2269 3614 2414 3670 seris
2443 3628 2659 3682 semper
2689 3620 2780 3666 ant
2809 3609 3009 3666 crebro
3040 3607 3107 3663 de
3139 3604 3381 3661 nummis
3418 3601 3716 3669 loquentem,
3736 3585 3799 3639 itt-

2265 3709 2512 3767 stitorem
2547 3705 2746 3762 habeto
2779 3703 2962 3776 p0tius
2989 3716 3151 3774 quam
3187 3694 3528 3755 monachum.

2873 3855 3103 3914 CitPU'l‘
3153 3853 3246 3909 Ἠ.

2480 3956 2554 4013 De
2582 3955 2908 4013 Correctione
2937 3961 2984 4007 ct
3026 3951 3278 4005 Doctrina
3311 3937 3652 4000 Prtesz'dcntis.

2341 4095 2543 4151 [lector
2568 4108 2783 4165 quoque
2811 4090 3019 4146 honore
3043 4098 3364 4159 suppresso,
3381 4075 3598 4149 aequalia
3623 4059 3807 4124 subditis

2270 4191 2412 4247 bene
2453 4187 2762 4244 viventibus
2795 4195 2820 4222 λ
2851 4184 3096 4254 deputet,
3132 4189 3188 4235 et
3237 4193 3368 4249 erga
3419 4177 3682 4241 perversos
3716 4161 3808 4254 ἰυττξ

2270 4284 2618 4341 rectitudinis
2649 4295 2910 4337 exercere
2933 4296 3037 4331 non
3069 4247 3349 4330 formidet.
3377 4269 3506 4325 Nam
3534 4247 3810 4332 liquctqtttttl

2271 4393 2463 4433 omnes
2484 4375 2736 4430 homines
2760 4383 2948 4426 natura
2982 4368 3172 4440 genuit
3196 4365 3471 4436 :rquales:
3493 4357 3581 4413 sed
3599 4350 3810 4403 varietate

2273 4471 2626 4533 meritorum,
2653 4467 2849 4522 ordine
2891 4465 3028 4518 alios
3059 4463 3181 4516 aliis
3211 4460 3374 4529 culpa
3407 4446 3707 4526 postposuit.
3731 4434 3811 4533 Sed

575 4567 793 4612 r..tnrus
822 4568 984 4624 quem
1018 4549 1308 4614 invenerit,
1340 4555 1434 4602 aut
1463 4547 1516 4599 in
1545 4543 1753 4597 divitiis
1777 4541 2169 4608 humilem,aut
2203 4616 2249 4634 ἢ
2276 4526 2673 4634 “mgnum,”
2704 4558 3040 4629 negligemus
3087 4526 3332 4607 mmo,
3367 4544 3612 4603 Ecclesia,
3639 4533 3736 4596 Dei,
3762 4526 3813 4580 ob

570 4655 622 4705 ia
677 4655 1000 4719 paupertate
1049 4644 1343 4714 patientem
1391 4658 1404 4694 :

570 4740 816 4811 rnrporis
866 4735 1093 4795 humani
1155 4743 1209 4790 et
1262 4733 1622 4788 ministerium
1671 4730 1934 4801 quaeritur
1981 4729 2169 4800 singu-

572 4839 584 4893 l
628 4854 766 4892 t'tttn.

648 4927 972 4986 Consideres
1020 4921 1258 4980 hominis
1305 4935 1505 4990 corpus
1554 4934 1677 4976 esse
1726 4933 1892 4973 unum
1945 4914 2166 4986 quidem

574 5041 772 5094 οδιϊιιιε
807 5021 939 5078 :sed
971 5021 1198 5092 plurima
1233 5017 1499 5072 membra.
1528 5012 1803 5083 Numquid
1826 5002 2171 5066 etnuia'suut

575 5119 784 5184 orntus,
809 5125 902 5172 aut
931 5131 1046 5186 pes,
1078 5123 1170 5168 aut
1213 5110 1422 5180 reliqua
1454 5105 1730 5164 membra?
1755 5103 1860 5160 Sed
1912 5103 2054 5157 sicut
2098 5103 2174 5156 ait

575 5209 867 5281 Apostolus
897 5207 1092 5263 doctor
1130 5190 1369 5276 gentium
1400 5205 1452 5256 in
1480 5201 1584 5271 ﬁde
1614 5210 1662 5255 et
1691 5200 1905 5254 veritate
1937 5197 1954 5267 (
1980 5195 2002 5249 l
2036 5195 2167 5248 Tim.

576 5305 650 5374 ιι)
682 5317 837 5373 :qua:
869 5300 1127 5356 inferiora
1159 5305 1284 5352 sunt
1307 5294 1549 5351 membra
1578 5291 1835 5364 majorem
1866 5289 1949 5343 his
1981 5287 2172 5343 tribui.

578 5414 696 5451 ltlllS
730 5397 1013 5450 honorem.
1049 5393 1118 5448 Et
1145 5387 1607 5462 quemadmodum
1637 5386 1809 5440 virtus
1837 5383 2170 5452 singulorum

576 5491 950 5547 membrorum
977 5488 1030 5542 in
1063 5499 1162 5541 suo
1185 5484 1380 5539 ordine
1410 5492 1575 5549 atque
1615 5479 1797 5534 officio
1827 5475 2174 5532 demonstra-

577 5596 664 5639 ιιι·
701 5602 714 5639 ;
745 5583 820 5674 ita
845 5581 898 5636 in
929 5582 1097 5637 totius
1127 5577 1348 5650 generis
1383 5573 1608 5634 humani
1640 5586 1870 5643 corpore
1899 5569 2046 5628 velut
2067 5570 2173 5625 nti.

1456 4635 1736 4693 dlsmbmi
1778 4636 1948 4691 "om"
1979 4637 2169 4704 ιίοιί¹¹⁸
2200 4616 2254 4681 D
2277 4671 2509 4726 quorum
2544 4651 2809 4708 incuriam
2859 4650 3002 4719 perit
3038 4647 3216 4700 omnis
3257 4643 3426 4696 decor
3479 4629 3648 4707 pepuli
3687 4621 3813 4678 Chri-

2279 4748 2465 4813 stiani,
2491 4762 2613 4802 cum
2639 4759 2741 4798 nec
2771 4746 2823 4797 in
2843 4740 3194 4796 meditatione
3221 4731 3682 4804 legistlivin;e,nec
3700 4711 3813 4770 Cultu

2279 4843 2521 4914 bietatis,
2552 4855 2653 4895 nec
2683 4839 2734 4892 in
2765 4849 3048 4892 sacrarum
3085 4832 3344 4885 \‘it'ltltttm
3375 4821 3626 4882 exercitio
3646 4811 3817 4866 labora.

2278 4953 2338 4990 re
2364 4944 2652 4990 conentur.
2687 4929 2842 4984 'l‘unc
2872 4929 3016 4983 enim
3047 4922 3300 4979 doctrina
3325 4920 3604 4973 doctorum
3625 4900 3816 4990 suavitas

2276 5039 2382 5093 ρει,
2417 5041 2540 5080 cum
2581 5022 2830 5077 doctrina
2875 5020 3078 5091 pariter
3108 5029 3158 5070 et
3213 5018 3322 5068 vita
3373 5002 3712 5070 consentiant.
3737 4987 3817 5044 Sed

2283 5136 2382 5176 nec
2412 5127 2606 5190 putent
2635 5131 2730 5170 sua
2763 5114 2992 5170 scientia
3022 5122 3074 5165 et
3105 5108 3400 5180 sapientia,
3421 5101 3516 5157 sed
3547 5096 3631 5152 Dei
3657 5083 3819 5144 auxdio

2280 5228 2468 5285 pacein
2505 5209 2764 5265 licclesiis
2786 5207 2899 5261 suis
2930 5204 3198 5261 redditam
3225 5219 3241 5256 :
3267 5201 3355 5270 qui
3403 5201 3447 5252 si
3495 5204 3640 5247 suum
3669 5189 3819 5238 serva-

2278 5305 2462 5360 verint
2508 5303 2752 5372 gradum,
2789 5307 2920 5355 sunt
2965 5299 3160 5353 domus
3203 5295 3324 5361 Dei,
3359 5302 3414 5346 et
3452 5287 3596 5357 quasi
3640 5275 3820 5342 angelus

2281 5396 2519 5453 Dnniui.
2549 5396 2652 5451 Sed
2683 5397 2726 5469 si
2761 5394 2878 5462 plus
2911 5395 3135 5460 cupiunt
3165 5388 3340 5443 videri
3381 5397 3538 5439 nosse
3578 5391 3717 5447 quam
3743 5379 3821 5420 ω’·

2283 5492 2410 5548 teri.
2435 5490 2974 5562 tptandoquc-patcnt
2997 5485 3242 5540 veritatis
3268 5482 3503 5551 regulam
3533 5488 3630 5527 non
3654 5470 3818 5518 tenete.
3859 5470 3868 5482 ’

2350 5581 2614 5654 Magister
2642 5596 2856 5652 quoque
2874 5577 3200 5649 discipulum
3227 5573 3473 5642 corrigit,
3501 5577 3648 5637 quem
3670 5551 3825 5610 arden-

649 5789 1186 5879 “Aberatferbum
1237 5788 1468 5862 deputet.
1523 5787 1662 5862 sunt
1718 5786 1834 5862 lianc
1886 5795 2156 5868 autemet

2261 5800 2314 5856 ι)
2356 5791 2610 5868 aSCriptis
2655 5787 3008 5870 Hieronymo)
3036 5779 3447 5856 commentariis
3473 5767 3828 5850 iaOLatucntati

572 5862 828 5934 .letentiae
851 5875 1130 5938 expressa.
1168 5930 1174 5938 ,
