3926 6290
109 280 193 339 $37

629 269 910 333 REGULA
952 264 1437 328 MONACHORUM
1478 261 1574 325 EX
1612 259 1924 322 SCRIPTIS
1962 257 2346 319 illERONYMl
2384 256 2768 319 COLLEC'l'A.

3265 255 3370 316 338

111 397 228 453 tioris
249 394 415 450 cernit
462 391 687 464 ingenii.
738 391 873 447 Nam
907 389 1150 446 medicus
1182 390 1226 444 si
1261 385 1559 443 cessaverit
1579 399 1674 440 cu-
1699 385 1751 446 Α
1778 381 1938 446 citas,
1964 380 2059 435 sed
2087 388 2274 435 sancta
2323 381 2669 449 simplicitas.
2702 377 2804 447 Qui
2843 377 2988 432 enim
3033 376 3086 433 iit
3116 390 3371 434 sermone

108 507 222 556 rate,
246 491 520 559 desperat.
551 484 818 552 Queniam
865 499 971 538 non
1018 493 1103 538 est
1133 480 1285 552 parvi
1318 477 1457 550 apud
1491 479 1661 533 Deum

108 584 248 640 meriti
275 583 414 638 bene
437 580 580 635 ﬁlios
611 579 868 633 educare.
897 575 1193 632 Rectorum
1226 587 1443 645 quoque
1468 580 1574 636 est,
1606 578 1663 625 ut

106 680 420 737 laborantium
473 677 723 732 noverint
765 674 1046 741 sudorem,
1085 672 1172 728 vel
1210 671 1384 742 lapsis
1435 683 1661 724 manum

109 774 367 846 porrigere,
402 769 492 826 vel
540 768 859 824 errantibus
913 767 1055 822 viam
1103 764 1416 820 ostendere.
1452 761 1558 818 Sed
1591 776 1660 816 ne

106 867 313 939 glorieris
352 862 499 933 quod
532 863 732 918 multos
761 859 1057 931 discipulos
1085 859 1286 914 habeas
1316 875 1327 910 :
1364 855 1530 911 Filius
1560 853 1660 909 Dei

103 959 246 1014 decuit
289 957 344 1012 in
384 956 604 1019 Judtea,
645 964 698 1010 et
744 952 1033 1008 duodecim
1078 950 1234 1006 illum
1275 957 1485 1003 tantum
1529 961 1663 1012 apo-

101 1054 192 1109 troli
208 1050 588 1118 sequebantur.
619 1047 1020 1101 Pharis-reorum
1045 1051 1230 1098 autem
1256 1041 1519 1097 doctrinze
1551 1053 1659 1092 om-

101 1147 161 1199 nis
195 1144 417 1214 popuius
474 1137 864 1210 applaudcbat.
916 1135 1091 1191 Lmdit
1138 1132 1441 1202 discipulus
1482 1130 1656 1198 magi-

97 1247 228 1292 strum
253 1253 266 1290 :
291 1236 336 1289 si
369 1249 465 1303 per
494 1229 882 1301 negligentiam
915 1243 1092 1292 suam,
1127 1234 1401 1297 przecepta
1431 1223 1657 1294 ejusque

98 1332 285 1386 laborem
317 1328 626 1399 disperdat.

147 1424 248 1479 lileo
273 1439 383 1478 non
419 1423 496 1477 sit
533 1421 589 1476 iti
620 1420 699 1476 eis
723 1435 901 1490 ponite
926 1417 1246 1477 diversitas,
1275 1415 1474 1486 quibus
1502 1412 1654 1482 paria

96 1527 191 1570 tunt
228 1527 468 1584 peccata.
501 1513 716 1568 Nul‘ius
747 1525 1038 1580 personant
1077 1510 1336 1579 accipias,
1363 1515 1654 1578 quantum-

93 1625 272 1679 cumque.
312 1609 385 1664 sit
435 1617 634 1678 potens
664 1610 749 1659 vit
782 1604 985 1658 nobilis
1031 1619 1044 1657 :
1087 1601 1133 1655 si
1175 1600 1502 1670 peccaverit,
1533 1613 1655 1651 cor-

96 1705 185 1772 ripe
223 1718 364 1758 cum.
413 1700 551 1756 Nam
594 1697 974 1752 confusionem
1020 1693 1268 1762 sequitur
1314 1687 1650 1760 ignominia:

95 1796 404 1865 ignominiam
454 1792 728 1848 correctio
777 1808 792 1844 :

95 1888 484 1944 conseiationem
508 1886 678 1939 satus.
711 1881 856 1937 Vera
886 1883 1033 1936 enim
1059 1879 1321 1940 amicitia,
1355 1875 1500 1947 quod
1528 1890 1654 1929 sen-

94 1981 162 2046 tit,
187 1981 430 2035 simulare
462 1993 569 2032 non
607 1975 791 2032 debet.
826 1973 941 2029 Non
968 1983 1052 2027 est
1082 1969 1380 2028 crudelitas
1407 1983 1508 2040 pio
1537 1967 1650 2022 Deo

86 2076 267 2129 crimina
313 2071 538 2142 punire,
571 2068 667 2125 sed
719 2068 916 2138 pictas.
947 2063 1091 2120 Nihil
1126 2077 1304 2117 tamen
1342 2060 1646 2123 crudelius,

87 2168 282 2238 n'liitque
315 2165 576 2220 miserius
618 2161 852 2216 inveniri
895 2167 1096 2229 p0test,
1132 2171 1296 2226 quam
1345 2163 1403 2209 ut
1451 2155 1650 2208 timore

84 2260 234 2314 tn-rtis
279 2258 544 2331 proprizc,
589 2272 659 2310 ne
708 2255 938 2309 salutem
988 2250 1222 2306 ﬁliorum
1270 2248 1507 2304 audeant
1551 2247 1648 2303 de-

83 2355 284 2409 lrntlcre.

135 2452 348 2507 ﬂorente
376 2457 559 2505 autem
592 2458 645 2503 te
674 2447 728 2502 in
764 2437 1035 2510 Ecclesia,
1065 2458 1172 2498 non
1207 2443 1415 2498 clamor
1439 2439 1644 2512 populi,

79 2540 150 2596 sel
185 2543 412 2611 gemitus
453 2540 772 2603 suscitetur,
807 2539 1060 2607 lacryma:
1092 2534 1426 2590 audientium
1459 2532 1646 2588 laudes

77 2643 158 2688 tua:
182 2635 297 2689 sint.
333 2634 532 2689 Sermo
579 2629 889 2701 presbyteri
941 2628 1352 2698 Scriptor-arum
1405 2625 1647 2680 lectione

74 2729 286 2782 conditus
335 2729 430 2782 sit.
466 2725 620 2782 Unde
667 2734 722 2779 et
775 2723 1076 2792 Apostolus
1134 2719 1384 2790 przecipit
1413 2717 1644 2796 :‘Scrmo

74 2829 206 2874 tester
221 2821 284 2874 sit
308 2821 426 2874 sale
453 2818 714 2872 conditus.
735 2815 889 2883 Quod
919 2816 962 2869 si
997 2813 1322 2879 infatuetur,
1352 2811 1498 2867 foras
1522 2827 1645 2882 pro-

71 2915 243 2984 jicitur.
276 2924 331 2971 ct
369 2914 554 2985 perdit
595 2913 831 2966 nominis
860 2910 1201 2980 dignitatem.
1233 2908 1363 2962 Nam
1393 2906 1536 2961 sicut
1568 2905 1642 2959 vi-

74 3007 208 3061 CiOiiJ
238 3007 480 3073 Βιιιιιίιιί,
504 3001 811 3072 triumphus
835 3011 918 3055 est
939 3016 1220 3056 semirum
1250 3019 1263 3055 :
1289 3000 1368 3054 sic
1401 2997 1643 3067 magistri

73 3101 293 3160 eruditio.
328 3098 736 3168 dirCiplllUl’llm
791 3093 1087 3166 proiectus.
1136 3093 1250 3148 Nisi
1297 3091 1442 3147 enim
1481 3099 1644 3151 caput

1765 491 1828 533 se
1853 475 1983 530 dicit
2014 475 2296 545 apostolos
2329 474 2553 542 imitari,
2591 473 2745 544 prius
2775 470 3022 527 imitetur
3055 472 3285 527 virtutes
3313 482 3371 528 et

1766 570 1932 626 vitam
1991 569 2248 637 illorum,
2291 569 2343 623 in
2387 568 2586 639 quibus
2645 566 2903 637 loquendi
2959 566 3366 634 simplicitatem

1766 663 2066 719 excusabat
2099 661 2277 716 sancti
2323 661 2561 715 nominis
2594 659 2931 729 magnitudo.
2966 658 3082 714 Non
3113 660 3258 714 enim
3291 659 3370 712 fa.

1765 758 1840 812 cit
1870 756 2240 812 ecclesiastica
2274 755 2508 826 dignitas
2549 753 2918 809 Chrisrianum
2949 771 2961 808 :
2995 768 3097 809 nec
3145 764 3231 810 est
3285 755 3363 808 fa-

1764 850 1868 905 cile
1889 858 2038 904 stare
2062 849 2184 904 loco
2208 849 2386 914 Pauli,
2421 857 2612 904 tenere
2642 848 2867 919 gradum
2898 848 3067 914 Petri,
3095 849 3206 919 jam
3239 864 3362 902 cum

1763 940 1983 997 Christo
2011 939 2355 1011 regnantium
2392 955 2406 994 :
2440 957 2508 995 ne
2539 939 2680 995 forte
2708 941 2895 994 veniat
2922 942 3143 1007 angelus
3178 941 3364 993 Domi-

1762 1033 1840 1099 ni,
1870 1035 1961 1105 qui
2000 1034 2213 1089 scindat
2260 1035 2438 1091 velum
2476 1035 2662 1104 templi
2705 1035 2802 1100 tui,
2838 1033 2928 1104 qui
2971 1033 3357 1087 candelabrum

1762 1134 1911 1181 tuum
1941 1126 2011 1182 de
2043 1127 2161 1182 loco
2195 1135 2434 1181 moveat.

1831 1220 1999 1292 Igitur
2027 1220 2394 1276 trdilicaturus
2429 1221 2644 1290 turrim,
2683 1219 2848 1275 futuri
2893 1221 3077 1290 operis
3107 1229 3358 1288 sumptus

1761 1324 2042 1384 computa.
2075 1315 2246 1370 Sicuti
2280 1330 2389 1369 non
2433 1315 2792 1385 .lcrosolyuiis
2833 1313 3024 1378 fuisse,
3058 1313 3151 1367 sed
3194 1315 3355 1368 .icro-

1763 1406 1996 1478 solymis
2054 1407 2193 1462 bene
2238 1407 2464 1472 vixisse,
2494 1405 2830 1460 laudandum
2884 1417 2990 1461 est.
3026 1406 3185 1460 Prius
3231 1421 3362 1475 ergo

1774 1501 2061 1566 faciamus,
2094 1508 2148 1554 et
2183 1500 2591 1554 sicdoceamus
2621 1517 2632 1551 :
2673 1514 2739 1552 ne
2772 1498 3036 1552 doctrina:
3067 1499 3365 1562 atmoritas

1759 1591 1928 1648 castis
1960 1592 2216 1662 operibus
2241 1593 2578 1646 destruatur.
2613 1588 2745 1644 Nam
2777 1589 2844 1644 de
2873 1589 3263 1659 eloquentibus
3306 1600 3362 1643 et

1762 1685 2236 1753 promintiantihus
2281 1686 2475 1754 plenus
2519 1693 2600 1738 est
2646 1684 2822 1738 orbis.
2867 1682 3190 1752 Loquuntur
3235 1699 3358 1751 qua:

841 1789 1237 1844 correctionem
1286 1783 1595 1840 consolatio
1638 1801 1652 1835 :
1688 1779 1735 1842 Β
1762 1778 2010 1832 nesciunt
2034 1798 2046 1834 :
2068 1777 2268 1832 docent
2297 1795 2418 1847 qum
2444 1793 2551 1831 non
2571 1777 2902 1831 didicerunt.
2930 1775 3171 1846 Magistri
3195 1775 3352 1844 liunt,

1758 1887 1882 1926 cum
1916 1882 2044 1926 ante
2066 1872 2318 1940 discipuli
2352 1887 2463 1925 nun
2496 1870 2724 1926 l'uerint.

1829 1964 1934 2020 Sed
1970 1979 2070 2019 nec
2098 1963 2163 2016 ad
2191 1962 2540 2018 scribendum
2569 1962 2679 2018 cito
2722 1961 2998 2032 prosilias,
3023 1970 3078 2016 et
3120 1962 3223 2017 levi
3255 1962 3358 2018 du-

1756 2057 1896 2111 caris
1922 2055 2133 2109 insania
2160 2073 2172 2109 :
2199 2056 2484 2126 multoque
2504 2067 2748 2123 tempore
2775 2055 2924 2109 disce
2951 2053 3095 2124 quod
3124 2055 3346 2120 doceas,

1757 2158 1811 2204 et
1839 2164 1946 2203 non
1986 2149 2067 2203 sic
2099 2150 2406 2203 temeritate
2447 2147 2807 2219 quorumdam
2841 2148 3044 2202 doceas
3069 2148 3212 2218 quod
3253 2164 3349 2203 ne-

1754 2243 1939 2297 scias:
1977 2243 2072 2296 sed
2110 2253 2238 2296 ante
2267 2242 2420 2297 disce
2453 2241 2598 2312 quod
2637 2240 2898 2295 docturus
2925 2240 3034 2313 [ΑΙ.
3069 2240 3340 2309 ἀίςιιιι-ιςςι

1751 2352 1832 2393 es.
1857 2337 1988 2392 Nam
2019 2339 2114 2406 qui
2146 2335 2413 2407 sapientis
2434 2335 2598 2390 verba
2628 2337 2820 2390 crebro
2848 2334 3033 2389 audire
3062 2345 3114 2389 et
3152 2335 3352 2388 ittlclli-

1751 2445 1881 2500 gere
1929 2429 2188 2501 nt‘gligit,
2221 2430 2388 2483 vitam
2429 2443 2582 2482 suam
2629 2429 2937 2496 gubernare
2987 2443 3094 2481 non
3148 2429 3339 2480 novit:

1750 2531 1955 2591 quanto
1986 2524 2158 2591 magis
2192 2537 2295 2576 nec
2327 2521 2555 2594 aliorum
2605 2519 2858 2587 regimini
2902 2519 3158 2589 proiicit?
3183 2519 3348 2588 Igitur

1750 2602 1968 2669 sei-vum
1993 2613 2164 2667 servis
2197 2625 2247 2666 te
2280 2628 2404 2667 esse
2455 2612 2731 2666 convenit.
2771 2612 2949 2678 Atque
2999 2611 3070 2664 ita
3125 2611 3177 2664 in
3235 2627 3354 2664 ont-

1750 2708 1909 2763 nibus
1941 2708 2264 2777 perdocere,
2295 2714 2353 2758 tit
2396 2704 2724 2774 quicumque
2764 2704 3349 2764 ειιιιῑῑυηῑ,οςοιινίιι·είιο

1752 2803 1898 2857 tione
1930 2813 2015 2855 tua
2044 2801 2216 2871 magis
2247 2815 2407 2870 quam
2443 2814 2696 2854 sermone
2740 2797 3047 2867 proficiant.
3074 2798 3346 2864 Quoniam
3411 2840 3418 2846 .

1749 2896 1973 2966 quidem
2030 2911 2136 2948 non
2188 2894 2242 2948 in
2296 2908 2552 2949 sermone
2597 2903 2681 2947 est
2731 2907 2957 2962 regnum
3014 2891 3132 2956 Dei,
3163 2891 3258 2946 sed
3294 2892 3345 2945 in

1749 2989 1964 3042 virtute.

1820 3080 1926 3135 Sed
1959 3095 2027 3135 ne
2058 3078 2237 3134 statim
2265 3077 2636 3133 multitudinis
2658 3077 3077 3146 acquiescatnus
3108 3076 3350 3145 iudicio:

75 3191 162 3265 [ΑΙ.
189 3190 502 3265 cerebrum]
530 3206 722 3245 sanum
775 3191 867 3254 sit,
898 3188 1082 3243 omnia
1125 3185 1364 3242 membra
1415 3193 1540 3239 sunt
1592 3184 1643 3238 in
1675 3173 1721 3237 C
1752 3174 1848 3230 sed
1878 3174 2034 3229 eleCIi
2089 3173 2140 3226 in
2181 3173 2546 3242 principatum
2589 3184 2879 3224 noscamus
2911 3183 3222 3223 mensuram
3252 3185 3352 3222 no-

74 3299 200 3342 τειιο.

129 3382 338 3452 ριιςιιιιιη
385 3380 642 3436 doctvina
687 3394 796 3433 non
825 3378 925 3433 erit
960 3376 1014 3432 in
1058 3374 1342 3441 Ecclesiis,
1375 3372 1645 3442 intellige-

74 3493 170 3532 mus
210 3480 389 3548 perire
448 3475 790 3546 pudicitiam,
823 3474 1128 3528 casﬁtatem
1183 3471 1344 3534 mori,
1373 3477 1426 3522 cl
1454 3483 1644 3522 omnes

73 3570 199 3624 obire
224 3575 482 3635 virtutes,
511 3569 636 3638 quia
675 3583 781 3621 non
814 3565 1172 3620 comederunt
1210 3563 1434 3618 verbum
1467 3560 1646 3615 llomi-

73 3662 132 3714 ni.
156 3663 300 3718 Tunc
339 3663 629 3731 Scriptum
658 3660 809 3714 utilis
853 3668 936 3711 est
965 3657 1336 3717 audientibus,
1365 3671 1486 3708 cum
1517 3653 1645 3707 alis-

71 3769 153 3815 qne
177 3757 394 3809 Christo
426 3770 538 3807 non
571 3753 802 3806 discitur
834 3769 848 3807 :
877 3765 998 3805 cum
1031 3749 1151 3802 sine
1181 3747 1488 3801 Patrenon'i
1520 3761 1647 3814 pro-

70 3848 252 3901 fertur:
282 3863 411 3901 cum
447 3846 565 3899 sine
600 3843 808 3912 Spiritu
842 3856 1066 3905 sancto,
1101 3857 1206 3895 non
1257 3839 1497 3894 insinuat
1555 3839 1646 3892 ille

69 3953 139 4002 qm
188 3939 469 4001 nrrdicat.
503 3937 612 3992 Sed
661 3935 887 3990 difli:-ile
926 3937 1124 4004 dignus
1159 3947 1337 4001 prtcco
1381 3932 1644 3986 virtutum

69 4033 243 4087 tilnisti
274 4032 514 4088 inveniri
551 4038 754 4102 potest,
786 4030 874 4100 qui
908 4028 959 4082 in
989 4025 1382 4082 annuntiantlis
1410 4025 1516 4078 illis
1540 4040 1644 4078 non

69 4140 223 4184 suam.
250 4129 347 4180 sed
384 4127 512 4194 ejus
541 4135 743 4195 qua-rat
777 4125 1010 4193 gloriam
1041 4139 1200 4193 quem
1226 4119 1500 4190 przcdicat.

120 4217 376 4273 Confusio
401 4232 618 4288 quoque
641 4225 724 4268 est.
749 4215 1037 4285 ignominia
1059 4224 1112 4268 et
1129 4214 1310 4268 Jesum
1326 4213 1644 4266 cruciﬁxum

67 4319 110 4360 rt
139 4328 429 4378 iatn-ercto
462 4325 514 4366 et
547 4313 881 4365 esurientem
915 4309 1074 4363 fartis
1117 4307 1418 4378 praedicare
1448 4321 1646 4374 Corpo-

69 4405 238 4459 tibus:
272 4421 329 4462 et
378 4407 717 4476 ieiuniorum
751 4405 1054 4459 (locitittatn
1094 4419 1190 4472 per
1219 4402 1478 4458 rubentes
1508 4401 1643 4454 huc-

68 4513 143 4551 ω
174 4501 556 4569 tumentiaqne
585 4515 678 4552 ora
709 4499 974 4568 proferre.
1007 4496 1118 4551 Neu
1151 4494 1485 4549 confundant
1514 4507 1644 4562 ergo

65 4607 202 4655 σευ-η
231 4607 552 4647 sermonem
581 4575 753 4655 tttuitt,
783 4601 839 4644 ιιι
864 4606 985 4644 (‘llllt
1017 4589 1068 4643 iu
1103 4586 1360 4643 Ecclesiis
1382 4585 1646 4656 loquaris,

69 4683 239 4734 tat-itm
266 4686 510 4754 quisque
534 4683 867 4750 respondeat
900 4698 912 4734 :
937 4680 1047 4733 Cur
1070 4679 1186 4732 haec
1209 4693 1331 4749 qua:
1355 4677 1513 4741 dicis,
1535 4675 1648 4744 ipse

66 4787 154 4827 non
203 4774 390 4829 ficis?
420 4775 693 4829 Accusare
741 4771 1024 4827 avaritiam
1076 4772 1236 4826 etiam
1277 4769 1416 4823 latro
1443 4776 1647 4838 potest.

62 4865 364 4922 Sacerdmis
386 4883 489 4921 vox
511 4883 635 4923 cum
658 4875 838 4921 mente
866 4864 1183 4921 concordet.
1217 4863 1350 4918 Nam
1373 4859 1650 4931 quomodo

65 4969 223 5022 i-otest
273 4976 486 5030 prarses
537 4961 800 5016 Ecclesia:
846 4961 1043 5014 malum
1105 4959 1322 5012 auferre
1361 4957 1431 5011 de
1474 4954 1654 5010 medio

65 5055 188 5121 rj'ts,
213 5054 311 5125 qui
365 5055 418 5108 in
459 5054 719 5108 delictum
759 5053 936 5109 s’milc
969 5051 1286 5107 corruerit?
1318 5052 1393 5105 Ac
1439 5064 1548 5119 qua
1586 5048 1652 5102 li-

66 5145 263 5202 lirriale
313 5145 547 5217 corripit
597 5157 950 5215 peccantem,
984 5161 1106 5199 cum
1157 5144 1351 5197 tacitus
1398 5142 1513 5211 ipse
1551 5138 1656 5195 sibi

65 5237 389 5303 respondeat
434 5237 628 5295 eadem
688 5238 977 5292 admisisse
1009 5251 1131 5304 qua:
1173 5234 1442 5304 corripit?
1473 5233 1660 5288 Perdit

63 5331 194 5386 enim
226 5331 617 5386 auctoritatem
662 5331 915 5396 docendi,
953 5331 1107 5398 cujus
1155 5344 1323 5400 opere
1355 5344 1538 5382 sermo
1565 5327 1660 5381 tle-

63 5424 301 5477 strlitur.
343 5423 408 5476 Et
440 5423 573 5478 illud
605 5423 771 5478 Tullii
799 5443 809 5476 :
836 5425 1009 5492 Caput
1035 5423 1166 5476 artis
1194 5435 1274 5476 ρει
1294 5420 1496 5476 decere
1516 5419 1658 5490 quod

59 5515 199 5570 lacis.

62 5645 86 5677 ι,
129 5610 495 5670 Venerationi
526 5607 655 5664 mihi
685 5624 900 5681 semper
931 5606 1192 5679 l'uit,fnon
1227 5607 1453 5663 verbosa
1499 5608 1650 5664 rusti-

124 5791 149 5822 '
173 5784 369 5845 Antea
397 5799 499 5846 non
520 5785 787 5860 probatur,
811 5790 872 5842 et
899 5797 1025 5844 aiax
1055 5783 1286 5858 nonjam
1317 5781 1568 5839 insinuat.

538 6007 566 6034 δ

1745 3276 1911 3323 stram
1942 3276 2035 3322 :ct
2061 3267 2412 3321 liuniilietnnr
2434 3266 2534 3319 sub
2559 3264 2766 3333 potenti
2791 3278 2954 3316 manu
2987 3262 3103 3316 Dei.
3137 3262 3345 3317 Revera

1747 3361 1820 3414 nil
1870 3359 2069 3415 iutilius
2127 3369 2459 3427 pra'ceptore
2507 3356 2739 3418 furioso,
2793 3370 2916 3410 cum
2973 3354 3172 3409 debeat
3221 3371 3345 3410 csse

1751 3462 2072 3508 mansuetus
2103 3460 2157 3505 et
2186 3452 2431 3506 eruditus
2467 3469 2478 3502 :
2533 3459 2759 3502 econtra
2809 3455 2967 3502 torvo
3019 3446 3196 3511 vultu,
3231 3456 3345 3500 tre-

1749 3547 2022 3601 mentibus
2071 3544 2257 3612 labiis,
2289 3552 2479 3612 rugata
2525 3541 2725 3607 fronte,
2749 3538 3028 3595 elirenatis
3058 3538 3343 3598 conviciis.

1749 3639 1890 3694 l'arie
1931 3639 2076 3692 inter
2115 3637 2396 3708 pallorem,
2434 3634 2799 3702 ruboretnque
2842 3635 3073 3695 variata,
3104 3631 3345 3685 clamore

1753 3732 2047 3803 perstrepit
2082 3747 2096 3784 :
2129 3742 2182 3786 et
2222 3737 2473 3783 errantes
2514 3742 2623 3780 non
2659 3736 2764 3779 tam
2803 3724 2869 3778 ad
2914 3724 3114 3777 bonum
3156 3721 3344 3787 trahit,

1750 3841 1910 3896 quam
1946 3829 2011 3878 ad
2049 3824 2272 3886 malum,
2306 3820 2514 3874 szcvitia
2563 3835 2657 3872 sua
2706 3816 3010 3886 prn-cipitat
3035 3833 3048 3868 ε
3076 3815 3203 3868 licet
3236 3829 3343 3868 non

1753 3918 1842 3988 qui
1875 3917 2121 3970 irascitur
2157 3913 2447 3968 iracundus
2487 3920 2592 3976 est,
2625 3910 2719 3962 sed
2759 3909 2849 3960 ille
2882 3908 2971 3974 qui
3003 3906 3200 3960 crebro
3242 3904 3342 3957 liae.

1753 4007 2008 4076 passione
2036 4020 2348 4072 soporatur.
2383 4006 2628 4070 Suntque
2659 3999 2810 4052 inulti
2841 3999 3100 4052 docentes
3133 4013 3194 4050 ea
3224 4013 3345 4063 qum

1752 4117 1858 4156 non
1904 4108 2144 4170 oportet,
2172 4097 2340 4165 turpis
2387 4095 2522 4150 lucri
2568 4095 2742 4165 gratia
2777 4111 2790 4144 :
2823 4092 2913 4161 qui
2959 4100 3100 4144 totas
3150 4089 3346 4143 donius

1749 4174 2107 4247 subvertuirt:
2133 4199 2185 4243 et
2217 4197 2406 4258 putant
2437 4195 2708 4254 quatstum
2733 4198 2856 4239 esse
2887 4181 3345 4253 pietatetn.Quod

1751 4287 2071 4356 plet-nmque
2095 4281 2317 4342 accidit,
2343 4289 2400 4335 ut
2432 4278 2728 4333 habeamus
2757 4290 2962 4345 pugnas
2987 4272 3123 4340 legis
3147 4288 3252 4327 non
3277 4273 3348 4325 oli

1750 4377 2080 4433 desiderium
2121 4372 2364 4429 veritatis
2408 4370 2551 4426 :sed
2605 4368 2677 4423 ob
2729 4363 3049 4436 iactantiam
3109 4364 3344 4434 glorize:

1751 4472 1878 4526 dum
1916 4467 2059 4536 apud
2097 4465 2380 4521 audientes
2410 4462 2554 4516 docti
2592 4459 2843 4514 volumus
2887 4456 3210 4512 existimari.
3249 4454 3350 4510 Fc-

1680 4571 1730 4632 ι)
1755 4566 1898 4620 Stino
1928 4564 2090 4634 igitur
2117 4562 2287 4632 gradu
2325 4571 2613 4630 pergamus
2641 4554 2707 4608 ad
2741 4553 3049 4622 magistros,
3078 4560 3132 4605 et
3159 4567 3348 4605 corum
3412 4610 3416 4614 _

1757 4670 1994 4712 lemnius
2031 4655 2218 4710 limina
2254 4669 2268 4706 :
2298 4662 2353 4707 et
2385 4656 2651 4721 pra-cepta
2690 4647 2951 4701 virtutum
2989 4660 3054 4700 ac
3095 4641 3351 4714 niystcria

1753 4752 2152 4820 Scripturarum
2185 4744 2395 4799 vincula
2423 4752 2670 4810 putemus
2689 4746 2915 4793 acterna.

2360 4896 2591 4953 (3.\l'UT
2625 4895 2736 4949 \‘ll.

2355 4992 2434 5049 Dc
2467 4992 2777 5049 Soi'ilrtdim'.

1835 5140 2070 5205 Revera,
2095 5145 2149 5190 ut
2182 5133 2505 5206 simpliciter
2532 5138 2737 5187 motum
2781 5128 2976 5183 mentis
3000 5140 3134 5180 mea:
3165 5124 3357 5189 fatear,

1764 5234 2117 5291 considerans
2149 5240 2200 5284 ct
2249 5227 2594 5300 prepositum
2642 5231 2792 5277 tuum
2838 5231 2892 5275 et
2939 5220 3221 5285 ardorem,
3252 5234 3362 5288 quo

1764 5325 1968 5382 saeculo
2001 5323 2325 5378 renuntiasti
2360 5337 2372 5372 :
2407 5318 2742 5374 ditl‘erentias
2781 5315 2832 5368 in
2865 5313 3002 5368 locis
3029 5314 3287 5377 arbitror,
3319 5313 3363 5365 si

1765 5419 1988 5476 urbibus
2012 5431 2065 5472 et
2090 5415 2392 5485 frequentia
2423 5412 2630 5468 urbium
2660 5410 2945 5475 derelicta,
2981 5410 3032 5463 in
3065 5409 3238 5478 agcllo
3262 5407 3360 5458 ha-

1769 5514 1931 5579 biles,
1961 5520 2017 5566 et
2048 5509 2319 5564 Christum
2365 5507 2419 5560 iti
2463 5503 2760 5560 solitudine
2788 5516 3017 5572 qureras,
3047 5510 3100 5554 ct
3122 5514 3244 5552 ores
3275 5513 3365 5551 so-

1769 5605 1854 5662 lus
1894 5606 1946 5660 in
1974 5611 2159 5660 mente
2186 5615 2306 5655 cum
2339 5597 2488 5668 Jesu,
2515 5603 2941 5663 sanctorumque
2973 5592 3214 5646 loeoruin
3251 5598 3367 5642 ωοιι
