3926 6290
518 320 629 382 339

1525 313 1537 379 ι
1570 311 1628 369 ε.
1670 303 2055 369 HIERONYMI
2092 300 2377 363 0PERUM
2417 302 2784 365 MANTISSA.

3676 306 3765 367 3ιο

520 451 639 498 tum
658 433 1031 495 vicinitatibus
1048 429 1367 504 perfruaris,
1388 426 1443 484 id
1464 435 1567 495 est,
1589 437 1648 483 ut
1671 437 1724 483 et
1744 425 1877 482 urbe
1903 437 2117 489 careas,
2147 417 2207 484 Δ
2228 435 2288 477 es
2338 422 2585 478 mundo?
2632 423 3012 494 Paupertatem
3056 422 3249 479 times?
3313 423 3492 479 beatus
3538 438 3766 494 paupere.

526 545 586 593 et
615 531 957 605 propositum
982 525 1234 583 monachi
1266 538 1370 579 non
1400 523 1639 579 amittas.
1666 520 1883 592 Loquor
1915 532 2024 572 non
2053 516 2122 573 de

530 625 823 698 episcopis,
857 638 962 677 non
1014 620 1082 675 de
1125 616 1361 683 clericis,
1391 629 1626 687 quorum
1665 614 1766 667 alia
1813 626 1972 667 causa
2017 619 2121 674 esr,

532 720 638 774 alia
670 714 944 773 monachi.
973 711 1167 769 Clerici
1192 725 1324 765 oves
1354 717 1602 780 pascunt,
1637 722 1740 777 ego
1771 720 1990 775 pascor.
2014 702 2124 759 Sed

531 816 601 870 de
632 812 904 868 monacho
936 809 1152 879 loquor,
1183 806 1273 877 qui
1308 805 1543 876 pretium
1573 801 1976 873 possessionum
2000 812 2128 853 sua-

530 925 654 965 rum
680 906 746 961 ad
772 903 939 976 pedes
959 900 1348 973 Apostolorum
1376 898 1577 968 posuit,
1611 896 1818 951 docens
1842 891 2127 965 pecuniam

532 998 871 1063 calcandam,
903 995 1205 1057 humiliter,
1232 1002 1289 1048 et
1342 998 1557 1047 secreto
1604 988 1883 1053 victitans,
1912 998 2131 1054 semper

532 1102 848 1152 contemnat
894 1088 1040 1161 quod
1094 1088 1266 1143 semel
1313 1082 1663 1153 contempsit.
1724 1080 1859 1135 Nam
1903 1091 2131 1133 summa:

539 1188 786 1244 stultitiae
818 1193 924 1250 est,
958 1181 1273 1238 renuntiare
1314 1178 1534 1241 saeculo,
1566 1175 1845 1231 dimittere
1876 1171 2130 1241 patriam,

537 1282 706 1337 nrbes
737 1279 1014 1343 deserere,
1050 1271 1379 1329 monachum
1419 1268 1683 1339 proﬁteri,
1710 1277 1764 1321 et
1791 1265 1936 1320 inter
1963 1263 2134 1335 majo-

540 1390 626 1429 res
653 1371 882 1443 populos
914 1382 1137 1438 peregre
1162 1364 1268 1438 [AL
1309 1358 1689 1433 periculosius]
1721 1360 1926 1414 vivere.

603 1466 738 1534 Quia
773 1464 942 1533 igitur
986 1462 1223 1514 fraterne
1280 1462 1620 1524 interrogas,
1668 1467 1763 1521 per
1801 1464 1965 1521 quam
1993 1449 2134 1503 viam

538 1558 802 1621 incedere
845 1555 1095 1610 debeas:
1131 1552 1366 1608 revelata
1408 1560 1584 1604 tecum
1636 1546 1774 1602 facie
1823 1544 2035 1614 loquar.
2079 1542 2136 1600 Si

541 1652 782 1707 ofﬁcium
813 1648 893 1703 vis
923 1661 1180 1703 exercere
1219 1643 1561 1716 presbyteri,
1596 1640 1641 1695 si
1676 1640 2021 1710 episcopatus
2048 1647 2099 1691 te
2119 1680 2135 1706 ,

540 1746 625 1800 vel
656 1759 817 1813 opus,
860 1740 945 1796 vel
994 1740 1170 1795 honor
1202 1738 1341 1793 forte
1369 1736 1640 1799 delectat,
1673 1733 1800 1788 vive
1829 1732 1881 1786 in
1912 1730 2139 1786 urbibus

2227 514 2479 572 Christus
2506 518 2764 588 appellat.
2798 516 3015 573 Labore
3046 518 3303 573 terreris?
3332 515 3426 571 sed
3457 531 3602 572 nemo
3624 518 3768 575 athle-

2231 619 2281 665 ta
2329 612 2446 668 sine
2478 612 2771 669 sudoribus
2823 625 3138 667 coronatur.
3187 613 3259 667 De
3285 613 3404 668 cibo
3443 613 3663 682 cogitas?
3692 615 3769 671 sed

2229 716 2358 758 vera
2400 702 2534 758 ﬁdes
2572 702 2771 758 famem
2812 718 2918 759 non
2952 703 3125 758 timet.
3169 703 3343 772 Super
3387 704 3569 758 undam
3599 707 3765 762 metuis

2231 797 2452 852 humum
2481 813 2648 853 exesa
2674 798 2895 870 jejuniis
2924 799 3164 853 membra
3188 798 3487 854 collidere?
3511 799 3597 854 sed
3625 799 3775 855 Domi-

2233 907 2333 946 nus
2364 900 2537 947 tecum
2561 891 2726 960 jacet.
2760 891 3010 959 Squalidi
3040 892 3237 961 capitis
3268 891 3449 945 horret
3478 892 3663 947 inculta
3688 909 3773 948 ca:-

2234 986 2449 1042 saries?
2477 986 2570 1041 sed
2596 995 2761 1057 caput
2794 995 2840 1042 tr
2854 1001 2945 1043 um
2984 983 3236 1042 Christus
3265 994 3369 1041 est.
3410 985 3607 1040 Inﬁnita
3638 988 3778 1043 eremi

2237 1080 2461 1135 vastitas
2492 1080 2709 1134 terret?
2738 1080 2833 1133 sed
2868 1091 2921 1133 ttt
2954 1078 3267 1150 paradisum
3302 1088 3478 1131 mente
3504 1077 3776 1134 deambula:

2235 1173 2448 1243 quoties
2474 1171 2603 1227 illuc
2630 1172 3020 1227 conscenderis
3037 1212 3052 1235 ,
3086 1173 3249 1226 toties
3278 1171 3329 1226 in
3354 1186 3533 1227 eremo
3554 1188 3647 1226 non
3671 1174 3778 1227 eris.

2237 1269 2282 1324 Ο
2313 1268 2593 1324 desertum
2624 1267 2827 1323 Christi
2855 1266 3082 1321 ﬁoribus
3111 1266 3377 1322 vernans!
3409 1268 3450 1319 υ
3474 1265 3716 1327 solitudo,
3736 1267 3780 1322 itt

2238 1377 2342 1432 qua
2378 1360 2453 1415 illi
2495 1369 2797 1415 nascuntur
2828 1359 3056 1429 lapides,
3096 1358 3164 1413 de
3195 1358 3393 1428 quibus
3423 1358 3472 1411 in
3505 1358 3782 1428 Apocalypsi

2239 1456 2430 1510 civitas
2448 1455 2625 1523 magni
2649 1453 2792 1524 regis
2824 1452 3156 1508 exstruitur!
3182 1454 3225 1506 υ
3254 1466 3467 1506 eremus
3486 1449 3781 1519 familiarius,

2242 1544 2349 1617 [AL
2378 1544 2651 1616 familiari]
2680 1544 2790 1602 Deo
2817 1542 3084 1614 gaudens,
3109 1552 3164 1597 et
3191 1542 3409 1597 caetera!
3428 1541 3505 1596 Ad
3527 1558 3633 1609 qua:
3653 1543 3785 1597 etiam

2244 1636 2374 1691 illud
2418 1636 2666 1707 Apostoli
2710 1654 2723 1690 :
2770 1634 2891 1689 Non
2924 1641 3043 1687 sunt
3075 1634 3348 1703 condigna:
3384 1633 3633 1694 passiones
3663 1634 3786 1703 hujus

2246 1729 2489 1799 temporis
2520 1727 2589 1780 ad
2619 1731 2852 1798 futuram
2880 1727 3123 1798 gloriam,
3149 1741 3266 1797 qua:
3293 1722 3589 1778 revelabitur
3608 1724 3652 1778 in
3674 1723 3790 1777 nobis

541 1848 596 1894 ct
627 1835 868 1892 castellis
900 1853 912 1888 :
945 1843 1000 1889 et
1037 1832 1266 1887 aliorum
1309 1829 1560 1896 salutem,
1594 1827 1805 1881 lucrum
1832 1823 1917 1878 fac
1945 1823 2141 1877 animm
2172 1824 2223 1887 Β
2249 1820 2427 1895 (Rom.
2458 1820 2601 1892 vut).

548 1946 673 1990 tuae.
709 1932 803 1989 Sin
829 1939 1006 1984 autem
1036 1928 1189 1996 cupis
1221 1940 1341 1980 esse
1362 1923 1504 1993 quod
1534 1920 1767 1986 diceris,
1803 1916 2137 1975 mooachus;

542 2027 670 2095 quid
701 2026 833 2080 facis
876 2024 927 2078 itt
956 2021 1204 2087 urbibus,
1238 2034 1358 2089 qua:
1390 2016 1581 2087 utique
1611 2030 1718 2069 non
1743 2019 1871 2067 sunt
1901 2011 2141 2066 solorum

545 2120 887 2187 habitacula,
937 2117 1031 2171 sed
1080 2113 1424 2169 multorum?
1498 2110 1671 2165 [labet
1724 2105 2147 2178 unumquodque

546 2214 891 2285 propositum
927 2208 1202 2280 principes
1231 2220 1381 2261 suos.
1406 2204 1641 2258 Romani
1665 2200 1832 2256 duces
1864 2200 2147 2254 imitentur

549 2306 836 2371 Camillos,
858 2303 1166 2367 Fabricios,
1200 2299 1462 2368 Regulos,
1493 2294 1800 2365 Scipiones.
1827 2290 2148 2360 Philosophi

546 2407 857 2473 proponant
882 2398 984 2452 sibi
1016 2395 1377 2466 Pythagoram
1406 2430 1421 2455 ,
1463 2390 1742 2445 Socratem
1762 2429 1778 2453 ,
1826 2386 2106 2441 Platonem
2130 2423 2147 2450 ,

547 2494 932 2550 Aristotelem.
978 2490 1159 2545 Poeta:
1226 2484 1555 2541 tetnulentur
1602 2482 1935 2546 llomerum,
1977 2477 2151 2547 Virgi-

552 2590 706 2655 lium,
740 2582 1129 2647 Menandrum,
1174 2579 1513 2635 Terentium.
1540 2575 1829 2642 Historici,
1873 2572 2152 2644 Thucydi-

554 2680 701 2745 dem,
734 2676 1054 2740 Salustium,
1085 2672 1445 2739 Herodotum,
1477 2670 1714 2725 Livium.
1739 2668 2018 2733 Oratores,
2044 2666 2153 2738 Ly-

554 2772 714 2834 siam,
750 2767 1061 2835 Cracebos,
1099 2765 1552 2828 Demosthenem,
1603 2761 1867 2817 Tullium.
1903 2760 1970 2815 Et
2001 2769 2058 2813 ut
2083 2758 2153 2814 ad

552 2876 737 2922 nostra
769 2866 1070 2932 veniamus,
1110 2860 1351 2931 episcopi
1392 2868 1447 2915 et
1475 2856 1781 2928 presbyteri
1830 2854 2069 2909 habeant
2096 2853 2152 2907 iu

557 2962 872 3031 exemplum
921 2958 1213 3028 Apostolos
1244 2964 1298 3011 et
1327 2952 1658 3023 apostolicos
1687 2951 1835 3005 viros
1868 2967 1881 3003 :
1921 2962 2153 3018 quorum

555 3058 817 3113 honorem
843 3053 1203 3125 possidentes,
1230 3050 1432 3104 habere
1464 3049 1707 3101 nitantur
1732 3054 1787 3100 et
1818 3044 2094 3100 meritum.

627 3154 737 3209 Nos
752 3160 933 3205 autem
951 3148 1245 3203 habeamus
1260 3144 1524 3217 propositi
1538 3141 1708 3196 nostri
1729 3137 1999 3210 principes
2012 3136 2153 3191 Pau-

2317 1916 2427 1969 Cur
2466 1915 2628 1986 igitur
2673 1913 2864 1969 timido
2907 1914 3094 1969 animo
3145 1911 3482 1968 Christianus
3521 1913 3614 1983 es?
3659 1911 3793 1968 Filius

2249 2007 2486 2063 hominis
2549 2024 2653 2062 non
2711 2005 2873 2063 habet
2910 2008 3000 2061 ubi
3047 2017 3209 2076 caput
3240 2023 3399 2060 suum
3448 2005 3662 2062 reclinet
3701 2022 3712 2057 :
3753 2015 3795 2058 tu

2253 2099 2461 2169 amplas
2493 2101 2733 2167 porticus
2754 2112 2808 2156 ct
2836 2099 3074 2169 ingentia
3099 2108 3369 2153 tectorum
3398 2099 3561 2170 Spalia
3583 2098 3796 2153 metiris:

2256 2190 2636 2248 ltzcrcditatem
2669 2207 2763 2248 exs
2776 2202 2994 2262 pectans
3027 2190 3242 2256 s:eculi,
3265 2192 3505 2264 cohmres
3529 2188 3711 2244 Christi
3733 2203 3799 2243 es-

2249 2299 2309 2341 se
2338 2300 2442 2339 non
2476 2286 2710 2355 poteris.
2751 2284 2933 2339 Nudos
2964 2294 3111 2338 amat
3149 2298 3387 2339 cremus.
3421 2283 3622 2352 Corpus
3647 2296 3799 2336 assue-

2252 2384 2365 2431 tum
2399 2378 2636 2442 tunicis,
2674 2377 2857 2432 lorica:
2896 2391 3032 2431 onus
3072 2391 3178 2430 non
3216 2376 3345 2430 fert.
3388 2374 3553 2444 Caput
3591 2383 3799 2445 opertum

2253 2474 2455 2539 linteo,
2489 2473 2705 2542 galeam
2737 2480 2975 2528 recusat.
3012 2470 3232 2526 Mollem
3263 2472 3377 2525 otio
3404 2484 3638 2535 manum,
3666 2467 3801 2521 durus

2252 2574 2548 2637 exasperat
2577 2567 2824 2635 capulus.
2848 2566 2951 2622 Sed
2979 2581 3108 2630 cur,
3141 2565 3326 2635 inquis
3347 2607 3361 2629 .
3392 2565 3573 2636 pergis
3610 2562 3668 2617 ad
3707 2576 3801 2615 erc-

2254 2661 2442 2715 mum?
2473 2660 2733 2717 videlicet
2764 2672 2826 2715 ut
2857 2669 2909 2715 te
2951 2674 3057 2715 non
3087 2659 3305 2713 audiam
3330 2701 3345 2725 ,
3380 2674 3483 2714 non
3512 2656 3731 2721 videam,
3760 2663 3803 2709 ut

2258 2764 2351 2810 tuo
2384 2754 2568 2809 furore
2598 2768 2704 2808 non
2737 2768 2976 2819 movear,
3011 2762 3072 2807 ut
3118 2762 3205 2807 tua
3245 2752 3387 2807 bella
3419 2766 3520 2806 non
3549 2752 3723 2819 patiar.
3748 2763 3798 2802 ne

2256 2864 2346 2905 me
2374 2849 2554 2919 capiat
2584 2848 2774 2903 oculus
2807 2847 3146 2913 meretricis,
3184 2861 3250 2901 ne
3282 2845 3459 2901 forma
3481 2841 3797 2917 pulcherrima

2256 2944 2323 3000 ad
2355 2942 2575 2997 illicitos
2603 2941 2764 2997 ducat
2791 2941 3099 3012 amplexus.

2328 3033 2709 3104 Respondebis
2739 3052 2752 3087 :
2789 3033 2892 3089 hoc
2923 3048 3029 3087 non
3061 3042 3147 3088 est
3189 3028 3467 3102 pugnare'.
3506 3027 3596 3085 sed
3632 3026 3803 3096 fugere.

2260 3127 2355 3185 Sta
2384 3128 2436 3182 in
2468 3127 2614 3192 acie,
2647 3125 2981 3182 adversariis
3020 3134 3266 3179 armatus
3304 3122 3509 3179 obsisto
3549 3139 3561 3175 :
3598 3129 3651 3174 ut
3688 3125 3807 3189 post-

552 3251 659 3313 los,
681 3248 973 3310 Antonios,
989 3207 1611 3307 Julianus,-llilariones,
1628 3207 1990 3290 Μίιέθι-ῑοεξΕι
2014 3228 2151 3287 utad
2177 3207 2227 3272 C
2256 3236 2415 3292 quam
2436 3219 2655 3285 viceris,
2671 3217 3183 3275 coroneris.Fateor
3203 3216 3622 3272 imbecillitatem
3644 3226 3802 3268 meam.

559 3340 965 3409 Scripturarum
999 3334 1385 3390 auctoritatem
1420 3329 1666 3395 redeam,
1694 3334 1878 3381 noster
1901 3326 2159 3395 princeps

559 3436 919 3499 lilias,noster
933 3430 1184 3501 princeps
1198 3422 1626 3489 Elismusmostri
1639 3420 1807 3475 duces
1823 3417 1916 3472 ﬁlii
1934 3417 2161 3488 prophe-

559 3542 736 3584 tarum
761 3527 850 3596 qui
880 3523 1201 3578 habitabant
1228 3519 1280 3573 in
1305 3516 1450 3587 agris
1477 3524 1532 3571 et
1571 3509 1974 3573 solitudinibus,
1999 3516 2055 3564 et
2079 3506 2160 3562 fa-

559 3622 776 3678 ciebant
819 3618 934 3679 sibi,
963 3611 1307 3669 tabernacula
1341 3623 1510 3679 prepe
1542 3606 1743 3662 ﬁuenta
1773 3601 2046 3660 Jordanis.
2083 3602 2159 3658 De

561 3715 645 3769 his
668 3720 871 3770 suntet
895 3709 973 3764 illi
995 3708 1087 3762 lilii
1117 3702 1357 3769 Rechab,
1375 3701 1467 3772 qui
1497 3700 1688 3754 vinum
1716 3704 1773 3752 et
1792 3696 2021 3751 siceram
2048 3709 2157 3749 non

561 3808 836 3870 bibebant,
862 3814 917 3859 et.
936 3798 1286 3855 morabantur
1311 3796 1361 3849 in
1386 3791 1671 3849 tentoriis:
1700 3791 1791 3861 qtti
1818 3790 1909 3844 Dei
1941 3803 2035 3857 per
2067 3786 2158 3843 Je-

560 3904 786 3960 remiatn
814 3912 949 3955 voce
973 3895 1282 3959 laudantur,
1318 3900 1370 3945 et
1399 3886 1736 3958 promittitur
1757 3884 1858 3948 eis,
1884 3881 2025 3954 quod
2048 3895 2157 3936 non

559 3996 777 4051 deﬁciat
821 3993 889 4046 de
927 3990 1097 4058 stirpe
1138 3999 1327 4039 eorum
1359 3981 1460 4049 ,vir
1489 3990 1642 4034 stans
1679 3992 1862 4032 coram
1908 3973 2155 4029 llomiuo.

559 4090 924 4153 Interpretare
948 4081 1111 4150 igitur
1136 4074 1459 4132 vocabulum
1493 4069 1746 4126 monachi
1776 4088 1786 4122 :
1820 4068 1921 4122 hoc
1949 4076 2029 4121 est
2061 4080 2161 4119 no-

562 4194 684 4232 men
715 4188 885 4229 tuum.
919 4171 1059 4239 Quid
1087 4170 1217 4224 facis
1252 4171 1305 4221 in
1339 4166 1498 4221 turba
1525 4166 1615 4234 qui
1644 4163 1794 4217 solus
1823 4161 1926 4215 es?
1957 4176 2061 4214 non
2094 4158 2160 4212 ti-

563 4272 613 4324 bi
640 4269 829 4324 eadem
860 4279 1046 4330 causa,
1079 4277 1198 4333 qua:
1224 4260 1462 4315 castoris.
1494 4258 1662 4311 Nemo
1696 4244 1957 4323 prOpheta
1988 4254 2039 4306 in
2063 4267 2159 4321 pa-

561 4365 663 4418 tria
694 4379 787 4417 sua
823 4362 1089 4415 honorem
1122 4356 1306 4410 habet.
1334 4352 1467 4408 Nam
1500 4352 1591 4406 ubi
1624 4352 1799 4405 honor
1826 4365 1935 4403 non
1960 4346 2156 4411 est,ibi

559 4463 907 4525 contemptus
948 4459 1049 4507 est.
1097 4449 1202 4507 Ubi
1248 4455 1594 4514 contemptus
1624 4452 1744 4508 est,
1788 4443 1864 4497 ibi
1898 4442 2155 4511 frequens

560 4550 777 4620 injuria.
821 4547 922 4604 Ubi
956 4545 1179 4615 injuria,
1219 4542 1292 4597 ibi
1335 4540 1655 4609 indignatio.
1690 4537 1792 4594 Ubi
1825 4537 2150 4608 indignatio,

2259 3314 2396 3370 Nolo
2458 3329 2556 3383 spe
2608 3328 2851 3383 pugnare
2894 3311 3180 3378 victoriae,
3231 3325 3300 3366 ne
3328 3309 3546 3381 perdam
3600 3307 3807 3376 aliquan-

2259 3410 2331 3466 do
2360 3409 2668 3465 victoriam.
2691 3407 2805 3464 Nisi
2839 3407 3026 3478 fugero
3049 3448 3064 3472 ,
3089 3416 3180 3461 aut
3207 3405 3534 3461 vincendum
3564 3401 3678 3458 mihi
3711 3408 3803 3462 est,

2259 3511 2353 3557 aut
2380 3488 2704 3571 cadendum.
2742 3500 2880 3569 Quid
2910 3508 3091 3554 autem
3121 3511 3355 3555 necesse
3384 3507 3467 3554 est
3496 3507 3636 3551 certa
3662 3491 3810 3550 dimit.

2262 3604 2397 3662 tere,
2420 3603 2475 3649 et
2506 3594 2714 3649 incerta
2742 3589 2979 3647 sectari?
3002 3594 3108 3646 Aut
3135 3598 3317 3657 scuto,
3344 3597 3439 3645 aut
3467 3586 3676 3659 pedibus
3694 3596 3807 3639 mors

2260 3690 2476 3746 vitanda
2501 3699 2604 3745 est.
2631 3688 2709 3741 Tu
2741 3687 2830 3758 qui
2863 3701 3095 3758 pugnas,
3118 3696 3172 3741 et
3202 3683 3455 3756 superari
3480 3690 3629 3755 potes
3649 3690 3694 3735 et
3721 3677 3809 3731 vin-

2260 3799 2403 3840 cere.
2445 3783 2555 3854 I'Tgo
2588 3797 2708 3837 eum
2734 3780 2926 3851 fugere
2948 3823 2963 3849 ,
2998 3796 3105 3834 non
3135 3779 3299 3833 vinco
3328 3778 3382 3833 in
3416 3793 3484 3833 eo
3515 3776 3647 3849 quod
3673 3771 3808 3841 fugio,

2261 3877 2354 3932 sed
2382 3877 2503 3931 ideo
2538 3875 2682 3946 fugio
2711 3890 2778 3929 ne
2814 3875 3019 3929 vincar.
3064 3872 3226 3928 Nulla
3258 3872 3531 3928 securitas
3558 3879 3639 3924 cst
3666 3864 3811 3920 vicino

2262 3978 2516 4039 serpente
2545 3966 2825 4022 dormire:
2860 3976 3039 4036 potest
3064 3963 3203 4031 ﬁeri,
3236 3974 3296 4019 ut
3328 3978 3417 4019 tne
3449 3978 3552 4016 non
3581 3956 3807 4015 mordeat.

2261 4061 2405 4132 Fuga
2429 4061 2571 4115 enim
2608 4074 2715 4114 non
2750 4058 3113 4121 infidelitatis,
3147 4056 3239 4111 sed
3267 4053 3567 4127 prudentiae
3594 4049 3810 4107 indicium

2261 4165 2363 4222 est,
2398 4173 2465 4211 ne
2495 4156 2696 4210 frustra
2723 4169 2819 4209 nos
2851 4153 3140 4209 offeramus
3170 4150 3462 4222 periculis.

2331 4249 2437 4304 Sed
2461 4265 2633 4318 nuper
2661 4246 2882 4319 ngypti
2915 4246 3131 4301 deserta
3158 4244 3343 4300 vidisti
3376 4260 3395 4299 :
3427 4242 3642 4298 intuitus
3668 4251 3718 4293 es
3737 4250 3814 4289 an-

2262 4344 2486 4415 gelicmn
2515 4342 2772 4396 familiam
2802 4359 2813 4394 :
2848 4339 3037 4409 quanti
3066 4339 3139 4393 ibi
3167 4338 3335 4394 ﬁeres
3365 4338 3530 4393 sunt?
3559 4348 3701 4407 quam
3721 4328 3811 4396 spi-

2260 4435 2553 4490 ritualibus
2574 4434 2803 4505 gemmis
2827 4443 2975 4503 prata
3000 4431 3327 4486 vernantia?
3350 4428 3538 4485 Vidisti
3565 4436 3693 4482 serta
3718 4421 3811 4492 qui-

2260 4529 2359 4584 bus
2381 4528 2642 4584 Dominus
2657 4536 2968 4583 coronatur.
2992 4525 3086 4581 llle
3109 4525 3204 4580 tibi
3234 4525 3374 4597 ignis
3398 4526 3450 4580 in
3476 4533 3681 4595 pectore
3700 4530 3811 4570 exm-

665 4645 819 4715 qnies
850 4604 1026 4694 nulla:
1054 4604 1337 4706 libi'quies
1367 4604 1477 4687 non
1505 4642 1610 4697 est,
1649 4630 1721 4684 ibi
1756 4645 1909 4685 mens
1949 4604 2095 4698 stupe
2121 4644 2152 4684 a
2181 4604 2234 4665 Π
2262 4632 2429 4707 stuet,
2474 4630 2530 4677 et
2560 4622 2654 4676 illa
2697 4621 2942 4692 quotidie
2969 4620 3171 4686 cogita,
3205 4625 3405 4683 tracta,
3437 4614 3701 4674 considera
3724 4607 3809 4682 [AL

561 4735 840 4805 preposito
891 4730 1195 4785 deducitur.
1235 4726 1335 4783 Ubi
1374 4734 1552 4779 autem
1588 4738 1684 4793 per
1720 4720 2151 4793 inquietudinem

560 4826 763 4899 aliquid
793 4824 1041 4880 aufertur
1065 4838 1133 4877 ex
1162 4819 1368 4889 studio,
1397 4818 1576 4872 minus
1605 4816 1661 4870 fit
1692 4814 1761 4870 ab
1783 4831 1847 4870 eo
1869 4814 2011 4885 quod
2042 4814 2151 4870 tol-

556 4922 707 4975 litur.
738 4920 805 4973 Et
830 4916 916 4971 ubi
948 4920 1126 4969 minus
1148 4922 1250 4981 est,
1280 4910 1579 4983 perfectum
1613 4924 1718 4964 non
1743 4916 1920 4979 potest
1947 4907 2076 4963 dici.

631 5013 709 5066 Ex
759 5012 857 5065 hac
898 5007 1283 5078 supputatione
1334 5004 1427 5058 illa
1477 5018 1686 5057 summa
1731 5003 1991 5067 nascitur,
2036 5015 2152 5056 mo-

559 5104 791 5161 nachutn
854 5100 1157 5172 perfectum
1205 5097 1256 5151 in
1305 5096 1479 5165 patria
1511 5109 1605 5148 sua
1646 5109 1770 5149 esse
1813 5110 1917 5149 non
1964 5108 2144 5162 posse.

555 5198 860 5253 Perfectum
894 5204 1075 5249 autem
1102 5206 1225 5247 esse
1252 5190 1419 5255 nolle,
1452 5188 1769 5259 delinquere
1798 5197 1901 5243 est.
1929 5186 2032 5243 Ubi
2051 5203 2147 5241 au-

557 5300 665 5345 tem
688 5302 789 5357 ego
819 5302 962 5341 nunc
986 5301 1133 5351 sum,
1160 5298 1269 5340 non
1294 5283 1469 5337 solum
1499 5281 1626 5352 quid
1655 5264 1916 5353 agiturin
1946 5280 2145 5350 patria,

548 5384 653 5440 sed
684 5397 750 5436 an
784 5381 958 5451 patria
983 5380 1260 5449 persistat,
1294 5378 1503 5449 ignoro.
1529 5374 1701 5430 Immo
1729 5390 1829 5429 nec
1853 5373 1984 5428 mihi
2014 5386 2145 5427 con-

553 5477 765 5538 ectitur
804 5488 945 5528 unus
979 5472 1205 5542 angulus
1235 5470 1408 5526 eremi
1446 5486 1459 5522 :
1490 5466 1734 5539 quOtidie
1770 5479 2040 5536 exposcor
2078 5465 2143 5519 ii-

555 5574 703 5639 dem,
732 5566 887 5640 quasi
910 5568 1027 5623 sine
1058 5565 1163 5620 ﬁde
1187 5572 1414 5619 renatus
1437 5562 1561 5617 sim.

1134 5656 1361 5713 CAPUT
1403 5654 1538 5709 Vill.

551 5832 566 5845 ν
874 5756 952 5810 De
982 5752 1275 5817 Laudibus,
1309 5758 1357 5803 et
1383 5747 1623 5802 Utilitate
1659 5744 1859 5801 Eremi.

627 5853 765 5922 Quid
792 5854 955 5924 igitur
984 5850 1097 5921 agis
1124 5858 1211 5917 tu,
1245 5842 1444 5910 frater,
1477 5843 1533 5901 in
1570 5842 1806 5910 saeculo,
1832 5839 1925 5917 qui
1965 5839 2145 5921 major

1822 6027 2024 6047 ~,.\‘."-:‘1r‘.
2078 6024 2109 6029 ’⁷

2256 4704 2574 4791 desidera],
2615 4726 2671 4772 et
2707 4715 2861 4786 quasi
2897 4714 3138 4786 quodam
3187 4727 3416 4768 carcere
3454 4719 3627 4766 tentus
3661 4701 3809 4757 cxcla‘

2254 4827 2342 4867 ma
2374 4828 2387 4865 :
2422 4810 2542 4865 Heu
2578 4827 2688 4874 me,
2730 4810 2855 4881 quia
2892 4808 3205 4880 prolongata
3251 4817 3324 4861 est
3355 4800 3692 4878 peregrinatio
3721 4808 3811 4847 mea

2254 4903 2482 4977 (Psalm.
2513 4902 2692 4974 cxtx):
2718 4912 2774 4957 et
2805 4902 2855 4958 in
2881 4900 3193 4972 paradisum
3223 4909 3414 4955 mente
3442 4893 3809 4953 conscendens,

2253 4992 2411 5051 toties
2440 4995 2491 5050 in
2528 5003 2672 5050 terra
2709 5010 2815 5048 non
2848 4992 2989 5059 eris,
3023 4992 3238 5063 quoties
3268 5002 3483 5047 terrena
3508 4978 3808 5058 despexeris.

2255 5089 2454 5145 Eadem
2486 5086 2642 5143 nobis
2664 5097 2811 5142 certe
2839 5102 2961 5141 cum
2986 5086 3071 5140 his
3095 5084 3187 5155 qui
3215 5083 3459 5139 habitant
3490 5096 3579 5151 per
3604 5078 3809 5133 deserta,

2253 5186 2493 5240 c0nditio
2513 5191 2635 5239 est:
2665 5182 2823 5237 iidem
2859 5181 3025 5247 oculi,
3062 5179 3290 5235 totidem
3322 5186 3618 5245 etmanus,
3649 5167 3806 5224 iisdem

2253 5277 2657 5333 inﬁrmitatibus
2686 5276 2771 5332 vel
2807 5274 3099 5331 virtutibus
3126 5272 3500 5343 subjacemus.
3527 5270 3578 5324 Si
3612 5276 3659 5321 te
3682 5273 3807 5331 aqua:

2251 5383 2411 5445 potus
2435 5378 2613 5435 vexat,
2638 5369 2824 5440 quanti
2858 5368 3069 5425 nobiles
3095 5381 3200 5421 non
3224 5364 3404 5421 dicam
3428 5364 3546 5419 vina
3570 5356 3803 5415 nesciunt.

2251 5467 2346 5524 sed
2374 5481 2569 5522 carnes
2594 5464 2863 5535 ignorant.
2883 5474 2937 5518 et
2960 5464 3080 5519 fuso
3105 5461 3215 5535 [ΑΙ.
3241 5458 3440 5531 infuso]
3473 5467 3669 5514 tantum
3687 5452 3808 5515 ιυιιιι·

2249 5562 2395 5618 mine
2422 5556 2835 5615 sustentantur?
2865 5554 2925 5611 Si
2951 5556 3267 5611 balnearum
3299 5560 3357 5608 te
3383 5551 3596 5606 lavacra
3637 5538 3807 5599 sollici-

2252 5664 2389 5721 tant,
2413 5650 2599 5723 quanti
2632 5647 2908 5719 principes
2930 5647 3232 5712 civitatum,
3250 5644 3367 5701 sive
3388 5643 3461 5701 ob
3479 5641 3680 5713 culpam
3702 5644 3805 5705 pro-

2246 5749 2445 5818 priam,
2470 5744 2587 5798 sive
2627 5743 2696 5799 ob
2729 5740 2988 5797 invidiam
3032 5741 3097 5796 ad
3140 5738 3347 5796 insulas
3388 5732 3681 5807 deportati,
3708 5724 3803 5780 sine

2245 5850 2457 5899 aeterno
2480 5835 2710 5910 praemio
2735 5844 3103 5908 perpetuaque
3124 5832 3382 5895 mercede
3402 5830 3607 5903 absque
3620 5818 3802 5887 balneis
