3926 6290
137 303 221 362 511
667 295 957 355 REGULA
994 292 1476 353 MONACHORUM
1517 294 1611 350 EX
1653 292 1961 355 SCRIPTIS
2003 298 2387 359 HIERONYMI
2423 297 2809 357 COLLECTA.
3293 302 3403 363 '5“

138 413 501 492 perseverant?
540 411 720 469 Nemo
749 412 802 468 id
834 411 1160 468 necessitate
1196 410 1306 482 pati
1345 424 1454 465 non
1485 417 1683 481 potest,
1715 412 1771 473 Α
1864 410 1909 466 0
1937 412 2156 482 quoties
2187 414 2239 468 in
2262 428 2446 469 eremo
2476 416 2807 468 constitutus
2834 422 2889 470 et
2919 413 2972 471 in
2998 413 3089 471 illa
3122 422 3273 472 vasta
3296 430 3389 471 so.

137 510 252 583 quod
272 524 361 579 pro
389 508 499 562 Deo
526 506 635 576 pati
665 504 947 561 voluntate
976 503 1263 560 detrectet.
1778 501 2047 565 ’Iitudine.
2080 519 2201 574 quze
2226 512 2414 560 exusta
2447 504 2583 560 solis
2618 503 2925 575 ardoribus,
2977 504 3256 563 horridum
3279 520 3397 564 mou

192 601 401 658 Habebis
427 598 681 655 cellulam
704 612 825 669 qua:
852 610 901 653 te
928 597 1106 651 solum
1146 596 1349 666 capiat.
1381 595 1552 653 Immo
1581 609 1690 651 non
1800 592 1989 650 nachis
2014 603 2237 667 prrestat
2273 596 2642 652 habitaculum
2679 614 2693 650 :
2726 598 2979 667 putabam
3012 614 3100 655 me
3131 599 3396 661 Bouiania

135 698 221 751 eris
241 695 377 749 solus
402 708 416 747 :
448 692 695 763 angelica
727 692 882 747 turba
906 691 1235 755 versabitur,
1263 698 1345 747 tot
1372 691 1531 761 socii,
1561 698 1694 762 quot
1799 687 2064 745 interesse
2087 688 2315 745 deliciis.
2352 688 2624 746 Sedebam
2656 689 2805 745 solus
2831 709 2843 745 :
2877 691 3003 761 quia
3033 691 3398 747 amaritudine

135 790 274 844 sancti
329 788 493 858 Leges
528 786 902 857 Evangelintn,
933 784 1266 841 fabulabitur
1289 794 1468 840 tecum
1491 782 1691 839 Jcsus:
1798 781 2042 852 repletus
2069 797 2241 837 eram.
2275 782 2582 838 Ilorrebant
2619 797 2778 838 sacco
2816 782 3062 839 membra
3087 782 3393 839 deformia:

137 879 381 951 replicabis
407 879 693 951 apostolos
728 879 811 933 vel
841 878 1157 949 prophetas.
1188 876 1464 948 Numquid
1490 876 1693 946 t'oteris
1799 885 1855 930 et
1877 875 2123 947 squalida
2154 877 2297 932 cutis
2326 877 2487 932 situm
2512 874 2836 947 [Ethiopicm
2861 877 3038 932 carnis
3067 876 3396 934 obduxerat.

138 972 264 1026 talem
316 970 478 1025 alium
531 971 637 1025 tuis
690 969 1037 1025 sermonibus
1098 970 1300 1026 habere
1346 968 1692 1025 consortem?
1799 970 2051 1040 Quotidie
2094 973 2364 1044 gemitus:
2414 982 2467 1027 et
2513 971 2559 1026 si
2606 970 2822 1043 quando
2868 974 2953 1026 me
2996 980 3391 1043 repugnantem

136 1061 265 1116 Terra
286 1075 469 1116 sumus
500 1070 555 1115 et
586 1058 745 1125 cinis,
774 1070 829 1115 et
861 1076 956 1131 per
982 1059 1166 1116 omnia
1203 1069 1473 1117 momenta
1502 1061 1567 1116 de
1592 1076 1685 1116 no-
1800 1078 2023 1118 somnus
2054 1061 2345 1117 imminens
2375 1062 2759 1133 oppressisset,
2791 1061 2930 1117 nuda
2960 1061 3123 1117 humo
3150 1063 3238 1117 vix
3267 1076 3391 1117 ossa

135 1165 219 1209 sua
238 1155 400 1209 salute
424 1155 682 1225 suspensi
706 1152 966 1209 continuo
995 1155 1047 1208 in
1084 1156 1359 1224 pulverem
1382 1155 1691 1211 dissolven-
1800 1158 2062 1214 luereutia
2100 1158 2453 1213 collidebam.
2498 1156 2571 1213 De
2610 1156 2746 1213 cibis
2784 1173 2911 1212 vero
2941 1165 2997 1213 et
3028 1166 3155 1227 potu
3190 1168 3343 1225 taceo
3376 1173 3392 1213 :

135 1248 190 1300 di.
228 1248 355 1317 Quid
402 1248 775 1303 detrectamus
819 1247 928 1322 [AL
978 1247 1357 1321 retractantus]
1394 1248 1574 1303 facere
1626 1247 1693 1302 de
1797 1265 1919 1304 cum
1943 1250 2440 1322 ctiamlaugucntes
2470 1251 2719 1306 monachi
2748 1251 2820 1306 ibi
2851 1267 2989 1322 aqua
3008 1249 3198 1323 frigida
3233 1260 3391 1307 utau-

134 1343 411 1399 necessitale
450 1341 750 1396 virtutem?
794 1349 944 1395 certe
974 1340 1300 1412 quandoque
1350 1340 1690 1397 moriendum
1800 1349 1887 1394 tur
1926 1358 1938 1395 :
1980 1349 2035 1396 et
2057 1352 2269 1396 coctum
2302 1341 2503 1413 aliquid
2537 1341 2841 1411 accepisse,
2896 1342 3109 1397 luxuria
3153 1342 3243 1397 sit.
3299 1341 3396 1398 Ille

133 1444 210 1489 est.
236 1434 391 1503 Quam
421 1434 534 1488 cito
577 1432 763 1487 mundi
792 1432 1241 1502 derelinquatnus
1281 1435 1556 1505 angustias
1590 1450 1605 1489 :
1637 1443 1691 1491 et
1798 1432 1960 1502 igitur
1986 1446 2107 1504 ego,
2140 1434 2229 1503 qui
2256 1432 2325 1487 ob
2352 1434 2618 1504 gelteuna:
2652 1441 2893 1498 metum,
2924 1432 3021 1487 tali
3054 1447 3140 1487 me
3174 1446 3395 1490 carcere

132 1528 165 1582 si
184 1527 299 1582 forte
336 1526 404 1580 ob
439 1525 837 1581 continentiam
859 1567 873 1591 ,
903 1526 1045 1597 quod
1077 1534 1258 1581 tamen
1300 1542 1427 1582 raro
1454 1526 1688 1595 accidit,
1795 1522 2198 1589 damnaveram,
2230 1526 2576 1594 scorpionum
2603 1509 3017 1580 tantutn'soeios
3038 1537 3090 1581 et
3124 1523 3386 1589 ferarum,

132 1622 279 1677 dolere
323 1621 699 1683 stomachum,
747 1631 983 1676 :estuare
1033 1621 1278 1677 febribus
1317 1623 1688 1692 cmperimus,
1795 1633 1942 1687 smpe
1988 1618 2176 1674 choris
2234 1619 2526 1673 intereram
2581 1622 2902 1689 puellarum.
2961 1617 3243 1675 Pallebant
3287 1626 3390 1675 ora

133 1724 365 1785 perpeture
390 1714 523 1768 vita:
554 1714 853 1785 ingressuri
879 1714 1103 1783 januam
1135 1716 1386 1770 morbum
1416 1726 1687 1787 putemus.
1791 1711 2011 1780 jejuniis
2069 1729 2083 1767 :
2154 1723 2209 1767 ct
2267 1727 2422 1769 mens
2488 1713 2773 1768 desideriis
2836 1715 3099 1768 testuabat
3181 1713 3235 1769 in
3300 1712 3396 1768 fri-

134 1806 458 1872 Quantienitn
497 1807 549 1861 in
587 1807 781 1862 mediis
808 1806 1027 1877 opibus,
1069 1815 1124 1863 et
1163 1810 1303 1864 inter
1332 1808 1529 1865 infulas
1577 1811 1683 1884 [AL
1723 1814 1770 1875 B
1797 1804 1923 1873 gido
1963 1818 2193 1873 corpore
2226 1822 2238 1858 :
2271 1813 2326 1860 ct
2363 1816 2487 1859 ante
2545 1804 2821 1860 hominem
2868 1819 3025 1859 suum
3064 1806 3178 1877 iam
3225 1820 3393 1863 carne

131 1894 317 1969 tabulas]
345 1897 689 1964 consulatus,
732 1899 1014 1967 repentina
1042 1907 1217 1956 morte
1248 1900 1509 1956 subtracti
1540 1912 1691 1958 sunt.
1804 1903 2129 1964 prmmorlua
2166 1940 2179 1962 ,
2240 1897 2355 1950 sola
2432 1896 2713 1951 libidinum
2766 1896 3014 1951 incendia
3068 1897 3389 1952 bulliebant.

181 1992 296 2057 Quid
324 2007 455 2064 ergo
484 1992 866 2048 desideramus
905 1994 1118 2049 urbium
1155 1994 1559 2067 frequentiam,
1600 2001 1693 2067 qui
1796 1985 1981 2055 iiii‘lue
2037 1987 2183 2040 iim'li
2239 1986 2439 2042 ειυΧίῙίο
2490 1988 2782 2043 άθεῑίῑυιιιε
2837 1987 2906 2043 δά
2969 1988 3097 2043 ius"
3143 1988 3393 2059 ἕπει)ίῶ

130 2082 180 2139 de
201 2084 562 2155 singularitate
590 2086 920 2142 censemur?
950 2086 1084 2141 mihi
1112 2088 1257 2143 enim
1282 2087 1542 2158 oppidum
1572 2103 1693 2145 ear-
1798 2079 1978 2147 PMB“.
2034 2080 2273 2149 τῑεεὼθιη
2325 2081 2604 2151 lacrimis:
2662 2082 2817 2135 ω’ίιιθ
2870 2082 3169 2153 πετεθδθηιο
3222 2099 3385 2151 ΐθρυ-

133 2192 220 2239 cer.
252 2186 303 2232 et
336 2176 584 2233 solitudo
616 2178 898 2246 paradisus
922 2189 1026 2235 est.
1062 2178 1413 2236 Saecularium
1447 2196 1690 2252 quoque,
1795 2180 2048 2240 gnanteut
2073 2186 2293 2227 carnem
2318 2171 2783 2227 hebdomadarum
2806 2173 3390 2244 inediasubjugabam.

132 2268 325 2325 maxime
351 2278 639 2340 potentum
662 2270 932 2326 consortia
954 2271 1154 2326 devita.
1181 2271 1319 2339 Quid
1346 2271 1441 2327 tibi
1464 2260 1694 2330 necesse
1794 2262 1913 2318 Non
1968 2263 2238 2319 erubeSCn
2280 2262 2389 2336 [ΑΙ.
2442 2264 2773 2338 depudesco]
2822 2266 3157 2321 infelicitatis
3224 2281 3386 2332 met.

132 2369 197 2414 est
235 2362 315 2415 illa
346 2363 555 2433 sapius
589 2362 772 2418 videre
793 2405 809 2430 ,
856 2379 1085 2434 quorum
1131 2373 1454 2434 contemptu
1494 2381 1691 2420 mona-
1796 2358 1922 2426 quill
1954 2357 2134 2427 potius
2168 2358 2361 2429 plango
2391 2374 2477 2414 rue
2506 2374 2611 2414 non
2637 2374 2758 2415 esse
2783 2360 2926 2431 quod
2956 2358 3175 2414 fuerim.
3202 2358 3393 2415 Memi-

126 2454 230 2511 chns
252 2472 364 2512 esse
408 2458 680 2527 (ζωμίδιίῖ
721 2456 854 2513 Nam
883 2458 1211 2514 monachum
1251 2458 1490 2515 solitudo
1533 2460 1689 2529 facit,
1794 2451 1848 2503 ni
1882 2464 1967 2504 me
1998 2450 2348 2518 clamantem,
2391 2460 2445 2506 et
2471 2450 2614 2506 diem
2646 2453 2841 2507 crebro
2868 2452 3114 2523 iunxisse
3147 2470 3268 2508 cum
3293 2467 3392 2509 no-

127 2567 207 2605 non
244 2552 541 2618 publicum.
1793 2554 1900 2605 Cie,
1933 2557 2034 2598 nec
2065 2544 2213 2612 prius
2243 2557 2271 2595 a
2308 2544 2547 2613 pectoris
2570 2558 2818 2600 cessasse
2851 2546 3194 2611 verberibus,
3230 2560 3392 2618 quam

718 2622 947 2681 CAPUT
977 2624 1068 2679 IX.
1797 2634 2020 2696 rediret,
2057 2635 2286 2689 Domino
2338 2636 2653 2707 increpante
2704 2635 2811 2709 [ΑΙ.
2866 2636 3192 2711 imperante]
3242 2649 3389 2693 tran-

491 2717 571 2771 De
597 2718 829 2788 periculo
865 2717 997 2773 Vua:
1022 2716 1295 2773 solitariw.
1648 2752 1654 2757 -
1798 2730 2060 2797 quillitas.
2084 2729 2259 2798 Ipsam
2285 2744 2501 2801 quoque
2531 2731 2785 2786 cellulam
2823 2732 2977 2800 quasi
3005 2732 3397 2801 cogitationum

176 2826 394 2886 ιιυηπιιί
418 2832 587 2887 eum“
619 2848 760 2888 nunc
783 2848 965 2888 mores
994 2832 1337 2903 discutimus,
1374 2836 1473 2906 qui
1498 2835 1688 2906 iugum
1795 2836 2037 2874 tueartttu
2081 2825 2358 2876 consciam
2390 2824 2869 2890 pertimescebam,
2897 2836 2951 2878 et
2994 2824 3248 2879 mihimet
3280 2825 3393 2879 ira-

121 2920 285 2978 Cbristi
310 2925 461 2980 collo
507 2939 611 2979 suo
643 2927 923 2995 imposuit.
960 2926 1313 2998 Primumque
1349 2930 1671 2984 tractandun

1841 2930 1879 2966 ts
1898 2924 1951 2968 et
1977 2913 2203 2984 rigidus,
2228 2915 2378 2970 solus
2401 2916 2618 2971 deserta
2644 2918 3017 2985 penetrabam.
3045 2914 3233 2973 Sicubi
3259 2932 3391 2973 cou-

121 3025 202 3079 est,
232 3027 397 3072 utrum
433 3019 609 3085 solus,
645 3034 713 3074 an
738 3035 861 3074 cum
890 3019 1012 3074 aliis
1044 3021 1097 3075 in
1142 3023 1477 3077 monasterio
1508 3024 1671 3078 vivert

1839 3023 1923 3059 wa
1973 3010 2212 3074 vatlimn,
2262 3024 2453 3079 aspera
2503 3011 2801 3074 montium,
2848 3011 3066 3079 rupium
3116 3021 3389 3083 praerupta

120 3104 303 3165 debeas.
335 3109 473 3165 Mihi
506 3110 689 3180 placet
719 3121 775 3166 ut
818 3110 1018 3167 habeas
1050 3121 1364 3168 sanctorum
1400 3116 1690 3170 contuber-
1796 3101 2110 3171 εθτηεὺῖιηιν
2146 3101 2216 3156 iiii
2266 3117 2401 3157 "i933
2454 3114 2575 3157 emi
2621 3104 2894 3158 Graii‘iiiis
2939 3104 3113 3169 Ιοουεο
3144 3105 3216 3160 iiii
3257 3105 3392 3161 iiiiiii

120 3204 268 3271 nium,
308 3221 375 3261 ne
423 3206 638 3277 absque
679 3206 905 3261 ductore
947 3205 1272 3277 ingrediaris
1319 3208 1493 3276 viam,
1526 3226 1687 3281 quam
1718 3192 1764 3256 C
1797 3193 2123 3248 miserrima:
2167 3196 2347 3249 carnis
2385 3197 2713 3266 ergnsutlutn
2743 3197 3078 3253 coflocabam
3113 3195 3222 3271 [ΑΙ.
3250 3207 3389 3252 tacet

120 3312 370 3364 numquam
402 3298 690 3369 ξηετθςςυς
711 3313 805 3353 es;
836 3299 1129 3368 statimque
1152 3299 1251 3353 ubi
1281 3301 1333 3355 ίη
1368 3310 1574 3369 partem
1604 3302 1685 3357 ηι.
1794 3284 2161 3359 Collocabatur]
2191 3305 2201 3340 :
2227 3296 2303 3354 et,
2338 3297 2397 3340 ut
2442 3287 2573 3342 mihi
2607 3289 2763 3343 testis
2809 3298 2891 3344 est
2946 3289 3233 3357 Dominus,
3265 3298 3394 3361 post

122 3396 256 3443 [eum
284 3387 671 3445 decﬁnandum
693 3393 784 3458 sit,
811 3399 864 3446 et
891 3392 1067 3447 errori
1098 3399 1308 3462 pateas,
1340 3392 1571 3462 plusque
1597 3401 1691 3448 θυι
1794 3380 1991 3433 multas
2020 3379 2312 3451 lacryutas,
2332 3388 2454 3449 post
2475 3381 2617 3437 ('(elo
2641 3381 2828 3437 OCUIIIS
2858 3382 3216 3450 inhaerentes,
3250 3400 3394 3439 non-

120 3481 263 3535 minus
291 3481 547 3537 ambules
589 3497 751 3553 quam
780 3496 1004 3538 necesse
1035 3489 1120 3538 est
1144 3500 1158 3538 :
1185 3493 1241 3538 ct
1271 3498 1499 3538 currens
1522 3484 1670 3540 lasset

1840 3485 2090 3541 umquam
2120 3470 2348 3528 videbar
2375 3471 2509 3526 mihi
2539 3474 2805 3528 interesse
2827 3473 3138 3543 agminibus
3165 3474 3390 3546 angelo-

123 3573 203 3639 ris,
230 3590 547 3647 moramque
577 3575 780 3630 faciens
813 3576 1149 3630 obdormias.
1184 3575 1241 3631 Itt
1281 3574 1575 3631 solitudine
1616 3577 1673 3631 si-

1843 3578 1935 3627 un,
1968 3571 2025 3617 et
2070 3562 2226 3618 laetus
2275 3564 2630 3635 gaudensque
2683 3566 2975 3621 cantabam
3008 3584 3021 3621 :
3050 3564 3183 3622 Post
3235 3575 3285 3622 te
3334 3569 3393 3623 in

122 3674 181 3731 ιο,
214 3670 458 3740 δυδτρρίι
485 3667 764 3740 superbia.
814 3667 877 3722 Ει
920 3669 967 3723 εί
1000 3683 1293 3738 parumper
1319 3668 1645 3739 ieiunam,"
1668 3711 1686 3737 ν
1793 3656 2004 3709 odorem
2032 3666 2415 3728 unguentorum
2443 3667 2652 3712 tuorum
2683 3675 2957 3715 curremus
2993 3661 3218 3733 (Cantia.
3246 3678 3285 3729 ι,
3319 3660 3399 3733 5).

120 3759 475 3833 hominemque
506 3778 616 3816 non
646 3760 867 3825 viderit,
899 3768 1050 3827 putat
1078 3776 1137 3817 se
1166 3761 1397 3830 alicujus
1428 3776 1551 3816 esse
1583 3776 1670 3813 mo

1866 3747 2049 3802 Dicam
2080 3756 2136 3802 et
2163 3747 2307 3804 aliud
2338 3749 2481 3819 quod
2516 3751 2567 3804 in
2614 3749 2850 3823 [Egypto
2873 3751 3125 3809 viderim.
3167 3754 3394 3811 Gra'etts

118 3855 273 3909 menti.
301 3853 629 3925 Ohlitusque
676 3853 759 3908 sui
812 3854 983 3917 unde,
1028 3861 1216 3923 etquo
1259 3853 1468 3908 venerit
1497 3872 1509 3908 :
1538 3852 1668 3907 ἰιιιιιε

1839 3851 1909 3894 rat
1938 3840 2264 3897 adolescens
2286 3842 2339 3896 in
2372 3842 2625 3898 coenobio
2646 3884 2661 3907 ,
2710 3844 2800 3913 qui
2833 3845 2976 3900 nulla
3005 3847 3389 3913 continentia.

117 3947 269 4012 corde,
303 3946 441 4002 foris
485 3948 665 4017 lingua
690 3957 935 4017 vagatur.
971 3945 1185 4000 .ludicat
1212 3955 1401 3999 contra
1428 3945 1667 3999 volunta

1846 3931 1941 3986 ulla
1972 3932 2154 4003 aperis
2195 3934 2597 4004 magnitudine,
2637 3935 2907 3990 ﬂammam
2948 3940 3132 3992 Carnis
3182 3948 3396 4007 poterat

119 4050 204 4095 rem
224 4041 467 4113 Αροειοιί
493 4041 703 4095 arimos
732 4055 918 4095 servos
947 4038 1050 4112 μί,
1088 4038 1265 4111 suos],
1294 4037 1411 4106 ρηο
1437 4038 1561 4110 gula
1596 4055 1693 4109 po.
1795 4028 2161 4098 exstinguere.
2215 4026 2365 4082 Hunc
2413 4038 2566 4099 pater
2597 4030 2911 4085 monasterii
2960 4032 3355 4101 periclitantem
3376 4076 3393 4099 ,

120 4136 347 4201 poscerit,
374 4134 615 4205 porrigit
647 4148 873 4188 manus:
908 4132 1107 4186 dormit
1142 4120 1404 4202 quantum
1430 4131 1684 4199 voluerit,
1797 4124 1899 4178 hac
1943 4134 2057 4176 arte
2110 4123 2369 4178 servavit.
2424 4122 2657 4194 Imperat
2686 4125 2805 4178 viro
2853 4124 3066 4180 cuidam
3118 4127 3304 4197 gravi,
3337 4138 3399 4185 ut

120 4226 360 4283 neminem
394 4236 619 4281 νει-ειμι·
657 4245 668 4279 ε
704 4241 895 4280 omnes
936 4241 997 4281 se
1027 4223 1315 4279 inferiores
1359 4232 1542 4295 putat,
1569 4238 1692 4279 ere-
1790 4215 2162 4287 jurgiisatque
2188 4215 2451 4271 conviciis
2475 4216 2835 4272 insectaretur
2857 4219 3133 4274 hominem
3161 4237 3176 4273 :
3202 4228 3400 4289 etpost

119 4316 349 4391 briusque
375 4319 433 4374 io
464 4320 693 4375 urbibus
715 4335 875 4389 quam
901 4320 951 4372 iu
978 4317 1168 4373 cellula
1195 4326 1280 4373 est
1311 4333 1324 4370 :
1356 4320 1570 4373 etinter
1588 4317 1691 4372 fra-
1799 4310 2087 4382 irrogatam
2116 4310 2392 4380 iniuriam,
2419 4311 2627 4382 primus
2644 4311 2855 4367 veniret
2882 4312 2948 4367 ad
2974 4313 3395 4380 querimOuiam,

120 4418 207 4465 tres
228 4415 445 4468 simulat
476 4412 861 4469 verecundiam
890 4412 979 4485 qui
1005 4411 1303 4483 platearum
1334 4413 1509 4468 turbis
1532 4411 1692 4467 colli—
1800 4402 1987 4457 vocali
2018 4410 2203 4467 185168.
2241 4418 2338 4472 ιντο
2369 4418 2435 4459 80
2467 4403 2849 4475 loquebantur,
2881 4406 2971 4476 qui
3004 4407 3394 4465 contumeliam

119 4506 256 4560 diu".
1800 4497 2023 4553 fecerat.
2057 4497 2215 4553 Flere
2242 4498 2333 4554 ille
2372 4509 2561 4554 contra
2594 4499 2935 4555 mendacium
2991 4503 3175 4575 carpit.
3232 4502 3399 4561 Solus

172 4597 297 4663 Quid
326 4597 540 4670 igitur?
568 4597 867 4654 solitariam
892 4597 1054 4651 vitam
1080 4595 1566 4667 reprehendimus?
1597 4598 1693 4653 Mi-
1718 4590 1772 4652 D
1800 4606 1953 4667 pater
1977 4595 2347 4652 defensionem
2396 4613 2546 4651 suam
2596 4597 2790 4653 callide
2835 4613 3117 4668 opponere
3144 4602 3353 4658 studuit
3380 4616 3399 4660 :

118 4691 258 4755 nime,
290 4694 495 4767 quippe
525 4708 686 4765 quam
718 4708 862 4763 saepe
906 4691 1265 4762 laudavimus,
1299 4691 1427 4746 licet
1464 4702 1518 4746 ut
1548 4708 1689 4763 prmo
1801 4692 2487 4747 neabundantioritristitia
2504 4692 3084 4750 absorbereturfrater.
3102 4693 3242 4763 Quid
3260 4696 3399 4751 mul-

118 4783 264 4841 fertur
291 4786 545 4842 solitaria
576 4787 684 4840 vita
729 4785 1032 4855 periculosa
1066 4794 1148 4839 est
1180 4801 1192 4838 :
1226 4799 1294 4840 ne
1336 4785 1594 4840 abstracti
1624 4785 1693 4841 ab
1802 4786 1891 4840 ta?
1921 4785 1996 4839 Ita
2028 4799 2200 4839 annus
2230 4785 2425 4840 ductus
2451 4795 2533 4839 est
2566 4803 2579 4838 :
2609 4800 2717 4856 quo
2748 4785 2986 4855 expleto,
3033 4788 3400 4858 interrogatus

115 4874 375 4932 hominum
407 4878 736 4948 frequentia,
778 4876 1015 4932 sordidis
1046 4885 1101 4932 et
1133 4876 1315 4949 impiis
1345 4877 1693 4946 cogitatioui-
1802 4878 2141 4937 adolescens.
2172 4891 2337 4945 super
2366 4877 2789 4948 cogitationibus
2818 4878 3088 4947 pristinis,
3124 4896 3191 4935 an
3220 4880 3401 4937 adhuc

116 4965 198 5019 bus
224 4981 443 5039 pateant
472 4989 485 5025 :
513 4980 569 5025 et
593 4970 738 5041 pleni
764 4970 1075 5040 arrogantia
1117 4979 1169 5024 et
1203 4969 1479 5039 supercilii
1502 5013 1515 5035 ,
1550 4984 1693 5024 cun-
1804 4971 2070 5026 molestiae
2100 4968 2304 5040 aliquid
2360 4970 2652 5026 sustineret
2690 4988 2706 5028 :
2741 4970 2901 5039 Papa:
2930 5013 2946 5037 ,
2992 4972 3164 5041 inquit
3196 5016 3212 5039 ,
3266 4971 3404 5029 mihi

115 5071 214 5115 ctos
234 5061 559 5132 despiciant,
582 5072 905 5134 armentque
929 5063 1139 5134 linguas
1170 5076 1317 5127 suas,
1346 5064 1427 5115 vel
1453 5061 1694 5129 clericis,
1806 5065 1986 5117 vivere
2043 5078 2149 5115 non
2199 5062 2325 5117 licet
2356 5105 2370 5129 ,
2426 5072 2479 5117 ct
2526 5061 2777 5118 fornicari
2811 5062 3007 5118 libeat?
3043 5064 3141 5118 llic
3170 5063 3216 5118 si
3248 5063 3401 5121 solus

118 5154 185 5207 \el
214 5158 496 5211 monachis
526 5156 885 5212 detrahendo.
910 5155 1016 5211 Sed
1054 5155 1123 5210 de
1164 5155 1290 5210 ludo
1327 5157 1694 5211 monasterio-
1805 5156 2016 5224 fuisset,
2040 5170 2146 5226 quo
2174 5154 2423 5225 adjutore
2447 5155 2791 5225 superasset?
2812 5152 2951 5209 Sunt
2975 5154 3119 5210 enim
3147 5155 3404 5212 meliores

116 5261 216 5301 rum
245 5248 502 5303 volumus
545 5248 858 5319 ltujusmodi
891 5249 1074 5319 egredi
1111 5248 1329 5313 milites,
1356 5263 1491 5319 quos
1524 5248 1696 5304 eremi
1804 5248 1912 5304 duo
1943 5263 2101 5319 quam
2134 5263 2296 5314 unus,
2345 5256 2402 5302 et
2441 5247 2483 5301 si
2515 5248 2654 5302 alter
2679 5245 2966 5314 ceciderit,
2996 5246 3064 5302 ab
3088 5247 3263 5305 altero
3294 5246 3406 5305 fulo

117 5335 231 5391 dura
256 5340 563 5394 rudimenta
590 5356 695 5394 non
728 5341 1111 5412 terreantzqui
1136 5342 1411 5411 specimen
1436 5339 1541 5414 [AL
1568 5355 1694 5412 spe-
1805 5341 2001 5396 cietur.
2048 5340 2345 5395 Funiculus
2398 5339 2592 5410 triplex
2652 5355 2757 5394 non
2807 5336 2967 5395 facile
3016 5343 3408 5414 rumpiturzel

116 5430 255 5502 ciem]
304 5432 744 5487 conversationis
781 5449 893 5487 sum
938 5434 1105 5487 multo
1128 5441 1377 5504 tempore
1408 5434 1696 5489 dederint:
1805 5436 1979 5493 frater
2001 5436 2222 5492 fratrem
2251 5433 2514 5505 adjuvans
2542 5434 2889 5493 exaltaliitur.

117 5522 193 5587 qni
221 5525 466 5579 ontnium
514 5524 715 5581 fuerint
752 5526 993 5593 minimi,
1038 5536 1097 5579 ut
1132 5524 1291 5597 primi
1330 5526 1571 5615 omnium
1605 5526 1699 5583 fie-
1876 5528 1997 5585 Vidi
2022 5545 2122 5601 ego
2159 5528 2459 5601 quosdam,
2488 5529 2598 5599 qui,
2638 5536 2920 5599 postquam
2948 5528 3403 5584 renuntiaverunt

119 5624 245 5680 rent,
277 5633 417 5687 quos
454 5634 555 5674 nec
587 5618 796 5675 esuries
834 5618 1157 5689 aliquando,
1200 5635 1301 5675 nec
1322 5624 1579 5677 saturitas
1606 5638 1701 5677 su-
1801 5626 2023 5689 sreculo,
2057 5623 2389 5681 vestimentis
2433 5621 2733 5690 dumtaxat,
2770 5634 2825 5680 et
2866 5624 3016 5680 vocis
3046 5624 3411 5695 promissione

120 5708 318 5771 peravit
349 5727 363 5764 :
396 5710 483 5780 qui
525 5720 844 5783 paupertate
872 5712 1126 5768 laetantur
1159 5729 1173 5767 :
1205 5730 1439 5786 quorum
1462 5697 1701 5789 habitus,
1805 5716 1914 5792 [AL
1947 5716 2311 5791 professione]
2335 5763 2349 5787 ,
2380 5733 2487 5775 non
2519 5718 2683 5775 rebus
2709 5761 2727 5789 ,
2755 5717 2891 5774 nihil
2921 5721 2989 5773 de
3016 5718 3246 5787 pristina
3276 5733 3414 5777 con-

123 5812 315 5876 termo,
352 5805 555 5877 vultus,
582 5806 828 5868 incessus
854 5807 1103 5869 doctrina
1128 5807 1389 5873 virtutum
1416 5817 1520 5871 est.
1807 5815 2115 5877 versatione
2141 5820 2443 5893 mutarunt.
2473 5811 2583 5878 Res
2616 5811 2901 5879 familiaris
2922 5818 3083 5879 auch
3107 5825 3273 5889 quam
3308 5812 3419 5876 ἰη

1616 5966 1684 5987 w
