3918 6294
358 227 464 285 EH
943 249 949 256 δ
1051 230 1073 238 ’⁷
1414 227 1472 284 S.
1518 224 1900 284 HIERONYMI
1939 223 2227 285 OPERUM
2266 226 2636 287 MANTISSA.
3548 228 3659 287 3‘8

361 345 489 410 hoc,
521 353 578 401 et
607 359 673 400 ex
704 359 877 415 pugna
910 343 1080 415 magis
1102 342 1349 399 videatur
1370 358 1491 399 esse
1520 357 1681 413 quam
1709 356 1899 397 verum
1936 357 1947 392 :
1976 328 2035 401 Α
2060 338 2202 411 pium
2226 380 2242 406 ,
2274 349 2332 393 ut
2375 344 2428 395 fn
2474 342 2644 411 prima
2694 349 2853 396 :etate
2901 355 3009 397 non
3057 341 3522 407 circumcidimur,
3555 358 3659 400 nec

364 439 504 494 Audi
531 482 546 505 ,
586 439 795 494 idcirco
826 454 951 495 sues
981 448 1036 494 et
1082 453 1243 506 apros
1286 446 1341 492 et
1368 436 1607 507 reliquas
1649 435 1957 491 animantes
2058 435 2347 504 repudium
2375 435 2508 490 dare
2534 436 2925 507 permittimur,
2953 452 3053 493 nec
3080 452 3271 493 carnes
3295 437 3655 493 comedimus.

363 545 602 598 creatos,
630 545 687 590 ιιι
713 534 934 599 milites,
963 533 1435 601 athletre,naut:e,
1467 533 1739 597 rhetores,
1770 531 1959 585 metal-
2062 529 2418 599 Hippocrates
2463 530 2514 584 in
2565 530 2906 600 Apltorismis
2955 530 3113 587 docet
3156 546 3339 586 crassa
3387 539 3445 588 et
3492 531 3659 587 obesa

367 627 656 697 torumque
696 626 938 681 fossores
959 670 973 689 ,
1008 634 1062 680 ct
1093 625 1279 682 caeteri
1311 626 1449 680 duro
1475 625 1623 695 operi
1670 622 1963 693 mancipati
2062 635 2318 689 corpora,
2350 636 2469 690 qute
2494 623 2771 677 crescendi
2799 638 3111 678 mensuram
3139 624 3481 691 impleverim
3508 643 3521 679 :
3560 625 3663 679 nisi

368 721 632 774 haberent
666 720 819 774 cibos
851 738 863 773 :
895 719 1092 790 quibus
1135 720 1395 774 fortitudo
1443 734 1733 790 corporum
1776 733 1963 774 neces-
2065 713 2172 768 οἱῑο
2199 711 2466 767 ablatione
2496 713 2769 785 sanguinis
2792 716 3121 780 minuantur,
3147 716 3434 788 paralys‘m
3459 726 3515 771 ct
3547 732 3672 787 pes—

368 813 510 867 saria
554 822 635 867 est
670 830 683 867 :
717 813 805 881 qui
847 820 1069 883 portant
1111 829 1256 867 arma
1290 823 1344 866 et
1374 812 1578 869 cibaria
1611 830 1623 865 :
1655 811 1744 881 qui
1772 812 1965 881 pugnis

368 916 420 958 et
469 903 711 959 calcibus
760 919 855 959 sua
898 905 1129 959 invicem
1178 905 1421 959 membra
1478 904 1769 959 debilitant.
1816 921 1830 956 :
1874 903 1966 973 qui

370 1013 549 1052 remos
587 999 811 1053 trahunt
842 1015 854 1051 :
884 1014 1118 1069 quorum
1162 998 1330 1053 latera
1380 998 1445 1053 ad
1488 998 1829 1054 clamandum
1881 999 1967 1052 di-

374 1090 716 1161 cendumque
742 1100 872 1145 sunt
894 1090 1065 1147 valida
1102 1109 1115 1144 :
1148 1093 1235 1162 qui
1268 1093 1589 1147 subvertuut
1619 1101 1833 1147 montes
1856 1133 1870 1159 ,
1916 1101 1971 1147 et

376 1186 479 1241 sub
509 1187 634 1241 divo
666 1185 773 1259 [ΑΙ.
803 1184 968 1257 sudo]
997 1196 1051 1240 et
1083 1172 1348 1241 imbribus
1369 1185 1664 1241 dormiunt.

450 1277 557 1331 Sed
583 1277 708 1346 qttid
735 1278 799 1330 ad
829 1290 948 1342 nos,
974 1292 1203 1346 quorum
1231 1281 1577 1332 conversatio
1599 1278 1649 1331 in
1673 1277 1829 1332 cmlis
1853 1276 1973 1332 est?

380 1370 647 1425 Caeterum
682 1382 868 1425 noStra
903 1369 1094 1439 religio
1140 1384 1244 1423 non
1275 1370 1562 1436 athletam,
1599 1385 1703 1425 non
1738 1381 1929 1425 nautas
1955 1413 1970 1439 ,

382 1479 489 1519 nou
520 1464 744 1531 milites,
782 1478 885 1516 non
922 1462 1191 1527 f‘ossores,
1226 1464 1320 1518 sed
1353 1462 1635 1533 sapientia:
1665 1464 1845 1519 erudit
1891 1478 1977 1519 se-

381 1565 671 1622 ctatorem,
719 1557 808 1626 qui
850 1571 909 1611 se
958 1557 1054 1612 Dei
1101 1558 1268 1613 cultui
1318 1557 1613 1623 dedicavit,
1653 1567 1707 1613 et
1736 1560 1839 1612 scit
1882 1574 1979 1612 cur

387 1658 604 1705 creatus
633 1650 726 1719 sit,
758 1665 859 1704 cur
884 1659 1135 1704 versetur
1166 1651 1218 1703 in
1250 1650 1473 1718 mundo,
1504 1667 1609 1720 quo
1637 1652 1793 1706 abire
1826 1648 1979 1705 festi-

2068 810 2204 863 sima
2247 809 2557 863 morborum
2591 825 2784 879 genera
2830 827 3022 882 parere
3059 812 3166 885 [Αἰ.
3210 813 3550 886 erumpere].
3606 815 3671 869 Et

2070 900 2272 957 idcirco
2301 916 2422 956 esse
2447 903 2809 956 necessariam
2836 903 3225 973 demptionetn,
3250 920 3307 959 ut
3336 922 3547 959 rursum
3576 905 3671 959 ha-

2073 995 2235 1048 beant
2266 995 2316 1049 in
2349 1008 2469 1061 quae
2498 995 2705 1064 possint
2740 1010 3010 1051 crescere.
3042 994 3156 1051 Non
3189 998 3332 1051 enim
3364 1012 3586 1051 manere
3616 998 3671 1051 iu

2075 1103 2179 1139 uno
2210 1095 2351 1140 statu
2380 1097 2623 1141 naturam
2669 1102 2979 1156 corporum,
3015 1087 3109 1143 sed
3141 1099 3232 1143 aut
3265 1104 3513 1145 crescere
3535 1132 3549 1153 ,
3581 1096 3677 1143 aut

2075 1181 2428 1243 decrescere,
2463 1198 2564 1237 nec
2606 1197 2765 1251 posse
2793 1183 2971 1240 vivere
3001 1182 3199 1236 animal
3245 1183 3345 1237 nisi
3391 1184 3676 1239 crescendi

2076 1290 2245 1340 capax
2275 1275 2365 1328 sit.
2395 1274 2549 1330 Unde
2580 1286 2632 1329 et
2672 1275 2907 1330 Calenus
2952 1276 3042 1329 ille
3082 1275 3427 1331 doctissimus
3475 1277 3683 1345 flippo-

2078 1373 2240 1425 cratis
2263 1372 2549 1442 intcrpres.
2582 1371 2834 1437 athletas,
2866 1387 3096 1443 quorum
3131 1373 3235 1426 vita
3274 1382 3328 1426 et
3368 1389 3458 1427 ars
3489 1372 3683 1443 sagina

2079 1476 2179 1531 ρει,
2207 1464 2335 1518 dicit
2366 1465 2419 1518 in
2449 1463 2834 1519 exhortatione
2858 1464 3161 1530 medicinm,
3193 1481 3292 1520 nec
3314 1466 3496 1521 vivere
3520 1482 3686 1535 posse

2081 1556 2204 1622 diu,
2256 1570 2357 1611 nec
2402 1570 2562 1610 sanos
2604 1570 2767 1613 esse:
2801 1558 3117 1625 animasque
3162 1572 3348 1611 eorum
3396 1557 3467 1611 ita
3515 1559 3687 1613 nimio

2084 1649 2346 1718 sanguine
2368 1654 2423 1703 et
2442 1649 2689 1718 adipibus
2709 1649 2861 1719 quasi
2887 1651 2998 1704 luto
3025 1650 3315 1713 involutas,
3342 1649 3471 1704 nihil
3498 1663 3689 1716 tenue,

393 1750 505 1797 net.
541 1741 696 1798 Unde
737 1753 787 1796 et
819 1742 1112 1811 Apostolus
1151 1743 1386 1811 loquitur
1417 1762 1430 1797 :
1465 1745 1684 1812 Quando
1716 1745 1976 1814 inﬁrmor,
2008 1724 2059 1786 Β
2089 1743 2217 1796 nihil
2264 1742 2525 1802 caeleste:
2559 1742 2653 1797 sed
2700 1755 2917 1812 semper
2947 1742 3014 1797 de
3058 1744 3313 1798 carnibus
3350 1756 3402 1798 et
3437 1756 3592 1799 ruetu
3636 1755 3694 1799 et

383 1843 511 1888 tunc
557 1845 736 1906 potens
780 1851 893 1887 sum
930 1834 981 1899 (Ι
1012 1833 1132 1888 Cor.
1167 1835 1283 1906 xu).
1316 1836 1402 1899 Et,
1450 1834 1512 1891 Si
1555 1838 1779 1890 exterior
1811 1848 1982 1890 noster

388 1930 541 1981 homo
587 1927 957 1996 corrumpitur,
1000 1926 1090 1981 sed
1138 1927 1354 1981 interior
1392 1939 1666 1983 renovatur
1693 1930 1757 1982 de
1801 1929 1886 1982 die
1930 1930 1983 1983 in

390 2025 527 2078 diem
556 2026 639 2095 (ll
680 2025 801 2080 Cor.
844 2022 924 2091 tv)
960 2040 973 2076 :
1019 2023 1106 2090 Et,
1151 2024 1320 2093 Cupio
1359 2022 1570 2078 dissolvi
1617 2031 1664 2076 et
1709 2038 1818 2077 esse
1868 2038 1985 2075 cum

396 2116 601 2172 Christo
642 2117 881 2190 (Philip.
916 2116 1017 2187 ιιι).
1065 2118 1166 2181 Et,
1214 2116 1397 2171 Carnis
1440 2132 1618 2170 curam
1652 2132 1714 2170 ne
1763 2116 1987 2187 feceritis

391 2209 572 2279 (Rom.
622 2208 762 2280 snt).
790 2211 1069 2283 Quodque
1114 2213 1231 2265 sine
1268 2218 1501 2280 quatuor
1526 2209 1777 2265 sensibus
1806 2209 1988 2263 vivere

396 2319 691 2374 possumus
724 2322 738 2357 :
769 2303 820 2358 id
856 2313 939 2358 est
963 2348 977 2370 ,
1012 2306 1130 2359 sine
1177 2315 1399 2374 aspectu
1430 2347 1444 2369 ,
1480 2302 1703 2365 auditu,
1734 2303 1987 2369 odoratu,

394 2408 557 2467 atque.
586 2397 898 2467 complexu.
934 2398 1153 2468 Absque
1190 2408 1345 2467 gustu
1386 2409 1568 2452 autem
1611 2407 1663 2451 et
1695 2397 1833 2452 cibis
1885 2397 1990 2451 im-

398 2492 659 2562 possibile
688 2501 772 2546 est
803 2494 1095 2546 humanum
1127 2507 1325 2561 corpus
1350 2490 1669 2545 subsistere.

472 2584 685 2639 Adesse
722 2600 850 2653 ergo
880 2583 1044 2639 debet
1072 2584 1238 2649 ratio,
1270 2592 1324 2637 ttt
1356 2582 1489 2637 tales
1518 2591 1571 2637 et
1604 2590 1779 2636 tantas
1806 2595 1992 2635 suma-

403 2690 521 2733 mus
552 2690 731 2743 escas,
757 2676 956 2747 quibus
985 2692 1089 2730 non
1119 2683 1381 2729 oneretur
1402 2689 1623 2741 corpus,
1652 2688 1752 2729 nec
1775 2674 1997 2728 libertas

406 2772 605 2823 anima:
651 2778 1042 2838 prargravetur.
1072 2768 1206 2835 Quia
1249 2777 1305 2821 et
1342 2765 1739 2820 comedendum
1790 2773 1910 2831 est,
1943 2774 1999 2821 et

403 2860 882 2928 deambulandum,
909 2867 964 2912 et
992 2857 1408 2922 dormiendum,
1441 2868 1495 2911 et
1534 2857 1910 2927 digerendum,
1942 2867 1999 2912 et

406 2963 592 3024 postea
622 2951 820 3006 inflatis
852 2953 1004 3006 venis
1031 2951 1300 3005 incentiva
1328 2950 1573 3005 libidinis
1613 2934 1998 3005 sustentantur

405 3045 512 3119 [ΑΙ.
548 3042 914 3115 sustinenda].
950 3043 1085 3099 Sunt
1116 3043 1330 3113 quidem
1358 3056 1554 3098 sensns
1581 3044 1749 3097 nostri
1782 3055 1956 3111 porta:
1982 3088 1995 3110 ,

2085 1837 2292 1893 ventris
2318 1837 2551 1907 ingluvie
2581 1839 2841 1906 cogitare.
2872 1838 3140 1907 Diogenes
3173 1850 3431 1910 tyrannos
3454 1848 3509 1893 et
3554 1839 3693 1893 sub-

2089 1930 2365 1986 versiones
2395 1931 2606 1985 urbium
2636 1931 2884 2002 bellaque
2910 1931 3125 1986 hostilia
3143 1934 3223 1986 vel
3254 1932 3431 1987 civilia
3460 1949 3565 1987 non
3594 1948 3729 2000 pr0'

2089 2023 2320 2093 simplici
2346 2024 2489 2077 victu
2515 2025 2719 2080 olerum
2747 2040 3163 2095 pomorumque,
3192 2025 3285 2079 sed
3314 2040 3409 2094 pro
3435 2025 3701 2080 carnibus

2091 2116 2483 2185 epularumque
2511 2116 2722 2171 deliciis
2769 2117 2962 2172 asserit
3004 2117 3253 2173 excitari.
3284 2116 3547 2188 Quodque
3592 2118 3705 2172 mi-

2095 2209 2317 2263 randum
2350 2212 2435 2277 sit,
2490 2211 2753 2280 Epicurus
2785 2211 3077 2280 voluptatis
3105 2224 3364 2272 assertor,
3399 2226 3592 2266 omnes
3628 2212 3703 2265 li-

2093 2302 2222 2357 bros
2253 2317 2381 2356 suos
2408 2302 2639 2371 replevit
2665 2304 2905 2357 oleribus
2935 2313 2988 2358 et
3019 2304 3193 2373 pomis
3224 2317 3277 2359 et
3305 2302 3505 2359 vilibus
3532 2306 3702 2371 cibis,

2094 2394 2284 2449 dicens
2309 2395 2375 2448 ita
2409 2408 2529 2449 esse
2552 2394 2837 2448 vivendum
2870 2410 2885 2448 :
2918 2404 2943 2431 ι
2974 2396 3095 2464 quia
3123 2411 3317 2450 carnes
3339 2406 3389 2450 et
3412 2396 3707 2464 exquisita:

2096 2487 2270 2557 epulte
2295 2487 2497 2558 ingenti
2517 2502 2643 2543 cura
2667 2502 2728 2542 ac
2748 2488 2963 2542 miseria
2990 2498 3385 2558 pra‘p'tratttur,
3403 2488 3707 2559 majorem-

2098 2597 2202 2652 que
2235 2596 2444 2651 pmnam
2476 2581 2624 2636 habe.
2651 2590 2708 2635 nt
2739 2582 2791 2635 in
2822 2582 3138 2652 quarrcndo,
3173 2598 3336 2650 quam
3361 2583 3706 2652 voluptatem

2101 2678 2153 2731 in
2201 2676 2493 2731 abutendo.
2544 2675 2737 2731 Bibere
2782 2685 2836 2730 et
2885 2680 3174 2731 comedere
3217 2693 3322 2730 non
3378 2676 3707 2731 deliciarum

2101 2769 2354 2823 ardorem
2398 2768 2558 2824 debet
2600 2768 2843 2823 excitare
2877 2786 2891 2823 :
2924 2768 3019 2823 scd
3054 2769 3197 2823 sitim
3253 2770 3558 2840 famemque
3611 2784 3710 2823 re-

2104 2862 2399 2932 stinguere.
2442 2863 2543 2927 Qui
2589 2864 2847 2919 carnibus
2876 2873 3208 2928 vescuntur,
3244 2864 3484 2934 indigent
3535 2864 3712 2918 etiam

2104 2952 2189 3007 bis
2233 2970 2355 3023 qua:
2400 2964 2527 3008 sunt
2556 2954 2665 3026 [ΑΙ.
2700 2970 2806 3009 non
2853 2956 3002 3028 sunt]
3050 2959 3315 3011 carnium.
3368 2958 3467 3022 Qui
3517 2967 3714 3012 autem

2107 3048 2336 3116 simplici
2372 3048 2511 3102 victu
2547 3057 2800 3114 utuntur,
2830 3065 2926 3104 eos
2959 3065 3153 3104 tarnes
3187 3064 3292 3103 non
3325 3050 3635 3119 requirere.

408 3153 503 3207 per
532 3152 668 3207 quas
706 3136 773 3191 ad
820 3136 1056 3191 animam
1104 3147 1344 3190 nostram
1389 3138 1575 3191 δείξουιί
1627 3136 1999 3191 blandimenta
2027 3114 2076 3178 (δ
2176 3140 2465 3209 Sapientia:
2507 3156 2636 3211 ergo
2684 3157 2904 3209 Ot-ef‘attt
2955 3141 3087 3198 dare
3132 3158 3238 3197 non
3290 3156 3599 3209 possumus,
3666 3144 3721 3198 si

406 3229 767 3296 descendunt,
812 3240 870 3283 et
917 3244 1015 3299 per
1042 3244 1178 3299 quas
1228 3244 1419 3284 sensus
1464 3228 1647 3283 carnis
1694 3229 1996 3284 introeunt.

411 3321 519 3376 Per
546 3336 683 3392 quas
707 3321 810 3375 nisi
843 3320 948 3376 lata
975 3334 1157 3391 strage
1188 3322 1324 3376 facta
1346 3323 1486 3375 viam
1515 3320 1803 3377 virtutibus
1825 3322 2002 3391 potius

408 3431 572 3485 quam
627 3416 907 3486 impietate
960 3416 1291 3481 fecerimus,
1346 3433 1641 3487 numquam
1698 3417 1763 3472 ad
1821 3433 2002 3487 regem

413 3508 632 3579 pietatis
662 3510 949 3578 pervenire
982 3511 1297 3579 poterimus.

487 3603 641 3657 Dicat
664 3603 808 3657 enim
836 3604 1204 3674 unusquisque
1227 3618 1333 3671 quo
1359 3602 1506 3659 dolet
1529 3602 1636 3676 [ΑΙ.
1662 3602 1807 3672 qttod
1832 3601 1962 3674 vult]
1989 3618 2004 3659 :

414 3712 514 3768 ego
545 3696 741 3767 loquor
766 3696 1153 3751 conscientiam
1179 3712 1375 3750 meam.
1408 3697 1535 3752 Scio
1566 3696 1699 3749 mihi
1731 3696 2010 3749 abstinen-

417 3791 544 3843 tiam
568 3830 582 3853 ,
614 3799 669 3843 et
702 3788 956 3845 nocuisse
987 3790 1354 3844 intermissam
1380 3833 1394 3857 ,
1423 3797 1479 3843 et
1506 3788 1777 3859 profuisse
1808 3788 2012 3857 repeti-

418 3894 547 3939 tam.
581 3884 692 3940 Nec
720 3885 854 3940 tales
879 3899 1008 3956 ergo
1032 3884 1357 3954 recipiamus
1383 3884 1557 3950 cibos,
1590 3899 1725 3953 quos
1748 3894 1839 3936 aut
1868 3882 2014 3935 diffi-

418 3978 620 4032 cultate
644 3977 916 4047 digerere,
941 3987 1034 4031 aut
1063 3986 1335 4032 contestos
1367 3993 1562 4046 magno
1589 3986 1772 4047 partos
1803 3984 1859 4030 et
1885 3991 2011 4045 per-

421 4069 567 4124 ditos
596 4070 787 4123 labore
830 4069 1137 4124 doleamus.
1181 4070 1404 4124 Olerum
1437 4080 1493 4124 et
1523 4084 1804 4138 pontorum
1843 4085 1907 4123 ac
1938 4069 2017 4124 le-

423 4164 730 4232 guminum,
763 4171 817 4214 et
849 4160 1061 4215 facilior
1092 4172 1387 4231 apparatus
1426 4172 1531 4229 est,
1564 4172 1617 4215 et
1666 4173 1783 4215 arte
1814 4161 2017 4230 impen-

427 4254 642 4322 diisque
671 4269 967 4325 coquorum
993 4269 1100 4307 non
1131 4254 1391 4323 indigent,
1420 4263 1473 4307 et
1502 4255 1620 4308 sine
1644 4269 1774 4307 cura
1804 4263 2019 4308 susten-

428 4358 544 4403 tant
577 4349 867 4401 humanum
898 4361 1100 4417 genus,
1133 4346 1520 4416 moderateque
1564 4356 1812 4416 sumplus
1849 4364 1862 4401 :
1894 4348 2019 4416 quia

430 4457 531 4497 nec
566 4442 722 4496 avide
754 4441 1067 4496 devoratur.
1115 4441 1269 4508 Quod
1303 4440 1698 4496 irritamentum
1740 4440 1878 4510 gube
1912 4457 2018 4495 non

2107 3248 2307 3288 mensa:
2349 3232 2731 3287 abundantiam
2778 3236 3111 3304 cogitemus,
3146 3252 3262 3306 qua:
3304 3235 3491 3291 labore
3532 3235 3720 3291 nimio

2108 3335 2162 3381 ct
2206 3342 2332 3379 cura
2382 3324 2644 3396 indigent.
2678 3325 2797 3380 Cito
2844 3326 3094 3395 οκνιριιιι·
3122 3338 3331 3381 natura:
3364 3327 3675 3383 necessitas
3704 3344 3723 3386 :

2109 3417 2280 3489 frigus
2307 3425 2361 3472 et
2397 3418 2566 3472 fames
2589 3459 2603 3483 ,
2633 3418 2867 3488 simplici
2900 3418 3097 3473 vestitu
3141 3429 3196 3473 et
3229 3419 3352 3473 cibo
3382 3418 3583 3486 expelli
3618 3434 3727 3490 po—

2112 3522 2240 3569 test.
2296 3512 2512 3568 Delicia:
2556 3521 2608 3566 et
2655 3513 2934 3583 epularum
2992 3515 3228 3568 varietas
3301 3512 3542 3567 fomenta
3586 3522 3733 3569 sont.

2111 3606 2375 3660 avaritiae.
2426 3605 2584 3673 Quod
2618 3606 2661 3660 si
2704 3606 2826 3675 quis
2872 3606 3143 3660 existimat
3188 3621 3247 3661 se
3277 3603 3608 3660 abundantia
3644 3606 3730 3660 ci—

2111 3701 2303 3756 borum
2336 3700 2723 3771 potionemque
2751 3699 2976 3769 perfrui,
3010 3710 3062 3753 et
3091 3714 3282 3753 vacare
3305 3713 3466 3767 posse
3494 3699 3732 3769 sapiens

2116 3793 2226 3859 tite,
2257 3793 2356 3847 hoc
2380 3804 2461 3847 est
2480 3793 2685 3847 versari
2713 3793 2851 3847 inter
2876 3791 3119 3856 delicias,
3145 3802 3199 3847 et
3225 3793 3544 3847 deliciarum
3571 3794 3733 3848 vitiis

2118 3901 2223 3939 non
2276 3885 2479 3953 teneri,
2531 3887 2771 3955 scipsum
2815 3884 3033 3954 decipit.
3088 3885 3296 3941 Sensus
3349 3896 3536 3940 uoster
3587 3886 3734 3942 illud

2116 3978 2339 4049 Cogitat,
2360 3978 2503 4049 quod
2527 3977 2692 4047 videt,
2716 3979 2884 4041 audit,
2911 3977 3192 4042 odoratur,
3214 3987 3413 4048 gustat,
3439 3989 3734 4046 attrectat,

2119 4084 2168 4122 et
2200 4073 2265 4123 ad
2285 4070 2403 4139 ejus
2422 4070 2652 4123 trahitur
2670 4070 2985 4140 appetitum,
3006 4071 3160 4139 cujus
3183 4090 3238 4123 ea
3252 4071 3393 4141 pitur
3416 4071 3736 4138 voluptate.

2120 4161 2367 4223 D.fficile,
2387 4163 2558 4216 immo
2584 4162 2917 4232 impossibile
2936 4175 3037 4226 est,
3059 4162 3266 4217 divitiis
3287 4175 3337 4217 et
3354 4163 3738 4229 voluptatibus

2121 4256 2409 4312 affluentes
2438 4272 2547 4312 non
2580 4274 2640 4313 ea
2674 4259 2915 4328 cogitate
2952 4274 3069 4327 quae
3097 4258 3357 4328 gerimus.
3391 4257 3738 4327 Frustraqne

2124 4352 2339 4422 quidam
2387 4353 2642 4407 simulant
2672 4352 2819 4405 salva
2865 4350 2970 4406 fide
2998 4363 3051 4405 et
3093 4350 3346 4421 pudicitia
3389 4349 3474 4422 [At
3504 4359 3647 4403 tacet
3681 4361 3742 4407 et

2129 4446 2408 4519 pudicitia]
2438 4458 2491 4501 et
2514 4446 2823 4517 integritate
2845 4448 3043 4501 mentis
3065 4461 3124 4501 se
3148 4446 3295 4500 abuti
3318 4446 3700 4515 voluptatibus
3724 4465 3743 4500 ;

431 4534 632 4601 habet,
687 4534 877 4589 leviori
923 4534 1222 4604 digestione
1272 4531 1615 4602 decoquitur.
1664 4532 1836 4589 Nemo
1878 4535 2021 4590 enim
2051 4512 2104 4573 Ῑ)
2131 4558 2252 4597 cum
2283 4553 2467 4597 contra
2500 4553 2744 4596 naturam
2776 4541 2865 4607 sit,
2896 4541 3068 4609 cepiis
3098 4540 3450 4609 voluptatum,
3482 4538 3606 4594 sine
3642 4554 3743 4594 vo-

430 4647 539 4687 uno
572 4639 628 4685 et
657 4630 871 4685 duobus
909 4630 1065 4697 cibis,
1102 4629 1296 4702 hisque
1323 4629 1519 4684 vilibus
1551 4644 1722 4699 usque
1765 4628 1832 4684 ad
1866 4628 2026 4684 inﬂa-

440 4726 638 4781 tionem
672 4725 880 4779 vcntris
926 4733 1219 4791 oneratur,
1250 4741 1373 4795 quae
1421 4723 1735 4780 diversitate
1778 4726 2024 4780 carnium

437 4829 492 4874 et
515 4820 729 4889 saporis
768 4818 1130 4873 delectatione
1158 4818 1488 4889 concipitur,
1516 4834 1638 4872 cum
1667 4817 1833 4872 variis
1864 4817 2025 4872 nido-

436 4913 585 4969 ribus
615 4912 827 4969 fumant
855 4913 1070 4983 patinze,
1095 4926 1148 4967 et
1177 4914 1244 4967 ad
1270 4928 1422 4969 esmn
1454 4913 1561 4975 sui,
1587 4913 1798 4982 expleta
1822 4912 2026 4979 esurie,

438 5005 589 5075 quasi
619 4992 865 5074 captivos
896 5004 1138 5059 trahunt.
1173 5004 1326 5061 Unde
1355 5014 1410 5061 et
1440 5005 1614 5061 morbi
1645 5022 1712 5061 ex
1742 5007 2027 5062 saturitate

442 5098 604 5150 nitnia
639 5100 1001 5153 concitantur.
1037 5098 1300 5175 Multique
1345 5099 1738 5168 impatientiam
1769 5101 1909 5171 gula:
1937 5117 2032 5155 vo-

441 5189 573 5245 tnitu
620 5192 994 5247 remediantur
1036 5209 1049 5246 :
1099 5202 1155 5247 et
1202 5192 1344 5262 quod
1390 5194 1620 5263 turpiter
1664 5192 2031 5265 ingesserunt,

443 5287 653 5357 turpius
680 5296 922 5357 egerunt.
2028 5290 2031 5295 λ

511 5379 806 5449 Postquam
838 5380 980 5434 enim
1018 5381 1164 5438 venit
1191 5381 1440 5437 Christus
1483 5380 1535 5436 in
1565 5382 1670 5437 fine
1703 5392 2033 5452 temporum,

443 5482 498 5527 et
529 5472 759 5529 revolvit
790 5489 983 5545 omega
1013 5474 1077 5528 ad
1106 5473 1293 5546 alpha,
1325 5475 1375 5531 id
1404 5487 1509 5543 est,
1548 5476 1711 5532 finem
1744 5475 1810 5531 ad
1838 5475 2039 5547 princi-

2134 4637 2338 4704 luptate
2382 4634 2607 4704 perfrui.
2645 4634 2848 4689 Sensus
2879 4648 3170 4703 corporum
3217 4631 3369 4704 quasi
3416 4636 3541 4703 equi
3584 4643 3743 4701 sunt,

2133 4730 2249 4783 sine
2272 4729 2477 4783 ratione
2498 4737 2803 4783 currentes.
2831 4726 3022 4781 Anima
3051 4740 3179 4781 vero
3203 4725 3255 4780 in
3283 4725 3487 4795 auriga:
3512 4724 3742 4779 modum

2136 4822 2331 4877 retinet
2362 4822 2512 4877 frena
2546 4820 2900 4878 currentium.

2208 4915 2439 4971 Grandis
2459 4916 2747 4970 exsultatio
2772 4914 2965 4968 anima:
2989 4922 3091 4981 est,
3108 4928 3227 4968 cum
3255 4926 3418 4982 parvo
3444 4920 3750 4966 contentus

2137 5008 2325 5073 fueris,
2354 5009 2611 5064 mundum
2643 5010 2842 5067 habere
2865 5008 2964 5062 sub
2992 5006 3220 5078 pedibus
3254 5023 3265 5059 :
3295 5015 3347 5060 et
3372 5020 3594 5058 omnem
3622 5005 3748 5076 ejus

2141 5103 2459 5172 potentiam.
2506 5102 2733 5169 epulas,
2790 5100 3065 5162 libidines,
3117 5109 3333 5167 prepter
3364 5113 3483 5166 qu:e
3534 5096 3749 5151 divitiae

2140 5205 2545 5266 comparantur,
2567 5194 2760 5248 vilibus
2776 5204 2985 5248 mutare
3002 5192 3159 5257 cibis,
3186 5202 3239 5245 et
3262 5190 3536 5244 ετλεείονθ
3557 5189 3748 5244 tunica

2142 5302 2518 5357 compensare.
2551 5286 2703 5340 Tolle
2731 5284 3011 5355 epularum
3052 5294 3105 5338 et
3134 5282 3373 5337 libidinis
3420 5281 3701 5335 luxuriam
3734 5298 3746 5333 :

2144 5397 2304 5436 nemo
2334 5386 2541 5449 quaeret
2580 5378 2815 5439 divitias,
2846 5393 3072 5447 quarunt
3116 5391 3243 5429 usus
3266 5416 3279 5437 ,
3311 5385 3403 5427 aut
3436 5376 3486 5426 in
3525 5386 3747 5438 ventre,

2146 5492 2234 5535 aut
2276 5478 2378 5533 sub
2400 5484 2588 5531 ventre
2619 5482 2721 5528 est.
2754 5473 2855 5541 Qui
2902 5478 3162 5543 aegrotat,
3207 5483 3312 5524 non
3355 5467 3516 5521 aliter
3550 5466 3751 5536 recipit

523 5668 550 5696 ει
588 5658 808 5715 Rubeus
850 5661 967 5717 lucc
1015 5676 1116 5734 per
1145 5659 1410 5719 incuriam
1442 5663 1611 5721 verba
1662 5663 2034 5736 praetermisit,
2062 5665 2190 5736 quia
2210 5679 2393 5719 carnes
2426 5671 2471 5719 et
2502 5659 2776 5732 exquisito:
2815 5654 2983 5728 eptth
3020 5654 3214 5726 ingenti
3259 5667 3385 5708 cura
3427 5668 3487 5706 ac
3541 5652 3752 5707 miseria

458 5741 837 5800 properantur.
