3918 6294
478 214 535 229 Ἲ1¹

232 238 321 300 sit
490 220 603 235 ““
774 232 1057 298 necum.
1097 232 1583 294 nossenonuu
1622 234 1716 293 ex
1753 231 2065 295 scntp'rts
2105 234 2495 296 maneam
2535 236 2922 301 COLLECTA.
3400 245 3467 304 δε

230 355 519 422 sanitatem,
548 352 658 409 nisi
700 353 848 409 tenui
874 353 997 409 cibo
1024 360 1079 408 et
1104 352 1369 423 caStigato
1396 351 1562 405 vieto.
1591 346 1800 419 Quibus
1824 351 1882 414 Α
1908 364 2204 423 noverant,
2239 371 2424 411 verum
2452 368 2507 413 et
2537 358 2712 429 ipsum
2747 375 2935 430 parum
2968 368 3194 433 propter
3237 377 3503 421 nauseam

228 463 342 519 ergo
379 447 512 503 cibis
554 448 817 518 recipitur
846 446 1085 509 sanitas,
1129 444 1214 499 his
1245 452 1297 500 et
1329 443 1536 498 serrari
1584 450 1759 513 poteSt
1790 457 1806 499 :

229 558 287 597 ne
312 541 421 609 quis
451 552 607 611 putet
651 541 876 595 morbos
915 538 1157 595 oieribus
1204 537 1487 592 concitari.
1526 535 1583 593 Si
1627 544 1805 591 autem

228 637 355 691 vires
382 637 525 690 olera
551 649 661 690 non
688 634 1021 695 ministrant,
1046 648 1165 703 qua:
1199 640 1495 686 nascuntur
1518 640 1566 686 et
1594 631 1808 684 aluntur

227 728 491 790 carnibus,
543 726 673 798 quid
705 735 731 763 ι
766 737 945 781 tamen
981 736 1204 780 necesse
1235 731 1319 778 est
1351 723 1579 792 sapienti
1612 723 1726 775 viro
1753 728 1807 775 ct

228 824 529 893 philosopho
561 822 766 878 ChriSIi
790 831 995 875 tantam
1027 820 1229 874 habere
1258 818 1657 883 fortitudinem,
1686 831 1806 887 qua:

226 916 418 971 athletis
446 916 504 971 et
554 916 819 969 militibus
866 912 1173 967 necessaria
1202 925 1281 967 εει
1306 954 1320 975 ,
1368 922 1528 981 quam
1560 920 1681 963 eum
1713 910 1807 963 lia-

224 1010 379 1064 huerit
426 1006 495 1062 ad
530 1010 665 1061 vitia
720 1006 1088 1077 provocetur?
1128 1006 1205 1060 llli
1251 1002 1586 1059 arbitrentur
1613 1004 1805 1057 carnes

223 1106 412 1160 sanitati
452 1119 753 1175 congruas,
800 1102 1110 1174 quivolttut
1151 1101 1301 1155 abuti
1341 1092 1592 1162 libidine,
1647 1108 1700 1152 et
1750 1098 1801 1152 itt‘

221 1214 408 1253 cmnum
439 1186 680 1252 demersi
713 1197 1055 1271 Voluptatnm
1085 1240 1098 1264 ,
1133 1195 1198 1248 ad
1230 1195 1435 1248 coitum
1465 1207 1680 1263 semper
1711 1208 1803 1246 es-

222 1300 447 1344 testoaot.
495 1290 811 1344 Christiano
853 1290 1057 1343 sanitas
1102 1288 1309 1360 absque
1337 1285 1544 1340 viribus
1589 1284 1803 1339 eximiis

225 1383 313 1456 [AL
344 1381 528 1453 nimis]
565 1384 873 1438 necessaria
902 1399 944 1439 c.
966 1392 1005 1438 t.

279 1474 374 1531 Nec
398 1476 621 1532 turbare
648 1492 746 1531 nos
774 1477 958 1543 debet,
989 1477 1031 1529 si
1064 1474 1168 1530 rari
1195 1464 1510 1543 sunthujus
1534 1473 1799 1544 propositi

219 1580 491 1625 seetatores
512 1614 527 1638 ,
563 1571 689 1641 quia
712 1571 822 1625 rari
864 1580 1011 1635 sunt,
1042 1579 1096 1623 et
1123 1570 1281 1625 amici
1326 1568 1452 1624 booi
1501 1568 1719 1636 fideles,
1746 1576 1800 1622 et

219 1661 403 1732 pudici,
449 1670 502 1716 et
539 1663 914 1730 continentes,
964 1672 1292 1733 semperque
1316 1662 1485 1715 virtu:
1530 1677 1648 1714 rara
1690 1670 1794 1715 est.

1912 456 1966 505 et
1994 450 2345 518 aSperitatem
2373 455 2604 522 gutturis
2632 454 2969 510 leniendam.

1982 543 2120 611 Quid
2179 544 2391 616 loquar,
2450 546 2660 615 inquit,
2717 547 2784 603 de
2830 548 3185 615 volatilibus,
3232 566 3355 604 cum
3404 566 3504 606 ova

1910 650 2125 707 quoque
2156 652 2251 706 pro
2274 639 2532 693 carnibus
2554 639 2845 694 vitaverint
2869 650 2926 695 et
2956 629 3076 696 lac?
3098 658 3328 710 quorum
3363 640 3507 698 aite-

1910 744 2029 781 rum
2058 744 2249 785 catttes
2284 730 2520 800 liquidas
2544 773 2557 796 ,
2591 731 2820 787 alterum
2850 734 3170 804 sanguinem
3211 750 3335 791 esse
3358 736 3508 791 dice-

1912 819 2043 874 bant
2071 821 2255 876 colore
2304 830 2536 877 mutato.
2562 824 2749 880 Cubile
2792 826 2870 881 eis
2899 826 2967 881 de
3011 823 3158 881 foliis
3202 828 3501 897 palmarum

1909 920 2221 968 contextum
2254 924 2389 969 erat.
2424 915 2734 971 Seabellnm
2766 918 2971 972 acelive
3001 935 3065 974 ex
3100 935 3201 973 una
3228 932 3380 989 parte
3408 922 3506 974 oh-

1911 1005 2111 1074 iiqttum
2138 1008 2189 1060 in
2220 1016 2364 1063 terra
2393 1024 2492 1077 pro
2524 1010 2745 1079 pulvillo
2778 1012 2938 1079 capiti
2969 1014 3388 1082 suppooebant:
3421 1015 3505 1069 bi—

1908 1098 1995 1152 dui
2030 1098 2302 1170 triduique
2334 1101 2569 1155 inediam
2600 1103 2933 1158 sustinentes
2956 1146 2970 1170 ,
3004 1114 3056 1159 et
3085 1105 3343 1161 humores
3382 1122 3505 1161 eor-

1908 1191 2052 1260 poris
2078 1234 2093 1257 ,
2126 1174 2218 1263 qui
2270 1201 2570 1248 nascuntur
2597 1209 2664 1248 ex
2694 1195 2826 1259 otio,
2856 1203 2912 1250 et
2940 1212 3004 1250 ex
3038 1198 3318 1252 mansione
3345 1200 3503 1255 unius

1908 1282 2011 1336 loci
2037 1326 2051 1349 ,
2081 1282 2245 1338 nimia
2271 1285 2444 1337 victus
2468 1286 2825 1355 eaStigatione
2854 1286 3150 1342 sieCabant.
3184 1287 3314 1343 Item
3344 1289 3502 1346 Jnse-

1905 1376 2066 1448 phus,
2100 1377 2151 1431 itt
2184 1377 2697 1432 scenttd;r1ttdaiea.-
2720 1380 3057 1450 captivitatis
3081 1380 3333 1445 historia,
3368 1394 3419 1437 et
3449 1384 3501 1437 in

1906 1468 2116 1524 decimo
2160 1479 2352 1524 octavo
2403 1468 2799 1540 Antiquitatum
2850 1471 3035 1541 libro,
3086 1474 3189 1527 tria
3241 1475 3527 1530 describit

1904 1562 2153 1633 dogmata
2185 1561 2496 1619 .ludmnrum
2524 1604 2539 1629 ,
2566 1565 2895 1632 pitariswos,
2927 1565 3270 1632 sadducreos,
3302 1582 3504 1623 esss-os

1905 1656 2012 1731 [ΑΙ.
2044 1655 2301 1728 essenos]
2339 1675 2352 1711 :
2382 1673 2614 1729 quorum
2646 1659 2973 1714 novissimos
3004 1660 3158 1714 miris
3186 1661 3345 1716 elTert
3384 1663 3500 1716 latt-

219 1755 445 1825 Legintus
476 1754 745 1823 quosdam
781 1755 972 1809 morbo
1017 1754 1296 1809 articulari
1324 1762 1380 1808 et
1413 1753 1666 1825 podagra:
1699 1754 1796 1807 hu-
1827 1747 1875 1808 B
1902 1752 2080 1819 dibus,
2114 1750 2256 1820 quod
2297 1761 2352 1806 et
2379 1753 2641 1807 uxoribus
2666 1795 2681 1817 ,
2731 1753 2856 1806 vino
2884 1762 2937 1808 et
2982 1752 3241 1809 carnibus
3284 1769 3502 1827 semper

217 1849 435 1902 moribus
468 1848 806 1917 laborantes,
833 1847 1240 1920 proscriptione
1267 1851 1528 1902 bonorum
1560 1846 1627 1900 ad
1659 1846 1793 1900 sitn-

217 1942 385 2013 piieeot
418 1958 670 1997 mensam
697 1948 753 1998 et
780 1941 847 1996 ad
883 1956 1149 2013 pauperes
1179 1943 1334 1997 cibos
1366 1941 1635 2007 red:.ctos,
1665 1956 1795 1994 eon-

216 2034 447 2091 valuisse.
484 2035 786 2090 Carnerant
812 2034 956 2090 enim
1003 2032 1375 2090 sollicitudine
1413 2033 1793 2104 dispensanda:

216 2127 405 2189 domus,
442 2138 501 2182 et
545 2128 831 2201 epularum
859 2127 1138 2200 largitate,
1182 2138 1303 2197 qua:
1334 2131 1388 2180 et
1417 2139 1615 2196 corpus
1644 2120 1791 2177 fran-

214 2229 349 2291 gunt,
384 2229 437 2275 et
460 2220 728 2275 animam.

270 2314 453 2370 Irridet
480 2315 740 2369 Horatius
761 2314 1060 2385 appetitum
1076 2313 1348 2381 ciborum,
1370 2312 1461 2382 qui
1484 2310 1790 2380 consompti

217 2407 511 2480 relinquunt
539 2410 799 2478 pmnitent
814 2408 942 2463 iam.
962 2408 1066 2463 Sed
1095 2409 1257 2462 etiam
1277 2423 1340 2461 ex
1356 2406 1635 2461 vilissimis
1656 2405 1791 2460 cibis

215 2501 410 2557 vitanda
441 2502 688 2557 satietas.
727 2500 876 2557 Nihil
907 2505 1049 2557 enim
1099 2503 1170 2556 ita
1203 2501 1384 2555 Obtllil
1418 2501 1657 2554 animum
1683 2542 1700 2567 ,
1736 2507 1793 2555 ut

214 2592 383 2663 plenus
414 2604 610 2649 venter
636 2598 691 2650 et
719 2604 975 2657 aestuans,
999 2603 1053 2649 et
1084 2595 1189 2649 huc
1219 2593 1346 2648 illuc
1373 2607 1433 2648 se
1462 2603 1705 2660 vertens,
1736 2602 1792 2648 et

213 2686 257 2741 in
282 2698 461 2743 ructus
482 2730 500 2755 ,
553 2699 611 2744 et
639 2688 694 2742 in
725 2688 962 2757 crepitus
989 2697 1272 2743 ventorum
1310 2685 1588 2742 etllatione
1616 2687 1789 2756 respi-

216 2795 341 2835 rans.
365 2781 538 2849 Quale
562 2789 743 2836 autem
770 2780 903 2835 illud
924 2780 1214 2850 jejunium,
1245 2790 1333 2833 aut
1361 2778 1539 2849 qualis
1564 2777 1789 2835 refectio

212 2883 315 2943 post
337 2872 634 2943 jejunium,
668 2888 791 2927 eum
828 2872 1091 2942 pridiauis
1119 2871 1296 2941 epulis
1325 2870 1710 2933 distendimur,
1734 2879 1792 2925 et

210 2975 371 3034 guttur
401 2975 649 3020 nostrum
703 2964 1108 3021 meditatoriunt
1159 2964 1395 3019 cilicitur
1425 2963 1788 3019 latrinarutn?

210 3054 431 3128 Dumque
452 3058 712 3111 volumus
738 3057 1047 3127 proiixioris
1073 3056 1265 3111 inedia:
1291 3056 1487 3111 famem
1515 3071 1781 3127 quaerere,

1901 1844 2291 1913 abStinuerint,
2324 1844 2701 1914 quotidianum
2740 1845 3012 1915 jejunium
3042 1848 3304 1902 verterint
3328 1849 3379 1902 in
3406 1864 3501 1902 na-

1903 1946 2098 1991 turam.
2133 1936 2309 2006 Super
2336 1951 2568 2005 quorum
2602 1938 2710 1990 vita
2746 1948 2798 1992 et
2846 1938 2970 1993 cibo
3014 1937 3125 2011 [ΑΙ.
3156 1947 3285 1992 tacet
3313 1938 3496 2011 cibo],

1900 2031 2055 2087 Philo
2088 2032 2171 2085 vir
2198 2031 2547 2085 doctissimus
2580 2031 2854 2100 proprium
2890 2031 3147 2086 volumen
3177 2032 3369 2085 edidit.
3412 2046 3415 2047 '

1971 2126 2237 2181 Eubolius
2280 2133 2465 2179 narrat
2518 2123 2659 2193 apud
2705 2124 2898 2177 Persas
2940 2125 3040 2178 tria
3071 2139 3275 2194 genera
3319 2124 3501 2197 Mago-

1838 2260 1845 2265 σ
1896 2236 2056 2287 rum,
2110 2235 2339 2290 quorum
2386 2217 2623 2288 primos,
2660 2219 2750 2289 qui
2791 2218 2900 2271 sint
2947 2217 3243 2271 doctissimi
3291 2230 3345 2273 et
3384 2220 3500 2273 elo-

1897 2312 2273 2384 quentissimi,
2309 2324 2534 2381 excepta
2575 2309 2743 2365 farina
2772 2320 2826 2364 et
2853 2308 3032 2373 olere,
3066 2310 3142 2365 nil
3173 2312 3411 2382 amplius
3440 2313 3492 2366 in

1897 2408 2019 2464 cibo
2047 2421 2291 2463 sumere.
2323 2405 2575 2477 Orpheus
2612 2420 2826 2476 quoque
2864 2403 2915 2459 in
2947 2406 3189 2460 carmine
3211 2421 3310 2459 suo
3343 2420 3494 2461 esum

1896 2501 2140 2557 carnium
2192 2501 2410 2570 penitus
2451 2499 2771 2554 detestatur.
2794 2496 3127 2570 _l‘ythagor'.e
3158 2500 3321 2553 etiam
3341 2540 3356 2562 ,
3387 2497 3491 2555 So-

1895 2593 2089 2659 cratis,
2130 2592 2471 2648 Antisthenis
2494 2636 2507 2659 ,
2557 2600 2613 2647 et
2643 2591 2980 2662 reliquorum
3009 2590 3373 2661 frugalitatem
3402 2608 3491 2647 re-

1894 2684 2093 2741 ferrem
2124 2685 2178 2740 in
2208 2684 2589 2740 confusionem
2619 2693 2857 2740 nostram
2880 2725 2895 2750 ,
2928 2684 3029 2737 nisi
3062 2694 3117 2739 et
3148 2684 3369 2754 longum
3402 2698 3494 2739 es-

1895 2787 2009 2846 set,
2038 2788 2093 2836 et
2120 2777 2324 2849 pr0prii
2358 2777 2540 2845 Operis
2565 2775 2834 2846 indigeret
2868 2793 2880 2828 :
2914 2786 2971 2829 ut
2997 2776 3086 2845 qui
3113 2785 3490 2847 paupertatem

1894 2872 2278 2943 Apostolorum
2324 2879 2377 2925 et
2416 2869 2597 2925 erucis
2626 2869 2905 2932 duritiem,
2950 2878 3043 2922 aut
3072 2870 3351 2934 nesciunt,
3398 2875 3493 2924 aut

1893 2944 2247 3021 contemnunt
2268 3008 2281 3031 ,
2328 2962 2607 3018 imitentur
2636 2962 2826 3016 saltem
2857 2961 3138 3031 gentilium
3172 2960 3488 3030 parcitatent

1895 3057 2002 3131 [AL
2033 3055 2453 3129 paupertatem].

209 3154 398 3203 tantum
430 3162 715 3215 voramus,
750 3158 1009 3217 quantum
1044 3150 1128 3202 vix
1161 3147 1386 3203 alterius
1414 3147 1521 3202 diei
1552 3163 1659 3202 nox
1705 3146 1787 3202 di-
1814 3140 1869 3208 Ο
1964 3150 2045 3206 Ad
2074 3166 2134 3205 ea
2166 3151 2341 3215 venio,
2366 3165 2488 3220 qua:
2513 3147 2689 3203 Asella
2725 3155 2842 3218 post
2868 3145 3254 3201 duodecimum
3290 3162 3488 3201 annum

208 3253 359 3312 gerat.
399 3243 593 3315 itaque
632 3258 741 3297 non
790 3250 900 3297 tam
951 3241 1215 3312 jejunium
1259 3241 1638 3312 appellandum
1679 3252 1786 3311 εει,

207 3351 345 3404 quam
373 3335 638 3408 crapula,
673 3350 737 3394 ac
768 3334 943 3391 fetens
969 3344 1022 3390 et
1062 3334 1290 3390 molesta
1317 3333 1573 3405 digestio.

784 3469 1016 3527 CAPUT
1058 3470 1173 3526 ΧΠ.

208 3585 272 3641 De
300 3588 631 3644 Abstinentia
672 3587 1136 3660 PhilosoPhorum,
1166 3588 1502 3652 antiquorum
1527 3586 1787 3641 Sacerdo-

544 3690 653 3735 tem
675 3724 688 3745 ,
717 3681 1043 3751 aliorumque
1075 3679 1407 3736 Sanctorum.

262 3794 606 3851 Dicmarcbus
633 3794 683 3849 itt
711 3795 864 3849 libris
898 3794 1295 3865 Antiquitalutn
1322 3804 1377 3850 ct
1403 3793 1786 3861 Descriptione

200 3886 439 3954 ϐαθεῖα),
496 3887 666 3944 refert
704 3889 809 3943 sub
846 3888 1123 3953 Saturno,
1173 3904 1295 3943 cmn
1351 3887 1535 3943 omnia
1586 3888 1783 3945 humus

200 3977 462 4044 funderet,
509 3980 721 4034 nullum
755 3980 1061 4036 comedisse
1089 3994 1282 4035 carnes
1306 4022 1320 4045 ,
1363 3980 1457 4036 sed
1501 3982 1783 4036 universos

200 4072 380 4128 vixisse
411 4075 660 4144 frugibus
690 4084 745 4129 et
789 4075 964 4145 pomis
987 4118 1001 4141 ,
1035 4091 1155 4145 qut:
1196 4084 1391 4143 sponte
1420 4085 1563 4130 terra
1596 4077 1785 4144 gigne-

198 4164 293 4224 bat.
325 4168 652 4225 Chcretnon
694 4186 911 4240 quoque
958 4171 1214 4232 Stoicus,
1268 4172 1354 4224 vir
1403 4171 1784 4239 eloquentissi-

195 4277 321 4331 mus,
356 4276 545 4320 narrat
572 4265 640 4319 de
664 4266 770 4319 vita
801 4264 1146 4333 antiquorum
1162 4262 1378 4337 Egypti
1411 4265 1778 4333 sacerdotum,

194 4358 322 4423 quod
359 4358 621 4413 erunibus
652 4358 839 4413 mundi
883 4358 1115 4429 negotiis
1144 4358 1402 4428 curisque
1433 4357 1781 4428 postpositis,

195 4464 399 4519 semper
430 4451 483 4507 in
536 4451 739 4521 templo
787 4450 1020 4521 fuerint,
1070 4460 1125 4507 et
1156 4468 1335 4507 rerum
1371 4461 1626 4519 naturas,
1657 4467 1784 4505 cau-

1893 3244 2091 3298 sudore
2123 3243 2347 3312 proprio
2377 3242 2561 3312 elegit,
2614 3241 2882 3309 arripuit,
2917 3240 3125 3307 tenuit,
3161 3239 3357 3310 empit,
3394 3239 3496 3293 itu-

1894 3338 2078 3408 plevit.
2136 3336 2306 3394 Unius
2353 3336 2566 3391 cellula:
2610 3336 2795 3389 clausa
2847 3334 3150 3404 angustiis,
3206 3332 3491 3387 latitudine

1893 3432 2130 3502 paradisi
2174 3432 2474 3487 fruebatur.
2508 3430 2652 3485 ldetn
2698 3439 2858 3484 terra:
2907 3428 3114 3493 solum,
3148 3435 3204 3481 et
3228 3426 3491 3482 orationis

1892 3525 2043 3579 locus
2072 3522 2279 3578 ex5titit
2320 3532 2375 3575 et
2414 3521 2633 3590 quietis.
2677 3518 2950 3588 .lejunium
2985 3516 3168 3572 habuit
3196 3533 3295 3587 pro
3324 3517 3453 3571 ludo
3474 3559 3488 3583 ,

1889 3618 2123 3701 inediajn
2176 3631 2276 3686 pro
2322 3615 2638 3672 remotione.
2672 3613 2890 3668 Etcum
2930 3627 3051 3668 eam
3097 3626 3205 3666 non
3235 3610 3489 3666 vescendi

1889 3712 2244 3776 desiderium,
2278 3709 2372 3766 sed
2407 3710 2639 3764 humana
2682 3706 2955 3763 confectio
2984 3707 3051 3760 ad
3084 3706 3265 3761 cibum
3308 3704 3490 3760 trahe-

1889 3817 2008 3871 ret,
2042 3821 2183 3875 pane
2226 3813 2282 3860 et
2319 3805 2433 3858 sale
2461 3813 2517 3858 et
2556 3818 2693 3871 aqua
2739 3800 2933 3871 frigida
2977 3800 3285 3854 concitabat
3317 3798 3488 3868 nugis

1885 3901 2144 3966 esuriem,
2165 3913 2326 3968 quam
2355 3895 2727 3967 restinguebat
2748 3912 2760 3947 :
2785 3904 2839 3949 et
2859 3893 3186 3962 operabatur
3210 3891 3483 3955 manibus,

1886 3992 2065 4047 sciens
2093 3991 2351 4060 scriptum
2381 4004 2507 4044 esse
2540 4005 2553 4042 :
2591 3988 2696 4052 Qui
2725 4003 2823 4039 non
2865 3985 3100 4053 laborat,
3128 4001 3228 4039 non
3256 3983 3485 4038 mandu-

1885 4094 1960 4140 cet
1990 4084 2053 4156 (11
2085 4083 2267 4139 Thess.
2299 4082 2402 4155 ut).
2434 4081 2503 4136 Et
2537 4082 2611 4134 ita
2640 4079 2705 4133 ad
2737 4079 3254 4150 quinquagenariam
3298 4092 3487 4147 perve-

1886 4179 1967 4232 nit
1994 4187 2211 4232 aztatem
2238 4219 2253 4241 ,
2305 4186 2367 4231 ut
2405 4190 2511 4231 non
2542 4173 2758 4228 doleret
2797 4172 3113 4226 stomachus
3134 4212 3147 4235 ,
3180 4186 3287 4225 non
3313 4169 3463 4226 visce

1886 4292 2003 4330 rum
2052 4274 2391 4329 cruciaretur
2436 4270 2671 4343 injuria,
2720 4284 2827 4323 non
2859 4268 3000 4322 sicca
3033 4266 3227 4321 humus
3254 4265 3484 4333 iacentia

1886 4367 2131 4422 membra
2170 4365 2574 4435 confringeret,
2621 4377 2724 4416 non
2756 4375 2917 4417 sacco
2947 4366 3195 4429 aspcrata
3225 4358 3367 4413 cutis
3404 4355 3483 4413 fe-

1888 4471 2061 4517 torem
2086 4461 2321 4531 aliquem
2354 4460 2626 4528 situmque
2666 4456 3045 4519 contraheret,
3078 4455 3173 4511 sed
3208 4470 3336 4509 sana
3366 4468 3491 4509 cor-

193 4557 375 4615 sasque
422 4560 488 4601 ac
515 4546 756 4601 rationes
794 4545 1033 4601 siderum
1064 4547 1416 4618 contemplati
1450 4548 1555 4601 sint
1577 4588 1593 4612 ,
1627 4564 1779 4602 num-
1810 4532 1862 4595 ι’)
1892 4569 2023 4625 pore
2047 4595 2060 4617 ,
2093 4554 2271 4607 animo
2328 4552 2542 4611 sanior,
2576 4548 2927 4604 solitudinem
2961 4556 3175 4618 putaret
3203 4563 3325 4603 6:50
3356 4545 3487 4600 deli-

194 4651 339 4705 quatn
370 4654 431 4693 se
463 4638 789 4694 mulieribus
838 4639 1192 4706 miscuerint,
1239 4655 1533 4708 numquam
1580 4654 1779 4710 cogna-

193 4736 266 4784 tos
294 4740 350 4787 et
382 4732 745 4803 propinquos,
777 4748 843 4786 ne
867 4731 1072 4787 liberos
1094 4731 1315 4802 quidem
1349 4732 1602 4795 viderint,
1637 4742 1689 4787 et
1710 4749 1774 4789 ex

190 4838 248 4877 eo
298 4837 542 4895 tempore
588 4842 697 4898 quo
722 4827 1019 4897 cmpissent
1042 4826 1229 4881 divino
1259 4827 1425 4882 cultui
1458 4828 1772 4897 deservire,

189 4921 431 4975 carnibus
460 4931 517 4977 et
541 4922 669 4975 vino
699 4935 916 4990 semper
944 4920 1308 4976 abstinuerint
1350 4931 1571 4993 propter
1602 4924 1778 4978 tenui-

189 5017 340 5067 tatem
368 5029 595 5083 sensus,
628 5012 656 5053 δ
689 5025 743 5070 et
774 5014 1007 5070 maxime
1035 5026 1261 5087 propter
1290 5019 1564 5086 appetitus
1598 5018 1775 5074 libidi—

189 5104 292 5172 nis,
320 5123 438 5178 qua:
481 5124 550 5164 ex
584 5110 667 5163 his
699 5109 838 5164 cibis
885 5120 938 5164 et
970 5125 1036 5163 ex
1068 5112 1167 5165 hae
1200 5112 1421 5181 potione
1452 5124 1768 5170 nascuntur.

191 5192 326 5253 Pane
375 5216 504 5257 vero
552 5216 660 5255 non
696 5201 1089 5271 vescebantur,
1125 5220 1193 5257 ne
1238 5214 1529 5259 onerarent
1568 5215 1771 5261 stoma-

186 5289 365 5359 chum,
400 5303 455 5348 et
502 5293 548 5349 si
595 5295 814 5361 quando
856 5295 1258 5365 comedebant,
1300 5307 1516 5353 tunsum
1566 5301 1771 5370 pariter

187 5379 468 5457 hyssopum
498 5391 793 5445 sumebant
824 5390 875 5447 in
905 5392 1028 5446 cibo
1059 5411 1071 5446 :
1101 5401 1159 5445 ut
1198 5407 1376 5448 escam
1418 5395 1723 5465 graviorem
1751 5438 1768 5463 ,

185 5473 323 5535 illius
354 5482 537 5539 calore
568 5483 959 5556 decoquerent.
992 5484 1181 5542 Oleum
1214 5496 1422 5543 tantum
1453 5488 1507 5545 in
1529 5487 1769 5547 oleribus

253 5704 275 5733 ⁸
307 5696 559 5765 Deerant,
582 5699 781 5769 quibus
810 5715 1004 5760 sensus
1031 5701 1264 5759 maxime
1288 5708 1531 5771 constat,
1565 5700 1756 5769 verba,

181 5771 343 5824 tamen
372 5788 571 5829 necesse
590 5782 687 5827 est.

1887 4649 2037 4714 eius,
2079 4647 2221 4702 etin
2268 4647 2402 4701 urbe
2450 4644 2661 4700 turbida
2702 4644 2970 4700 inveniret
3006 4659 3249 4699 eremunt
3303 4659 3485 4699 monav

1887 4740 2138 4794 chorum.

1958 4830 2124 4886 Paulo
2151 4844 2366 4901 quoque
2409 4828 2592 4885 cibum
2620 4838 2675 4884 et
2706 4830 3032 4886 veStimenta
3075 4829 3246 4900 palma
3278 4828 3486 4899 praebc-

1884 4921 2005 4986 bat;
2033 4930 2089 4976 et
2120 4936 2188 4975 ne
2217 4920 2304 4976 cui
2345 4920 2684 4991 impossibile
2715 4921 2979 4988 videatur,
3016 4921 3199 4977 Jcsum
3233 4930 3406 4974 testor
3433 4929 3488 4975 et

1885 5014 2111 5087 angelos
2133 5014 2250 5085 ejus
2274 5056 2287 5080 ,
2320 5015 2463 5086 quod
2502 5016 2553 5069 in
2582 5016 2787 5081 eremi,
2819 5032 2937 5085 quae
2961 5015 3112 5084 juxta
3142 5013 3356 5085 Syriam
3386 5012 3484 5068 Sa-

1884 5110 2098 5166 racenis
2128 5110 2518 5180 conjungitur,
2563 5110 2888 5164 monachum
2932 5108 3080 5173 vidi,
3132 5109 3222 5179 qui
3253 5124 3347 5178 per
3391 5107 3487 5161 tri-

1879 5206 2027 5276 ginta
2074 5218 2249 5257 annos
2284 5202 2525 5258 inclusus
2552 5243 2568 5269 ,
2609 5202 2911 5257 hordeaceo
2940 5217 3081 5272 pane
3118 5210 3173 5255 ct
3219 5200 3483 5256 lutulenta

1880 5316 2016 5374 aqua
2049 5298 2289 5353 vivebat.
2322 5297 2476 5352 Alter
2504 5297 2558 5351 in
2606 5294 2840 5351 cisterna
2873 5295 3041 5351 veteri
3076 5312 3173 5366 per
3213 5296 3330 5352 dies
3360 5298 3479 5352 siu-

1877 5395 2033 5467 gulos
2077 5392 2315 5463 quinque
2346 5390 2559 5461 carycis
2600 5388 3029 5444 sustentabatur.
3073 5389 3227 5446 Unde
3269 5390 3315 5445 si
3349 5388 3480 5444 mihi
3574 5434 3577 5437 γ

1881 5486 2145 5544 Dominus
2171 5483 2449 5557 optionem
2481 5480 2665 5551 daret,
2701 5482 2870 5536 multo
2901 5481 3071 5555 magis
3101 5481 3362 5554 eligerem
3396 5492 3479 5538 tu-

1938 5696 1967 5736 δ
1996 5695 2158 5754 Addit
2188 5694 2408 5751 Rubeus
2433 5735 2447 5759 ,
2490 5701 2537 5748 et
2569 5692 2869 5765 vertiginem
2908 5691 3113 5763 capitis.
3162 5688 3321 5747 Idem
3354 5702 3482 5747 mox

1869 5769 2063 5841 habet,
2093 5766 2241 5828 Pauc
2270 5784 2391 5825 raro
2410 5767 2757 5835 vescebantur,
2790 5775 2900 5823 etc.
