  <div class='ocr_page' id='page_1' title='image "/cluster/home/n/w/nwhite01/storage/ocr_20150623/30/hvd.32044096580535/185.png"; bbox 0 0 3918 6294; ppageno 0'>
   <div class='ocr_carea' id='block_1_1' title="bbox 355 271 459 334">
    <p class='ocr_par' dir='ltr' id='par_1_1' title="bbox 355 271 459 334">
     <span class='ocr_line' id='line_1_1' title="bbox 355 271 459 334; baseline 0.019 -2"><span class='ocrx_word' id='word_1_1' title='bbox 355 271 459 334; x_wconf 72' lang='grc'><strong>351</strong></span> 
     </span>
    </p>
   </div>
   <div class='ocr_carea' id='block_1_2' title="bbox 1391 267 2622 330">
    <p class='ocr_par' dir='ltr' id='par_1_2' title="bbox 1391 267 2622 330">
     <span class='ocr_line' id='line_1_2' title="bbox 1391 267 2622 330; baseline -0.002 -2"><span class='ocrx_word' id='word_1_2' title='bbox 1391 269 1449 328; x_wconf 88' lang='lat' dir='ltr'><strong>S.</strong></span> <span class='ocrx_word' id='word_1_3' title='bbox 1495 267 1872 327; x_wconf 67' lang='lat' dir='ltr'><strong>lillSIlONYPtll</strong></span> <span class='ocrx_word' id='word_1_4' title='bbox 1910 269 2197 330; x_wconf 79' lang='lat' dir='ltr'><strong>OI’ERUM</strong></span> <span class='ocrx_word' id='word_1_5' title='bbox 2237 269 2622 330; x_wconf 70' lang='lat' dir='ltr'><strong>MANTISSA.</strong></span> 
     </span>
    </p>
   </div>
   <div class='ocr_carea' id='block_1_3' title="bbox 3555 277 3664 337">
    <p class='ocr_par' dir='ltr' id='par_1_3' title="bbox 3555 277 3664 337">
     <span class='ocr_line' id='line_1_3' title="bbox 3555 277 3664 337; baseline 0.018 -2"><span class='ocrx_word' id='word_1_6' title='bbox 3555 277 3664 337; x_wconf 71' lang='grc'><strong>552</strong></span> 
     </span>
    </p>
   </div>
   <div class='ocr_carea' id='block_1_4' title="bbox 361 383 3664 457">
    <p class='ocr_par' dir='ltr' id='par_1_4' title="bbox 361 383 3664 457">
     <span class='ocr_line' id='line_1_4' title="bbox 361 383 3664 457; baseline -0.001 -13"><span class='ocrx_word' id='word_1_7' title='bbox 361 389 538 457; x_wconf 78' lang='grc' dir='ltr'>ηἰςτιιιι</span> <span class='ocrx_word' id='word_1_8' title='bbox 587 387 738 445; x_wconf 82' lang='lat' dir='ltr'><strong>Pauli</strong></span> <span class='ocrx_word' id='word_1_9' title='bbox 785 403 908 447; x_wconf 89' lang='lat' dir='ltr'><strong>eum</strong></span> <span class='ocrx_word' id='word_1_10' title='bbox 953 386 1201 456; x_wconf 82' lang='lat' dir='ltr'><strong>meritis,</strong></span> <span class='ocrx_word' id='word_1_11' title='bbox 1244 401 1403 454; x_wconf 85' lang='lat' dir='ltr'><strong>quam</strong></span> <span class='ocrx_word' id='word_1_12' title='bbox 1455 402 1639 456; x_wconf 82' lang='lat' dir='ltr'><strong>regum</strong></span> <span class='ocrx_word' id='word_1_13' title='bbox 1691 387 2030 454; x_wconf 79' lang='lat' dir='ltr'><strong>purpurasA</strong></span> <span class='ocrx_word' id='word_1_14' title='bbox 2059 393 2378 440; x_wconf 69' lang='lat' dir='ltr'><strong>caeterarum</strong></span> <span class='ocrx_word' id='word_1_15' title='bbox 2411 385 2669 440; x_wconf 90' lang='lat' dir='ltr'><strong>virtutum</strong></span> <span class='ocrx_word' id='word_1_16' title='bbox 2698 383 3106 440; x_wconf 81' lang='lat' dir='ltr'><strong>fundamentum</strong></span> <span class='ocrx_word' id='word_1_17' title='bbox 3137 393 3241 453; x_wconf 86' lang='lat' dir='ltr'><strong>est,</strong></span> <span class='ocrx_word' id='word_1_18' title='bbox 3274 388 3664 444; x_wconf 83' lang='lat' dir='ltr'><strong>etsanctiﬁca-</strong></span> 
     </span>
    </p>
   </div>
   <div class='ocr_carea' id='block_1_5' title="bbox 361 477 1954 555">
    <p class='ocr_par' dir='ltr' id='par_1_5' title="bbox 361 477 1954 555">
     <span class='ocr_line' id='line_1_5' title="bbox 361 477 1954 555; baseline -0.006 -17"><span class='ocrx_word' id='word_1_19' title='bbox 361 497 485 538; x_wconf 86' lang='lat' dir='ltr'><strong>cum</strong></span> <span class='ocrx_word' id='word_1_20' title='bbox 516 481 698 552; x_wconf 83' lang='lat' dir='ltr'><strong>regnis</strong></span> <span class='ocrx_word' id='word_1_21' title='bbox 727 481 837 555; x_wconf 77' lang='grc' dir='ltr'><strong>[ΑΙ.</strong></span> <span class='ocrx_word' id='word_1_22' title='bbox 868 477 1064 551; x_wconf 78' lang='lat' dir='ltr'><strong>pmuis]</strong></span> <span class='ocrx_word' id='word_1_23' title='bbox 1090 478 1224 534; x_wconf 83' lang='lat' dir='ltr'><strong>suis.</strong></span> <span class='ocrx_word' id='word_1_24' title='bbox 1253 477 1390 547; x_wconf 84' lang='lat' dir='ltr'><strong>Quid</strong></span> <span class='ocrx_word' id='word_1_25' title='bbox 1417 489 1594 532; x_wconf 85' lang='lat' dir='ltr'><strong>tamen</strong></span> <span class='ocrx_word' id='word_1_26' title='bbox 1621 493 1719 532; x_wconf 92' lang='lat' dir='ltr'><strong>nos</strong></span> <span class='ocrx_word' id='word_1_27' title='bbox 1748 477 1954 532; x_wconf 82' lang='lat' dir='ltr'><strong>ventris</strong></span> 
     </span>
    </p>
   </div>
   <div class='ocr_carea' id='block_1_6' title="bbox 365 568 1954 642">
    <p class='ocr_par' dir='ltr' id='par_1_6' title="bbox 365 568 1954 642">
     <span class='ocr_line' id='line_1_6' title="bbox 365 568 1954 642; baseline -0.004 -13"><span class='ocrx_word' id='word_1_28' title='bbox 365 573 643 638; x_wconf 82' lang='lat' dir='ltr'><strong>animalia.</strong></span> <span class='ocrx_word' id='word_1_29' title='bbox 676 576 780 629; x_wconf 87' lang='lat' dir='ltr'><strong>tale</strong></span> <span class='ocrx_word' id='word_1_30' title='bbox 807 588 1058 642; x_wconf 82' lang='lat' dir='ltr'><strong>umquam</strong></span> <span class='ocrx_word' id='word_1_31' title='bbox 1087 571 1347 628; x_wconf 79' lang='lat' dir='ltr'><strong>fecimus?</strong></span> <span class='ocrx_word' id='word_1_32' title='bbox 1373 586 1509 641; x_wconf 89' lang='lat' dir='ltr'><strong>quos</strong></span> <span class='ocrx_word' id='word_1_33' title='bbox 1534 570 1580 625; x_wconf 92' lang='lat' dir='ltr'><strong>si</strong></span> <span class='ocrx_word' id='word_1_34' title='bbox 1605 569 1690 624; x_wconf 92' lang='lat' dir='ltr'><strong>vel</strong></span> <span class='ocrx_word' id='word_1_35' title='bbox 1719 568 1954 624; x_wconf 76' lang='lat' dir='ltr'><strong>secunda</strong></span> 
     </span>
    </p>
   </div>
   <div class='ocr_carea' id='block_1_7' title="bbox 325 659 1954 738">
    <p class='ocr_par' dir='ltr' id='par_1_7' title="bbox 325 659 1954 738">
     <span class='ocr_line' id='line_1_7' title="bbox 325 659 1954 738; baseline -0.004 -16"><span class='ocrx_word' id='word_1_36' title='bbox 325 669 330 674; x_wconf 83' lang='grc'><em>’</em></span> <span class='ocrx_word' id='word_1_37' title='bbox 365 666 499 722; x_wconf 82' lang='lat' dir='ltr'><strong>liora</strong></span> <span class='ocrx_word' id='word_1_38' title='bbox 543 667 786 738; x_wconf 73' lang='lat' dir='ltr'><strong>legentes</strong></span> <span class='ocrx_word' id='word_1_39' title='bbox 837 665 1135 728; x_wconf 89' lang='lat' dir='ltr'><strong>invenerit,</strong></span> <span class='ocrx_word' id='word_1_40' title='bbox 1175 664 1506 729; x_wconf 74' lang='lat' dir='ltr'><strong>oscitamus,</strong></span> <span class='ocrx_word' id='word_1_41' title='bbox 1558 677 1719 716; x_wconf 91' lang='lat' dir='ltr'><strong>manu</strong></span> <span class='ocrx_word' id='word_1_42' title='bbox 1761 659 1954 715; x_wconf 64' lang='lat' dir='ltr'><strong>facTem</strong></span> 
     </span>
    </p>
   </div>
   <div class='ocr_carea' id='block_1_8' title="bbox 365 755 1960 826">
    <p class='ocr_par' dir='ltr' id='par_1_8' title="bbox 365 755 1960 826">
     <span class='ocr_line' id='line_1_8' title="bbox 365 755 1960 826; baseline -0.003 -11"><span class='ocrx_word' id='word_1_43' title='bbox 365 759 726 825; x_wconf 69' lang='lat' dir='ltr'><strong>defricantes,</strong></span> <span class='ocrx_word' id='word_1_44' title='bbox 767 759 1110 814; x_wconf 86' lang='lat' dir='ltr'><strong>continemus</strong></span> <span class='ocrx_word' id='word_1_45' title='bbox 1156 759 1527 820; x_wconf 85' lang='lat' dir='ltr'><strong>stomachum,</strong></span> <span class='ocrx_word' id='word_1_46' title='bbox 1565 765 1618 810; x_wconf 91' lang='lat' dir='ltr'><strong>et</strong></span> <span class='ocrx_word' id='word_1_47' title='bbox 1652 755 1803 826; x_wconf 83' lang='lat' dir='ltr'><strong>quasi</strong></span> <span class='ocrx_word' id='word_1_48' title='bbox 1839 761 1960 825; x_wconf 88' lang='lat' dir='ltr'><strong>post</strong></span> 
     </span>
    </p>
   </div>
   <div class='ocr_carea' id='block_1_9' title="bbox 367 849 1958 923">
    <p class='ocr_par' dir='ltr' id='par_1_9' title="bbox 367 849 1958 923">
     <span class='ocr_line' id='line_1_9' title="bbox 367 849 1958 923; baseline -0.004 -13"><span class='ocrx_word' id='word_1_49' title='bbox 367 857 594 910; x_wconf 90' lang='lat' dir='ltr'><strong>multum</strong></span> <span class='ocrx_word' id='word_1_50' title='bbox 629 853 905 923; x_wconf 81' lang='lat' dir='ltr'><strong>laborem,</strong></span> <span class='ocrx_word' id='word_1_51' title='bbox 955 852 1320 908; x_wconf 81' lang='lat' dir='ltr'><strong>mundialibus</strong></span> <span class='ocrx_word' id='word_1_52' title='bbox 1363 866 1554 908; x_wconf 84' lang='lat' dir='ltr'><strong>rursus</strong></span> <span class='ocrx_word' id='word_1_53' title='bbox 1601 849 1834 921; x_wconf 80' lang='lat' dir='ltr'><strong>negotiis</strong></span> <span class='ocrx_word' id='word_1_54' title='bbox 1861 863 1958 905; x_wconf 87' lang='lat' dir='ltr'><strong>oc-</strong></span> 
     </span>
    </p>
   </div>
   <div class='ocr_carea' id='block_1_10' title="bbox 364 965 649 1019">
    <p class='ocr_par' dir='ltr' id='par_1_10' title="bbox 364 965 649 1019">
     <span class='ocr_line' id='line_1_10' title="bbox 364 965 649 1019; baseline -0.004 -15"><span class='ocrx_word' id='word_1_55' title='bbox 364 965 649 1019; x_wconf 87' lang='lat' dir='ltr'><strong>cupamur.</strong></span> 
     </span>
    </p>
   </div>
   <div class='ocr_carea' id='block_1_11' title="bbox 439 1040 1960 1112">
    <p class='ocr_par' dir='ltr' id='par_1_11' title="bbox 439 1040 1960 1112">
     <span class='ocr_line' id='line_1_11' title="bbox 439 1040 1960 1112; baseline -0.003 -16"><span class='ocrx_word' id='word_1_56' title='bbox 439 1041 800 1096; x_wconf 79' lang='lat' dir='ltr'><strong>f’ra-termitto</strong></span> <span class='ocrx_word' id='word_1_57' title='bbox 848 1041 1071 1112; x_wconf 78' lang='lat' dir='ltr'><strong>prandia</strong></span> <span class='ocrx_word' id='word_1_58' title='bbox 1097 1085 1112 1108; x_wconf 92' lang='lat'><strong>,</strong></span> <span class='ocrx_word' id='word_1_59' title='bbox 1147 1040 1346 1112; x_wconf 83' lang='lat' dir='ltr'><strong>quibus</strong></span> <span class='ocrx_word' id='word_1_60' title='bbox 1385 1054 1541 1094; x_wconf 88' lang='lat' dir='ltr'><strong>mens</strong></span> <span class='ocrx_word' id='word_1_61' title='bbox 1572 1044 1792 1093; x_wconf 88' lang='lat' dir='ltr'><strong>onerata</strong></span> <span class='ocrx_word' id='word_1_62' title='bbox 1839 1050 1960 1106; x_wconf 89' lang='lat' dir='ltr'><strong>pre-</strong></span> 
     </span>
    </p>
   </div>
   <div class='ocr_carea' id='block_1_12' title="bbox 365 1136 1958 1209">
    <p class='ocr_par' dir='ltr' id='par_1_12' title="bbox 365 1136 1958 1209">
     <span class='ocr_line' id='line_1_12' title="bbox 365 1136 1958 1209; baseline -0.004 -16"><span class='ocrx_word' id='word_1_63' title='bbox 365 1138 548 1193; x_wconf 89' lang='lat' dir='ltr'><strong>mitur.</strong></span> <span class='ocrx_word' id='word_1_64' title='bbox 581 1137 747 1194; x_wconf 72' lang='lat' dir='ltr'><strong>Pudel</strong></span> <span class='ocrx_word' id='word_1_65' title='bbox 781 1139 967 1194; x_wconf 78' lang='lat' dir='ltr'><strong>dicere</strong></span> <span class='ocrx_word' id='word_1_66' title='bbox 996 1138 1359 1209; x_wconf 89' lang='lat' dir='ltr'><strong>frequentiam</strong></span> <span class='ocrx_word' id='word_1_67' title='bbox 1397 1136 1706 1202; x_wconf 88' lang='lat' dir='ltr'><strong>salutandi,</strong></span> <span class='ocrx_word' id='word_1_68' title='bbox 1737 1145 1840 1205; x_wconf 75' lang='lat' dir='ltr'><strong>qua</strong></span> <span class='ocrx_word' id='word_1_69' title='bbox 1867 1142 1958 1189; x_wconf 88' lang='lat' dir='ltr'><strong>aut</strong></span> 
     </span>
    </p>
   </div>
   <div class='ocr_carea' id='block_1_13' title="bbox 369 1231 1960 1303">
    <p class='ocr_par' dir='ltr' id='par_1_13' title="bbox 369 1231 1960 1303">
     <span class='ocr_line' id='line_1_13' title="bbox 369 1231 1960 1303; baseline -0.001 -17"><span class='ocrx_word' id='word_1_70' title='bbox 369 1234 465 1302; x_wconf 89' lang='lat' dir='ltr'><strong>ipsi</strong></span> <span class='ocrx_word' id='word_1_71' title='bbox 496 1232 744 1303; x_wconf 81' lang='lat' dir='ltr'><strong>quotidie</strong></span> <span class='ocrx_word' id='word_1_72' title='bbox 773 1235 841 1288; x_wconf 85' lang='lat' dir='ltr'><strong>ad</strong></span> <span class='ocrx_word' id='word_1_73' title='bbox 871 1233 1013 1288; x_wconf 84' lang='lat' dir='ltr'><strong>alius</strong></span> <span class='ocrx_word' id='word_1_74' title='bbox 1046 1234 1319 1303; x_wconf 82' lang='lat' dir='ltr'><strong>pergimus</strong></span> <span class='ocrx_word' id='word_1_75' title='bbox 1343 1275 1358 1300; x_wconf 90' lang='lat'><strong>,</strong></span> <span class='ocrx_word' id='word_1_76' title='bbox 1389 1241 1484 1287; x_wconf 90' lang='lat' dir='ltr'><strong>aut</strong></span> <span class='ocrx_word' id='word_1_77' title='bbox 1507 1232 1574 1286; x_wconf 91' lang='lat' dir='ltr'><strong>ad</strong></span> <span class='ocrx_word' id='word_1_78' title='bbox 1600 1245 1699 1286; x_wconf 89' lang='lat' dir='ltr'><strong>nos</strong></span> <span class='ocrx_word' id='word_1_79' title='bbox 1728 1231 1960 1287; x_wconf 87' lang='lat' dir='ltr'><strong>venien-</strong></span> 
     </span>
    </p>
   </div>
   <div class='ocr_carea' id='block_1_14' title="bbox 366 1320 1958 1394">
    <p class='ocr_par' dir='ltr' id='par_1_14' title="bbox 366 1320 1958 1394">
     <span class='ocr_line' id='line_1_14' title="bbox 366 1320 1958 1394; baseline -0.004 -14"><span class='ocrx_word' id='word_1_80' title='bbox 366 1333 449 1380; x_wconf 88' lang='lat' dir='ltr'><strong>tes</strong></span> <span class='ocrx_word' id='word_1_81' title='bbox 495 1335 725 1380; x_wconf 66' lang='lat' dir='ltr'><strong>caeteros</strong></span> <span class='ocrx_word' id='word_1_82' title='bbox 767 1339 1170 1394; x_wconf 76' lang='lat' dir='ltr'><strong>chpectamns.</strong></span> <span class='ocrx_word' id='word_1_83' title='bbox 1221 1325 1484 1390; x_wconf 85' lang='lat' dir='ltr'><strong>Deinceps</strong></span> <span class='ocrx_word' id='word_1_84' title='bbox 1521 1323 1627 1378; x_wconf 88' lang='lat' dir='ltr'><strong>itur</strong></span> <span class='ocrx_word' id='word_1_85' title='bbox 1660 1323 1712 1378; x_wconf 91' lang='lat' dir='ltr'><strong>in</strong></span> <span class='ocrx_word' id='word_1_86' title='bbox 1748 1320 1915 1376; x_wconf 85' lang='lat' dir='ltr'><strong>verba</strong></span> <span class='ocrx_word' id='word_1_87' title='bbox 1943 1360 1958 1385; x_wconf 92' lang='lat'><strong>,</strong></span> 
     </span>
    </p>
   </div>
   <div class='ocr_carea' id='block_1_15' title="bbox 365 1414 1959 1482">
    <p class='ocr_par' dir='ltr' id='par_1_15' title="bbox 365 1414 1959 1482">
     <span class='ocr_line' id='line_1_15' title="bbox 365 1414 1959 1482; baseline -0.003 -11"><span class='ocrx_word' id='word_1_88' title='bbox 365 1431 551 1472; x_wconf 81' lang='lat' dir='ltr'><strong>sermo</strong></span> <span class='ocrx_word' id='word_1_89' title='bbox 609 1417 844 1481; x_wconf 89' lang='lat' dir='ltr'><strong>teritur,</strong></span> <span class='ocrx_word' id='word_1_90' title='bbox 905 1417 1208 1472; x_wconf 82' lang='lat' dir='ltr'><strong>lacerantur</strong></span> <span class='ocrx_word' id='word_1_91' title='bbox 1262 1417 1564 1482; x_wconf 86' lang='lat' dir='ltr'><strong>absentes,</strong></span> <span class='ocrx_word' id='word_1_92' title='bbox 1621 1416 1727 1469; x_wconf 83' lang='lat' dir='ltr'><strong>vita</strong></span> <span class='ocrx_word' id='word_1_93' title='bbox 1783 1414 1959 1468; x_wconf 88' lang='lat' dir='ltr'><strong>aliena</strong></span> 
     </span>
    </p>
   </div>
   <div class='ocr_carea' id='block_1_16' title="bbox 366 1505 1961 1572">
    <p class='ocr_par' dir='ltr' id='par_1_16' title="bbox 366 1505 1961 1572">
     <span class='ocr_line' id='line_1_16' title="bbox 366 1505 1961 1572; baseline -0.003 -9"><span class='ocrx_word' id='word_1_94' title='bbox 366 1508 734 1572; x_wconf 62' lang='lat' dir='ltr'><strong>describitur,</strong></span> <span class='ocrx_word' id='word_1_95' title='bbox 769 1518 824 1564; x_wconf 88' lang='lat' dir='ltr'><strong>et</strong></span> <span class='ocrx_word' id='word_1_96' title='bbox 868 1510 1178 1564; x_wconf 81' lang='lat' dir='ltr'><strong>mordentes</strong></span> <span class='ocrx_word' id='word_1_97' title='bbox 1211 1509 1442 1564; x_wconf 80' lang='lat' dir='ltr'><strong>invicem</strong></span> <span class='ocrx_word' id='word_1_98' title='bbox 1473 1505 1848 1564; x_wconf 86' lang='lat' dir='ltr'><strong>consumimur</strong></span> <span class='ocrx_word' id='word_1_99' title='bbox 1891 1505 1961 1560; x_wconf 85' lang='lat' dir='ltr'><strong>ab</strong></span> 
     </span>
    </p>
   </div>
   <div class='ocr_carea' id='block_1_17' title="bbox 367 1600 1959 1673">
    <p class='ocr_par' dir='ltr' id='par_1_17' title="bbox 367 1600 1959 1673">
     <span class='ocr_line' id='line_1_17' title="bbox 367 1600 1959 1673; baseline -0.003 -15"><span class='ocrx_word' id='word_1_100' title='bbox 367 1603 624 1660; x_wconf 80' lang='lat' dir='ltr'><strong>invicem.</strong></span> <span class='ocrx_word' id='word_1_101' title='bbox 656 1604 803 1660; x_wconf 84' lang='lat' dir='ltr'><strong>Talis</strong></span> <span class='ocrx_word' id='word_1_102' title='bbox 849 1621 946 1658; x_wconf 86' lang='lat' dir='ltr'><strong>nos</strong></span> <span class='ocrx_word' id='word_1_103' title='bbox 990 1605 1148 1660; x_wconf 90' lang='lat' dir='ltr'><strong>cibus</strong></span> <span class='ocrx_word' id='word_1_104' title='bbox 1194 1614 1420 1673; x_wconf 78' lang='lat' dir='ltr'><strong>occupat</strong></span> <span class='ocrx_word' id='word_1_105' title='bbox 1449 1613 1508 1659; x_wconf 88' lang='lat' dir='ltr'><strong>et</strong></span> <span class='ocrx_word' id='word_1_106' title='bbox 1537 1601 1784 1657; x_wconf 87' lang='lat' dir='ltr'><strong>dimittit.</strong></span> <span class='ocrx_word' id='word_1_107' title='bbox 1824 1600 1959 1657; x_wconf 87' lang='lat' dir='ltr'><strong>Cum</strong></span> 
     </span>
    </p>
   </div>
   <div class='ocr_carea' id='block_1_18' title="bbox 365 1691 1958 1765">
    <p class='ocr_par' dir='ltr' id='par_1_18' title="bbox 365 1691 1958 1765">
     <span class='ocr_line' id='line_1_18' title="bbox 365 1691 1958 1765; baseline -0.001 -15"><span class='ocrx_word' id='word_1_108' title='bbox 365 1712 499 1752; x_wconf 83' lang='lat' dir='ltr'><strong>vero</strong></span> <span class='ocrx_word' id='word_1_109' title='bbox 530 1696 688 1753; x_wconf 71' lang='lat' dir='ltr'><strong>amici</strong></span> <span class='ocrx_word' id='word_1_110' title='bbox 720 1714 946 1752; x_wconf 72' lang='lat' dir='ltr'><strong>rcecsse</strong></span> <span class='ocrx_word' id='word_1_111' title='bbox 967 1697 1065 1756; x_wconf 88' lang='lat' dir='ltr'><strong>int.</strong></span> <span class='ocrx_word' id='word_1_112' title='bbox 1091 1697 1372 1752; x_wconf 87' lang='lat' dir='ltr'><strong>ratiocinia</strong></span> <span class='ocrx_word' id='word_1_113' title='bbox 1401 1705 1775 1765; x_wconf 83' lang='lat' dir='ltr'><strong>supputamus.</strong></span> <span class='ocrx_word' id='word_1_114' title='bbox 1808 1691 1958 1748; x_wconf 81' lang='lat' dir='ltr'><strong>Nunc</strong></span> 
     </span>
    </p>
   </div>
   <div class='ocr_carea' id='block_1_19' title="bbox 2061 475 3663 556">
    <p class='ocr_par' dir='ltr' id='par_1_19' title="bbox 2061 475 3663 556">
     <span class='ocr_line' id='line_1_19' title="bbox 2061 475 3663 556; baseline 0.003 -24"><span class='ocrx_word' id='word_1_115' title='bbox 2061 478 2139 532; x_wconf 91' lang='lat' dir='ltr'><strong>tio</strong></span> <span class='ocrx_word' id='word_1_116' title='bbox 2169 487 2334 546; x_wconf 92' lang='lat' dir='ltr'><strong>atque</strong></span> <span class='ocrx_word' id='word_1_117' title='bbox 2357 475 2613 543; x_wconf 76' lang='lat' dir='ltr'><strong>pudicitia</strong></span> <span class='ocrx_word' id='word_1_118' title='bbox 2637 492 2658 556; x_wconf 34' lang='grc' dir='ltr'><strong>,ε</strong></span> <span class='ocrx_word' id='word_1_119' title='bbox 2690 485 2744 531; x_wconf 90' lang='lat' dir='ltr'><strong>et</strong></span> <span class='ocrx_word' id='word_1_120' title='bbox 2773 477 2892 531; x_wconf 87' lang='lat' dir='ltr'><strong>sine</strong></span> <span class='ocrx_word' id='word_1_121' title='bbox 2919 493 3023 547; x_wconf 83' lang='lat' dir='ltr'><strong>qua</strong></span> <span class='ocrx_word' id='word_1_122' title='bbox 3055 493 3212 533; x_wconf 88' lang='lat' dir='ltr'><strong>nemo</strong></span> <span class='ocrx_word' id='word_1_123' title='bbox 3239 478 3444 535; x_wconf 82' lang='lat' dir='ltr'><strong>videbit</strong></span> <span class='ocrx_word' id='word_1_124' title='bbox 3465 481 3663 537; x_wconf 88' lang='lat' dir='ltr'><strong>Deum.</strong></span> 
     </span>
    </p>
   </div>
   <div class='ocr_carea' id='block_1_20' title="bbox 2055 567 3667 642">
    <p class='ocr_par' dir='ltr' id='par_1_20' title="bbox 2055 567 3667 642">
     <span class='ocr_line' id='line_1_20' title="bbox 2055 567 3667 642; baseline 0.004 -17"><span class='ocrx_word' id='word_1_125' title='bbox 2055 570 2189 625; x_wconf 80' lang='lat' dir='ltr'><strong>Nam</strong></span> <span class='ocrx_word' id='word_1_126' title='bbox 2229 567 2481 625; x_wconf 75' lang='lat' dir='ltr'><strong>Christus</strong></span> <span class='ocrx_word' id='word_1_127' title='bbox 2512 586 2614 642; x_wconf 91' lang='lat' dir='ltr'><strong>pro</strong></span> <span class='ocrx_word' id='word_1_128' title='bbox 2654 569 2824 626; x_wconf 89' lang='lat' dir='ltr'><strong>animi</strong></span> <span class='ocrx_word' id='word_1_129' title='bbox 2864 571 3144 627; x_wconf 88' lang='lat' dir='ltr'><strong>voluntate</strong></span> <span class='ocrx_word' id='word_1_130' title='bbox 3181 571 3361 628; x_wconf 87' lang='lat' dir='ltr'><strong>omnia</strong></span> <span class='ocrx_word' id='word_1_131' title='bbox 3404 577 3456 628; x_wconf 93' lang='lat' dir='ltr'><strong>in</strong></span> <span class='ocrx_word' id='word_1_132' title='bbox 3505 591 3667 631; x_wconf 86' lang='lat' dir='ltr'><strong>acce-</strong></span> 
     </span>
    </p>
   </div>
   <div class='ocr_carea' id='block_1_21' title="bbox 2057 665 3670 737">
    <p class='ocr_par' dir='ltr' id='par_1_21' title="bbox 2057 665 3670 737">
     <span class='ocr_line' id='line_1_21' title="bbox 2057 665 3670 737; baseline 0.004 -18"><span class='ocrx_word' id='word_1_133' title='bbox 2057 673 2208 735; x_wconf 90' lang='lat' dir='ltr'><strong>ptum</strong></span> <span class='ocrx_word' id='word_1_134' title='bbox 2254 665 2442 722; x_wconf 79' lang='lat' dir='ltr'><strong>refert.</strong></span> <span class='ocrx_word' id='word_1_135' title='bbox 2497 665 2797 737; x_wconf 85' lang='lat' dir='ltr'><strong>Displicent</strong></span> <span class='ocrx_word' id='word_1_136' title='bbox 2841 685 3073 736; x_wconf 84' lang='lat' dir='ltr'><strong>namque</strong></span> <span class='ocrx_word' id='word_1_137' title='bbox 3103 670 3153 724; x_wconf 92' lang='lat' dir='ltr'><strong>iu</strong></span> <span class='ocrx_word' id='word_1_138' title='bbox 3187 674 3389 726; x_wconf 84' lang='lat' dir='ltr'><strong>teneris</strong></span> <span class='ocrx_word' id='word_1_139' title='bbox 3425 673 3670 728; x_wconf 81' lang='lat' dir='ltr'><strong>maxime</strong></span> 
     </span>
    </p>
   </div>
   <div class='ocr_carea' id='block_1_22' title="bbox 2058 758 3670 835">
    <p class='ocr_par' dir='ltr' id='par_1_22' title="bbox 2058 758 3670 835">
     <span class='ocr_line' id='line_1_22' title="bbox 2058 758 3670 835; baseline 0.004 -21"><span class='ocrx_word' id='word_1_140' title='bbox 2058 758 2312 814; x_wconf 60' lang='lat' dir='ltr'><strong>aetatibus</strong></span> <span class='ocrx_word' id='word_1_141' title='bbox 2362 759 2519 831; x_wconf 85' lang='lat' dir='ltr'><strong>longa</strong></span> <span class='ocrx_word' id='word_1_142' title='bbox 2554 771 2608 816; x_wconf 88' lang='lat' dir='ltr'><strong>et</strong></span> <span class='ocrx_word' id='word_1_143' title='bbox 2653 762 3004 818; x_wconf 89' lang='lat' dir='ltr'><strong>immoderata</strong></span> <span class='ocrx_word' id='word_1_144' title='bbox 3035 762 3272 833; x_wconf 79' lang='lat' dir='ltr'><strong>jejunio,</strong></span> <span class='ocrx_word' id='word_1_145' title='bbox 3312 763 3510 835; x_wconf 82' lang='lat' dir='ltr'><strong>quibus</strong></span> <span class='ocrx_word' id='word_1_146' title='bbox 3536 767 3670 831; x_wconf 85' lang='lat' dir='ltr'><strong>jun-</strong></span> 
     </span>
    </p>
   </div>
   <div class='ocr_carea' id='block_1_23' title="bbox 2058 852 3669 927">
    <p class='ocr_par' dir='ltr' id='par_1_23' title="bbox 2058 852 3669 927">
     <span class='ocr_line' id='line_1_23' title="bbox 2058 852 3669 927; baseline 0.004 -20"><span class='ocrx_word' id='word_1_147' title='bbox 2058 861 2259 924; x_wconf 83' lang='lat' dir='ltr'><strong>guntur</strong></span> <span class='ocrx_word' id='word_1_148' title='bbox 2289 852 2661 910; x_wconf 80' lang='lat' dir='ltr'><strong>liebdomades</strong></span> <span class='ocrx_word' id='word_1_149' title='bbox 2681 895 2698 920; x_wconf 92' lang='lat'><strong>,</strong></span> <span class='ocrx_word' id='word_1_150' title='bbox 2742 865 2796 911; x_wconf 88' lang='lat' dir='ltr'><strong>et</strong></span> <span class='ocrx_word' id='word_1_151' title='bbox 2835 857 3018 910; x_wconf 85' lang='lat' dir='ltr'><strong>oleum</strong></span> <span class='ocrx_word' id='word_1_152' title='bbox 3057 856 3108 910; x_wconf 94' lang='lat' dir='ltr'><strong>iu</strong></span> <span class='ocrx_word' id='word_1_153' title='bbox 3139 855 3264 911; x_wconf 89' lang='lat' dir='ltr'><strong>cibo</strong></span> <span class='ocrx_word' id='word_1_154' title='bbox 3293 872 3357 910; x_wconf 91' lang='lat' dir='ltr'><strong>ac</strong></span> <span class='ocrx_word' id='word_1_155' title='bbox 3385 873 3546 927; x_wconf 87' lang='lat' dir='ltr'><strong>poma</strong></span> <span class='ocrx_word' id='word_1_156' title='bbox 3569 873 3669 914; x_wconf 84' lang='lat' dir='ltr'><strong>ve-</strong></span> 
     </span>
    </p>
   </div>
   <div class='ocr_carea' id='block_1_24' title="bbox 2061 944 3669 1014">
    <p class='ocr_par' dir='ltr' id='par_1_24' title="bbox 2061 944 3669 1014">
     <span class='ocr_line' id='line_1_24' title="bbox 2061 944 3669 1014; baseline 0.004 -15"><span class='ocrx_word' id='word_1_157' title='bbox 2061 953 2266 1006; x_wconf 88' lang='lat' dir='ltr'><strong>tantur.</strong></span> <span class='ocrx_word' id='word_1_158' title='bbox 2299 944 2687 1014; x_wconf 81' lang='lat' dir='ltr'><strong>Experimento</strong></span> <span class='ocrx_word' id='word_1_159' title='bbox 2710 944 2906 1014; x_wconf 86' lang='lat' dir='ltr'><strong>didici,</strong></span> <span class='ocrx_word' id='word_1_160' title='bbox 2932 946 3161 1002; x_wconf 82' lang='lat' dir='ltr'><strong>asellum</strong></span> <span class='ocrx_word' id='word_1_161' title='bbox 3195 947 3248 1002; x_wconf 92' lang='lat' dir='ltr'><strong>in</strong></span> <span class='ocrx_word' id='word_1_162' title='bbox 3277 948 3361 1002; x_wconf 86' lang='lat' dir='ltr'><strong>via</strong></span> <span class='ocrx_word' id='word_1_163' title='bbox 3388 963 3512 1004; x_wconf 89' lang='lat' dir='ltr'><strong>cum</strong></span> <span class='ocrx_word' id='word_1_164' title='bbox 3555 949 3669 1005; x_wconf 83' lang='lat' dir='ltr'><strong>las—</strong></span> 
     </span>
    </p>
   </div>
   <div class='ocr_carea' id='block_1_25' title="bbox 2060 1036 3670 1112">
    <p class='ocr_par' dir='ltr' id='par_1_25' title="bbox 2060 1036 3670 1112">
     <span class='ocr_line' id='line_1_25' title="bbox 2060 1036 3670 1112; baseline 0.004 -20"><span class='ocrx_word' id='word_1_165' title='bbox 2060 1051 2153 1092; x_wconf 88' lang='lat' dir='ltr'><strong>sus</strong></span> <span class='ocrx_word' id='word_1_166' title='bbox 2183 1036 2384 1106; x_wconf 85' lang='lat' dir='ltr'><strong>fuerit,</strong></span> <span class='ocrx_word' id='word_1_167' title='bbox 2410 1037 2727 1094; x_wconf 85' lang='lat' dir='ltr'><strong>diverticula</strong></span> <span class='ocrx_word' id='word_1_168' title='bbox 2756 1054 3029 1108; x_wconf 72' lang='lat' dir='ltr'><strong>qumrcre.</strong></span> <span class='ocrx_word' id='word_1_169' title='bbox 3065 1039 3181 1095; x_wconf 82' lang='lat' dir='ltr'><strong>Hoc</strong></span> <span class='ocrx_word' id='word_1_170' title='bbox 3205 1041 3349 1095; x_wconf 91' lang='lat' dir='ltr'><strong>enim</strong></span> <span class='ocrx_word' id='word_1_171' title='bbox 3380 1041 3434 1096; x_wconf 89' lang='lat' dir='ltr'><strong>in</strong></span> <span class='ocrx_word' id='word_1_172' title='bbox 3468 1057 3670 1112; x_wconf 80' lang='lat' dir='ltr'><strong>perpe-</strong></span> 
     </span>
    </p>
   </div>
   <div class='ocr_carea' id='block_1_26' title="bbox 2063 1129 3668 1204">
    <p class='ocr_par' dir='ltr' id='par_1_26' title="bbox 2063 1129 3668 1204">
     <span class='ocr_line' id='line_1_26' title="bbox 2063 1129 3668 1204; baseline 0.006 -22"><span class='ocrx_word' id='word_1_173' title='bbox 2063 1137 2156 1182; x_wconf 89' lang='lat' dir='ltr'><strong>tuo</strong></span> <span class='ocrx_word' id='word_1_174' title='bbox 2195 1129 2405 1199; x_wconf 76' lang='lat' dir='ltr'><strong>jejunio</strong></span> <span class='ocrx_word' id='word_1_175' title='bbox 2451 1144 2780 1202; x_wconf 73' lang='lat' dir='ltr'><strong>prmceptum</strong></span> <span class='ocrx_word' id='word_1_176' title='bbox 2835 1144 2952 1200; x_wconf 88' lang='lat' dir='ltr'><strong>est,</strong></span> <span class='ocrx_word' id='word_1_177' title='bbox 2992 1144 3047 1186; x_wconf 92' lang='lat' dir='ltr'><strong>ut</strong></span> <span class='ocrx_word' id='word_1_178' title='bbox 3084 1133 3245 1204; x_wconf 84' lang='lat' dir='ltr'><strong>longo</strong></span> <span class='ocrx_word' id='word_1_179' title='bbox 3293 1135 3472 1190; x_wconf 88' lang='lat' dir='ltr'><strong>itineri</strong></span> <span class='ocrx_word' id='word_1_180' title='bbox 3517 1137 3668 1193; x_wconf 84' lang='lat' dir='ltr'><strong>vires</strong></span> 
     </span>
    </p>
   </div>
   <div class='ocr_carea' id='block_1_27' title="bbox 2060 1226 3665 1298">
    <p class='ocr_par' dir='ltr' id='par_1_27' title="bbox 2060 1226 3665 1298">
     <span class='ocr_line' id='line_1_27' title="bbox 2060 1226 3665 1298; baseline 0.004 -20"><span class='ocrx_word' id='word_1_181' title='bbox 2060 1232 2313 1294; x_wconf 86' lang='lat' dir='ltr'><strong>perpetes</strong></span> <span class='ocrx_word' id='word_1_182' title='bbox 2333 1233 2646 1295; x_wconf 84' lang='lat' dir='ltr'><strong>suppetant,</strong></span> <span class='ocrx_word' id='word_1_183' title='bbox 2675 1240 2742 1281; x_wconf 92' lang='lat' dir='ltr'><strong>ne</strong></span> <span class='ocrx_word' id='word_1_184' title='bbox 2766 1226 2820 1282; x_wconf 90' lang='lat' dir='ltr'><strong>in</strong></span> <span class='ocrx_word' id='word_1_185' title='bbox 2845 1226 3016 1298; x_wconf 89' lang='lat' dir='ltr'><strong>prima</strong></span> <span class='ocrx_word' id='word_1_186' title='bbox 3041 1228 3328 1285; x_wconf 88' lang='lat' dir='ltr'><strong>mansione</strong></span> <span class='ocrx_word' id='word_1_187' title='bbox 3353 1239 3665 1298; x_wconf 88' lang='lat' dir='ltr'><strong>currentes,</strong></span> 
     </span>
    </p>
   </div>
   <div class='ocr_carea' id='block_1_28' title="bbox 2063 1316 2710 1373">
    <p class='ocr_par' dir='ltr' id='par_1_28' title="bbox 2063 1316 2710 1373">
     <span class='ocr_line' id='line_1_28' title="bbox 2063 1316 2710 1373; baseline 0.005 -4"><span class='ocrx_word' id='word_1_188' title='bbox 2063 1329 2380 1371; x_wconf 87' lang='lat' dir='ltr'><strong>corruamus</strong></span> <span class='ocrx_word' id='word_1_189' title='bbox 2411 1317 2464 1371; x_wconf 91' lang='lat' dir='ltr'><strong>in</strong></span> <span class='ocrx_word' id='word_1_190' title='bbox 2493 1316 2710 1373; x_wconf 88' lang='lat' dir='ltr'><strong>mediis.</strong></span> 
     </span>
    </p>
   </div>
   <div class='ocr_carea' id='block_1_29' title="bbox 2135 1405 3670 1483">
    <p class='ocr_par' dir='ltr' id='par_1_29' title="bbox 2135 1405 3670 1483">
     <span class='ocr_line' id='line_1_29' title="bbox 2135 1405 3670 1483; baseline 0.003 -20"><span class='ocrx_word' id='word_1_191' title='bbox 2135 1405 2405 1464; x_wconf 67' lang='lat' dir='ltr'><strong>Creterum</strong></span> <span class='ocrx_word' id='word_1_192' title='bbox 2440 1409 2491 1464; x_wconf 91' lang='lat' dir='ltr'><strong>in</strong></span> <span class='ocrx_word' id='word_1_193' title='bbox 2523 1409 2950 1483; x_wconf 85' lang='lat' dir='ltr'><strong>Quadragesima</strong></span> <span class='ocrx_word' id='word_1_194' title='bbox 2995 1411 3349 1468; x_wconf 74' lang='lat' dir='ltr'><strong>continentia:</strong></span> <span class='ocrx_word' id='word_1_195' title='bbox 3379 1412 3501 1468; x_wconf 82' lang='lat' dir='ltr'><strong>vela</strong></span> <span class='ocrx_word' id='word_1_196' title='bbox 3533 1427 3670 1483; x_wconf 81' lang='lat' dir='ltr'><strong>pan-</strong></span> 
     </span>
    </p>
   </div>
   <div class='ocr_carea' id='block_1_30' title="bbox 2062 1499 3669 1582">
    <p class='ocr_par' dir='ltr' id='par_1_30' title="bbox 2062 1499 3669 1582">
     <span class='ocr_line' id='line_1_30' title="bbox 2062 1499 3669 1582; baseline 0.004 -26"><span class='ocrx_word' id='word_1_197' title='bbox 2062 1499 2236 1556; x_wconf 88' lang='lat' dir='ltr'><strong>denda</strong></span> <span class='ocrx_word' id='word_1_198' title='bbox 2265 1513 2425 1568; x_wconf 85' lang='lat' dir='ltr'><strong>sunt,</strong></span> <span class='ocrx_word' id='word_1_199' title='bbox 2455 1514 2511 1559; x_wconf 89' lang='lat' dir='ltr'><strong>et</strong></span> <span class='ocrx_word' id='word_1_200' title='bbox 2539 1515 2650 1560; x_wconf 81' lang='lat' dir='ltr'><strong>tcta</strong></span> <span class='ocrx_word' id='word_1_201' title='bbox 2690 1504 2894 1576; x_wconf 75' lang='lat' dir='ltr'><strong>auriga:</strong></span> <span class='ocrx_word' id='word_1_202' title='bbox 2921 1506 3220 1561; x_wconf 88' lang='lat' dir='ltr'><strong>retinacula</strong></span> <span class='ocrx_word' id='word_1_203' title='bbox 3253 1507 3406 1582; x_wconf 80' lang='lat' dir='ltr'><strong>equis</strong></span> <span class='ocrx_word' id='word_1_204' title='bbox 3431 1507 3669 1562; x_wconf 78' lang='lat' dir='ltr'><strong>laxanda</strong></span> 
     </span>
    </p>
   </div>
   <div class='ocr_carea' id='block_1_31' title="bbox 2066 1597 3672 1670">
    <p class='ocr_par' dir='ltr' id='par_1_31' title="bbox 2066 1597 3672 1670">
     <span class='ocr_line' id='line_1_31' title="bbox 2066 1597 3672 1670; baseline 0.004 -20"><span class='ocrx_word' id='word_1_205' title='bbox 2066 1597 2486 1666; x_wconf 85' lang='lat' dir='ltr'><strong>properantibus</strong></span> <span class='ocrx_word' id='word_1_206' title='bbox 2520 1617 2533 1653; x_wconf 90' lang='lat'><strong>:</strong></span> <span class='ocrx_word' id='word_1_207' title='bbox 2569 1614 2896 1670; x_wconf 77' lang='lat' dir='ltr'><strong>quamquam</strong></span> <span class='ocrx_word' id='word_1_208' title='bbox 2925 1601 3027 1654; x_wconf 89' lang='lat' dir='ltr'><strong>alia</strong></span> <span class='ocrx_word' id='word_1_209' title='bbox 3069 1601 3141 1655; x_wconf 89' lang='lat' dir='ltr'><strong>sit</strong></span> <span class='ocrx_word' id='word_1_210' title='bbox 3165 1600 3408 1656; x_wconf 91' lang='lat' dir='ltr'><strong>conditio</strong></span> <span class='ocrx_word' id='word_1_211' title='bbox 3437 1603 3672 1657; x_wconf 83' lang='lat' dir='ltr'><strong>saecula-</strong></span> 
     </span>
    </p>
   </div>
   <div class='ocr_carea' id='block_1_32' title="bbox 2065 1688 3676 1764">
    <p class='ocr_par' dir='ltr' id='par_1_32' title="bbox 2065 1688 3676 1764">
     <span class='ocr_line' id='line_1_32' title="bbox 2065 1688 3676 1764; baseline 0.006 -21"><span class='ocrx_word' id='word_1_212' title='bbox 2065 1688 2240 1760; x_wconf 84' lang='lat' dir='ltr'><strong>rium,</strong></span> <span class='ocrx_word' id='word_1_213' title='bbox 2271 1691 2378 1747; x_wconf 87' lang='lat' dir='ltr'><strong>alia</strong></span> <span class='ocrx_word' id='word_1_214' title='bbox 2428 1694 2839 1749; x_wconf 86' lang='lat' dir='ltr'><strong>monachorum.</strong></span> <span class='ocrx_word' id='word_1_215' title='bbox 2889 1696 3181 1751; x_wconf 70' lang='lat' dir='ltr'><strong>Sa&#39;eularis</strong></span> <span class='ocrx_word' id='word_1_216' title='bbox 3226 1694 3390 1751; x_wconf 87' lang='lat' dir='ltr'><strong>homo</strong></span> <span class='ocrx_word' id='word_1_217' title='bbox 3427 1697 3479 1752; x_wconf 93' lang='lat' dir='ltr'><strong>iu</strong></span> <span class='ocrx_word' id='word_1_218' title='bbox 3522 1700 3676 1764; x_wconf 80' lang='lat' dir='ltr'><strong>Qua-</strong></span> 
     </span>
    </p>
   </div>
   <div class='ocr_carea' id='block_1_33' title="bbox 371 1770 3674 1858">
    <p class='ocr_par' dir='ltr' id='par_1_33' title="bbox 371 1770 3674 1858">
     <span class='ocr_line' id='line_1_33' title="bbox 371 1770 3674 1858; baseline 0 -15"><span class='ocrx_word' id='word_1_219' title='bbox 371 1787 449 1843; x_wconf 88' lang='lat' dir='ltr'><strong>ira</strong></span> <span class='ocrx_word' id='word_1_220' title='bbox 481 1803 766 1852; x_wconf 83' lang='lat' dir='ltr'><strong>personam</strong></span> <span class='ocrx_word' id='word_1_221' title='bbox 803 1790 962 1844; x_wconf 86' lang='lat' dir='ltr'><strong>nobis</strong></span> <span class='ocrx_word' id='word_1_222' title='bbox 990 1789 1228 1854; x_wconf 86' lang='lat' dir='ltr'><strong>inducit,</strong></span> <span class='ocrx_word' id='word_1_223' title='bbox 1262 1802 1403 1843; x_wconf 89' lang='lat' dir='ltr'><strong>nunc</strong></span> <span class='ocrx_word' id='word_1_224' title='bbox 1431 1802 1560 1843; x_wconf 89' lang='lat' dir='ltr'><strong>cura</strong></span> <span class='ocrx_word' id='word_1_225' title='bbox 1603 1785 1873 1856; x_wconf 83' lang='lat' dir='ltr'><strong>superﬂua</strong></span> <span class='ocrx_word' id='word_1_226' title='bbox 1905 1785 1957 1839; x_wconf 91' lang='lat' dir='ltr'><strong>iu</strong></span> <span class='ocrx_word' id='word_1_227' title='bbox 1990 1770 2041 1832; x_wconf 83' lang='grc' dir='ltr'><strong>Β</strong></span> <span class='ocrx_word' id='word_1_228' title='bbox 2067 1781 2368 1854; x_wconf 86' lang='lat' dir='ltr'><strong>dragesima</strong></span> <span class='ocrx_word' id='word_1_229' title='bbox 2401 1784 2610 1840; x_wconf 82' lang='lat' dir='ltr'><strong>ventris</strong></span> <span class='ocrx_word' id='word_1_230' title='bbox 2639 1785 2933 1856; x_wconf 77' lang='lat' dir='ltr'><strong>ingluviem</strong></span> <span class='ocrx_word' id='word_1_231' title='bbox 2959 1786 3254 1858; x_wconf 82' lang='lat' dir='ltr'><strong>decoquit,</strong></span> <span class='ocrx_word' id='word_1_232' title='bbox 3285 1799 3340 1844; x_wconf 90' lang='lat' dir='ltr'><strong>et</strong></span> <span class='ocrx_word' id='word_1_233' title='bbox 3369 1789 3420 1844; x_wconf 91' lang='lat' dir='ltr'><strong>in</strong></span> <span class='ocrx_word' id='word_1_234' title='bbox 3447 1789 3674 1846; x_wconf 83' lang='lat' dir='ltr'><strong>colilea-</strong></span> 
     </span>
    </p>
   </div>
   <div class='ocr_carea' id='block_1_34' title="bbox 371 1877 1959 1950">
    <p class='ocr_par' dir='ltr' id='par_1_34' title="bbox 371 1877 1959 1950">
     <span class='ocr_line' id='line_1_34' title="bbox 371 1877 1959 1950; baseline 0 -18"><span class='ocrx_word' id='word_1_235' title='bbox 371 1895 546 1935; x_wconf 87' lang='lat' dir='ltr'><strong>annos</strong></span> <span class='ocrx_word' id='word_1_236' title='bbox 578 1881 840 1948; x_wconf 89' lang='lat' dir='ltr'><strong>plurimos</strong></span> <span class='ocrx_word' id='word_1_237' title='bbox 869 1881 1123 1936; x_wconf 88' lang='lat' dir='ltr'><strong>dttratura</strong></span> <span class='ocrx_word' id='word_1_238' title='bbox 1175 1878 1509 1950; x_wconf 67' lang='lat' dir='ltr'><strong>pra&#39;cugitat.</strong></span> <span class='ocrx_word' id='word_1_239' title='bbox 1556 1878 1663 1934; x_wconf 76' lang='lat' dir='ltr'><strong>Nec</strong></span> <span class='ocrx_word' id='word_1_240' title='bbox 1705 1877 1959 1933; x_wconf 81' lang='lat' dir='ltr'><strong>recnrda-</strong></span> 
     </span>
    </p>
   </div>
   <div class='ocr_carea' id='block_1_35' title="bbox 374 1971 1964 2043">
    <p class='ocr_par' dir='ltr' id='par_1_35' title="bbox 374 1971 1964 2043">
     <span class='ocr_line' id='line_1_35' title="bbox 374 1971 1964 2043; baseline 0.001 -18"><span class='ocrx_word' id='word_1_241' title='bbox 374 1987 495 2025; x_wconf 89' lang='lat' dir='ltr'><strong>mur</strong></span> <span class='ocrx_word' id='word_1_242' title='bbox 549 1971 823 2043; x_wconf 70' lang='lat' dir='ltr'><strong>Evangelii</strong></span> <span class='ocrx_word' id='word_1_243' title='bbox 877 1973 1136 2036; x_wconf 72' lang='lat' dir='ltr'><strong>dicentis,</strong></span> <span class='ocrx_word' id='word_1_244' title='bbox 1167 1975 1340 2027; x_wconf 76' lang='lat' dir='ltr'><strong>Stulte</strong></span> <span class='ocrx_word' id='word_1_245' title='bbox 1382 1975 1482 2027; x_wconf 81' lang='lat' dir='ltr'><strong>hac</strong></span> <span class='ocrx_word' id='word_1_246' title='bbox 1513 1982 1669 2026; x_wconf 86' lang='lat' dir='ltr'><strong>nocte</strong></span> <span class='ocrx_word' id='word_1_247' title='bbox 1713 1971 1964 2027; x_wconf 86' lang='lat' dir='ltr'><strong>auferent</strong></span> 
     </span>
    </p>
   </div>
   <div class='ocr_carea' id='block_1_36' title="bbox 371 2065 1895 2134">
    <p class='ocr_par' dir='ltr' id='par_1_36' title="bbox 371 2065 1895 2134">
     <span class='ocr_line' id='line_1_36' title="bbox 371 2065 1895 2134; baseline 0 -17"><span class='ocrx_word' id='word_1_248' title='bbox 371 2065 604 2118; x_wconf 86' lang='lat' dir='ltr'><strong>animam</strong></span> <span class='ocrx_word' id='word_1_249' title='bbox 635 2080 664 2118; x_wconf 90' lang='lat' dir='ltr'><strong>a</strong></span> <span class='ocrx_word' id='word_1_250' title='bbox 697 2078 777 2130; x_wconf 88' lang='lat' dir='ltr'><strong>te,</strong></span> <span class='ocrx_word' id='word_1_251' title='bbox 811 2081 930 2134; x_wconf 69' lang='lat' dir='ltr'><strong>(Ill-lt</strong></span> <span class='ocrx_word' id='word_1_252' title='bbox 957 2074 1135 2120; x_wconf 86' lang='lat' dir='ltr'><strong>autent</strong></span> <span class='ocrx_word' id='word_1_253' title='bbox 1171 2065 1487 2134; x_wconf 76' lang='lat' dir='ltr'><strong>prteparasti</strong></span> <span class='ocrx_word' id='word_1_254' title='bbox 1520 2068 1672 2132; x_wconf 81' lang='lat' dir='ltr'><strong>cujus</strong></span> <span class='ocrx_word' id='word_1_255' title='bbox 1696 2066 1895 2120; x_wconf 69' lang='lat' dir='ltr'><strong>erunt?</strong></span> 
     </span>
    </p>
   </div>
   <div class='ocr_carea' id='block_1_37' title="bbox 443 2155 1966 2228">
    <p class='ocr_par' dir='ltr' id='par_1_37' title="bbox 443 2155 1966 2228">
     <span class='ocr_line' id='line_1_37' title="bbox 443 2155 1966 2228; baseline -0.001 -16"><span class='ocrx_word' id='word_1_256' title='bbox 443 2155 553 2212; x_wconf 80' lang='lat' dir='ltr'><strong>Nec</strong></span> <span class='ocrx_word' id='word_1_257' title='bbox 593 2173 720 2212; x_wconf 87' lang='lat' dir='ltr'><strong>vero</strong></span> <span class='ocrx_word' id='word_1_258' title='bbox 749 2158 850 2212; x_wconf 86' lang='lat' dir='ltr'><strong>hoc</strong></span> <span class='ocrx_word' id='word_1_259' title='bbox 885 2159 1072 2212; x_wconf 84' lang='lat' dir='ltr'><strong>dicens</strong></span> <span class='ocrx_word' id='word_1_260' title='bbox 1096 2162 1402 2212; x_wconf 84' lang='lat' dir='ltr'><strong>condemno</strong></span> <span class='ocrx_word' id='word_1_261' title='bbox 1430 2157 1584 2213; x_wconf 88' lang='lat' dir='ltr'><strong>cibos</strong></span> <span class='ocrx_word' id='word_1_262' title='bbox 1606 2199 1620 2224; x_wconf 91' lang='lat'><strong>,</strong></span> <span class='ocrx_word' id='word_1_263' title='bbox 1653 2172 1791 2228; x_wconf 90' lang='lat' dir='ltr'><strong>quos</strong></span> <span class='ocrx_word' id='word_1_264' title='bbox 1825 2158 1966 2212; x_wconf 78' lang='lat' dir='ltr'><strong>licus</strong></span> 
     </span>
    </p>
   </div>
   <div class='ocr_carea' id='block_1_38' title="bbox 369 2249 1967 2322">
    <p class='ocr_par' dir='ltr' id='par_1_38' title="bbox 369 2249 1967 2322">
     <span class='ocr_line' id='line_1_38' title="bbox 369 2249 1967 2322; baseline 0.001 -19"><span class='ocrx_word' id='word_1_265' title='bbox 369 2257 576 2303; x_wconf 76' lang='lat' dir='ltr'><strong>creavt</strong></span> <span class='ocrx_word' id='word_1_266' title='bbox 601 2249 666 2303; x_wconf 89' lang='lat' dir='ltr'><strong>ad</strong></span> <span class='ocrx_word' id='word_1_267' title='bbox 700 2249 962 2305; x_wconf 80' lang='lat' dir='ltr'><strong>utendum</strong></span> <span class='ocrx_word' id='word_1_268' title='bbox 990 2266 1111 2306; x_wconf 88' lang='lat' dir='ltr'><strong>cum</strong></span> <span class='ocrx_word' id='word_1_269' title='bbox 1141 2251 1440 2322; x_wconf 79' lang='lat' dir='ltr'><strong>gratiarum</strong></span> <span class='ocrx_word' id='word_1_270' title='bbox 1471 2252 1686 2305; x_wconf 83' lang='lat' dir='ltr'><strong>artione</strong></span> <span class='ocrx_word' id='word_1_271' title='bbox 1709 2293 1726 2319; x_wconf 92' lang='lat'><strong>,</strong></span> <span class='ocrx_word' id='word_1_272' title='bbox 1760 2249 1852 2304; x_wconf 84' lang='lat' dir='ltr'><strong>sed</strong></span> <span class='ocrx_word' id='word_1_273' title='bbox 1878 2251 1967 2320; x_wconf 87' lang='lat' dir='ltr'><strong>ju-</strong></span> 
     </span>
    </p>
   </div>
   <div class='ocr_carea' id='block_1_39' title="bbox 282 2341 1966 2416">
    <p class='ocr_par' dir='ltr' id='par_1_39' title="bbox 282 2341 1966 2416">
     <span class='ocr_line' id='line_1_39' title="bbox 282 2341 1966 2416; baseline 0.002 -24"><span class='ocrx_word' id='word_1_274' title='bbox 282 2350 285 2354; x_wconf 88' lang='lat'><strong><em>&#39;</em></strong></span> <span class='ocrx_word' id='word_1_275' title='bbox 370 2342 604 2396; x_wconf 63' lang='lat' dir='ltr'><strong>venabus</strong></span> <span class='ocrx_word' id='word_1_276' title='bbox 630 2341 897 2396; x_wconf 73' lang='lat' dir='ltr'><strong>iurentiva</strong></span> <span class='ocrx_word' id='word_1_277' title='bbox 924 2358 1045 2397; x_wconf 77' lang='lat' dir='ltr'><strong>esse</strong></span> <span class='ocrx_word' id='word_1_278' title='bbox 1069 2358 1256 2396; x_wconf 81' lang='lat' dir='ltr'><strong>assero</strong></span> <span class='ocrx_word' id='word_1_279' title='bbox 1283 2343 1617 2412; x_wconf 73' lang='grc' dir='ltr'>νιιΙιιιιιτιιιιιῐι</span> <span class='ocrx_word' id='word_1_280' title='bbox 1642 2342 1750 2416; x_wconf 81' lang='grc' dir='ltr'><strong>[ΑΙ.</strong></span> <span class='ocrx_word' id='word_1_281' title='bbox 1778 2341 1966 2396; x_wconf 66' lang='lat' dir='ltr'><strong>aufero</strong></span> 
     </span>
    </p>
   </div>
   <div class='ocr_carea' id='block_1_40' title="bbox 371 2433 1965 2504">
    <p class='ocr_par' dir='ltr' id='par_1_40' title="bbox 371 2433 1965 2504">
     <span class='ocr_line' id='line_1_40' title="bbox 371 2433 1965 2504; baseline 0.002 -18"><span class='ocrx_word' id='word_1_282' title='bbox 371 2433 709 2504; x_wconf 64' lang='lat' dir='ltr'><strong>Voluptatis}.</strong></span> <span class='ocrx_word' id='word_1_283' title='bbox 743 2433 855 2488; x_wconf 78' lang='lat' dir='ltr'><strong>Non</strong></span> <span class='ocrx_word' id='word_1_284' title='bbox 887 2433 1086 2488; x_wconf 61' lang='lat' dir='ltr'><strong>Etumi</strong></span> <span class='ocrx_word' id='word_1_285' title='bbox 1120 2440 1299 2504; x_wconf 83' lang='lat' dir='ltr'><strong>ignes,</strong></span> <span class='ocrx_word' id='word_1_286' title='bbox 1333 2451 1440 2490; x_wconf 87' lang='lat' dir='ltr'><strong>non</strong></span> <span class='ocrx_word' id='word_1_287' title='bbox 1473 2434 1728 2490; x_wconf 82' lang='lat' dir='ltr'><strong>VulCania</strong></span> <span class='ocrx_word' id='word_1_288' title='bbox 1765 2435 1923 2489; x_wconf 86' lang='lat' dir='ltr'><strong>tellus</strong></span> <span class='ocrx_word' id='word_1_289' title='bbox 1948 2475 1965 2502; x_wconf 95' lang='lat'><strong>,</strong></span> 
     </span>
    </p>
   </div>
   <div class='ocr_carea' id='block_1_41' title="bbox 373 2523 1966 2596">
    <p class='ocr_par' dir='ltr' id='par_1_41' title="bbox 373 2523 1966 2596">
     <span class='ocr_line' id='line_1_41' title="bbox 373 2523 1966 2596; baseline 0.003 -20"><span class='ocrx_word' id='word_1_290' title='bbox 373 2539 482 2577; x_wconf 90' lang='lat' dir='ltr'><strong>non</strong></span> <span class='ocrx_word' id='word_1_291' title='bbox 517 2523 757 2578; x_wconf 76' lang='lat' dir='ltr'><strong>Vesevus</strong></span> <span class='ocrx_word' id='word_1_292' title='bbox 783 2525 1157 2596; x_wconf 81' lang='lat' dir='ltr'><strong>Olympusque</strong></span> <span class='ocrx_word' id='word_1_293' title='bbox 1183 2526 1346 2580; x_wconf 81' lang='lat' dir='ltr'><strong>tantis</strong></span> <span class='ocrx_word' id='word_1_294' title='bbox 1379 2527 1665 2582; x_wconf 88' lang='lat' dir='ltr'><strong>ardoribus</strong></span> <span class='ocrx_word' id='word_1_295' title='bbox 1696 2536 1926 2581; x_wconf 80' lang='lat' dir='ltr'><strong>:estuant</strong></span> <span class='ocrx_word' id='word_1_296' title='bbox 1949 2567 1966 2592; x_wconf 95' lang='lat'><strong>,</strong></span> 
     </span>
    </p>
   </div>
   <div class='ocr_carea' id='block_1_42' title="bbox 373 2617 1972 2691">
    <p class='ocr_par' dir='ltr' id='par_1_42' title="bbox 373 2617 1972 2691">
     <span class='ocr_line' id='line_1_42' title="bbox 373 2617 1972 2691; baseline 0.003 -22"><span class='ocrx_word' id='word_1_297' title='bbox 373 2629 433 2670; x_wconf 89' lang='grc' dir='ltr'><strong>ιιι</strong></span> <span class='ocrx_word' id='word_1_298' title='bbox 469 2617 742 2688; x_wconf 85' lang='lat' dir='ltr'><strong>juveuiles</strong></span> <span class='ocrx_word' id='word_1_299' title='bbox 791 2619 1039 2672; x_wconf 72' lang='lat' dir='ltr'><strong>medulla:</strong></span> <span class='ocrx_word' id='word_1_300' title='bbox 1068 2619 1194 2675; x_wconf 92' lang='lat' dir='ltr'><strong>viuo</strong></span> <span class='ocrx_word' id='word_1_301' title='bbox 1234 2621 1440 2690; x_wconf 66' lang='lat' dir='ltr'><strong>plerum,</strong></span> <span class='ocrx_word' id='word_1_302' title='bbox 1479 2621 1712 2691; x_wconf 56' lang='lat' dir='ltr'><strong>dapibus</strong></span> <span class='ocrx_word' id='word_1_303' title='bbox 1760 2622 1972 2679; x_wconf 84' lang='lat' dir='ltr'><strong>inflam-</strong></span> 
     </span>
    </p>
   </div>
   <div class='ocr_carea' id='block_1_43' title="bbox 375 2709 1972 2785">
    <p class='ocr_par' dir='ltr' id='par_1_43' title="bbox 375 2709 1972 2785">
     <span class='ocr_line' id='line_1_43' title="bbox 375 2709 1972 2785; baseline 0.004 -20"><span class='ocrx_word' id='word_1_304' title='bbox 375 2720 556 2765; x_wconf 67' lang='lat' dir='ltr'><strong>matae.</strong></span> <span class='ocrx_word' id='word_1_305' title='bbox 584 2709 823 2766; x_wconf 81' lang='lat' dir='ltr'><strong>Avaritia</strong></span> <span class='ocrx_word' id='word_1_306' title='bbox 856 2713 1095 2767; x_wconf 63' lang='lat' dir='ltr'><strong>calcatur</strong></span> <span class='ocrx_word' id='word_1_307' title='bbox 1125 2729 1152 2766; x_wconf 90' lang='lat' dir='ltr'><strong>a</strong></span> <span class='ocrx_word' id='word_1_308' title='bbox 1190 2715 1490 2785; x_wconf 70' lang='lat' dir='ltr'><strong>plerisque,</strong></span> <span class='ocrx_word' id='word_1_309' title='bbox 1521 2726 1575 2770; x_wconf 88' lang='lat' dir='ltr'><strong>et</strong></span> <span class='ocrx_word' id='word_1_310' title='bbox 1605 2731 1726 2770; x_wconf 89' lang='lat' dir='ltr'><strong>cum</strong></span> <span class='ocrx_word' id='word_1_311' title='bbox 1761 2731 1972 2772; x_wconf 85' lang='lat' dir='ltr'><strong>marsu—</strong></span> 
     </span>
    </p>
   </div>
   <div class='ocr_carea' id='block_1_44' title="bbox 374 2806 1974 2880">
    <p class='ocr_par' dir='ltr' id='par_1_44' title="bbox 374 2806 1974 2880">
     <span class='ocr_line' id='line_1_44' title="bbox 374 2806 1974 2880; baseline 0.005 -21"><span class='ocrx_word' id='word_1_312' title='bbox 374 2806 468 2876; x_wconf 87' lang='lat' dir='ltr'><strong>pio</strong></span> <span class='ocrx_word' id='word_1_313' title='bbox 495 2806 804 2874; x_wconf 83' lang='lat' dir='ltr'><strong>deponitur.</strong></span> <span class='ocrx_word' id='word_1_314' title='bbox 839 2816 865 2844; x_wconf 75' lang='grc' dir='ltr'><strong>ἰ</strong></span> <span class='ocrx_word' id='word_1_315' title='bbox 897 2808 1211 2863; x_wconf 72' lang='lat' dir='ltr'><strong>Maledicam</strong></span> <span class='ocrx_word' id='word_1_316' title='bbox 1242 2810 1476 2880; x_wconf 76' lang='lat' dir='ltr'><strong>linguam</strong></span> <span class='ocrx_word' id='word_1_317' title='bbox 1511 2811 1772 2865; x_wconf 90' lang='lat' dir='ltr'><strong>indictum</strong></span> <span class='ocrx_word' id='word_1_318' title='bbox 1804 2812 1974 2868; x_wconf 81' lang='lat' dir='ltr'><strong>silen-</strong></span> 
     </span>
    </p>
   </div>
   <div class='ocr_carea' id='block_1_45' title="bbox 379 2897 1969 2966">
    <p class='ocr_par' dir='ltr' id='par_1_45' title="bbox 379 2897 1969 2966">
     <span class='ocr_line' id='line_1_45' title="bbox 379 2897 1969 2966; baseline 0.004 -16"><span class='ocrx_word' id='word_1_319' title='bbox 379 2897 511 2952; x_wconf 86' lang='lat' dir='ltr'><strong>tium</strong></span> <span class='ocrx_word' id='word_1_320' title='bbox 541 2899 788 2953; x_wconf 86' lang='lat' dir='ltr'><strong>emendat</strong></span> <span class='ocrx_word' id='word_1_321' title='bbox 819 2917 831 2951; x_wconf 90' lang='lat'>:</span> <span class='ocrx_word' id='word_1_322' title='bbox 861 2900 1041 2953; x_wconf 81' lang='lat' dir='ltr'><strong>Cultus</strong></span> <span class='ocrx_word' id='word_1_323' title='bbox 1079 2901 1324 2966; x_wconf 85' lang='lat' dir='ltr'><strong>corporis</strong></span> <span class='ocrx_word' id='word_1_324' title='bbox 1347 2941 1360 2963; x_wconf 92' lang='lat'><strong>,</strong></span> <span class='ocrx_word' id='word_1_325' title='bbox 1394 2909 1447 2954; x_wconf 90' lang='lat' dir='ltr'><strong>et</strong></span> <span class='ocrx_word' id='word_1_326' title='bbox 1499 2901 1710 2954; x_wconf 76' lang='lat' dir='ltr'><strong>habitus</strong></span> <span class='ocrx_word' id='word_1_327' title='bbox 1739 2905 1969 2957; x_wconf 86' lang='lat' dir='ltr'><strong>vestiqu</strong></span> 
     </span>
    </p>
   </div>
   <div class='ocr_carea' id='block_1_46' title="bbox 375 2989 1968 3061">
    <p class='ocr_par' dir='ltr' id='par_1_46' title="bbox 375 2989 1968 3061">
     <span class='ocr_line' id='line_1_46' title="bbox 375 2989 1968 3061; baseline 0.006 -24"><span class='ocrx_word' id='word_1_328' title='bbox 375 2991 535 3046; x_wconf 86' lang='lat' dir='ltr'><strong>unius</strong></span> <span class='ocrx_word' id='word_1_329' title='bbox 579 2989 726 3043; x_wconf 68' lang='lat' dir='ltr'><strong>liora:</strong></span> <span class='ocrx_word' id='word_1_330' title='bbox 759 2992 930 3059; x_wconf 61' lang='lat' dir='ltr'><strong>spatio</strong></span> <span class='ocrx_word' id='word_1_331' title='bbox 961 3000 1343 3046; x_wconf 83' lang='lat' dir='ltr'><strong>eotutuutatur.</strong></span> <span class='ocrx_word' id='word_1_332' title='bbox 1394 2992 1585 3046; x_wconf 82' lang='lat' dir='ltr'><strong>Omnia</strong></span> <span class='ocrx_word' id='word_1_333' title='bbox 1617 2994 1720 3046; x_wconf 82' lang='lat' dir='ltr'><strong>alia</strong></span> <span class='ocrx_word' id='word_1_334' title='bbox 1753 3003 1968 3061; x_wconf 65' lang='lat' dir='ltr'><strong>peci‘ata</strong></span> 
     </span>
    </p>
   </div>
   <div class='ocr_carea' id='block_1_47' title="bbox 375 3083 1966 3154">
    <p class='ocr_par' dir='ltr' id='par_1_47' title="bbox 375 3083 1966 3154">
     <span class='ocr_line' id='line_1_47' title="bbox 375 3083 1966 3154; baseline 0.003 -22"><span class='ocrx_word' id='word_1_335' title='bbox 375 3083 715 3138; x_wconf 68' lang='lat' dir='ltr'><strong>ext-insectis</strong></span> <span class='ocrx_word' id='word_1_336' title='bbox 761 3094 918 3143; x_wconf 71' lang='lat' dir='ltr'><strong>sum.</strong></span> <span class='ocrx_word' id='word_1_337' title='bbox 948 3092 1005 3138; x_wconf 88' lang='lat' dir='ltr'><strong>et</strong></span> <span class='ocrx_word' id='word_1_338' title='bbox 1029 3086 1171 3154; x_wconf 86' lang='lat' dir='ltr'><strong>quod</strong></span> <span class='ocrx_word' id='word_1_339' title='bbox 1216 3085 1346 3139; x_wconf 81' lang='lat' dir='ltr'><strong>foris</strong></span> <span class='ocrx_word' id='word_1_340' title='bbox 1374 3095 1456 3140; x_wconf 81' lang='lat' dir='ltr'><strong>est</strong></span> <span class='ocrx_word' id='word_1_341' title='bbox 1496 3085 1652 3140; x_wconf 85' lang='lat' dir='ltr'><strong>facile</strong></span> <span class='ocrx_word' id='word_1_342' title='bbox 1692 3087 1966 3154; x_wconf 88' lang='lat' dir='ltr'><strong>abjicitur.</strong></span> 
     </span>
    </p>
   </div>
   <div class='ocr_carea' id='block_1_48' title="bbox 2064 1879 3675 1952">
    <p class='ocr_par' dir='ltr' id='par_1_48' title="bbox 2064 1879 3675 1952">
     <span class='ocr_line' id='line_1_48' title="bbox 2064 1879 3675 1952; baseline 0.006 -22"><span class='ocrx_word' id='word_1_343' title='bbox 2064 1891 2185 1930; x_wconf 87' lang='lat' dir='ltr'><strong>rum</strong></span> <span class='ocrx_word' id='word_1_344' title='bbox 2217 1891 2426 1932; x_wconf 83' lang='lat' dir='ltr'><strong>morem</strong></span> <span class='ocrx_word' id='word_1_345' title='bbox 2447 1918 2462 1943; x_wconf 88' lang='lat'><strong>,</strong></span> <span class='ocrx_word' id='word_1_346' title='bbox 2491 1893 2657 1934; x_wconf 90' lang='lat' dir='ltr'><strong>succo</strong></span> <span class='ocrx_word' id='word_1_347' title='bbox 2684 1879 2937 1934; x_wconf 82' lang='lat' dir='ltr'><strong>victitans</strong></span> <span class='ocrx_word' id='word_1_348' title='bbox 2967 1895 3088 1948; x_wconf 90' lang='lat' dir='ltr'><strong>suo,</strong></span> <span class='ocrx_word' id='word_1_349' title='bbox 3120 1881 3317 1936; x_wconf 87' lang='lat' dir='ltr'><strong>futuris</strong></span> <span class='ocrx_word' id='word_1_350' title='bbox 3342 1882 3574 1952; x_wconf 79' lang='lat' dir='ltr'><strong>dapibus</strong></span> <span class='ocrx_word' id='word_1_351' title='bbox 3604 1899 3675 1940; x_wconf 87' lang='lat' dir='ltr'><strong>ac</strong></span> 
     </span>
    </p>
   </div>
   <div class='ocr_carea' id='block_1_49' title="bbox 2065 1967 3676 2046">
    <p class='ocr_par' dir='ltr' id='par_1_49' title="bbox 2065 1967 3676 2046">
     <span class='ocr_line' id='line_1_49' title="bbox 2065 1967 3676 2046; baseline 0.006 -25"><span class='ocrx_word' id='word_1_352' title='bbox 2065 1967 2268 2038; x_wconf 76' lang='lat' dir='ltr'><strong>sagina:</strong></span> <span class='ocrx_word' id='word_1_353' title='bbox 2307 1970 2676 2040; x_wconf 72' lang='lat' dir='ltr'><strong>aqualiculum</strong></span> <span class='ocrx_word' id='word_1_354' title='bbox 2725 1981 2898 2041; x_wconf 88' lang='lat' dir='ltr'><strong>parat.</strong></span> <span class='ocrx_word' id='word_1_355' title='bbox 2944 1971 3244 2028; x_wconf 82' lang='lat' dir='ltr'><strong>Monachus</strong></span> <span class='ocrx_word' id='word_1_356' title='bbox 3273 1973 3323 2027; x_wconf 92' lang='lat' dir='ltr'><strong>in</strong></span> <span class='ocrx_word' id='word_1_357' title='bbox 3354 1973 3676 2046; x_wconf 79' lang='lat' dir='ltr'><strong>Quadrage-</strong></span> 
     </span>
    </p>
   </div>
   <div class='ocr_carea' id='block_1_50' title="bbox 2066 2061 3671 2138">
    <p class='ocr_par' dir='ltr' id='par_1_50' title="bbox 2066 2061 3671 2138">
     <span class='ocr_line' id='line_1_50' title="bbox 2066 2061 3671 2138; baseline 0.006 -24"><span class='ocrx_word' id='word_1_358' title='bbox 2066 2061 2203 2115; x_wconf 85' lang='lat' dir='ltr'><strong>sima</strong></span> <span class='ocrx_word' id='word_1_359' title='bbox 2229 2077 2357 2116; x_wconf 63' lang='lat' dir='ltr'><strong>suos</strong></span> <span class='ocrx_word' id='word_1_360' title='bbox 2384 2061 2623 2118; x_wconf 89' lang='lat' dir='ltr'><strong>dimittat</strong></span> <span class='ocrx_word' id='word_1_361' title='bbox 2645 2079 2823 2134; x_wconf 89' lang='lat' dir='ltr'><strong>equos</strong></span> <span class='ocrx_word' id='word_1_362' title='bbox 2848 2081 2862 2117; x_wconf 88' lang='lat'><strong>:</strong></span> <span class='ocrx_word' id='word_1_363' title='bbox 2894 2073 2954 2118; x_wconf 88' lang='lat' dir='ltr'><strong>ut</strong></span> <span class='ocrx_word' id='word_1_364' title='bbox 2979 2064 3080 2118; x_wconf 89' lang='lat' dir='ltr'><strong>sibi</strong></span> <span class='ocrx_word' id='word_1_365' title='bbox 3114 2066 3421 2121; x_wconf 82' lang='lat' dir='ltr'><strong>meminerit</strong></span> <span class='ocrx_word' id='word_1_366' title='bbox 3448 2083 3671 2138; x_wconf 86' lang='lat' dir='ltr'><strong>semper</strong></span> 
     </span>
    </p>
   </div>
   <div class='ocr_carea' id='block_1_51' title="bbox 2067 2154 3674 2227">
    <p class='ocr_par' dir='ltr' id='par_1_51' title="bbox 2067 2154 3674 2227">
     <span class='ocr_line' id='line_1_51' title="bbox 2067 2154 3674 2227; baseline 0.004 -19"><span class='ocrx_word' id='word_1_367' title='bbox 2067 2167 2188 2209; x_wconf 87' lang='lat' dir='ltr'><strong>esse</strong></span> <span class='ocrx_word' id='word_1_368' title='bbox 2215 2155 2563 2209; x_wconf 88' lang='lat' dir='ltr'><strong>currendum.</strong></span> <span class='ocrx_word' id='word_1_369' title='bbox 2597 2154 2807 2210; x_wconf 86' lang='lat' dir='ltr'><strong>Finitus</strong></span> <span class='ocrx_word' id='word_1_370' title='bbox 2837 2155 2989 2210; x_wconf 88' lang='lat' dir='ltr'><strong>labor</strong></span> <span class='ocrx_word' id='word_1_371' title='bbox 3030 2155 3226 2227; x_wconf 87' lang='lat' dir='ltr'><strong>major,</strong></span> <span class='ocrx_word' id='word_1_372' title='bbox 3259 2157 3504 2212; x_wconf 86' lang='lat' dir='ltr'><strong>infinitus</strong></span> <span class='ocrx_word' id='word_1_373' title='bbox 3551 2173 3674 2215; x_wconf 83' lang='lat' dir='ltr'><strong>mo-</strong></span> 
     </span>
    </p>
   </div>
   <div class='ocr_carea' id='block_1_52' title="bbox 2068 2244 3674 2318">
    <p class='ocr_par' dir='ltr' id='par_1_52' title="bbox 2068 2244 3674 2318">
     <span class='ocr_line' id='line_1_52' title="bbox 2068 2244 3674 2318; baseline 0.004 -18"><span class='ocrx_word' id='word_1_374' title='bbox 2068 2244 2308 2301; x_wconf 87' lang='lat' dir='ltr'><strong>deratior</strong></span> <span class='ocrx_word' id='word_1_375' title='bbox 2333 2256 2434 2301; x_wconf 90' lang='lat' dir='ltr'><strong>est.</strong></span> <span class='ocrx_word' id='word_1_376' title='bbox 2470 2247 2542 2300; x_wconf 90' lang='lat' dir='ltr'><strong>lbi</strong></span> <span class='ocrx_word' id='word_1_377' title='bbox 2573 2249 2717 2303; x_wconf 90' lang='lat' dir='ltr'><strong>enim</strong></span> <span class='ocrx_word' id='word_1_378' title='bbox 2751 2248 3085 2318; x_wconf 72' lang='lat' dir='ltr'><strong>respiramus</strong></span> <span class='ocrx_word' id='word_1_379' title='bbox 3118 2266 3130 2302; x_wconf 95' lang='lat'>:</span> <span class='ocrx_word' id='word_1_380' title='bbox 3163 2247 3248 2303; x_wconf 85' lang='lat' dir='ltr'><strong>hic</strong></span> <span class='ocrx_word' id='word_1_381' title='bbox 3279 2259 3544 2318; x_wconf 79' lang='lat' dir='ltr'><strong>perpetuo</strong></span> <span class='ocrx_word' id='word_1_382' title='bbox 3585 2251 3674 2306; x_wconf 86' lang='lat' dir='ltr'><strong>iu-</strong></span> 
     </span>
    </p>
   </div>
   <div class='ocr_carea' id='block_1_53' title="bbox 2069 2339 3672 2412">
    <p class='ocr_par' dir='ltr' id='par_1_53' title="bbox 2069 2339 3672 2412">
     <span class='ocr_line' id='line_1_53' title="bbox 2069 2339 3672 2412; baseline 0.003 -18"><span class='ocrx_word' id='word_1_383' title='bbox 2069 2339 2333 2394; x_wconf 89' lang='lat' dir='ltr'><strong>cedimus.</strong></span> <span class='ocrx_word' id='word_1_384' title='bbox 2362 2341 2450 2396; x_wconf 67' lang='lat' dir='ltr'><strong>Sic</strong></span> <span class='ocrx_word' id='word_1_385' title='bbox 2478 2350 2657 2395; x_wconf 89' lang='lat' dir='ltr'><strong>tamen</strong></span> <span class='ocrx_word' id='word_1_386' title='bbox 2681 2341 2968 2411; x_wconf 80' lang='lat' dir='ltr'><strong>comedas,</strong></span> <span class='ocrx_word' id='word_1_387' title='bbox 2998 2340 3027 2379; x_wconf 73' lang='grc' dir='ltr'><strong>ιι</strong></span> <span class='ocrx_word' id='word_1_388' title='bbox 3058 2350 3116 2394; x_wconf 88' lang='grc' dir='ltr'><strong>ιιι</strong></span> <span class='ocrx_word' id='word_1_389' title='bbox 3140 2341 3320 2410; x_wconf 88' lang='lat' dir='ltr'><strong>statim</strong></span> <span class='ocrx_word' id='word_1_390' title='bbox 3346 2344 3672 2412; x_wconf 89' lang='lat' dir='ltr'><strong>posteilnun</strong></span> 
     </span>
    </p>
   </div>
   <div class='ocr_carea' id='block_1_54' title="bbox 2071 2432 3674 2503">
    <p class='ocr_par' dir='ltr' id='par_1_54' title="bbox 2071 2432 3674 2503">
     <span class='ocr_line' id='line_1_54' title="bbox 2071 2432 3674 2503; baseline 0.006 -20"><span class='ocrx_word' id='word_1_391' title='bbox 2071 2432 2250 2503; x_wconf 89' lang='lat' dir='ltr'><strong>possis</strong></span> <span class='ocrx_word' id='word_1_392' title='bbox 2299 2432 2515 2503; x_wconf 82' lang='lat' dir='ltr'><strong>legere.</strong></span> <span class='ocrx_word' id='word_1_393' title='bbox 2565 2449 2760 2499; x_wconf 88' lang='lat' dir='ltr'><strong>orare,</strong></span> <span class='ocrx_word' id='word_1_394' title='bbox 2818 2443 2875 2488; x_wconf 84' lang='lat' dir='ltr'><strong>et</strong></span> <span class='ocrx_word' id='word_1_395' title='bbox 2932 2432 3187 2502; x_wconf 85' lang='lat' dir='ltr'><strong>psallere.</strong></span> <span class='ocrx_word' id='word_1_396' title='bbox 3237 2433 3364 2490; x_wconf 85' lang='lat' dir='ltr'><strong>Ideo</strong></span> <span class='ocrx_word' id='word_1_397' title='bbox 3415 2435 3528 2491; x_wconf 89' lang='lat' dir='ltr'><strong>sint</strong></span> <span class='ocrx_word' id='word_1_398' title='bbox 3577 2436 3674 2492; x_wconf 89' lang='lat' dir='ltr'><strong>tibi</strong></span> 
     </span>
    </p>
   </div>
   <div class='ocr_carea' id='block_1_55' title="bbox 2071 2523 3676 2598">
    <p class='ocr_par' dir='ltr' id='par_1_55' title="bbox 2071 2523 3676 2598">
     <span class='ocr_line' id='line_1_55' title="bbox 2071 2523 3676 2598; baseline 0.001 -18"><span class='ocrx_word' id='word_1_399' title='bbox 2071 2533 2252 2590; x_wconf 87' lang='lat' dir='ltr'><strong>casta,</strong></span> <span class='ocrx_word' id='word_1_400' title='bbox 2307 2525 2613 2598; x_wconf 87' lang='lat' dir='ltr'><strong>simplicia,</strong></span> <span class='ocrx_word' id='word_1_401' title='bbox 2668 2523 2985 2592; x_wconf 87' lang='lat' dir='ltr'><strong>moderata,</strong></span> <span class='ocrx_word' id='word_1_402' title='bbox 3031 2535 3086 2580; x_wconf 85' lang='lat' dir='ltr'><strong>et</strong></span> <span class='ocrx_word' id='word_1_403' title='bbox 3134 2540 3241 2581; x_wconf 87' lang='lat' dir='ltr'><strong>non</strong></span> <span class='ocrx_word' id='word_1_404' title='bbox 3291 2527 3676 2598; x_wconf 76' lang='lat' dir='ltr'><strong>superstitiosa</strong></span> 
     </span>
    </p>
   </div>
   <div class='ocr_carea' id='block_1_56' title="bbox 2069 2615 2292 2686">
    <p class='ocr_par' dir='ltr' id='par_1_56' title="bbox 2069 2615 2292 2686">
     <span class='ocr_line' id='line_1_56' title="bbox 2069 2615 2292 2686; baseline -0.004 -15"><span class='ocrx_word' id='word_1_405' title='bbox 2069 2615 2292 2686; x_wconf 83' lang='lat' dir='ltr'><strong>jejunia.</strong></span> 
     </span>
    </p>
   </div>
   <div class='ocr_carea' id='block_1_57' title="bbox 2145 2713 3680 2784">
    <p class='ocr_par' dir='ltr' id='par_1_57' title="bbox 2145 2713 3680 2784">
     <span class='ocr_line' id='line_1_57' title="bbox 2145 2713 3680 2784; baseline 0.001 -16"><span class='ocrx_word' id='word_1_406' title='bbox 2145 2713 2252 2768; x_wconf 91' lang='lat' dir='ltr'><strong>Sed</strong></span> <span class='ocrx_word' id='word_1_407' title='bbox 2301 2713 2428 2784; x_wconf 89' lang='lat' dir='ltr'><strong>quid</strong></span> <span class='ocrx_word' id='word_1_408' title='bbox 2475 2713 2696 2784; x_wconf 82' lang='lat' dir='ltr'><strong>prodest</strong></span> <span class='ocrx_word' id='word_1_409' title='bbox 2737 2715 2859 2770; x_wconf 88' lang='lat' dir='ltr'><strong>oleo</strong></span> <span class='ocrx_word' id='word_1_410' title='bbox 2904 2731 3012 2770; x_wconf 86' lang='lat' dir='ltr'><strong>non</strong></span> <span class='ocrx_word' id='word_1_411' title='bbox 3056 2715 3241 2782; x_wconf 88' lang='lat' dir='ltr'><strong>vesci,</strong></span> <span class='ocrx_word' id='word_1_412' title='bbox 3294 2722 3349 2771; x_wconf 91' lang='lat' dir='ltr'><strong>et</strong></span> <span class='ocrx_word' id='word_1_413' title='bbox 3392 2714 3680 2770; x_wconf 79' lang='lat' dir='ltr'><strong>molestias</strong></span> 
     </span>
    </p>
   </div>
   <div class='ocr_carea' id='block_1_58' title="bbox 2073 2805 3676 2882">
    <p class='ocr_par' dir='ltr' id='par_1_58' title="bbox 2073 2805 3676 2882">
     <span class='ocr_line' id='line_1_58' title="bbox 2073 2805 3676 2882; baseline 0.004 -24"><span class='ocrx_word' id='word_1_414' title='bbox 2073 2805 2336 2876; x_wconf 87' lang='lat' dir='ltr'><strong>quasdam</strong></span> <span class='ocrx_word' id='word_1_415' title='bbox 2366 2806 2826 2876; x_wconf 74' lang='lat' dir='ltr'><strong>difficultatesque</strong></span> <span class='ocrx_word' id='word_1_416' title='bbox 2857 2809 3103 2864; x_wconf 90' lang='lat' dir='ltr'><strong>ciborum</strong></span> <span class='ocrx_word' id='word_1_417' title='bbox 3127 2825 3396 2881; x_wconf 69' lang='lat' dir='ltr'><strong>qumrerc.</strong></span> <span class='ocrx_word' id='word_1_418' title='bbox 3426 2824 3676 2882; x_wconf 72' lang='lat' dir='ltr'><strong>caryras,</strong></span> 
     </span>
    </p>
   </div>
   <div class='ocr_carea' id='block_1_59' title="bbox 2075 2898 3682 2976">
    <p class='ocr_par' dir='ltr' id='par_1_59' title="bbox 2075 2898 3682 2976">
     <span class='ocr_line' id='line_1_59' title="bbox 2075 2898 3682 2976; baseline 0.004 -26"><span class='ocrx_word' id='word_1_419' title='bbox 2075 2898 2250 2976; x_wconf 77' lang='lat' dir='ltr'><strong>piper,</strong></span> <span class='ocrx_word' id='word_1_420' title='bbox 2293 2914 2489 2962; x_wconf 71' lang='lat' dir='ltr'><strong>nuces,</strong></span> <span class='ocrx_word' id='word_1_421' title='bbox 2525 2899 2826 2969; x_wconf 76' lang='lat' dir='ltr'><strong>palmarum</strong></span> <span class='ocrx_word' id='word_1_422' title='bbox 2873 2901 3112 2968; x_wconf 87' lang='lat' dir='ltr'><strong>fructus,</strong></span> <span class='ocrx_word' id='word_1_423' title='bbox 3145 2901 3408 2966; x_wconf 88' lang='lat' dir='ltr'><strong>similam,</strong></span> <span class='ocrx_word' id='word_1_424' title='bbox 3442 2910 3498 2955; x_wconf 86' lang='lat' dir='ltr'><strong>et</strong></span> <span class='ocrx_word' id='word_1_425' title='bbox 3528 2903 3682 2956; x_wconf 80' lang='lat' dir='ltr'><strong>mel?</strong></span> 
     </span>
    </p>
   </div>
   <div class='ocr_carea' id='block_1_60' title="bbox 2074 2991 3676 3064">
    <p class='ocr_par' dir='ltr' id='par_1_60' title="bbox 2074 2991 3676 3064">
     <span class='ocr_line' id='line_1_60' title="bbox 2074 2991 3676 3064; baseline 0.001 -19"><span class='ocrx_word' id='word_1_426' title='bbox 2074 2991 2210 3045; x_wconf 85' lang='lat' dir='ltr'><strong>Tota</strong></span> <span class='ocrx_word' id='word_1_427' title='bbox 2239 2991 2522 3047; x_wconf 83' lang='lat' dir='ltr'><strong>hortorum</strong></span> <span class='ocrx_word' id='word_1_428' title='bbox 2554 2993 2765 3056; x_wconf 84' lang='lat' dir='ltr'><strong>cultura</strong></span> <span class='ocrx_word' id='word_1_429' title='bbox 2794 3005 3047 3059; x_wconf 75' lang='lat' dir='ltr'><strong>vexatur,</strong></span> <span class='ocrx_word' id='word_1_430' title='bbox 3077 3003 3136 3048; x_wconf 93' lang='lat' dir='ltr'><strong>ut</strong></span> <span class='ocrx_word' id='word_1_431' title='bbox 3163 2995 3373 3050; x_wconf 89' lang='lat' dir='ltr'><strong>cibario</strong></span> <span class='ocrx_word' id='word_1_432' title='bbox 3400 3011 3538 3064; x_wconf 82' lang='lat' dir='ltr'><strong>pane</strong></span> <span class='ocrx_word' id='word_1_433' title='bbox 3569 3011 3676 3049; x_wconf 89' lang='grc' dir='ltr'>ι.0·ι</span> 
     </span>
    </p>
   </div>
   <div class='ocr_carea' id='block_1_61' title="bbox 2076 3087 3684 3156">
    <p class='ocr_par' dir='ltr' id='par_1_61' title="bbox 2076 3087 3684 3156">
     <span class='ocr_line' id='line_1_61' title="bbox 2076 3087 3684 3156; baseline 0.001 -20"><span class='ocrx_word' id='word_1_434' title='bbox 2076 3099 2364 3138; x_wconf 84' lang='lat' dir='ltr'><strong>vescamur</strong></span> <span class='ocrx_word' id='word_1_435' title='bbox 2395 3102 2408 3140; x_wconf 93' lang='lat'><strong>:</strong></span> <span class='ocrx_word' id='word_1_436' title='bbox 2447 3095 2503 3139; x_wconf 88' lang='lat' dir='ltr'><strong>et</strong></span> <span class='ocrx_word' id='word_1_437' title='bbox 2529 3087 2653 3140; x_wconf 89' lang='lat' dir='ltr'><strong>dum</strong></span> <span class='ocrx_word' id='word_1_438' title='bbox 2683 3087 2909 3142; x_wconf 72' lang='lat' dir='ltr'><strong>delicias</strong></span> <span class='ocrx_word' id='word_1_439' title='bbox 2941 3096 3238 3149; x_wconf 84' lang='lat' dir='ltr'><strong>sectamur,</strong></span> <span class='ocrx_word' id='word_1_440' title='bbox 3264 3103 3291 3140; x_wconf 88' lang='lat' dir='ltr'><strong>a</strong></span> <span class='ocrx_word' id='word_1_441' title='bbox 3323 3103 3489 3156; x_wconf 80' lang='lat' dir='ltr'><strong>regno</strong></span> <span class='ocrx_word' id='word_1_442' title='bbox 3518 3088 3684 3143; x_wconf 67' lang='lat' dir='ltr'><strong>«(nlo-</strong></span> 
     </span>
    </p>
   </div>
   <div class='ocr_carea' id='block_1_62' title="bbox 380 3159 1969 3250">
    <p class='ocr_par' dir='ltr' id='par_1_62' title="bbox 380 3175 1966 3250">
     <span class='ocr_line' id='line_1_62' title="bbox 380 3175 1966 3250; baseline 0.004 -21"><span class='ocrx_word' id='word_1_443' title='bbox 380 3177 503 3229; x_wconf 84' lang='lat' dir='ltr'><strong>Sola</strong></span> <span class='ocrx_word' id='word_1_444' title='bbox 560 3175 725 3229; x_wconf 76' lang='grc' dir='ltr'><strong>Ιιιιί-Ιυ</strong></span> <span class='ocrx_word' id='word_1_445' title='bbox 772 3177 931 3231; x_wconf 61' lang='grc' dir='ltr'>ἰιιειιι</span> <span class='ocrx_word' id='word_1_446' title='bbox 983 3189 1067 3232; x_wconf 83' lang='lat' dir='ltr'><strong>est</strong></span> <span class='ocrx_word' id='word_1_447' title='bbox 1098 3221 1112 3245; x_wconf 91' lang='lat'><strong>,</strong></span> <span class='ocrx_word' id='word_1_448' title='bbox 1152 3191 1204 3234; x_wconf 85' lang='lat' dir='ltr'><strong>et</strong></span> <span class='ocrx_word' id='word_1_449' title='bbox 1248 3181 1480 3250; x_wconf 86' lang='lat' dir='ltr'><strong>quadam</strong></span> <span class='ocrx_word' id='word_1_450' title='bbox 1525 3181 1640 3250; x_wconf 78' lang='lat' dir='ltr'><strong>lege</strong></span> <span class='ocrx_word' id='word_1_451' title='bbox 1681 3191 1886 3236; x_wconf 69' lang='lat' dir='ltr'><strong>natura:</strong></span> <span class='ocrx_word' id='word_1_452' title='bbox 1919 3185 1966 3236; x_wconf 88' lang='lat' dir='ltr'><strong>it.</strong></span> 
     </span>
    </p>
   </div>
   <div class='ocr_carea' id='block_1_63' title="bbox 2082 3159 3680 3250">
    <p class='ocr_par' dir='ltr' id='par_1_63' title="bbox 2083 3179 3680 3249">
     <span class='ocr_line' id='line_1_63' title="bbox 2083 3179 3680 3249; baseline 0 -16"><span class='ocrx_word' id='word_1_453' title='bbox 2083 3196 2196 3233; x_wconf 86' lang='lat' dir='ltr'><strong>t&#39;utn</strong></span> <span class='ocrx_word' id='word_1_454' title='bbox 2225 3179 2573 3234; x_wconf 61' lang='lat' dir='ltr'><strong>retraliiutur.</strong></span> <span class='ocrx_word' id='word_1_455' title='bbox 2601 3179 2710 3235; x_wconf 83' lang='lat' dir='ltr'><strong>Nee</strong></span> <span class='ocrx_word' id='word_1_456' title='bbox 2738 3182 2782 3234; x_wconf 88' lang='lat' dir='ltr'><strong>si</strong></span> <span class='ocrx_word' id='word_1_457' title='bbox 2820 3179 2982 3235; x_wconf 84' lang='lat' dir='ltr'><strong>biduo</strong></span> <span class='ocrx_word' id='word_1_458' title='bbox 3004 3193 3091 3236; x_wconf 88' lang='lat' dir='ltr'><strong>aut</strong></span> <span class='ocrx_word' id='word_1_459' title='bbox 3118 3180 3298 3234; x_wconf 85' lang='lat' dir='ltr'><strong>triduo</strong></span> <span class='ocrx_word' id='word_1_460' title='bbox 3321 3180 3680 3249; x_wconf 85' lang='lat' dir='ltr'><strong>jejunavcris,</strong></span> 
     </span>
    </p>
   </div>
   <div class='ocr_carea' id='block_1_64' title="bbox 376 3268 1975 3340">
    <p class='ocr_par' dir='ltr' id='par_1_64' title="bbox 376 3268 1975 3340">
     <span class='ocr_line' id='line_1_64' title="bbox 376 3268 1975 3340; baseline 0.006 -22"><span class='ocrx_word' id='word_1_461' title='bbox 376 3268 575 3322; x_wconf 68' lang='lat' dir='ltr'><strong>roiium</strong></span> <span class='ocrx_word' id='word_1_462' title='bbox 624 3271 784 3334; x_wconf 70' lang='lat' dir='ltr'><strong>gestit</strong></span> <span class='ocrx_word' id='word_1_463' title='bbox 832 3287 1137 3340; x_wconf 75' lang='lat' dir='ltr'><strong>erumpere.</strong></span> <span class='ocrx_word' id='word_1_464' title='bbox 1171 3271 1403 3326; x_wconf 73' lang='lat' dir='ltr'><strong>Gran-lis</strong></span> <span class='ocrx_word' id='word_1_465' title='bbox 1451 3273 1613 3337; x_wconf 65' lang='lat' dir='ltr'><strong>igitur</strong></span> <span class='ocrx_word' id='word_1_466' title='bbox 1647 3273 1860 3327; x_wconf 83' lang='lat' dir='ltr'><strong>vir:utis</strong></span> <span class='ocrx_word' id='word_1_467' title='bbox 1891 3284 1975 3329; x_wconf 86' lang='lat' dir='ltr'><strong>est</strong></span> 
     </span>
    </p>
   </div>
   <div class='ocr_carea' id='block_1_65' title="bbox 379 3360 1972 3434">
    <p class='ocr_par' dir='ltr' id='par_1_65' title="bbox 379 3360 1972 3434">
     <span class='ocr_line' id='line_1_65' title="bbox 379 3360 1972 3434; baseline 0.003 -20"><span class='ocrx_word' id='word_1_468' title='bbox 379 3372 435 3414; x_wconf 88' lang='lat' dir='ltr'><strong>et</strong></span> <span class='ocrx_word' id='word_1_469' title='bbox 464 3360 708 3415; x_wconf 63' lang='lat' dir='ltr'><strong>so&#39;licltm</strong></span> <span class='ocrx_word' id='word_1_470' title='bbox 738 3361 789 3415; x_wconf 95' lang='lat' dir='ltr'><strong>di</strong></span> <span class='ocrx_word' id='word_1_471' title='bbox 817 3363 1029 3431; x_wconf 73' lang='lat' dir='ltr'><strong>igeutia:</strong></span> <span class='ocrx_word' id='word_1_472' title='bbox 1059 3379 1320 3434; x_wconf 83' lang='lat' dir='ltr'><strong>superare</strong></span> <span class='ocrx_word' id='word_1_473' title='bbox 1351 3364 1494 3434; x_wconf 88' lang='lat' dir='ltr'><strong>quod</strong></span> <span class='ocrx_word' id='word_1_474' title='bbox 1526 3373 1684 3419; x_wconf 84' lang='lat' dir='ltr'><strong>natus</strong></span> <span class='ocrx_word' id='word_1_475' title='bbox 1710 3367 1806 3430; x_wconf 89' lang='lat' dir='ltr'><strong>sis,</strong></span> <span class='ocrx_word' id='word_1_476' title='bbox 1841 3375 1895 3420; x_wconf 82' lang='lat' dir='ltr'><strong>et</strong></span> <span class='ocrx_word' id='word_1_477' title='bbox 1921 3367 1972 3420; x_wconf 93' lang='lat' dir='ltr'><strong>iu</strong></span> 
     </span>
    </p>
   </div>
   <div class='ocr_carea' id='block_1_66' title="bbox 377 3456 1227 3514">
    <p class='ocr_par' dir='ltr' id='par_1_66' title="bbox 377 3456 1227 3514">
     <span class='ocr_line' id='line_1_66' title="bbox 377 3456 1227 3514; baseline 0.001 -4"><span class='ocrx_word' id='word_1_478' title='bbox 377 3469 544 3510; x_wconf 78' lang='lat' dir='ltr'><strong>carne</strong></span> <span class='ocrx_word' id='word_1_479' title='bbox 567 3472 674 3508; x_wconf 87' lang='lat' dir='ltr'><strong>non</strong></span> <span class='ocrx_word' id='word_1_480' title='bbox 706 3457 995 3514; x_wconf 74' lang='lat' dir='ltr'><strong>cat&#39;nalizcr</strong></span> <span class='ocrx_word' id='word_1_481' title='bbox 1024 3456 1227 3511; x_wconf 78' lang='lat' dir='ltr'><strong>vivere.</strong></span> 
     </span>
    </p>
   </div>
   <div class='ocr_carea' id='block_1_67' title="bbox 972 3591 1381 3648">
    <p class='ocr_par' dir='ltr' id='par_1_67' title="bbox 972 3591 1381 3648">
     <span class='ocr_line' id='line_1_67' title="bbox 972 3591 1381 3648; baseline 0.002 -2"><span class='ocrx_word' id='word_1_482' title='bbox 972 3591 1200 3648; x_wconf 73' lang='lat' dir='ltr'>CAPUT</span> <span class='ocrx_word' id='word_1_483' title='bbox 1243 3592 1381 3648; x_wconf 70' lang='lat' dir='ltr'><strong>Xlll.</strong></span> 
     </span>
    </p>
   </div>
   <div class='ocr_carea' id='block_1_68' title="bbox 839 3707 1519 3780">
    <p class='ocr_par' dir='ltr' id='par_1_68' title="bbox 839 3707 1519 3780">
     <span class='ocr_line' id='line_1_68' title="bbox 839 3707 1519 3780; baseline 0.001 -18"><span class='ocrx_word' id='word_1_484' title='bbox 839 3707 916 3762; x_wconf 78' lang='lat' dir='ltr'><strong>De</strong></span> <span class='ocrx_word' id='word_1_485' title='bbox 946 3709 1239 3778; x_wconf 54' lang='lat' dir='ltr'><strong>(cnumcri?</strong></span> <span class='ocrx_word' id='word_1_486' title='bbox 1266 3707 1519 3780; x_wconf 69' lang='lat' dir='ltr'><strong>Jejmtiis.</strong></span> 
     </span>
    </p>
   </div>
   <div class='ocr_carea' id='block_1_69' title="bbox 451 3824 1978 3896">
    <p class='ocr_par' dir='ltr' id='par_1_69' title="bbox 451 3824 1978 3896">
     <span class='ocr_line' id='line_1_69' title="bbox 451 3824 1978 3896; baseline 0.001 -18"><span class='ocrx_word' id='word_1_487' title='bbox 451 3825 681 3879; x_wconf 85' lang='lat' dir='ltr'><strong>Tantum</strong></span> <span class='ocrx_word' id='word_1_488' title='bbox 728 3825 818 3879; x_wconf 78' lang='lat' dir='ltr'><strong>t&#39;bi</strong></span> <span class='ocrx_word' id='word_1_489' title='bbox 855 3825 1185 3894; x_wconf 77' lang='lat' dir='ltr'><strong>jejuniorum</strong></span> <span class='ocrx_word' id='word_1_490' title='bbox 1234 3839 1479 3890; x_wconf 85' lang='lat' dir='ltr'><strong>as-uuic,</strong></span> <span class='ocrx_word' id='word_1_491' title='bbox 1524 3835 1785 3896; x_wconf 86' lang='lat' dir='ltr'><strong>quantum</strong></span> <span class='ocrx_word' id='word_1_492' title='bbox 1838 3824 1978 3880; x_wconf 79' lang='lat' dir='ltr'><strong>ferre</strong></span> 
     </span>
    </p>
   </div>
   <div class='ocr_carea' id='block_1_70' title="bbox 383 3917 1977 3986">
    <p class='ocr_par' dir='ltr' id='par_1_70' title="bbox 383 3917 1977 3986">
     <span class='ocr_line' id='line_1_70' title="bbox 383 3917 1977 3986; baseline 0.002 -16"><span class='ocrx_word' id='word_1_493' title='bbox 383 3933 535 3986; x_wconf 76' lang='lat' dir='ltr'><strong>potes</strong></span> <span class='ocrx_word' id='word_1_494' title='bbox 571 3938 582 3972; x_wconf 93' lang='lat'>:</span> <span class='ocrx_word' id='word_1_495' title='bbox 619 3921 866 3972; x_wconf 71' lang='lat' dir='ltr'><strong>iliwrsus</strong></span> <span class='ocrx_word' id='word_1_496' title='bbox 894 3927 976 3972; x_wconf 59' lang='grc' dir='ltr'><strong>ρει</strong></span> <span class='ocrx_word' id='word_1_497' title='bbox 1019 3917 1162 3972; x_wconf 84' lang='lat' dir='ltr'><strong>cuitu</strong></span> <span class='ocrx_word' id='word_1_498' title='bbox 1193 3918 1471 3972; x_wconf 71' lang='lat' dir='ltr'><strong>hominum</strong></span> <span class='ocrx_word' id='word_1_499' title='bbox 1505 3919 1839 3974; x_wconf 60' lang='lat' dir='ltr'><strong>stomachus.</strong></span> <span class='ocrx_word' id='word_1_500' title='bbox 1873 3920 1977 3974; x_wconf 78' lang='lat' dir='ltr'><strong>Alii</strong></span> 
     </span>
    </p>
   </div>
   <div class='ocr_carea' id='block_1_71' title="bbox 379 4012 1980 4079">
    <p class='ocr_par' dir='ltr' id='par_1_71' title="bbox 379 4012 1980 4079">
     <span class='ocr_line' id='line_1_71' title="bbox 379 4012 1980 4079; baseline -0.001 -11"><span class='ocrx_word' id='word_1_501' title='bbox 379 4017 581 4068; x_wconf 78' lang='lat' dir='ltr'><strong>autat-is</strong></span> <span class='ocrx_word' id='word_1_502' title='bbox 611 4057 623 4079; x_wconf 83' lang='lat'><strong>,</strong></span> <span class='ocrx_word' id='word_1_503' title='bbox 678 4014 766 4068; x_wconf 76' lang='lat' dir='ltr'><strong>alii</strong></span> <span class='ocrx_word' id='word_1_504' title='bbox 801 4012 1084 4078; x_wconf 52' lang='lat' dir='ltr'><strong>dub-ilius,</strong></span> <span class='ocrx_word' id='word_1_505' title='bbox 1136 4012 1224 4066; x_wconf 85' lang='lat' dir='ltr'><strong>alii</strong></span> <span class='ocrx_word' id='word_1_506' title='bbox 1260 4013 1686 4076; x_wconf 60' lang='lat' dir='ltr'><strong>athletittriltus,</strong></span> <span class='ocrx_word' id='word_1_507' title='bbox 1723 4013 1810 4067; x_wconf 44' lang='lat' dir='ltr'><strong>alii</strong></span> <span class='ocrx_word' id='word_1_508' title='bbox 1847 4013 1980 4067; x_wconf 80' lang='lat' dir='ltr'><strong>levi-</strong></span> 
     </span>
    </p>
   </div>
   <div class='ocr_carea' id='block_1_72' title="bbox 381 4105 1978 4182">
    <p class='ocr_par' dir='ltr' id='par_1_72' title="bbox 381 4105 1978 4182">
     <span class='ocr_line' id='line_1_72' title="bbox 381 4105 1978 4182; baseline -0.002 -20"><span class='ocrx_word' id='word_1_509' title='bbox 381 4109 479 4162; x_wconf 69' lang='lat' dir='ltr'><strong>bus</strong></span> <span class='ocrx_word' id='word_1_510' title='bbox 531 4108 638 4182; x_wconf 69' lang='grc' dir='ltr'><strong>[ΑΙ.</strong></span> <span class='ocrx_word' id='word_1_511' title='bbox 693 4105 930 4178; x_wconf 70' lang='lat' dir='ltr'><strong>lenibus]</strong></span> <span class='ocrx_word' id='word_1_512' title='bbox 969 4106 1311 4159; x_wconf 77' lang='lat' dir='ltr'><strong>delectantur</strong></span> <span class='ocrx_word' id='word_1_513' title='bbox 1349 4106 1505 4160; x_wconf 61' lang='lat' dir='ltr'><strong>cibis.</strong></span> <span class='ocrx_word' id='word_1_514' title='bbox 1563 4105 1687 4158; x_wconf 72' lang='lat' dir='ltr'><strong>Ilt‘H</strong></span> <span class='ocrx_word' id='word_1_515' title='bbox 1735 4124 1839 4158; x_wconf 82' lang='lat' dir='ltr'><strong>non</strong></span> <span class='ocrx_word' id='word_1_516' title='bbox 1887 4106 1978 4160; x_wconf 88' lang='lat' dir='ltr'><strong>tibi</strong></span> 
     </span>
    </p>
   </div>
   <div class='ocr_carea' id='block_1_73' title="bbox 383 4197 1980 4266">
    <p class='ocr_par' dir='ltr' id='par_1_73' title="bbox 383 4197 1980 4266">
     <span class='ocr_line' id='line_1_73' title="bbox 383 4197 1980 4266; baseline -0.003 -12"><span class='ocrx_word' id='word_1_517' title='bbox 383 4200 739 4254; x_wconf 72' lang='lat' dir='ltr'><strong>itnmodez&#39;ata</strong></span> <span class='ocrx_word' id='word_1_518' title='bbox 788 4198 1120 4263; x_wconf 83' lang='lat' dir='ltr'><strong>imperamus</strong></span> <span class='ocrx_word' id='word_1_519' title='bbox 1145 4197 1364 4266; x_wconf 80' lang='lat' dir='ltr'><strong>jennuia</strong></span> <span class='ocrx_word' id='word_1_520' title='bbox 1389 4238 1402 4258; x_wconf 90' lang='lat'><strong><em>.</em></strong></span> <span class='ocrx_word' id='word_1_521' title='bbox 1443 4212 1493 4252; x_wconf 85' lang='lat' dir='ltr'><strong>et</strong></span> <span class='ocrx_word' id='word_1_522' title='bbox 1528 4214 1802 4251; x_wconf 66' lang='lat' dir='ltr'><strong>rn&#39;n&#39;utetn</strong></span> <span class='ocrx_word' id='word_1_523' title='bbox 1834 4199 1980 4252; x_wconf 80' lang='lat' dir='ltr'><strong>cibo-</strong></span> 
     </span>
    </p>
   </div>
   <div class='ocr_carea' id='block_1_74' title="bbox 382 4293 1980 4361">
    <p class='ocr_par' dir='ltr' id='par_1_74' title="bbox 382 4293 1980 4361">
     <span class='ocr_line' id='line_1_74' title="bbox 382 4293 1980 4361; baseline 0.001 -14"><span class='ocrx_word' id='word_1_524' title='bbox 382 4311 500 4347; x_wconf 89' lang='lat' dir='ltr'><strong>rum</strong></span> <span class='ocrx_word' id='word_1_525' title='bbox 553 4293 621 4346; x_wconf 86' lang='lat' dir='ltr'><strong>ab</strong></span> <span class='ocrx_word' id='word_1_526' title='bbox 655 4293 966 4354; x_wconf 78' lang='lat' dir='ltr'><strong>tiueutiatu,</strong></span> <span class='ocrx_word' id='word_1_527' title='bbox 1006 4294 1202 4361; x_wconf 84' lang='lat' dir='ltr'><strong>quibus</strong></span> <span class='ocrx_word' id='word_1_528' title='bbox 1242 4294 1421 4346; x_wconf 88' lang='lat' dir='ltr'><strong>statim</strong></span> <span class='ocrx_word' id='word_1_529' title='bbox 1465 4309 1694 4360; x_wconf 73' lang='lat' dir='ltr'><strong>corpora</strong></span> <span class='ocrx_word' id='word_1_530' title='bbox 1746 4294 1980 4349; x_wconf 75' lang='lat' dir='ltr'><strong>delicata</strong></span> 
     </span>
    </p>
   </div>
   <div class='ocr_carea' id='block_1_75' title="bbox 381 4384 1976 4456">
    <p class='ocr_par' dir='ltr' id='par_1_75' title="bbox 381 4384 1976 4456">
     <span class='ocr_line' id='line_1_75' title="bbox 381 4384 1976 4456; baseline 0 -16"><span class='ocrx_word' id='word_1_531' title='bbox 381 4385 724 4456; x_wconf 78' lang='lat' dir='ltr'><strong>franguntur.</strong></span> <span class='ocrx_word' id='word_1_532' title='bbox 777 4384 1230 4454; x_wconf 76' lang='lat' dir='ltr'><strong>Pliilostiplturunt</strong></span> <span class='ocrx_word' id='word_1_533' title='bbox 1283 4401 1494 4454; x_wconf 54' lang='lat' dir='ltr'><strong>quoque</strong></span> <span class='ocrx_word' id='word_1_534' title='bbox 1541 4385 1811 4439; x_wconf 76' lang='lat' dir='ltr'><strong>sententia</strong></span> <span class='ocrx_word' id='word_1_535' title='bbox 1863 4397 1976 4453; x_wconf 89' lang='lat' dir='ltr'><strong>est,</strong></span> 
     </span>
    </p>
   </div>
   <div class='ocr_carea' id='block_1_76' title="bbox 383 4477 1980 4549">
    <p class='ocr_par' dir='ltr' id='par_1_76' title="bbox 383 4477 1980 4549">
     <span class='ocr_line' id='line_1_76' title="bbox 383 4477 1980 4549; baseline -0.002 -16"><span class='ocrx_word' id='word_1_536' title='bbox 383 4479 694 4533; x_wconf 61' lang='lat' dir='ltr'><strong>moderatas</strong></span> <span class='ocrx_word' id='word_1_537' title='bbox 724 4494 844 4532; x_wconf 87' lang='lat' dir='ltr'><strong>esse</strong></span> <span class='ocrx_word' id='word_1_538' title='bbox 892 4479 1150 4544; x_wconf 77' lang='lat' dir='ltr'><strong>virtutes,</strong></span> <span class='ocrx_word' id='word_1_539' title='bbox 1197 4477 1526 4533; x_wconf 52' lang='lat' dir='ltr'><strong>cxeenlente&#39;s</strong></span> <span class='ocrx_word' id='word_1_540' title='bbox 1567 4477 1784 4532; x_wconf 78' lang='lat' dir='ltr'><strong>modum</strong></span> <span class='ocrx_word' id='word_1_541' title='bbox 1819 4491 1980 4549; x_wconf 84' lang='lat' dir='ltr'><strong>atque</strong></span> 
     </span>
    </p>
   </div>
   <div class='ocr_carea' id='block_1_77' title="bbox 389 4569 1961 4636">
    <p class='ocr_par' dir='ltr' id='par_1_77' title="bbox 389 4569 1961 4636">
     <span class='ocr_line' id='line_1_77' title="bbox 389 4569 1961 4636; baseline -0.001 -11"><span class='ocrx_word' id='word_1_542' title='bbox 389 4585 700 4626; x_wconf 74' lang='lat' dir='ltr'><strong>mensuram</strong></span> <span class='ocrx_word' id='word_1_543' title='bbox 755 4574 895 4624; x_wconf 86' lang='lat' dir='ltr'><strong>inter</strong></span> <span class='ocrx_word' id='word_1_544' title='bbox 950 4570 1074 4623; x_wconf 68' lang='lat' dir='ltr'><strong>viiii</strong></span> <span class='ocrx_word' id='word_1_545' title='bbox 1128 4569 1395 4636; x_wconf 74' lang='lat' dir='ltr'><strong>deputari.</strong></span> <span class='ocrx_word' id='word_1_546' title='bbox 1435 4571 1587 4626; x_wconf 79' lang='lat' dir='ltr'><strong>Unde</strong></span> <span class='ocrx_word' id='word_1_547' title='bbox 1641 4582 1692 4626; x_wconf 78' lang='lat' dir='ltr'><strong>et</strong></span> <span class='ocrx_word' id='word_1_548' title='bbox 1741 4588 1878 4626; x_wconf 87' lang='lat' dir='ltr'><strong>unus</strong></span> <span class='ocrx_word' id='word_1_549' title='bbox 1915 4573 1961 4624; x_wconf 79' lang='lat' dir='ltr'><strong>tl.</strong></span> 
     </span>
    </p>
   </div>
   <div class='ocr_carea' id='block_1_78' title="bbox 383 4664 1982 4735">
    <p class='ocr_par' dir='ltr' id='par_1_78' title="bbox 383 4664 1982 4735">
     <span class='ocr_line' id='line_1_78' title="bbox 383 4664 1982 4735; baseline 0.002 -16"><span class='ocrx_word' id='word_1_550' title='bbox 383 4677 593 4735; x_wconf 83' lang='lat' dir='ltr'><strong>sep‘cm</strong></span> <span class='ocrx_word' id='word_1_551' title='bbox 627 4665 961 4732; x_wconf 67' lang='lat' dir='ltr'><strong>sapien&#39;ilius</strong></span> <span class='ocrx_word' id='word_1_552' title='bbox 991 4683 1003 4718; x_wconf 90' lang='lat'>:</span> <span class='ocrx_word' id='word_1_553' title='bbox 1047 4664 1124 4718; x_wconf 70' lang='lat' dir='ltr'><strong>Ne</strong></span> <span class='ocrx_word' id='word_1_554' title='bbox 1158 4665 1299 4732; x_wconf 72' lang='lat' dir='ltr'><strong>mid,</strong></span> <span class='ocrx_word' id='word_1_555' title='bbox 1328 4666 1418 4727; x_wconf 74' lang='lat' dir='ltr'><strong>ait,</strong></span> <span class='ocrx_word' id='word_1_556' title='bbox 1467 4668 1638 4721; x_wconf 76' lang='lat' dir='ltr'><strong>nimis.</strong></span> <span class='ocrx_word' id='word_1_557' title='bbox 1681 4666 1810 4722; x_wconf 73' lang='lat' dir='ltr'><strong>Noti</strong></span> <span class='ocrx_word' id='word_1_558' title='bbox 1839 4668 1982 4723; x_wconf 75' lang='lat' dir='ltr'><strong>cnim</strong></span> 
     </span>
    </p>
   </div>
   <div class='ocr_carea' id='block_1_79' title="bbox 386 4759 1979 4829">
    <p class='ocr_par' dir='ltr' id='par_1_79' title="bbox 386 4759 1979 4829">
     <span class='ocr_line' id='line_1_79' title="bbox 386 4759 1979 4829; baseline 0.003 -19"><span class='ocrx_word' id='word_1_559' title='bbox 386 4774 488 4829; x_wconf 85' lang='lat' dir='ltr'><strong>ego</strong></span> <span class='ocrx_word' id='word_1_560' title='bbox 542 4759 591 4810; x_wconf 90' lang='lat' dir='ltr'><strong>in</strong></span> <span class='ocrx_word' id='word_1_561' title='bbox 642 4769 868 4826; x_wconf 84' lang='lat' dir='ltr'><strong>utroque</strong></span> <span class='ocrx_word' id='word_1_562' title='bbox 918 4773 1054 4812; x_wconf 82' lang='lat' dir='ltr'><strong>sexu</strong></span> <span class='ocrx_word' id='word_1_563' title='bbox 1087 4773 1307 4828; x_wconf 83' lang='lat' dir='ltr'><strong>propter</strong></span> <span class='ocrx_word' id='word_1_564' title='bbox 1339 4759 1556 4812; x_wconf 76' lang='lat' dir='ltr'><strong>nimiam</strong></span> <span class='ocrx_word' id='word_1_565' title='bbox 1599 4761 1979 4816; x_wconf 81' lang='lat' dir='ltr'><strong>abstinentiam</strong></span> 
     </span>
    </p>
   </div>
   <div class='ocr_carea' id='block_1_80' title="bbox 385 4850 1984 4922">
    <p class='ocr_par' dir='ltr' id='par_1_80' title="bbox 385 4850 1984 4922">
     <span class='ocr_line' id='line_1_80' title="bbox 385 4850 1984 4922; baseline -0.003 -14"><span class='ocrx_word' id='word_1_566' title='bbox 385 4851 595 4908; x_wconf 87' lang='lat' dir='ltr'><strong>cerebri</strong></span> <span class='ocrx_word' id='word_1_567' title='bbox 630 4850 916 4904; x_wconf 75' lang='lat' dir='ltr'><strong>sanitatem</strong></span> <span class='ocrx_word' id='word_1_568' title='bbox 949 4850 1268 4921; x_wconf 83' lang='lat' dir='ltr'><strong>quibusdam</strong></span> <span class='ocrx_word' id='word_1_569' title='bbox 1308 4852 1474 4905; x_wconf 49' lang='lat' dir='ltr'><strong>i&#39;iisxe</strong></span> <span class='ocrx_word' id='word_1_570' title='bbox 1512 4863 1754 4922; x_wconf 69' lang='lat' dir='ltr'><strong>l&#39;OXllMll</strong></span> <span class='ocrx_word' id='word_1_571' title='bbox 1779 4895 1793 4914; x_wconf 87' lang='lat'><strong>.</strong></span> <span class='ocrx_word' id='word_1_572' title='bbox 1848 4871 1984 4922; x_wconf 73' lang='lat' dir='ltr'><strong>pra:-</strong></span> 
     </span>
    </p>
   </div>
   <div class='ocr_carea' id='block_1_81' title="bbox 386 4944 1982 5015">
    <p class='ocr_par' dir='ltr' id='par_1_81' title="bbox 386 4944 1982 5015">
     <span class='ocr_line' id='line_1_81' title="bbox 386 4944 1982 5015; baseline 0.001 -22"><span class='ocrx_word' id='word_1_573' title='bbox 386 4945 576 4999; x_wconf 82' lang='lat' dir='ltr'><strong>scrlim</strong></span> <span class='ocrx_word' id='word_1_574' title='bbox 604 4946 694 5015; x_wconf 86' lang='lat' dir='ltr'><strong>qui</strong></span> <span class='ocrx_word' id='word_1_575' title='bbox 725 4944 776 4997; x_wconf 91' lang='lat' dir='ltr'><strong>in</strong></span> <span class='ocrx_word' id='word_1_576' title='bbox 804 4944 1059 5009; x_wconf 85' lang='lat' dir='ltr'><strong>humidis,</strong></span> <span class='ocrx_word' id='word_1_577' title='bbox 1089 4953 1141 4998; x_wconf 86' lang='lat' dir='ltr'><strong>et</strong></span> <span class='ocrx_word' id='word_1_578' title='bbox 1173 4944 1378 5014; x_wconf 56' lang='lat' dir='ltr'><strong>frigidis-</strong></span> <span class='ocrx_word' id='word_1_579' title='bbox 1412 4948 1726 5003; x_wconf 78' lang='lat' dir='ltr'><strong>habitavere</strong></span> <span class='ocrx_word' id='word_1_580' title='bbox 1746 4948 1982 5002; x_wconf 60' lang='lat' dir='ltr'><strong>Cellulis,</strong></span> 
     </span>
    </p>
   </div>
   <div class='ocr_carea' id='block_1_82' title="bbox 391 5037 1982 5109">
    <p class='ocr_par' dir='ltr' id='par_1_82' title="bbox 391 5037 1982 5109">
     <span class='ocr_line' id='line_1_82' title="bbox 391 5037 1982 5109; baseline 0.002 -18"><span class='ocrx_word' id='word_1_581' title='bbox 391 5037 460 5091; x_wconf 87' lang='lat' dir='ltr'><strong>ita</strong></span> <span class='ocrx_word' id='word_1_582' title='bbox 503 5047 559 5090; x_wconf 92' lang='lat' dir='ltr'><strong>ut</strong></span> <span class='ocrx_word' id='word_1_583' title='bbox 587 5038 861 5094; x_wconf 81' lang='lat' dir='ltr'><strong>nescirent</strong></span> <span class='ocrx_word' id='word_1_584' title='bbox 887 5037 1014 5108; x_wconf 83' lang='lat' dir='ltr'><strong>quid</strong></span> <span class='ocrx_word' id='word_1_585' title='bbox 1061 5047 1321 5107; x_wconf 80' lang='lat' dir='ltr'><strong>agerent,</strong></span> <span class='ocrx_word' id='word_1_586' title='bbox 1354 5055 1422 5104; x_wconf 81' lang='lat' dir='ltr'><strong>qu</strong></span> <span class='ocrx_word' id='word_1_587' title='bbox 1449 5055 1528 5095; x_wconf 72' lang='lat' dir='ltr'><strong>ivc</strong></span> <span class='ocrx_word' id='word_1_588' title='bbox 1568 5054 1627 5095; x_wconf 76' lang='lat' dir='ltr'><strong>se</strong></span> <span class='ocrx_word' id='word_1_589' title='bbox 1674 5051 1982 5109; x_wconf 65' lang='lat' dir='ltr'><strong>verterent,</strong></span> 
     </span>
    </p>
   </div>
   <div class='ocr_carea' id='block_1_83' title="bbox 394 5129 1432 5198">
    <p class='ocr_par' dir='ltr' id='par_1_83' title="bbox 394 5129 1432 5198">
     <span class='ocr_line' id='line_1_83' title="bbox 394 5129 1432 5198; baseline 0.005 -19"><span class='ocrx_word' id='word_1_590' title='bbox 394 5129 522 5198; x_wconf 83' lang='lat' dir='ltr'><strong>quid</strong></span> <span class='ocrx_word' id='word_1_591' title='bbox 554 5129 737 5198; x_wconf 89' lang='lat' dir='ltr'><strong>loqui,</strong></span> <span class='ocrx_word' id='word_1_592' title='bbox 770 5129 896 5198; x_wconf 84' lang='lat' dir='ltr'><strong>quid</strong></span> <span class='ocrx_word' id='word_1_593' title='bbox 933 5143 1112 5184; x_wconf 80' lang='lat' dir='ltr'><strong>tacere</strong></span> <span class='ocrx_word' id='word_1_594' title='bbox 1143 5130 1432 5184; x_wconf 84' lang='lat' dir='ltr'><strong>deberent.</strong></span> 
     </span>
    </p>
   </div>
   <div class='ocr_carea' id='block_1_84' title="bbox 473 5218 1993 5294">
    <p class='ocr_par' dir='ltr' id='par_1_84' title="bbox 473 5218 1993 5294">
     <span class='ocr_line' id='line_1_84' title="bbox 473 5218 1993 5294; baseline -0.001 -21"><span class='ocrx_word' id='word_1_595' title='bbox 473 5218 559 5273; x_wconf 74' lang='lat' dir='ltr'><strong>Sir.</strong></span> <span class='ocrx_word' id='word_1_596' title='bbox 619 5235 748 5288; x_wconf 79' lang='lat' dir='ltr'><strong>ergo</strong></span> <span class='ocrx_word' id='word_1_597' title='bbox 793 5220 959 5275; x_wconf 80' lang='lat' dir='ltr'><strong>debes</strong></span> <span class='ocrx_word' id='word_1_598' title='bbox 1022 5219 1310 5290; x_wconf 82' lang='lat' dir='ltr'><strong>jejouare,</strong></span> <span class='ocrx_word' id='word_1_599' title='bbox 1369 5238 1472 5274; x_wconf 91' lang='lat' dir='ltr'><strong>non</strong></span> <span class='ocrx_word' id='word_1_600' title='bbox 1517 5231 1574 5275; x_wconf 85' lang='lat' dir='ltr'><strong>ut</strong></span> <span class='ocrx_word' id='word_1_601' title='bbox 1631 5224 1888 5294; x_wconf 67' lang='lat' dir='ltr'><strong>palpitcs,</strong></span> <span class='ocrx_word' id='word_1_602' title='bbox 1939 5235 1993 5280; x_wconf 76' lang='grc' dir='ltr'>οι</span> 
     </span>
    </p>
   </div>
   <div class='ocr_carea' id='block_1_85' title="bbox 395 5310 1989 5388">
    <p class='ocr_par' dir='ltr' id='par_1_85' title="bbox 395 5310 1989 5388">
     <span class='ocr_line' id='line_1_85' title="bbox 395 5310 1989 5388; baseline 0 -23"><span class='ocrx_word' id='word_1_603' title='bbox 395 5313 671 5379; x_wconf 72' lang='lat' dir='ltr'><strong>res;.irarc</strong></span> <span class='ocrx_word' id='word_1_604' title='bbox 697 5310 782 5367; x_wconf 76' lang='lat' dir='ltr'><strong>vix</strong></span> <span class='ocrx_word' id='word_1_605' title='bbox 812 5313 1026 5382; x_wconf 78' lang='lat' dir='ltr'><strong>possis:</strong></span> <span class='ocrx_word' id='word_1_606' title='bbox 1059 5314 1150 5367; x_wconf 81' lang='lat' dir='ltr'><strong>sed</strong></span> <span class='ocrx_word' id='word_1_607' title='bbox 1176 5326 1225 5366; x_wconf 84' lang='lat' dir='ltr'><strong>ut</strong></span> <span class='ocrx_word' id='word_1_608' title='bbox 1256 5314 1427 5368; x_wconf 78' lang='lat' dir='ltr'><strong>fracto</strong></span> <span class='ocrx_word' id='word_1_609' title='bbox 1454 5316 1697 5381; x_wconf 68' lang='lat' dir='ltr'><strong>Ctti‘jml‘lS</strong></span> <span class='ocrx_word' id='word_1_610' title='bbox 1727 5319 1989 5388; x_wconf 68' lang='lat' dir='ltr'><strong>appetitu,</strong></span> 
     </span>
    </p>
   </div>
   <div class='ocr_carea' id='block_1_86' title="bbox 399 5406 1992 5483">
    <p class='ocr_par' dir='ltr' id='par_1_86' title="bbox 399 5406 1992 5483">
     <span class='ocr_line' id='line_1_86' title="bbox 399 5406 1992 5483; baseline 0.002 -21"><span class='ocrx_word' id='word_1_611' title='bbox 399 5423 500 5462; x_wconf 84' lang='lat' dir='ltr'><strong>nec</strong></span> <span class='ocrx_word' id='word_1_612' title='bbox 531 5408 583 5462; x_wconf 81' lang='lat' dir='ltr'><strong>izt</strong></span> <span class='ocrx_word' id='word_1_613' title='bbox 616 5406 872 5474; x_wconf 84' lang='lat' dir='ltr'><strong>lectione,</strong></span> <span class='ocrx_word' id='word_1_614' title='bbox 909 5423 1004 5461; x_wconf 84' lang='lat' dir='ltr'><strong>nec</strong></span> <span class='ocrx_word' id='word_1_615' title='bbox 1029 5406 1082 5483; x_wconf 68' lang='lat' dir='ltr'><strong>iu</strong></span> <span class='ocrx_word' id='word_1_616' title='bbox 1115 5408 1358 5473; x_wconf 72' lang='lat' dir='ltr'><strong>psalmis,</strong></span> <span class='ocrx_word' id='word_1_617' title='bbox 1387 5424 1485 5462; x_wconf 79' lang='lat' dir='ltr'><strong>tt-‘c</strong></span> <span class='ocrx_word' id='word_1_618' title='bbox 1518 5409 1567 5462; x_wconf 85' lang='lat' dir='ltr'><strong>itt</strong></span> <span class='ocrx_word' id='word_1_619' title='bbox 1601 5409 1796 5472; x_wconf 64' lang='lat' dir='ltr'><strong>vigiliis</strong></span> <span class='ocrx_word' id='word_1_620' title='bbox 1827 5413 1992 5466; x_wconf 66' lang='lat' dir='ltr'><strong>solito</strong></span> 
     </span>
    </p>
   </div>
   <div class='ocr_carea' id='block_1_87' title="bbox 393 5499 1989 5572">
    <p class='ocr_par' dir='ltr' id='par_1_87' title="bbox 393 5499 1989 5572">
     <span class='ocr_line' id='line_1_87' title="bbox 393 5499 1989 5572; baseline 0.004 -19"><span class='ocrx_word' id='word_1_621' title='bbox 393 5503 519 5572; x_wconf 88' lang='lat' dir='ltr'><strong>quid</strong></span> <span class='ocrx_word' id='word_1_622' title='bbox 553 5502 728 5556; x_wconf 88' lang='lat' dir='ltr'><strong>minus</strong></span> <span class='ocrx_word' id='word_1_623' title='bbox 761 5499 948 5556; x_wconf 85' lang='lat' dir='ltr'><strong>facias.</strong></span> <span class='ocrx_word' id='word_1_624' title='bbox 973 5500 1244 5572; x_wconf 83' lang='lat' dir='ltr'><strong>Jejunium</strong></span> <span class='ocrx_word' id='word_1_625' title='bbox 1276 5515 1379 5554; x_wconf 91' lang='lat' dir='ltr'><strong>non</strong></span> <span class='ocrx_word' id='word_1_626' title='bbox 1413 5501 1646 5571; x_wconf 77' lang='lat' dir='ltr'><strong>perfecta</strong></span> <span class='ocrx_word' id='word_1_627' title='bbox 1673 5501 1862 5569; x_wconf 85' lang='lat' dir='ltr'><strong>virtus,</strong></span> <span class='ocrx_word' id='word_1_628' title='bbox 1895 5506 1989 5559; x_wconf 87' lang='lat' dir='ltr'><strong>sed</strong></span> 
     </span>
    </p>
   </div>
   <div class='ocr_carea' id='block_1_88' title="bbox 473 5695 1992 5769">
    <p class='ocr_par' dir='ltr' id='par_1_88' title="bbox 473 5695 1992 5769">
     <span class='ocr_line' id='line_1_88' title="bbox 473 5695 1992 5769; baseline 0 -14"><span class='ocrx_word' id='word_1_629' title='bbox 473 5708 498 5731; x_wconf 80' lang='lat'><em>“</em></span> <span class='ocrx_word' id='word_1_630' title='bbox 531 5700 658 5756; x_wconf 60' lang='lat' dir='ltr'><strong>&quot;me</strong></span> <span class='ocrx_word' id='word_1_631' title='bbox 678 5715 830 5769; x_wconf 73' lang='lat' dir='ltr'><strong>vero,</strong></span> <span class='ocrx_word' id='word_1_632' title='bbox 862 5697 1176 5754; x_wconf 66' lang='lat' dir='ltr'><strong>illalrdiram</strong></span> <span class='ocrx_word' id='word_1_633' title='bbox 1207 5697 1434 5767; x_wconf 79' lang='lat' dir='ltr'><strong>linguam</strong></span> <span class='ocrx_word' id='word_1_634' title='bbox 1457 5695 1705 5752; x_wconf 77' lang='lat' dir='ltr'><strong>indictum</strong></span> <span class='ocrx_word' id='word_1_635' title='bbox 1731 5697 1992 5755; x_wconf 69' lang='lat' dir='ltr'><strong>silentium</strong></span> 
     </span>
    </p>
   </div>
   <div class='ocr_carea' id='block_1_89' title="bbox 441 5770 1830 5843">
    <p class='ocr_par' dir='ltr' id='par_1_89' title="bbox 441 5770 1830 5843">
     <span class='ocr_line' id='line_1_89' title="bbox 441 5770 1830 5843; baseline -0.001 -19"><span class='ocrx_word' id='word_1_636' title='bbox 441 5773 672 5839; x_wconf 47' lang='lat' dir='ltr'><strong>“radat,</strong></span> <span class='ocrx_word' id='word_1_637' title='bbox 705 5771 925 5828; x_wconf 75' lang='lat' dir='ltr'><strong>Rubeus</strong></span> <span class='ocrx_word' id='word_1_638' title='bbox 952 5771 1181 5836; x_wconf 80' lang='lat' dir='ltr'><strong>omittit,</strong></span> <span class='ocrx_word' id='word_1_639' title='bbox 1215 5782 1376 5843; x_wconf 84' lang='lat' dir='ltr'><strong>atque</strong></span> <span class='ocrx_word' id='word_1_640' title='bbox 1400 5770 1503 5826; x_wconf 85' lang='lat' dir='ltr'><strong>alio</strong></span> <span class='ocrx_word' id='word_1_641' title='bbox 1531 5771 1830 5828; x_wconf 77' lang='lat' dir='ltr'><strong>transtulit.</strong></span> 
     </span>
    </p>
   </div>
   <div class='ocr_carea' id='block_1_90' title="bbox 2079 3274 3685 3346">
    <p class='ocr_par' dir='ltr' id='par_1_90' title="bbox 2079 3274 3685 3346">
     <span class='ocr_line' id='line_1_90' title="bbox 2079 3274 3685 3346; baseline 0.001 -20"><span class='ocrx_word' id='word_1_642' title='bbox 2079 3284 2234 3342; x_wconf 78' lang='lat' dir='ltr'><strong>putes</strong></span> <span class='ocrx_word' id='word_1_643' title='bbox 2265 3282 2317 3330; x_wconf 92' lang='lat' dir='ltr'><strong>tc</strong></span> <span class='ocrx_word' id='word_1_644' title='bbox 2355 3274 2728 3344; x_wconf 73' lang='lat' dir='ltr'><strong>jejunautibus</strong></span> <span class='ocrx_word' id='word_1_645' title='bbox 2771 3289 2897 3332; x_wconf 62' lang='lat' dir='ltr'><strong>esse</strong></span> <span class='ocrx_word' id='word_1_646' title='bbox 2930 3277 3234 3332; x_wconf 82' lang='lat' dir='ltr'><strong>meliorem.</strong></span> <span class='ocrx_word' id='word_1_647' title='bbox 3260 3275 3337 3329; x_wconf 82' lang='lat' dir='ltr'><strong>Tn</strong></span> <span class='ocrx_word' id='word_1_648' title='bbox 3371 3275 3596 3346; x_wconf 75' lang='lat' dir='ltr'><strong>jejunus</strong></span> <span class='ocrx_word' id='word_1_649' title='bbox 3627 3285 3685 3328; x_wconf 82' lang='lat' dir='ltr'><strong>et</strong></span> 
     </span>
    </p>
   </div>
   <div class='ocr_carea' id='block_1_91' title="bbox 2079 3366 3687 3441">
    <p class='ocr_par' dir='ltr' id='par_1_91' title="bbox 2079 3366 3687 3441">
     <span class='ocr_line' id='line_1_91' title="bbox 2079 3366 3687 3441; baseline -0.001 -19"><span class='ocrx_word' id='word_1_650' title='bbox 2079 3368 2330 3422; x_wconf 79' lang='lat' dir='ltr'><strong>irasceris</strong></span> <span class='ocrx_word' id='word_1_651' title='bbox 2364 3386 2377 3422; x_wconf 90' lang='lat'><strong>:</strong></span> <span class='ocrx_word' id='word_1_652' title='bbox 2411 3369 2501 3422; x_wconf 87' lang='lat' dir='ltr'><strong>ille</strong></span> <span class='ocrx_word' id='word_1_653' title='bbox 2530 3370 2800 3435; x_wconf 87' lang='lat' dir='ltr'><strong>comedit,</strong></span> <span class='ocrx_word' id='word_1_654' title='bbox 2836 3379 2885 3424; x_wconf 90' lang='lat' dir='ltr'><strong>et</strong></span> <span class='ocrx_word' id='word_1_655' title='bbox 2924 3370 3064 3423; x_wconf 87' lang='lat' dir='ltr'><strong>forte</strong></span> <span class='ocrx_word' id='word_1_656' title='bbox 3089 3369 3197 3441; x_wconf 80' lang='grc' dir='ltr'><strong>[ΑΙ.</strong></span> <span class='ocrx_word' id='word_1_657' title='bbox 3241 3367 3360 3422; x_wconf 76' lang='lat' dir='ltr'><strong>{ron</strong></span> <span class='ocrx_word' id='word_1_658' title='bbox 3387 3366 3440 3440; x_wconf 64' lang='grc' dir='ltr'><strong>ιε]</strong></span> <span class='ocrx_word' id='word_1_659' title='bbox 3472 3368 3687 3423; x_wconf 89' lang='lat' dir='ltr'><strong>blandi-</strong></span> 
     </span>
    </p>
   </div>
   <div class='ocr_carea' id='block_1_92' title="bbox 2082 3460 3688 3530">
    <p class='ocr_par' dir='ltr' id='par_1_92' title="bbox 2082 3460 3688 3530">
     <span class='ocr_line' id='line_1_92' title="bbox 2082 3460 3688 3530; baseline 0.001 -16"><span class='ocrx_word' id='word_1_660' title='bbox 2082 3471 2186 3514; x_wconf 91' lang='lat' dir='ltr'><strong>tur.</strong></span> <span class='ocrx_word' id='word_1_661' title='bbox 2221 3461 2299 3514; x_wconf 88' lang='lat' dir='ltr'><strong>Tu</strong></span> <span class='ocrx_word' id='word_1_662' title='bbox 2334 3463 2677 3515; x_wconf 76' lang='lat' dir='ltr'><strong>vexationem</strong></span> <span class='ocrx_word' id='word_1_663' title='bbox 2712 3462 2912 3516; x_wconf 88' lang='lat' dir='ltr'><strong>mentis</strong></span> <span class='ocrx_word' id='word_1_664' title='bbox 2950 3472 3005 3514; x_wconf 83' lang='lat' dir='ltr'><strong>et</strong></span> <span class='ocrx_word' id='word_1_665' title='bbox 3035 3462 3247 3516; x_wconf 87' lang='lat' dir='ltr'><strong>ventris</strong></span> <span class='ocrx_word' id='word_1_666' title='bbox 3276 3461 3510 3515; x_wconf 69' lang='lat' dir='ltr'><strong>esurit-nt</strong></span> <span class='ocrx_word' id='word_1_667' title='bbox 3539 3460 3688 3530; x_wconf 87' lang='lat' dir='ltr'><strong>jeju-</strong></span> 
     </span>
    </p>
   </div>
   <div class='ocr_carea' id='block_1_93' title="bbox 2080 3551 3686 3626">
    <p class='ocr_par' dir='ltr' id='par_1_93' title="bbox 2080 3551 3686 3626">
     <span class='ocr_line' id='line_1_93' title="bbox 2080 3551 3686 3626; baseline -0.002 -18"><span class='ocrx_word' id='word_1_668' title='bbox 2080 3551 2261 3608; x_wconf 86' lang='lat' dir='ltr'><strong>nando</strong></span> <span class='ocrx_word' id='word_1_669' title='bbox 2293 3553 2400 3626; x_wconf 72' lang='grc' dir='ltr'><strong>ΙΑΙ.</strong></span> <span class='ocrx_word' id='word_1_670' title='bbox 2437 3551 2687 3625; x_wconf 66' lang='lat' dir='ltr'><strong>rixando}</strong></span> <span class='ocrx_word' id='word_1_671' title='bbox 2714 3553 2950 3621; x_wconf 75' lang='lat' dir='ltr'><strong>digeris,</strong></span> <span class='ocrx_word' id='word_1_672' title='bbox 2984 3552 3078 3609; x_wconf 85' lang='lat' dir='ltr'><strong>ille</strong></span> <span class='ocrx_word' id='word_1_673' title='bbox 3121 3552 3458 3608; x_wconf 86' lang='lat' dir='ltr'><strong>moderatius</strong></span> <span class='ocrx_word' id='word_1_674' title='bbox 3489 3553 3686 3616; x_wconf 82' lang='lat' dir='ltr'><strong>alitur,</strong></span> 
     </span>
    </p>
   </div>
   <div class='ocr_carea' id='block_1_94' title="bbox 2080 3646 3688 3716">
    <p class='ocr_par' dir='ltr' id='par_1_94' title="bbox 2080 3646 3688 3716">
     <span class='ocr_line' id='line_1_94' title="bbox 2080 3646 3688 3716; baseline 0.001 -16"><span class='ocrx_word' id='word_1_675' title='bbox 2080 3658 2132 3700; x_wconf 89' lang='lat' dir='ltr'><strong>ct</strong></span> <span class='ocrx_word' id='word_1_676' title='bbox 2156 3646 2356 3716; x_wconf 78' lang='lat' dir='ltr'><strong>gratias</strong></span> <span class='ocrx_word' id='word_1_677' title='bbox 2377 3650 2488 3715; x_wconf 71' lang='lat' dir='ltr'><strong>agit</strong></span> <span class='ocrx_word' id='word_1_678' title='bbox 2511 3648 2638 3701; x_wconf 69' lang='lat' dir='ltr'><strong>nco.</strong></span> <span class='ocrx_word' id='word_1_679' title='bbox 2664 3646 2817 3702; x_wconf 81' lang='lat' dir='ltr'><strong>Unde</strong></span> <span class='ocrx_word' id='word_1_680' title='bbox 2839 3647 3085 3714; x_wconf 88' lang='lat' dir='ltr'><strong>quotidie</strong></span> <span class='ocrx_word' id='word_1_681' title='bbox 3108 3647 3307 3701; x_wconf 86' lang='lat' dir='ltr'><strong>clamat</strong></span> <span class='ocrx_word' id='word_1_682' title='bbox 3324 3647 3491 3701; x_wconf 86' lang='lat' dir='ltr'><strong>Isaias</strong></span> <span class='ocrx_word' id='word_1_683' title='bbox 3512 3665 3524 3700; x_wconf 92' lang='lat'>:</span> <span class='ocrx_word' id='word_1_684' title='bbox 3557 3646 3688 3702; x_wconf 80' lang='lat' dir='ltr'><strong>Non</strong></span> 
     </span>
    </p>
   </div>
   <div class='ocr_carea' id='block_1_95' title="bbox 2083 3737 3688 3812">
    <p class='ocr_par' dir='ltr' id='par_1_95' title="bbox 2083 3737 3688 3812">
     <span class='ocr_line' id='line_1_95' title="bbox 2083 3737 3688 3812; baseline 0.001 -20"><span class='ocrx_word' id='word_1_685' title='bbox 2083 3741 2185 3792; x_wconf 77' lang='lat' dir='ltr'><strong>tale</strong></span> <span class='ocrx_word' id='word_1_686' title='bbox 2212 3741 2476 3812; x_wconf 74' lang='lat' dir='ltr'><strong>jejunium</strong></span> <span class='ocrx_word' id='word_1_687' title='bbox 2521 3737 2652 3809; x_wconf 64' lang='lat' dir='ltr'><strong>(legi</strong></span> <span class='ocrx_word' id='word_1_688' title='bbox 2677 3783 2691 3806; x_wconf 90' lang='lat'><strong>,</strong></span> <span class='ocrx_word' id='word_1_689' title='bbox 2746 3739 2871 3792; x_wconf 67' lang='lat' dir='ltr'><strong>diri:</strong></span> <span class='ocrx_word' id='word_1_690' title='bbox 2901 3738 3176 3793; x_wconf 75' lang='lat' dir='ltr'><strong>Dentium.</strong></span> <span class='ocrx_word' id='word_1_691' title='bbox 3227 3737 3294 3793; x_wconf 86' lang='lat' dir='ltr'><strong>Et</strong></span> <span class='ocrx_word' id='word_1_692' title='bbox 3331 3739 3530 3792; x_wconf 80' lang='lat' dir='ltr'><strong>iterum</strong></span> <span class='ocrx_word' id='word_1_693' title='bbox 3567 3754 3585 3792; x_wconf 88' lang='lat'><strong><em>:</em></strong></span> <span class='ocrx_word' id='word_1_694' title='bbox 3620 3738 3688 3793; x_wconf 86' lang='lat' dir='ltr'><strong>lu</strong></span> 
     </span>
    </p>
   </div>
   <div class='ocr_carea' id='block_1_96' title="bbox 2082 3831 3695 3906">
    <p class='ocr_par' dir='ltr' id='par_1_96' title="bbox 2082 3831 3695 3906">
     <span class='ocr_line' id='line_1_96' title="bbox 2082 3831 3695 3906; baseline 0 -22"><span class='ocrx_word' id='word_1_695' title='bbox 2082 3833 2259 3886; x_wconf 76' lang='lat' dir='ltr'><strong>diel&#39;us</strong></span> <span class='ocrx_word' id='word_1_696' title='bbox 2296 3834 2626 3906; x_wconf 58' lang='lat' dir='ltr'><strong>jijuuiorum</strong></span> <span class='ocrx_word' id='word_1_697' title='bbox 2676 3843 2960 3886; x_wconf 63' lang='lat' dir='ltr'><strong>vestrorum</strong></span> <span class='ocrx_word' id='word_1_698' title='bbox 3008 3832 3354 3886; x_wconf 80' lang='lat' dir='ltr'><strong>inveniuntur-</strong></span> <span class='ocrx_word' id='word_1_699' title='bbox 3393 3831 3695 3886; x_wconf 69' lang='lat' dir='ltr'><strong>t&#39;oluntmrs</strong></span> 
     </span>
    </p>
   </div>
   <div class='ocr_carea' id='block_1_97' title="bbox 2084 3923 3698 3995">
    <p class='ocr_par' dir='ltr' id='par_1_97' title="bbox 2084 3923 3698 3995">
     <span class='ocr_line' id='line_1_97' title="bbox 2084 3923 3698 3995; baseline -0.001 -19"><span class='ocrx_word' id='word_1_700' title='bbox 2084 3935 2307 3976; x_wconf 69' lang='lat' dir='ltr'><strong>vestrm:</strong></span> <span class='ocrx_word' id='word_1_701' title='bbox 2335 3933 2382 3976; x_wconf 80' lang='lat' dir='ltr'><strong>et</strong></span> <span class='ocrx_word' id='word_1_702' title='bbox 2413 3940 2590 3976; x_wconf 76' lang='lat' dir='ltr'><strong>omnes</strong></span> <span class='ocrx_word' id='word_1_703' title='bbox 2621 3924 2708 3991; x_wconf 80' lang='lat' dir='ltr'><strong>qui</strong></span> <span class='ocrx_word' id='word_1_704' title='bbox 2730 3923 2822 3976; x_wconf 72' lang='lat' dir='ltr'><strong>sub</strong></span> <span class='ocrx_word' id='word_1_705' title='bbox 2850 3933 3103 3995; x_wconf 72' lang='lat' dir='ltr'><strong>poli&#39;atttfe</strong></span> <span class='ocrx_word' id='word_1_706' title='bbox 3131 3938 3299 3977; x_wconf 72' lang='lat' dir='ltr'><strong>vestra</strong></span> <span class='ocrx_word' id='word_1_707' title='bbox 3325 3932 3465 3988; x_wconf 75' lang='lat' dir='ltr'><strong>sunt,</strong></span> <span class='ocrx_word' id='word_1_708' title='bbox 3495 3924 3621 3976; x_wconf 73' lang='grc' dir='ltr'><strong>ετὶηι</strong></span> <span class='ocrx_word' id='word_1_709' title='bbox 3665 3953 3698 3968; x_wconf 76' lang='grc'><strong>«-</strong></span> 
     </span>
    </p>
   </div>
   <div class='ocr_carea' id='block_1_98' title="bbox 2084 4013 3696 4087">
    <p class='ocr_par' dir='ltr' id='par_1_98' title="bbox 2084 4013 3696 4087">
     <span class='ocr_line' id='line_1_98' title="bbox 2084 4013 3696 4087; baseline -0.003 -17"><span class='ocrx_word' id='word_1_710' title='bbox 2084 4017 2228 4070; x_wconf 78' lang='lat' dir='ltr'><strong>lotis.</strong></span> <span class='ocrx_word' id='word_1_711' title='bbox 2261 4013 2324 4068; x_wconf 86' lang='lat' dir='ltr'><strong>In</strong></span> <span class='ocrx_word' id='word_1_712' title='bbox 2349 4015 2570 4087; x_wconf 76' lang='lat' dir='ltr'><strong>judiciis</strong></span> <span class='ocrx_word' id='word_1_713' title='bbox 2599 4016 2852 4070; x_wconf 68' lang='lat' dir='ltr'><strong>crinibus</strong></span> <span class='ocrx_word' id='word_1_714' title='bbox 2877 4016 3158 4086; x_wconf 76' lang='lat' dir='ltr'><strong>irjuuatis,</strong></span> <span class='ocrx_word' id='word_1_715' title='bbox 3199 4025 3246 4067; x_wconf 85' lang='lat' dir='ltr'><strong>et</strong></span> <span class='ocrx_word' id='word_1_716' title='bbox 3291 4015 3561 4086; x_wconf 75' lang='lat' dir='ltr'><strong>p&#39;rcutitis</strong></span> <span class='ocrx_word' id='word_1_717' title='bbox 3587 4031 3696 4083; x_wconf 81' lang='lat' dir='ltr'><strong>pn-</strong></span> 
     </span>
    </p>
   </div>
   <div class='ocr_carea' id='block_1_99' title="bbox 2083 4105 3697 4180">
    <p class='ocr_par' dir='ltr' id='par_1_99' title="bbox 2083 4105 3697 4180">
     <span class='ocr_line' id='line_1_99' title="bbox 2083 4105 3697 4180; baseline 0.003 -26"><span class='ocrx_word' id='word_1_718' title='bbox 2083 4107 2198 4178; x_wconf 71' lang='lat' dir='ltr'><strong>gais</strong></span> <span class='ocrx_word' id='word_1_719' title='bbox 2246 4105 2491 4160; x_wconf 78' lang='lat' dir='ltr'><strong>huiuilem</strong></span> <span class='ocrx_word' id='word_1_720' title='bbox 2525 4123 2542 4159; x_wconf 88' lang='lat'><em>:</em></span> <span class='ocrx_word' id='word_1_721' title='bbox 2580 4115 2633 4160; x_wconf 83' lang='lat' dir='ltr'><strong>ut</strong></span> <span class='ocrx_word' id='word_1_722' title='bbox 2673 4108 2798 4175; x_wconf 86' lang='lat' dir='ltr'><strong>quid</strong></span> <span class='ocrx_word' id='word_1_723' title='bbox 2845 4107 2971 4160; x_wconf 81' lang='lat' dir='ltr'><strong>iui/ti</strong></span> <span class='ocrx_word' id='word_1_724' title='bbox 3006 4108 3262 4180; x_wconf 67' lang='lat' dir='ltr'><strong>Jrjuratis</strong></span> <span class='ocrx_word' id='word_1_725' title='bbox 3307 4107 3462 4178; x_wconf 75' lang='lat' dir='ltr'><strong>(lani.</strong></span> <span class='ocrx_word' id='word_1_726' title='bbox 3497 4107 3697 4170; x_wconf 80' lang='lat' dir='ltr'><strong>Lvttt)?</strong></span> 
     </span>
    </p>
   </div>
   <div class='ocr_carea' id='block_1_100' title="bbox 2084 4199 3697 4269">
    <p class='ocr_par' dir='ltr' id='par_1_100' title="bbox 2084 4199 3697 4269">
     <span class='ocr_line' id='line_1_100' title="bbox 2084 4199 3697 4269; baseline -0.001 -16"><span class='ocrx_word' id='word_1_727' title='bbox 2084 4203 2254 4268; x_wconf 80' lang='lat' dir='ltr'><strong>Quale</strong></span> <span class='ocrx_word' id='word_1_728' title='bbox 2284 4203 2410 4255; x_wconf 88' lang='lat' dir='ltr'><strong>illud</strong></span> <span class='ocrx_word' id='word_1_729' title='bbox 2446 4210 2622 4269; x_wconf 83' lang='lat' dir='ltr'><strong>potest</strong></span> <span class='ocrx_word' id='word_1_730' title='bbox 2653 4201 3054 4269; x_wconf 68' lang='lat' dir='ltr'><strong>csseji-junium</strong></span> <span class='ocrx_word' id='word_1_731' title='bbox 3077 4242 3091 4265; x_wconf 91' lang='lat'><strong>,</strong></span> <span class='ocrx_word' id='word_1_732' title='bbox 3122 4203 3280 4269; x_wconf 88' lang='lat' dir='ltr'><strong>cujus</strong></span> <span class='ocrx_word' id='word_1_733' title='bbox 3309 4201 3444 4253; x_wconf 75' lang='lat' dir='ltr'><strong>iram</strong></span> <span class='ocrx_word' id='word_1_734' title='bbox 3471 4216 3578 4253; x_wconf 92' lang='lat' dir='ltr'><strong>non</strong></span> <span class='ocrx_word' id='word_1_735' title='bbox 3606 4199 3697 4252; x_wconf 72' lang='lat' dir='ltr'><strong>di-</strong></span> 
     </span>
    </p>
   </div>
   <div class='ocr_carea' id='block_1_101' title="bbox 2085 4293 3621 4365">
    <p class='ocr_par' dir='ltr' id='par_1_101' title="bbox 2085 4293 3621 4365">
     <span class='ocr_line' id='line_1_101' title="bbox 2085 4293 3621 4365; baseline -0.002 -15"><span class='ocrx_word' id='word_1_736' title='bbox 2085 4311 2202 4351; x_wconf 83' lang='lat' dir='ltr'><strong>cant</strong></span> <span class='ocrx_word' id='word_1_737' title='bbox 2231 4312 2333 4350; x_wconf 74' lang='lat' dir='ltr'><strong>nox</strong></span> <span class='ocrx_word' id='word_1_738' title='bbox 2366 4305 2596 4365; x_wconf 75' lang='lat' dir='ltr'><strong>occupat</strong></span> <span class='ocrx_word' id='word_1_739' title='bbox 2632 4313 2644 4349; x_wconf 91' lang='lat'>:</span> <span class='ocrx_word' id='word_1_740' title='bbox 2678 4294 2771 4349; x_wconf 84' lang='lat' dir='ltr'><strong>sed</strong></span> <span class='ocrx_word' id='word_1_741' title='bbox 2804 4295 2928 4347; x_wconf 86' lang='lat' dir='ltr'><strong>luna</strong></span> <span class='ocrx_word' id='word_1_742' title='bbox 2963 4293 3224 4364; x_wconf 82' lang='lat' dir='ltr'><strong>integram</strong></span> <span class='ocrx_word' id='word_1_743' title='bbox 3253 4293 3621 4364; x_wconf 76' lang='lat' dir='ltr'><strong>derelinquit?</strong></span> 
     </span>
    </p>
   </div>
   <div class='ocr_carea' id='block_1_102' title="bbox 2160 4387 3696 4458">
    <p class='ocr_par' dir='ltr' id='par_1_102' title="bbox 2160 4387 3696 4458">
     <span class='ocr_line' id='line_1_102' title="bbox 2160 4387 3696 4458; baseline -0.001 -16"><span class='ocrx_word' id='word_1_744' title='bbox 2160 4388 2412 4458; x_wconf 73' lang='lat' dir='ltr'><strong>&#39;l&#39;eipsunt</strong></span> <span class='ocrx_word' id='word_1_745' title='bbox 2445 4389 2800 4445; x_wconf 72' lang='lat' dir='ltr'><strong>coiisidcraus</strong></span> <span class='ocrx_word' id='word_1_746' title='bbox 2841 4389 2951 4444; x_wconf 88' lang='lat' dir='ltr'><strong>noli</strong></span> <span class='ocrx_word' id='word_1_747' title='bbox 3002 4391 3052 4443; x_wconf 87' lang='lat' dir='ltr'><strong>in</strong></span> <span class='ocrx_word' id='word_1_748' title='bbox 3083 4387 3310 4442; x_wconf 66' lang='lat' dir='ltr'><strong>alterius</strong></span> <span class='ocrx_word' id='word_1_749' title='bbox 3355 4390 3543 4455; x_wconf 85' lang='lat' dir='ltr'><strong>ruina,</strong></span> <span class='ocrx_word' id='word_1_750' title='bbox 3595 4387 3696 4442; x_wconf 78' lang='lat' dir='ltr'><strong>sed</strong></span> 
     </span>
    </p>
   </div>
   <div class='ocr_carea' id='block_1_103' title="bbox 2090 4478 3700 4553">
    <p class='ocr_par' dir='ltr' id='par_1_103' title="bbox 2090 4478 3700 4553">
     <span class='ocr_line' id='line_1_103' title="bbox 2090 4478 3700 4553; baseline -0.002 -21"><span class='ocrx_word' id='word_1_751' title='bbox 2090 4481 2142 4534; x_wconf 89' lang='lat' dir='ltr'><strong>in</strong></span> <span class='ocrx_word' id='word_1_752' title='bbox 2173 4492 2264 4538; x_wconf 90' lang='lat' dir='ltr'><strong>tuo</strong></span> <span class='ocrx_word' id='word_1_753' title='bbox 2292 4500 2454 4548; x_wconf 76' lang='lat' dir='ltr'><strong>opere</strong></span> <span class='ocrx_word' id='word_1_754' title='bbox 2482 4483 2699 4553; x_wconf 71' lang='lat' dir='ltr'><strong>gloriari</strong></span> <span class='ocrx_word' id='word_1_755' title='bbox 2729 4500 2741 4535; x_wconf 89' lang='lat'><strong>:</strong></span> <span class='ocrx_word' id='word_1_756' title='bbox 2778 4497 2876 4538; x_wconf 85' lang='lat' dir='ltr'><strong>nec</strong></span> <span class='ocrx_word' id='word_1_757' title='bbox 2911 4482 3123 4535; x_wconf 83' lang='lat' dir='ltr'><strong>illorum</strong></span> <span class='ocrx_word' id='word_1_758' title='bbox 3157 4479 3254 4533; x_wconf 86' lang='lat' dir='ltr'><strong>tibi</strong></span> <span class='ocrx_word' id='word_1_759' title='bbox 3284 4478 3537 4546; x_wconf 77' lang='lat' dir='ltr'><strong>exempla</strong></span> <span class='ocrx_word' id='word_1_760' title='bbox 3567 4495 3700 4547; x_wconf 86' lang='lat' dir='ltr'><strong>pro-</strong></span> 
     </span>
    </p>
   </div>
   <div class='ocr_carea' id='block_1_104' title="bbox 2097 4571 3695 4644">
    <p class='ocr_par' dir='ltr' id='par_1_104' title="bbox 2097 4571 3695 4644">
     <span class='ocr_line' id='line_1_104' title="bbox 2097 4571 3695 4644; baseline 0.001 -20"><span class='ocrx_word' id='word_1_761' title='bbox 2097 4591 2292 4641; x_wconf 62' lang='lat' dir='ltr'><strong>ponas,</strong></span> <span class='ocrx_word' id='word_1_762' title='bbox 2345 4574 2434 4644; x_wconf 87' lang='lat' dir='ltr'><strong>qui</strong></span> <span class='ocrx_word' id='word_1_763' title='bbox 2483 4576 2665 4627; x_wconf 69' lang='lat' dir='ltr'><strong>carnis</strong></span> <span class='ocrx_word' id='word_1_764' title='bbox 2708 4589 2892 4626; x_wconf 84' lang='lat' dir='ltr'><strong>curaui</strong></span> <span class='ocrx_word' id='word_1_765' title='bbox 2937 4572 3229 4640; x_wconf 77' lang='lat' dir='ltr'><strong>facit-mes,</strong></span> <span class='ocrx_word' id='word_1_766' title='bbox 3276 4571 3695 4642; x_wconf 71' lang='lat' dir='ltr'><strong>possessionum</strong></span> 
     </span>
    </p>
   </div>
   <div class='ocr_carea' id='block_1_105' title="bbox 2095 4665 3697 4736">
    <p class='ocr_par' dir='ltr' id='par_1_105' title="bbox 2095 4665 3697 4736">
     <span class='ocr_line' id='line_1_105' title="bbox 2095 4665 3697 4736; baseline -0.002 -17"><span class='ocrx_word' id='word_1_767' title='bbox 2095 4666 2332 4719; x_wconf 80' lang='lat' dir='ltr'><strong>redditus</strong></span> <span class='ocrx_word' id='word_1_768' title='bbox 2359 4677 2410 4720; x_wconf 87' lang='lat' dir='ltr'><strong>et</strong></span> <span class='ocrx_word' id='word_1_769' title='bbox 2442 4666 2781 4736; x_wconf 63' lang='lat' dir='ltr'><strong>qunti-lanas</strong></span> <span class='ocrx_word' id='word_1_770' title='bbox 2811 4665 3009 4718; x_wconf 85' lang='lat' dir='ltr'><strong>domus</strong></span> <span class='ocrx_word' id='word_1_771' title='bbox 3057 4665 3336 4731; x_wconf 72' lang='lat' dir='ltr'><strong>impensas</strong></span> <span class='ocrx_word' id='word_1_772' title='bbox 3369 4671 3697 4732; x_wconf 73' lang='lat' dir='ltr'><strong>supputant.</strong></span> 
     </span>
    </p>
   </div>
   <div class='ocr_carea' id='block_1_106' title="bbox 2095 4752 3702 4823">
    <p class='ocr_par' dir='ltr' id='par_1_106' title="bbox 2095 4752 3702 4823">
     <span class='ocr_line' id='line_1_106' title="bbox 2095 4752 3702 4823; baseline -0.002 -11"><span class='ocrx_word' id='word_1_773' title='bbox 2095 4757 2203 4812; x_wconf 78' lang='lat' dir='ltr'><strong>Nec</strong></span> <span class='ocrx_word' id='word_1_774' title='bbox 2230 4758 2371 4811; x_wconf 89' lang='lat' dir='ltr'><strong>enim</strong></span> <span class='ocrx_word' id='word_1_775' title='bbox 2418 4757 2667 4811; x_wconf 84' lang='lat' dir='ltr'><strong>undecim</strong></span> <span class='ocrx_word' id='word_1_776' title='bbox 2713 4756 2914 4810; x_wconf 60' lang='lat' dir='ltr'><strong>Christi</strong></span> <span class='ocrx_word' id='word_1_777' title='bbox 2944 4754 3175 4823; x_wconf 85' lang='lat' dir='ltr'><strong>apostoli</strong></span> <span class='ocrx_word' id='word_1_778' title='bbox 3205 4753 3360 4809; x_wconf 69' lang='lat' dir='ltr'><strong>.ludte</strong></span> <span class='ocrx_word' id='word_1_779' title='bbox 3384 4752 3702 4823; x_wconf 86' lang='lat' dir='ltr'><strong>proditione</strong></span> 
     </span>
    </p>
   </div>
   <div class='ocr_carea' id='block_1_107' title="bbox 2093 4843 3701 4914">
    <p class='ocr_par' dir='ltr' id='par_1_107' title="bbox 2093 4843 3701 4914">
     <span class='ocr_line' id='line_1_107' title="bbox 2093 4843 3701 4914; baseline -0.003 -12"><span class='ocrx_word' id='word_1_780' title='bbox 2093 4862 2217 4904; x_wconf 85' lang='lat' dir='ltr'><strong>sunt</strong></span> <span class='ocrx_word' id='word_1_781' title='bbox 2248 4849 2447 4903; x_wconf 58' lang='lat' dir='ltr'><strong>fracti:</strong></span> <span class='ocrx_word' id='word_1_782' title='bbox 2490 4866 2587 4903; x_wconf 89' lang='lat' dir='ltr'><strong>nec</strong></span> <span class='ocrx_word' id='word_1_783' title='bbox 2640 4847 2850 4903; x_wconf 81' lang='lat' dir='ltr'><strong>Phileto</strong></span> <span class='ocrx_word' id='word_1_784' title='bbox 2893 4855 2950 4904; x_wconf 79' lang='lat' dir='ltr'><strong>et</strong></span> <span class='ocrx_word' id='word_1_785' title='bbox 2996 4845 3307 4902; x_wconf 76' lang='lat' dir='ltr'><strong>Alexandro</strong></span> <span class='ocrx_word' id='word_1_786' title='bbox 3354 4843 3701 4914; x_wconf 77' lang='lat' dir='ltr'><strong>naufragium</strong></span> 
     </span>
    </p>
   </div>
   <div class='ocr_carea' id='block_1_108' title="bbox 2093 4936 3702 5010">
    <p class='ocr_par' dir='ltr' id='par_1_108' title="bbox 2093 4936 3702 5010">
     <span class='ocr_line' id='line_1_108' title="bbox 2093 4936 3702 5010; baseline -0.007 -10"><span class='ocrx_word' id='word_1_787' title='bbox 2093 4945 2354 5010; x_wconf 78' lang='lat' dir='ltr'><strong>faciente,</strong></span> <span class='ocrx_word' id='word_1_788' title='bbox 2397 4945 2578 4998; x_wconf 71' lang='lat' dir='ltr'><strong>cmteri</strong></span> <span class='ocrx_word' id='word_1_789' title='bbox 2623 4961 2652 4997; x_wconf 89' lang='lat' dir='ltr'><strong>a</strong></span> <span class='ocrx_word' id='word_1_790' title='bbox 2695 4958 2854 4996; x_wconf 69' lang='lat' dir='ltr'><strong>(&#39;Ut‘S-Zl</strong></span> <span class='ocrx_word' id='word_1_791' title='bbox 2902 4941 3023 4996; x_wconf 84' lang='lat' dir='ltr'><strong>fidei</strong></span> <span class='ocrx_word' id='word_1_792' title='bbox 3070 4939 3432 4996; x_wconf 73' lang='lat' dir='ltr'><strong>soliSIiterttnt</strong></span> <span class='ocrx_word' id='word_1_793' title='bbox 3492 4937 3563 5009; x_wconf 85' lang='grc' dir='ltr'><strong>(ιι</strong></span> <span class='ocrx_word' id='word_1_794' title='bbox 3605 4936 3702 4988; x_wconf 71' lang='grc' dir='ltr'><strong>τῖ-</strong></span> 
     </span>
    </p>
   </div>
   <div class='ocr_carea' id='block_1_109' title="bbox 2097 5029 3706 5107">
    <p class='ocr_par' dir='ltr' id='par_1_109' title="bbox 2097 5029 3706 5107">
     <span class='ocr_line' id='line_1_109' title="bbox 2097 5029 3706 5107; baseline -0.006 -15"><span class='ocrx_word' id='word_1_795' title='bbox 2097 5041 2257 5092; x_wconf 82' lang='lat' dir='ltr'><strong>moth.</strong></span> <span class='ocrx_word' id='word_1_796' title='bbox 2295 5037 2376 5107; x_wconf 91' lang='grc' dir='ltr'>ιι).</span> <span class='ocrx_word' id='word_1_797' title='bbox 2409 5035 2665 5091; x_wconf 61' lang='lat' dir='ltr'><strong>Convivia</strong></span> <span class='ocrx_word' id='word_1_798' title='bbox 2699 5051 2913 5104; x_wconf 83' lang='lat' dir='ltr'><strong>quoque</strong></span> <span class='ocrx_word' id='word_1_799' title='bbox 2965 5034 3060 5089; x_wconf 89' lang='lat' dir='ltr'><strong>tibi</strong></span> <span class='ocrx_word' id='word_1_800' title='bbox 3093 5043 3219 5088; x_wconf 90' lang='lat' dir='ltr'><strong>sunt</strong></span> <span class='ocrx_word' id='word_1_801' title='bbox 3262 5029 3476 5085; x_wconf 86' lang='lat' dir='ltr'><strong>vitanda</strong></span> <span class='ocrx_word' id='word_1_802' title='bbox 3525 5043 3706 5084; x_wconf 61' lang='lat' dir='ltr'><strong>secu-</strong></span> 
     </span>
    </p>
   </div>
   <div class='ocr_carea' id='block_1_110' title="bbox 2099 5121 3703 5197">
    <p class='ocr_par' dir='ltr' id='par_1_110' title="bbox 2099 5121 3703 5197">
     <span class='ocr_line' id='line_1_110' title="bbox 2099 5121 3703 5197; baseline -0.002 -15"><span class='ocrx_word' id='word_1_803' title='bbox 2099 5132 2287 5183; x_wconf 86' lang='lat' dir='ltr'><strong>larium</strong></span> <span class='ocrx_word' id='word_1_804' title='bbox 2325 5146 2337 5180; x_wconf 89' lang='lat'><strong>:</strong></span> <span class='ocrx_word' id='word_1_805' title='bbox 2375 5130 2607 5182; x_wconf 79' lang='lat' dir='ltr'><strong>maxime</strong></span> <span class='ocrx_word' id='word_1_806' title='bbox 2635 5144 2822 5182; x_wconf 73' lang='lat' dir='ltr'><strong>eorum</strong></span> <span class='ocrx_word' id='word_1_807' title='bbox 2856 5126 2945 5197; x_wconf 82' lang='lat' dir='ltr'><strong>qui</strong></span> <span class='ocrx_word' id='word_1_808' title='bbox 2978 5124 3276 5181; x_wconf 79' lang='lat' dir='ltr'><strong>liciioribus</strong></span> <span class='ocrx_word' id='word_1_809' title='bbox 3307 5131 3537 5178; x_wconf 88' lang='lat' dir='ltr'><strong>tument.</strong></span> <span class='ocrx_word' id='word_1_810' title='bbox 3563 5121 3703 5178; x_wconf 82' lang='lat' dir='ltr'><strong>Nam</strong></span> 
     </span>
    </p>
   </div>
   <div class='ocr_carea' id='block_1_111' title="bbox 2101 5221 3375 5294">
    <p class='ocr_par' dir='ltr' id='par_1_111' title="bbox 2101 5221 3375 5294">
     <span class='ocr_line' id='line_1_111' title="bbox 2101 5221 3375 5294; baseline -0.002 -18"><span class='ocrx_word' id='word_1_811' title='bbox 2101 5227 2310 5294; x_wconf 76' lang='lat' dir='ltr'><strong>pinguis</strong></span> <span class='ocrx_word' id='word_1_812' title='bbox 2345 5231 2533 5276; x_wconf 77' lang='lat' dir='ltr'><strong>venter</strong></span> <span class='ocrx_word' id='word_1_813' title='bbox 2557 5238 2660 5274; x_wconf 87' lang='lat' dir='ltr'><strong>non</strong></span> <span class='ocrx_word' id='word_1_814' title='bbox 2684 5221 2853 5291; x_wconf 78' lang='lat' dir='ltr'><strong>gignit</strong></span> <span class='ocrx_word' id='word_1_815' title='bbox 2885 5232 3104 5274; x_wconf 83' lang='lat' dir='ltr'><strong>sensum</strong></span> <span class='ocrx_word' id='word_1_816' title='bbox 3136 5226 3375 5273; x_wconf 74' lang='lat' dir='ltr'><strong>tenuem.</strong></span> 
     </span>
    </p>
   </div>
   <div class='ocr_carea' id='block_1_112' title="bbox 2176 5298 3707 5384">
    <p class='ocr_par' dir='ltr' id='par_1_112' title="bbox 2176 5298 3707 5384">
     <span class='ocr_line' id='line_1_112' title="bbox 2176 5298 3707 5384; baseline -0.006 -11"><span class='ocrx_word' id='word_1_817' title='bbox 2176 5319 2341 5373; x_wconf 54' lang='lat' dir='ltr'><strong>Dvcet</strong></span> <span class='ocrx_word' id='word_1_818' title='bbox 2369 5298 2555 5384; x_wconf 66' lang='lat' dir='ltr'><strong>Ais-api</strong></span> <span class='ocrx_word' id='word_1_819' title='bbox 2591 5313 2768 5369; x_wconf 65' lang='lat' dir='ltr'><strong>fabula</strong></span> <span class='ocrx_word' id='word_1_820' title='bbox 2791 5355 2806 5379; x_wconf 93' lang='lat'><strong>,</strong></span> <span class='ocrx_word' id='word_1_821' title='bbox 2855 5312 3075 5381; x_wconf 85' lang='lat' dir='ltr'><strong>plenum</strong></span> <span class='ocrx_word' id='word_1_822' title='bbox 3107 5311 3280 5365; x_wconf 89' lang='lat' dir='ltr'><strong>mttris</strong></span> <span class='ocrx_word' id='word_1_823' title='bbox 3326 5317 3575 5365; x_wconf 82' lang='lat' dir='ltr'><strong>ventrem</strong></span> <span class='ocrx_word' id='word_1_824' title='bbox 3605 5324 3707 5380; x_wconf 85' lang='lat' dir='ltr'><strong>per</strong></span> 
     </span>
    </p>
   </div>
   <div class='ocr_carea' id='block_1_113' title="bbox 2102 5402 3706 5478">
    <p class='ocr_par' dir='ltr' id='par_1_113' title="bbox 2102 5402 3706 5478">
     <span class='ocr_line' id='line_1_113' title="bbox 2102 5402 3706 5478; baseline -0.004 -15"><span class='ocrx_word' id='word_1_825' title='bbox 2102 5418 2386 5478; x_wconf 67' lang='lat' dir='ltr'><strong>angustum</strong></span> <span class='ocrx_word' id='word_1_826' title='bbox 2425 5411 2665 5462; x_wconf 75' lang='lat' dir='ltr'><strong>foramen</strong></span> <span class='ocrx_word' id='word_1_827' title='bbox 2697 5406 2881 5477; x_wconf 82' lang='lat' dir='ltr'><strong>egredi</strong></span> <span class='ocrx_word' id='word_1_828' title='bbox 2927 5422 3034 5458; x_wconf 88' lang='lat' dir='ltr'><strong>non</strong></span> <span class='ocrx_word' id='word_1_829' title='bbox 3083 5405 3285 5458; x_wconf 80' lang='lat' dir='ltr'><strong>valere.</strong></span> <span class='ocrx_word' id='word_1_830' title='bbox 3319 5402 3706 5473; x_wconf 56' lang='lat' dir='ltr'><strong>Quoscurnq-‘e</strong></span> 
     </span>
    </p>
   </div>
   <div class='ocr_carea' id='block_1_114' title="bbox 2104 5496 3702 5574">
    <p class='ocr_par' dir='ltr' id='par_1_114' title="bbox 2104 5496 3702 5574">
     <span class='ocr_line' id='line_1_114' title="bbox 2104 5496 3702 5574; baseline -0.006 -17"><span class='ocrx_word' id='word_1_831' title='bbox 2104 5517 2337 5574; x_wconf 81' lang='lat' dir='ltr'><strong>namque</strong></span> <span class='ocrx_word' id='word_1_832' title='bbox 2369 5500 2671 5566; x_wconf 66' lang='lat' dir='ltr'><strong>fi&#39;.rmo.~os,</strong></span> <span class='ocrx_word' id='word_1_833' title='bbox 2701 5497 3125 5566; x_wconf 61' lang='lat' dir='ltr'><strong>ealamistratos,</strong></span> <span class='ocrx_word' id='word_1_834' title='bbox 3159 5497 3312 5550; x_wconf 88' lang='lat' dir='ltr'><strong>crine</strong></span> <span class='ocrx_word' id='word_1_835' title='bbox 3343 5496 3702 5564; x_wconf 89' lang='lat' dir='ltr'><strong>compositos,</strong></span> 
     </span>
    </p>
   </div>
   <div class='ocr_carea' id='block_1_115' title="bbox 2174 5693 3340 5769">
    <p class='ocr_par' dir='ltr' id='par_1_115' title="bbox 2174 5693 3340 5769">
     <span class='ocr_line' id='line_1_115' title="bbox 2174 5693 3340 5769; baseline -0.006 -12"><span class='ocrx_word' id='word_1_836' title='bbox 2174 5697 2201 5740; x_wconf 71' lang='grc' dir='ltr'>δ</span> <span class='ocrx_word' id='word_1_837' title='bbox 2233 5699 2450 5757; x_wconf 78' lang='lat' dir='ltr'><strong>Addunt</strong></span> <span class='ocrx_word' id='word_1_838' title='bbox 2479 5699 2566 5756; x_wconf 83' lang='lat' dir='ltr'><strong>alii</strong></span> <span class='ocrx_word' id='word_1_839' title='bbox 2602 5698 2756 5768; x_wconf 75' lang='lat' dir='ltr'><strong>libri,</strong></span> <span class='ocrx_word' id='word_1_840' title='bbox 2785 5705 2838 5752; x_wconf 82' lang='lat' dir='ltr'><strong>ut</strong></span> <span class='ocrx_word' id='word_1_841' title='bbox 2861 5711 3060 5769; x_wconf 69' lang='lat' dir='ltr'><strong>semper</strong></span> <span class='ocrx_word' id='word_1_842' title='bbox 3085 5693 3300 5750; x_wconf 71' lang='lat' dir='ltr'><strong>esurias.</strong></span> <span class='ocrx_word' id='word_1_843' title='bbox 3326 5694 3340 5766; x_wconf 68' lang='grc' dir='ltr'>ξ</span> 
     </span>
    </p>
   </div>
  </div>
