3918 6294
508 367 618 429 355

1547 365 1607 425 S.
1649 358 2027 423 lllERONYMI
2065 360 2351 423 OPERUM
2390 360 2762 422 MANTISSA.
3661 369 3744 427 556

582 483 802 540 Illorum
834 480 997 554 igitur
1039 478 1391 548 tractatibus,
1440 478 1655 536 illorum
1695 479 1988 535 delecteris
2020 481 2100 532 iu-
2134 480 2184 541 Α
2213 478 2413 549 pientis
2440 495 2455 535 :
2490 478 2743 547 injuriam
2773 474 2996 545 fecisse,
3027 474 3470 535 virtutiszalicna
3499 481 3751 551 possidere,

512 578 688 648 geniis
735 586 787 632 et
836 577 1015 638 libris,
1048 590 1280 646 quorum
1328 575 1504 647 pietas
1555 574 1680 629 ﬁdei
1731 589 1837 628 non
1868 572 2105 627 vacillat.

512 669 756 725 Caeteros
802 670 881 724 sie
930 669 1070 740 lege.
1101 677 1162 722 ut
1205 668 1375 739 magis
1405 667 1618 739 judices
1645 681 1804 737 quem
1839 664 2103 735 sequaris.

514 762 719 816 (‘aveas
766 760 946 823 omnia
997 759 1309 834 apocrypha
1336 778 1348 815 :
1375 760 1498 816 etsi
1532 758 1752 830 quandn
1784 773 1844 812 ca
1890 773 1996 811 non
2040 755 2106 810 ad

514 854 827 924 dogmatum
860 853 1145 909 veritatem
1189 853 1369 924 legere
1408 850 1669 919 volueris,
1700 852 1842 907 scias
1869 866 1976 905 non
2009 864 2107 904 eo-

518 963 635 1001 rum
666 962 790 1002 esse
822 962 1053 1018 quorum
1087 946 1258 1001 titulis
1304 954 1678 1015 praenotantur
1705 962 1715 998 :
1748 943 2026 1014 multaque
2054 941 2107 996 in

514 1036 596 1095 his
626 1037 867 1093 admixta
899 1039 1115 1093 vitiosa.
1152 1037 1217 1091 Et
1244 1037 1465 1108 grandis
1489 1037 1790 1108 prudentia:
1810 1049 1891 1089 ρει
1917 1048 2108 1087 aut-um

510 1129 563 1184 itt
596 1130 708 1183 luto
738 1128 1164 1200 quaerere.Qnid
1194 1130 1336 1185 enim
1367 1128 1496 1197 facit
1523 1144 1644 1184 cum
1667 1126 2115 1184 l’srolteriollura-

519 1222 663 1277 tius?
690 1235 814 1277 cum
844 1221 1155 1291 Evangeliis
1184 1220 1366 1276 Maro?
1396 1236 1517 1276 cum
1565 1220 1832 1289 Apostolo
1875 1217 2113 1275 Cicero?

516 1313 648 1382 Quae
690 1312 924 1369 societas
956 1313 1094 1369 lucis
1132 1312 1197 1369 ad
1229 1313 1519 1370 tenebras?
1550 1312 1626 1368 Ne
1658 1327 1789 1383 ergo
1820 1312 1967 1383 legas
1997 1311 2114 1383 phi-

514 1404 777 1475 losopltos
798 1445 815 1473 ,
864 1413 1114 1461 oratores
1135 1445 1151 1472 ,
1200 1416 1424 1475 poetas,
1475 1420 1543 1461 ne
1576 1406 1626 1461 in
1654 1421 1842 1461 eorum
1876 1404 2115 1460 lectione

518 1499 830 1571 requiescas
867 1518 880 1553 :
916 1515 1014 1555 nec
1046 1501 1206 1556 nobis
1236 1500 1599 1566 blandiamur,
1633 1501 1677 1555 si
1712 1500 1796 1556 his
1826 1516 1948 1570 quae
1979 1501 2117 1555 scri-

516 1602 605 1663 pta
652 1601 780 1647 sunt
832 1607 938 1648 non
984 1593 1282 1658 credimus,
1328 1608 1452 1648 cum
1494 1594 1728 1647 aliorum
1780 1593 2115 1649 conscientia

521 1686 837 1741 vulneretur
874 1701 888 1739 :
929 1695 986 1740 et
1012 1697 1265 1757 putemur
1295 1688 1530 1756 probare
1552 1701 1673 1757 quae
1704 1685 1829 1741 dum
1860 1686 2111 1757 legimus,

518 1794 625 1836 non
677 1780 1059 1850 reprobamus.
1107 1779 1264 1836 Absit
1312 1796 1445 1850 ergo
1483 1791 1537 1835 ut
1568 1781 1636 1836 de
1682 1797 1777 1836 ore
1814 1779 2116 1837 christiano

2216 572 2474 644 potentiae
2517 590 2532 625 :
2582 572 2932 627 innocentem
2965 573 3395 637 circumvenire,
3427 576 3753 635 astutiaezltu-

2213 664 2397 719 utilem
2431 665 2769 736 despexisse,
2809 665 3127 721 nobilitatis.
3178 665 3270 722 Sic
3322 666 3590 724 erroribus
3630 670 3757 739 plena

2213 767 2341 813 t-unt
2386 759 2569 813 omnia
2613 775 2629 813 :
2672 769 2729 814 et
2775 759 2840 812 ad
2874 758 2978 814 hoc
3024 775 3193 831 usque
3227 762 3430 815 veritas
3462 760 3756 831 obscuratur,

2215 859 2273 905 ut
2300 850 2349 904 in
2383 852 2580 905 mortis
2608 852 2820 921 gremio
2845 850 3083 921 jacuisse
3113 852 3389 906 beatitudo
3419 851 3632 909 dicatur.

2288 942 2457 999 Nobis
2496 958 2634 998 vero
2680 944 2754 999 nil
2796 945 2998 1012 placet,
3043 945 3146 999 nisi
3191 944 3337 1016 quod
3368 944 3758 1004 Ecclesiasticnm

2216 1047 2321 1101 εει,
2354 1047 2409 1091 ct
2452 1036 2597 1108 quod
2651 1036 2867 1105 publice
2914 1037 2967 1092 in
3000 1037 3246 1094 Ecclesia
3296 1037 3403 1109 [AL
3435 1038 3558 1094 add.
3593 1039 3763 1115 dicere]

2216 1143 2326 1184 non
2382 1128 2655 1187 timemus.
2709 1126 2769 1183 In
2822 1126 2905 1182 his
2957 1133 3135 1182 tamen
3198 1129 3267 1182 ita
3320 1129 3499 1184 facere
3543 1131 3761 1187 solemus.

2216 1219 2447 1289 Quando
2482 1220 2626 1275 enim
2677 1219 3034 1289 philosoiihos
3067 1220 3318 1291 legimus,
3351 1221 3564 1290 quando
3590 1224 3638 1278 in
3674 1240 3768 1281 tua-

2217 1326 2319 1373 nus
2366 1320 2581 1366 nostras
2630 1311 2755 1369 libri
2806 1312 3033 1366 veniunt
3080 1313 3362 1382 sapientiae
3413 1315 3685 1385 saecularis,
3731 1318 3767 1370 si

2218 1403 2343 1477 quid
2390 1403 2445 1459 in
2494 1404 2575 1459 eis
2625 1405 2761 1459 utile
2810 1404 3153 1473 reperimus,
3207 1403 3273 1461 ad
3320 1416 3561 1461 nosmtm
3608 1407 3770 1479 dogma

2217 1498 2609 1555 convertimus.
2657 1497 2716 1554 Si
2748 1497 2876 1569 quid
2912 1513 3041 1553 vero
3086 1498 3461 1569 superﬂuum,
3507 1497 3574 1561 de
3618 1501 3768 1573 idolis,

2219 1591 2288 1648 de
2316 1607 2527 1658 amore,
2556 1592 2624 1647 de
2652 1609 2779 1648 cura
2804 1593 3146 1648 saecularium
3177 1608 3384 1659 rerum,
3406 1594 3523 1649 haec
3548 1594 3773 1662 radimus,

2220 1687 2304 1743 his
2334 1686 2617 1749 calvitium
2652 1686 2981 1755 inducimus,
3030 1685 3147 1743 haec
3195 1688 3247 1742 in
3300 1687 3555 1758 unguium
3598 1704 3771 1746 morem

2219 1780 2370 1837 ferro
2399 1780 2718 1837 acutissimo
2749 1780 3086 1839 descCamus.

517 1870 902 1943 sonetJupiter
924 1874 1364 1943 omnipotens,ct
1393 1872 2114 1945 Mehercnle,etMecastor,
2148 1877 2194 1938 Β
2294 1871 2549 1927 Referam
2600 1872 2693 1927 tibi
2745 1887 2884 1926 meae
2934 1870 3269 1927 infelicitatis
3318 1871 3617 1931 historiam.
3667 1874 3776 1930 Cum

519 1973 575 2020 et
604 1974 804 2020 caetera
833 1966 1003 2035 magis
1027 1976 1273 2035 portenta
1304 1980 1464 2036 quam
1498 1964 1745 2021 numina.

592 2061 662 2112 At
692 2070 837 2111 nunc
860 2057 1024 2113 etiam
1055 2058 1374 2113 sacerdotes
1401 2056 1519 2123 Dei,
1551 2059 1767 2114 omissis
1807 2057 2117 2130 Evangeliis

517 2157 573 2206 et
606 2148 918 2220 Prophetis,
948 2148 1197 2205 videmus
1243 2149 1547 2205 contwdias
1577 2150 1760 2221 legere
1796 2166 1809 2204 :
1852 2151 2113 2206 amatoria

521 2241 903 2298 Bucolicorum
938 2258 1189 2298 versuum
1241 2242 1406 2299 verba
1456 2253 1679 2299 cantare
1721 2242 1823 2316 [AL
1862 2243 2114 2315 tentare]:

526 2347 712 2390 tenere
743 2335 1029 2406 Virgilium
1058 2354 1069 2388 :
1103 2345 1159 2391 et
1186 2336 1236 2390 id
1266 2336 1409 2405 quod
1458 2335 1512 2390 in
1558 2336 1740 2407 pueris
1774 2338 2117 2392 necessitatis

517 2437 621 2491 est,
653 2425 862 2481 crimen
907 2425 960 2479 in
1003 2440 1062 2481 se
1095 2423 1273 2480 facere
1306 2426 1625 2480 voluntatis.
1673 2425 1909 2481 Scientfa
1937 2435 2114 2481 autem

519 2521 735 2590 pietatis
757 2528 860 2583 est,
890 2529 1098 2589 nosse,u
1132 2520 1311 2589 legere
1338 2520 1668 2591 Scrip'u:as,
1704 2518 2003 2592 Prophetas
2035 2522 2119 2575 itt-

521 2615 789 2683 telligere,
810 2612 1105 2682 Evangelio
1127 2616 1375 2678 credere,
1404 2619 1437 2666 Λ
1451 2614 1688 2683 postoios
1713 2629 1817 2667 non
1844 2615 2111 2682 ignorare.

524 2703 635 2759 Nec
683 2715 931 2775 putemus
982 2706 1035 2760 in
1068 2706 1252 2760 verbis
1299 2706 1698 2776 Scripturarum
1725 2721 1845 2761 esse
1876 2707 2118 2775 Evange-

520 2796 670 2861 lintn,
711 2798 805 2851 sed
852 2799 902 2851 in
944 2813 1109 2852 sensu
1152 2816 1164 2851 :
1210 2783 1315 2852 non
1361 2799 1413 2853 in
1445 2798 1755 2867 superﬁcie,
1789 2799 1882 2854 sed
1916 2800 1970 2854 in
2004 2816 2115 2855 meo

518 2892 663 2947 dulla
708 2908 722 2944 ε
770 2908 874 2947 non
908 2892 959 2948 in
992 2908 1303 2949 sermonum
1354 2891 1524 2962 foliis,
1564 2893 1663 2948 sed
1712 2894 1763 2948 in
1805 2893 1983 2949 radice
2028 2910 2117 2949 ra-

522 2986 705 3040 tionis.

593 3077 649 3130 Si
674 3075 800 3147 quid
830 3085 1007 3131 autem
1042 3076 1278 3148 ignoras,
1308 3076 1355 3132 si
1381 3076 1507 3149 quid
1539 3077 1603 3133 de
1636 3077 1930 3149 Scripturis
1960 3076 2113 3135 dubi-

521 3176 625 3234 tas,
671 3169 945 3238 interroga
988 3185 1109 3224 eum
1154 3183 1313 3240 quem
1361 3172 1468 3222 vita
1493 3171 1853 3237 commendat,
1890 3183 2112 3227 excusat

2221 1975 2348 2020 ante
2391 1980 2563 2021 annos
2615 1965 2882 2037 plurimos
2931 1965 3117 2034 dumo,
3152 1966 3490 2036 parentibus,
3535 1969 3781 2024 sororibus

2223 2058 2328 2131 [ΑΙ.
2381 2058 2621 2132 sorore],
2674 2062 2943 2131 cognatis,
2991 2061 3217 2131 etquod
3266 2061 3351 2118 his
3382 2061 3649 2117 difficilius
3694 2076 3779 2129 est,

2221 2152 2621 2208 consuetudine
2668 2153 2914 2209 lautioris
2960 2153 3088 2216 cibi,
3142 2164 3367 2225 prepter
3415 2157 3673 2212 ccelurum
3711 2174 3783 2213 tne

2221 2260 2392 2314 regna
2422 2256 2772 2311 castrassem,
2807 2256 2861 2302 et
2890 2246 3286 2319 Jerosolymam
3327 2248 3648 2305 militaturus
3685 2267 3786 2319 pcr-

2222 2354 2405 2408 gcretn
2455 2355 2469 2393 :
2522 2338 2893 2411 bibliotheca,
2949 2356 3107 2409 quant
3166 2340 3301 2396 mihi
3357 2340 3545 2397 Romae
3599 2357 3785 2396 summo

2222 2432 2405 2487 studio
2454 2432 2843 2501 confeceram,
2892 2448 3083 2489 carere
3144 2450 3249 2490 non
3303 2445 3573 2505 poterant.
3628 2436 3789 2507 Itaque

2220 2526 2389 2581 Iniscr
2436 2541 2568 2596 ergo
2616 2526 2856 2582 lecturus
2900 2526 3131 2581 Tullium
3176 2527 3520 2598 ieiunabam.
3560 2530 3679 2583 Post
3704 2546 3786 2582 nn-

2226 2616 2393 2675 ctinnt
2424 2617 2648 2673 crebras
2676 2617 2909 2688 vigilias,
2944 2628 3065 2689 post
3105 2620 3396 2692 lacrytnas,
3432 2637 3554 2692 quae
3584 2631 3791 2691 praeter-

2221 2710 2424 2767 itorum
2474 2710 2854 2767 recordatione
2898 2711 3030 2784 [ΑΙ.
3076 2713 3422 2786 recordatio]
3470 2726 3789 2787 peccaturum

2217 2821 2287 2860 ex
2321 2804 2528 2862 intimis
2568 2805 2871 2861 visceribus
2906 2806 3149 2862 fluebant
3189 2807 3306 2879 [ΑΙ.
3337 2807 3629 2880 eruebat],
3660 2808 3796 2863 Plau-

2218 2908 2302 2954 tus
2356 2898 2671 2955 sumebatur
2724 2900 2775 2954 in
2826 2915 3039 2955 manus.
3096 2899 3155 2956 Si
3205 2902 3429 2973 quando
3489 2906 3541 2957 in
3596 2913 3796 2957 memet-

2217 2992 2392 3062 ipsum
2437 3007 2689 3049 reversus
2733 2993 3056 3065 Prophetam
3094 2996 3277 3067 legere
3314 3000 3645 3068 coepissem,
3692 3014 3798 3053 ser-

2217 3098 2307 3140 mo
2354 3083 2615 3140 horrebat
2653 3084 2912 3142 incultus.
2965 3086 3035 3142 Et
3075 3090 3200 3157 quia
3244 3089 3429 3145 lumen
3474 3092 3639 3146 caecis
3681 3105 3795 3144 oeu-

2218 3177 2284 3233 lis
2329 3193 2436 3233 non
2485 3178 2755 3246 videbam,
2799 3197 2905 3236 non
2957 3182 3240 3237 oculorum
3287 3184 3558 3252 putabam
3610 3186 3799 3253 culpam

522 3275 677 3328 aetas,
709 3262 849 3317 fama
879 3278 985 3317 non
1028 3265 1302 3335 reprobat.
1332 3263 1439 3319 Ant
1464 3266 1508 3320 si
1547 3280 1652 3320 non
1696 3276 1781 3321 est
1814 3268 1903 3336 qtti
1941 3268 2111 3338 possit
2138 3262 2182 3326 C
2215 3285 2360 3339 esse,
2395 3272 2488 3327 sed
2512 3273 2663 3328 solis.
2698 3274 2834 3329 Dum
2866 3276 2933 3329 ita
2966 3291 3052 3330 me
3081 3277 3334 3348 antiquus
3364 3294 3603 3347 serpens
3630 3276 3800 3332 illude-

519 3371 794 3426 exponere
830 3374 842 3410 :
884 3357 1078 3412 melius
1117 3366 1202 3411 est
1237 3357 1437 3427 aliquid
1483 3359 1723 3425 nescire,
1766 3374 1960 3415 secure
2001 3358 2107 3431 [ΑΙ.

520 3458 619 3503 tac,
660 3448 896 3521 secure],
930 3464 1089 3520 quam
1120 3466 1241 3504 cum
1279 3451 1525 3521 periculo
1565 3451 1801 3507 discere.
1841 3452 2110 3507 Memento

520 3556 568 3611 qi
593 3539 641 3594 ia
670 3541 721 3595 in
756 3542 935 3596 medio
968 3544 1281 3611 laqueorum
1313 3544 1582 3597 ambulas.
1625 3542 1762 3599 Malo
1797 3545 1939 3597 enim
1968 3543 2109 3615 apud

521 3644 573 3686 te
601 3634 929 3687 verecundia
963 3649 1252 3704 parumper
1279 3649 1437 3707 quant
1469 3650 1628 3691 causa
1661 3635 1978 3705 periclitari.
2007 3636 2110 3704 Qui

522 3734 705 3780 tamen
752 3725 894 3797 quod
932 3730 1078 3781 novit
1125 3726 1447 3798 interrogat,
1480 3743 1584 3781 non
1615 3736 1739 3782 voto
1788 3726 1896 3799 [Αἰ.
1928 3726 2110 3799 modo]

521 3820 792 3887 discendi,
820 3820 912 3874 sed
947 3819 1128 3874 studio
1153 3819 1533 3890 cognoscendi,
1562 3834 1627 3873 an
1662 3821 1871 3873 noverit
1904 3820 1991 3873 ille
2020 3819 2111 3891 qui

522 3928 888 3984 rrsponsurus
938 3924 1060 3980 est,
1110 3914 1162 3967 in
1213 3911 1624 3976 similitudinem
1675 3911 2107 3981 pllill‘lSiL‘Ol’llﬂl,

519 4023 626 4063 non
673 4010 825 4078 quasi
873 4007 1200 4076 discipulus,
1252 4006 1345 4063 sed
1384 4009 1535 4077 quasi
1591 4016 1825 4061 tentator
1876 4005 2108 4062 accedit.

518 4100 771 4171 Plerique
796 4101 958 4157 etiam
983 4100 1374 4162 detracturum,
1399 4100 1524 4154 dum
1555 4101 1715 4155 verba
1745 4099 1881 4154 sacri
1912 4098 2112 4169 eloquii

520 4194 641 4264 plus
684 4209 847 4264 quam
892 4193 1092 4248 debent
1136 4193 1453 4261 discutiunt,
1491 4196 1544 4248 in
1576 4196 1847 4249 carnalem
1892 4194 2109 4249 intelle-

518 4299 662 4343 etum
688 4288 908 4342 cadunt.
1858 4352 1865 4359 η

589 4383 646 4435 lit
693 4380 892 4435 divinis
932 4389 1112 4435 autem
1142 4379 1441 4451 Scripturis
1481 4392 1537 4436 et
1575 4380 1727 4436 libris
1767 4382 1960 4439 melius
2002 4391 2107 4447 est,

517 4472 747 4529 obscura
794 4473 1102 4545 relinquere
1154 4484 1209 4528 ut
1252 4484 1410 4540 sunt,
1452 4490 1614 4545 quam
1658 4474 1862 4547 aliquid
1908 4485 2110 4531 temere

517 4568 604 4623 vel
646 4583 810 4639 prave
853 4568 1076 4633 imitari,
1113 4567 1255 4638 quod
1290 4569 1522 4623 nescias.
1569 4569 1703 4624 Sunt
1733 4584 1948 4639 quoque
1976 4585 2111 4625 non-

2214 3374 2299 3419 ret
2332 3382 2344 3417 :
2378 3364 2431 3419 in
2463 3366 2640 3421 media
2674 3366 2848 3423 ferme
2894 3369 3317 3439 Quadragesima
3353 3372 3618 3427 medullis
3650 3372 3803 3427 infusa

2214 3458 2406 3523 febris,
2440 3476 2640 3529 corpus
2687 3460 2884 3518 invasit
2933 3466 3283 3529 exhaustum,
3318 3476 3372 3519 et
3402 3467 3528 3521 sine
3583 3466 3684 3520 ulla
3728 3480 3803 3518 re-

2212 3553 2361 3621 quie.
2394 3554 2542 3624 quod
2570 3554 2719 3608 dictu
2750 3572 2968 3626 quoque
3000 3558 3318 3613 incredibile
3347 3561 3449 3621 sit,
3486 3561 3571 3617 sic
3596 3558 3805 3613 infelicia

2212 3647 2452 3701 membra
2479 3648 2701 3718 depasta
2726 3661 2805 3704 est
2841 3632 2896 3703 ut
2920 3652 3137 3706 ossibus
3164 3653 3251 3708 vix
3282 3650 3317 3707 h
3338 3670 3586 3709 ercretn.
3604 3650 3803 3708 lnteritu

2213 3750 2475 3817 parantur
2527 3741 2821 3810 exsequiae,
2880 3753 2937 3799 et
2968 3743 3148 3800 vitalis
3210 3748 3416 3802 anima:
3482 3748 3657 3813 calor,
3713 3755 3809 3799 Iulo

2208 3830 2321 3900 jam
2371 3847 2603 3899 corpore
2649 3836 3001 3904 trigescentc,
3053 3837 3106 3890 in
3164 3838 3287 3892 solo
3340 3849 3562 3894 tantum
3613 3845 3809 3907 tepente

2216 3925 2530 3993 pectusculo
2559 3927 2849 3994 palpitabat
2882 3945 2899 3985 :
2932 3944 3055 3984 cum
3086 3930 3266 3988 subito
3293 3942 3495 4002 raptus
3536 3932 3594 3988 in
3635 3932 3810 4002 spiritu

2215 4017 2283 4073 ad
2324 4019 2559 4075 tribunal
2600 4019 2803 4075 Christi
2835 4024 3116 4090 pertrahor
3159 4042 3173 4078 :
3218 4024 3306 4079 ubi
3336 4035 3563 4081 tantum
3611 4022 3812 4078 luminis

2215 4120 2355 4175 erat,
2388 4122 2441 4166 et
2473 4120 2682 4166 tantum
2723 4129 2791 4168 ex
2842 4115 3313 4171 circumstantium
3342 4118 3617 4172 claritate
3655 4115 3813 4185 fulgo-

2215 4201 2313 4268 ris,
2345 4213 2401 4259 ut
2428 4204 2705 4274 proiectus
2736 4204 2789 4260 in
2818 4218 3017 4261 terram
3053 4221 3266 4262 sursum
3301 4208 3570 4277 asiiicere
3600 4224 3706 4269 non
3733 4221 3814 4259 au-

2214 4294 2425 4352 derem.
2459 4297 2834 4369 Interrogatus
2860 4301 2930 4356 de
2954 4303 3289 4371 conditione,
3331 4304 3717 4359 Christianum
3744 4316 3817 4355 nte

2214 4404 2337 4446 esse
2360 4393 2641 4461 respondi.
2681 4392 2749 4447 Et
2777 4394 2868 4449 ille
2890 4396 2979 4464 qui
3013 4395 3341 4465 praesidebat
3379 4414 3394 4450 :
3432 4397 3703 4460 Mentiris,
3729 4395 3812 4447 ait.

2214 4483 2605 4541 Ciceroitianus
2636 4502 2718 4552 es,
2754 4503 2861 4541 non
2891 4487 3254 4545 Christianus.
3287 4488 3391 4544 llhi
3420 4494 3581 4551 enim
3609 4500 3689 4545 est
3718 4488 3820 4543 the-

2217 4594 2408 4634 saurus
2457 4589 2599 4647 tuus,
2638 4582 2708 4635 ibi
2752 4591 2806 4636 et
2834 4598 2930 4637 cor
2957 4591 3104 4637 tunn't
3142 4583 3364 4656 (Matth.
3403 4587 3513 4651 vi).
3549 4584 3699 4640 Illico
3734 4583 3821 4637 ob-

519 4659 673 4725 nulli,
702 4660 813 4730 qui,
843 4674 1027 4731 rugata
1065 4660 1264 4726 fronte,
1297 4663 1536 4717 demisso
1566 4677 1750 4737 superi
1769 4663 1883 4728 ilio,
1906 4664 2111 4719 verbis-
2139 4663 2190 4724 Ι)
2214 4672 2412 4740 mutui,
2438 4681 2492 4729 et
2523 4674 2667 4729 inter
2696 4674 2942 4741 verbera,
2968 4692 3089 4731 nam
3121 4678 3257 4733 caedi
3282 4694 3375 4734 me
3404 4679 3679 4750 iusserat,
3702 4692 3821 4733 con-

518 4769 622 4824 que
646 4754 946 4819 trutinatis,
975 4756 1353 4810 auctoritatem
1371 4754 1655 4811 doctorum
1681 4755 1783 4811 sibi
1799 4757 2109 4814 vendicant.

516 4848 634 4904 Non
676 4847 819 4920 quod
852 4848 953 4918 ipsi
983 4848 1202 4919 dignum
1232 4850 1435 4920 aliquid
1470 4854 1778 4922 arrogantia
1825 4853 2107 4915 noverint:

514 4942 610 4998 sed
659 4942 803 5013 quod
851 4943 1129 5012 simplices
1176 4942 1380 4998 fratres
1430 4944 1677 5015 quaedam
1724 4945 1979 5001 videntur
2023 4946 2107 5003 sui

515 5033 929 5104 comparatione
978 5035 1210 5090 nescire.
1257 5035 1452 5091 Evenit
1499 5036 1660 5092 etiam
1711 5038 2009 5106 interdum,
2050 5047 2108 5094 ut

514 5114 637 5183 cuin
679 5128 956 5183 modicum
1002 5128 1247 5184 scientiae
1277 5128 1398 5200 quis
1428 5129 1697 5198 habuerit,
1729 5131 1904 5186 elatus
1932 5130 1985 5185 in
2011 5145 2107 5187 su-

515 5220 755 5291 perbiam
805 5219 1021 5276 discere
1065 5219 1299 5275 desistat
1344 5220 1465 5293 [Αι.
1518 5221 1643 5276 add.
1696 5231 1751 5277 et
1798 5222 2110 5295 legere]:et

512 5314 768 5386 paulatim
811 5329 877 5369 eo
923 5313 1064 5384 quod
1133 5314 1265 5369 nihil
1338 5314 1597 5393 additur,‘
1628 5314 1982 5381 subtrahitur,
2049 5325 2111 5371 ut

512 5403 540 5446 δ
574 5420 779 5461 vacuus
810 5404 1112 5476 disciplinis
1156 5406 1372 5476 penitus
1411 5416 1696 5463 remaneat
1734 5427 1747 5463 :
1795 5408 2111 5480 ferrumque

513 5498 656 5570 quod
681 5506 898 5553 acutum
929 5508 1066 5564 erat,
1093 5496 1396 5554 hebetetur.
1428 5499 1535 5556 Sed
1561 5508 1617 5556 et
1641 5500 1752 5571 jam
1777 5501 2105 5574 Prophetam

514 5594 764 5664 horrere,
794 5592 1103 5663 eloquentis
1137 5604 1393 5653 estanon
1440 5591 1717 5652 Christum
1770 5611 1966 5669 sapere
2015 5613 2107 5655 sa-

508 5770 803 5933 geris,A
829 5768 1074 5833 nam“
1098 5815 1114 5845 '
1160 5786 1312 5834 ’⁸⁸⁸⁸
1333 5768 1548 5849 “om:
1583 5768 1873 5850 Ρτορθκιαο
1900 5773 2098 5835 intelli-

2216 4766 2461 4825 scientia:
2535 4772 2705 4839 magis
2765 4770 2890 4839 igne
2952 4772 3247 4841 torquebar
3297 4789 3313 4827 :
3380 4774 3548 4829 illum
3623 4785 3818 4829 mecum

2216 4861 2547 4918 versiculum
2582 4873 2837 4933 repetens
2866 4882 2878 4917 :
2913 4862 2979 4918 In
3010 4868 3214 4933 inferno
3248 4877 3434 4921 autem
3475 4869 3601 4941 quis
3626 4864 3823 4936 conﬁte-

2214 4957 2353 5013 bitur
2384 4956 2475 5010 tibi
2508 4955 2731 5025 (Psalm.
2769 4956 2885 5029 vi)?
2914 4957 3164 5014 Clamare
3195 4969 3379 5015 tamen
3413 4963 3591 5031 coepi,
3623 4969 3679 5016 et
3720 4960 3823 5028 eju-

2210 5047 2331 5103 lans
2359 5049 2541 5103 dicere
2572 5065 2584 5103 :
2616 5049 2875 5105 Miserere
2925 5051 3053 5117 mei,
3078 5052 3324 5117 nomine,
3372 5054 3662 5110 miserere
3692 5051 3818 5107 mei!

2216 5140 2343 5195 llaec
2368 5156 2473 5195 vox
2498 5140 2639 5196 inter
2666 5140 2879 5212 ﬂagella
2904 5143 3215 5199 resonabat.
3243 5143 3509 5201 Tandem
3542 5146 3613 5202 ad
3646 5145 3822 5217 prarsi-

2211 5229 2388 5286 dentis
2439 5248 2614 5300 genua
2648 5235 2915 5303 provoluti
2946 5236 3037 5307 qui
3083 5237 3402 5305 astiterant,
3458 5238 3823 5309 precabantur

2213 5332 2271 5379 ut
2300 5323 2512 5379 veniam
2546 5325 2808 5381 tribueret
2843 5327 3249 5395 adolescentiae,
3289 5340 3349 5385 et
3412 5333 3606 5387 errori
3659 5333 3822 5387 locum

2214 5413 2552 5484 poenitentia:
2611 5416 2769 5472 daret
2815 5417 2933 5492 [ΑΙ.
2999 5420 3470 5495 commodaret],
3538 5433 3824 5480 euolutus

2211 5506 2412 5564 deinde
2441 5511 2769 5579 cruciatum,
2799 5514 2843 5567 si
2873 5514 3156 5583 gentilium
3180 5514 3495 5583 aliquando
3520 5519 3823 5575 litterarum

2213 5603 2384 5662 libros
2414 5605 2688 5677 legissem.
2736 5607 2852 5681 Ego
2893 5609 2988 5684 qui
3029 5610 3084 5669 in
3118 5620 3269 5670 tanto
3297 5616 3664 5674 constrictus
3705 5611 3825 5671 arti-

2280 5774 2307 5824 δ
2337 5780 2483 5843 idem
2513 5792 2561 5842 et
2589 5799 2807 5844 vacuum
2834 5784 3126 5864 disciplinis
3150 5799 3481 5868 pectusj‘em
3509 5794 3697 5874 ducat,
3724 5802 3823 5857 sic.
