3918 6294
187 324 258 382 351

182 440 305 503 culo,
350 435 545 492 vellem
588 432 754 490 etiam
798 434 1005 505 majora
1056 433 1373 504 promittere
1423 450 1436 486 :

180 532 314 602 carpi,
349 539 401 586 et
449 545 647 585 nomen
679 529 796 599 ejus
845 529 1125 583 obtestans
1151 528 1336 582 dicere
1370 546 1384 581 :
1418 525 1668 591 Domine,
1702 525 1745 578 si

180 642 399 698 umquam
436 625 680 679 habuero
724 622 945 678 codices
981 625 1298 687 smculares,
1341 631 1432 675 aut
1463 622 1507 675 si
1542 621 1743 688 legero,

178 733 216 777 te
240 720 437 789 negavi.
487 717 541 771 lu
569 719 685 772 lucc
706 715 1039 771 sacramenti
1063 714 1224 770 verba
1254 713 1537 782 dimissus,
1571 727 1753 767 rever-

180 831 245 875 tor
266 819 325 873 ad
358 831 613 886 superos,
648 826 701 871 et
755 813 1079 870 mirantibus
1118 815 1355 885 cunctis,
1388 814 1578 869 oculos
1620 828 1751 881 ape-

180 914 262 978 rui,
296 920 443 963 tanto
475 910 840 980 lacrymarum
892 907 1064 963 imbre
1097 907 1368 977 perfusos,
1402 919 1457 961 ut
1487 906 1646 961 etiam
1675 907 1754 959 in-

182 1004 392 1059 credulis
424 1002 589 1075 fidem
638 1002 876 1058 facerem
916 1016 983 1054 ex
1014 1000 1229 1054 dolore.
1271 997 1381 1053 Nec
1418 1014 1550 1052 vero
1593 1012 1758 1066 sopor

181 1097 253 1151 ille
283 1095 479 1159 fuerat,
522 1103 609 1148 aut
662 1086 797 1147 vana
837 1092 1074 1157 somnia,
1120 1091 1317 1162 quibus
1362 1106 1507 1161 smpe
1547 1089 1762 1145 deludi-

182 1205 299 1242 mur.
346 1186 529 1241 Testis
582 1196 666 1241 est
715 1174 959 1238 tribunal
1004 1184 1162 1249 illud,
1221 1194 1349 1238 ante
1400 1182 1540 1254 quod
1590 1182 1756 1252 jacui,

185 1280 312 1334 testis
349 1278 615 1347 judicium
666 1276 845 1345 triste,
892 1275 1036 1346 quod
1072 1276 1250 1331 timui.
1299 1275 1371 1330 lta
1429 1274 1557 1329 mihi
1605 1290 1761 1327 num-

189 1387 317 1443 quam
347 1371 513 1424 talem
556 1369 832 1439 contingat
868 1368 1108 1423 incidere
1145 1366 1525 1437 quzrsﬁonem.
1571 1374 1596 1402 °
1627 1365 1759 1420 Nam

193 1467 331 1519 fateor
351 1462 670 1517 vulneribus
708 1460 968 1516 habuisse
1011 1461 1200 1530 plenas
1246 1459 1502 1531 scapulas
1536 1478 1546 1512 :
1581 1460 1764 1529 plagas

193 1557 393 1610 sensisse
423 1562 553 1626 post
578 1569 855 1619 somnum,
888 1563 941 1608 et
968 1563 1119 1606 tanto
1143 1551 1345 1607 dehinc
1371 1552 1549 1607 studio
1581 1550 1764 1607 divina

191 1647 376 1717 legisse,
406 1656 616 1717 quanto
646 1646 902 1701 mortalia
929 1655 1055 1701 ante
1090 1661 1196 1699 non
1231 1646 1487 1716 legerem.

244 1741 493 1811 Quodque
520 1749 720 1810 pra-ter
752 1740 1086 1810 psalmorum
1125 1749 1179 1793 et
1200 1740 1467 1793 orationis
1491 1737 1764 1807 ordinem,

726 314 1009 378 REGULA
1051 311 1538 375 MONACHORUM
1579 311 1673 373 EX
1714 308 2021 373 SCRIPTIS
2062 307 2448 376 HIERONYMI
2487 314 2874 375 COLLECTA.

3342 317 3451 377 358

1499 431 1745 501 dcjrrare
1775 437 1821 491 Α
1855 430 2127 502 ptl‘dagogi
2158 434 2240 487 sui
2271 450 2377 488 non
2411 434 2652 503 potuisse
2679 448 2868 489 carere
2893 430 3061 503 vitiis,
3116 431 3319 505 quibus
3359 435 3456 490 ad-

1853 523 1957 579 huc
1981 528 2237 593 parvulus
2268 527 2443 583 fuerat
2474 528 2726 584 infectus.

1926 617 2239 673 Daunonttm
2290 621 2470 691 itaque
2515 622 2667 676 cibus
2709 632 2791 676 est
2831 623 3076 677 carmina
3135 632 3450 697 poetarum,

1853 713 2133 767 smeularis
2158 714 2449 783 sapientia,
2476 715 2877 771 rhetoricorum
2911 732 3103 787 pompa
3138 718 3454 785 verborum.

1855 802 1986 858 llicc
2028 821 2124 859 sua
2154 821 2345 861 omnes
2387 808 2659 862 suavitate
2687 807 2987 875 delectant,
3024 822 3075 863 et
3124 810 3250 863 dum
3285 809 3459 863 versi-

1859 900 1959 955 bus
1991 914 2151 955 aures
2196 900 2344 955 tlulci
2396 901 2772 958 modulatione
2811 905 3155 958 currentibus
3210 905 3455 973 capiunt,

1858 993 2093 1047 animam
2144 1011 2359 1068 quoque
2392 1006 2697 1065 penetrant,
2750 1005 2804 1051 et
2836 998 3069 1063 pectoris
3099 996 3315 1053 interna
3362 996 3461 1052 de-

1858 1086 2106 1141 vinciunt
2159 1086 2266 1158 [Αί.
2299 1086 2640 1160 όοι·ἰηςιηιι].
2698 1088 2898 1144 Verum
2950 1090 3039 1144 ubi
3081 1106 3203 1145 cum
3247 1102 3464 1145 summo

1860 1178 2045 1234 studio
2089 1179 2295 1235 fuerint
2333 1196 2396 1235 ac
2441 1182 2628 1236 labore
2676 1180 3114 1252 pei‘fecta,‘nihil
3165 1182 3314 1238 aliud
3355 1182 3461 1237 nisi

1860 1271 2075 1327 inanem
2107 1287 2301 1327 sonum
2333 1283 2388 1327 et
2426 1288 2741 1329 sermonum
2773 1273 3062 1345 strepitum
3091 1277 3205 1330 suis
3237 1276 3460 1331 lectori-

1863 1361 1963 1417 bus
1996 1364 2263 1419 tt‘ibuunt.
2296 1365 2451 1419 Nulla
2484 1365 2555 1420 ibi
2583 1366 2910 1436 saturitatis,
2946 1367 3093 1425 nulla
3120 1367 3342 1437 iustitia:
3372 1382 3461 1422 rc-

1864 1456 2029 1513 fectio
2052 1460 2347 1530 reperitur.
2379 1458 2624 1515 Studiosi
2652 1474 2837 1515 earum
2870 1461 2924 1513 in
2960 1458 3105 1515 fame
3131 1459 3249 1515 veri
3273 1470 3323 1515 et
3355 1460 3467 1515 vir-

1867 1558 2040 1606 tutum
2076 1553 2299 1622 penuria
2333 1562 2707 1623 perseverant.
2757 1552 2885 1606 Mihi
2929 1562 3108 1607 autem
3140 1567 3307 1620 curm,
3356 1568 3463 1607 non

1868 1647 2003 1718 quid
2042 1646 2393 1713 AristOteles,
2455 1646 2552 1701 sed
2598 1647 2727 1717 quid
2773 1646 2978 1701 Paulus
3037 1647 3249 1701 doceat.
3300 1647 3473 1701 Ornat

1869 1742 2013 1797 enim
2064 1740 2368 1797 doctrinam
2426 1742 2542 1808 Dei,
2578 1741 2667 1811 qui
2706 1756 2768 1796 ea
2826 1755 2951 1811 quae
2996 1739 3299 1797 conditioni
3357 1755 3470 1805 etne

188 1835 305 1905 quod
350 1835 445 1888 tibi
490 1838 622 1888 liora
664 1835 844 1900 tertia,
897 1845 1070 1899 sexta,
1123 1848 1287 1899 nona,
1335 1832 1402 1887 ad
1448 1848 1763 1903 vesperum,
1796 1840 1841 1901 Β
1870 1845 1993 1905 apta
2025 1842 2152 1890 sunt
2193 1835 2315 1889 facit
2352 1852 2366 1889 :
2401 1843 2457 1890 et
2497 1850 2527 1888 e
2558 1850 2828 1890 converso
2856 1833 3143 1889 confundit
3173 1835 3346 1899 illam,
3381 1834 3467 1887 cui

190 1930 334 1985 media
364 1941 525 1984 nocte
558 1938 611 1982 et
635 1944 791 1984 mane
813 1943 1029 1999 semper
1050 1927 1417 1982 exercendum
1442 1936 1526 1983 est
1556 1945 1567 1979 :
1594 1936 1770 1981 statue

190 2034 297 2093 quot
342 2024 492 2077 horis
547 2021 886 2093 Scripturam
953 2034 1198 2076 sanctam
1253 2020 1498 2077 ediscere
1544 2020 1768 2085 debeas,

191 2126 366 2185 quanto
396 2127 649 2185 tempore
682 2115 885 2185 li-geie,
921 2129 1027 2167 non
1061 2113 1127 2167 ad
1162 2113 1430 2181 laborem,
1461 2112 1553 2166 sed
1582 2113 1649 2165 ad
1680 2114 1773 2166 de-

194 2208 514 2265 lectationem
563 2216 619 2263 et
650 2208 1064 2262 instructionem
1096 2205 1317 2260 animm.
1365 2206 1607 2275 Cumque
1655 2203 1773 2259 hate

195 2301 373 2357 finieris
402 2301 601 2373 spatia,
646 2312 698 2355 et
728 2299 1038 2367 frequenter
1060 2294 1132 2352 ad
1179 2296 1387 2369 figenda
1418 2313 1592 2368 genua
1624 2296 1773 2352 solli-

197 2394 353 2448 citudo
397 2396 568 2447 animi
622 2394 987 2459 suscitaverit,
1026 2402 1120 2447 aut
1188 2392 1418 2447 texenda
1479 2408 1771 2463 compone,

196 2496 275 2539 aut
298 2503 407 2556 qua:
435 2496 564 2540 sunt
597 2498 742 2541 texta
774 2488 1013 2556 reSpice,
1045 2502 1167 2556 quzc
1202 2496 1382 2540 errata
1413 2484 1774 2556 reprehende,

197 2596 300 2647 qum
322 2588 445 2634 sunt
483 2578 758 2641 facienda.
784 2580 1078 2635 constitue.
1110 2578 1165 2635 Si
1210 2580 1376 2634 tantis
1419 2594 1644 2649 operum
1681 2596 1773 2632 va-

199 2671 458 2726 rietitibus
518 2671 688 2727 fueris
742 2682 1081 2738 occupatus,
1154 2654 1448 2740 numquam
1517 2670 1611 2724 tibi
1661 2670 1778 2725 dies

201 2764 326 2834 longi
352 2775 531 2822 erunt.
559 2767 667 2822 Sed
698 2767 947 2839 quamvis
969 2765 1175 2820 aestivis-
1216 2765 1508 2820 tendantur
1530 2764 1774 2839 sniibus,

201 2857 371 2915 breves
400 2860 759 2926 videbuntur,
822 2860 1022 2928 quibus
1079 2859 1280 2931 aliquid
1325 2859 1509 2929 operis
1551 2869 1781 2929 pneter-

200 2954 405 3006 missum
435 2964 519 3007 est
553 2952 665 3024 [Αἰ.
702 2968 810 3007 non
851 2950 977 3023 est].
1035 2950 1164 3006 llaec
1204 2952 1522 3021 observans,
1549 2953 1781 3023 teipsum

198 3043 416 3101 salvabis
454 3056 511 3103 et
554 3047 696 3102 alios
743 3058 796 3101 ct
838 3046 948 3101 eris
1008 3047 1267 3116 magister
1306 3059 1510 3101 sanctae
1554 3061 1785 3101 conver-

198 3137 447 3207 sationis,
513 3139 921 3209 multorumque
989 3141 1297 3193 castitatem
1359 3139 1570 3193 lucrum
1633 3149 1780 3192 tuum

199 3227 380 3285 facies.

274 3322 419 3379 Dicas
445 3324 719 3395 psalmum
760 3325 811 3379 in
860 3325 1054 3382 ordine
1096 3336 1207 3393 tuo,
1258 3327 1310 3381 in
1352 3342 1458 3398 quo
1506 3342 1613 3382 non
1667 3326 1787 3382 dul-

200 3414 329 3469 cedo
370 3416 545 3480 vocis,
592 3416 686 3471 sed
735 3418 936 3471 mentis
958 3417 1188 3473 allectus
1219 3417 1328 3491 [ΑΙ.
1368 3432 1507 3474 tacet
1538 3417 1785 3491 alfaetus]

201 3518 487 3574 queratur,
513 3508 788 3562 si-ribcnte
815 3508 1077 3578 Apostolu
1103 3528 1115 3563 :
1147 3508 1382 3563 Psallam
1410 3511 1616 3581 spiritu,
1649 3512 1790 3580 psal-

200 3598 301 3651 (aut
356 3611 400 3654 et
448 3611 616 3655 mente
675 3602 715 3672 (Ι
764 3601 884 3656 Cor.
946 3601 1105 3672 XIV).
1168 3602 1395 3672 Legerat
1442 3604 1585 3659 enim
1648 3621 1788 3674 prte-

201 3705 439 3761 ccptum,
491 3695 698 3764 psallite
741 3698 995 3766 sapienter
1031 3695 1258 3765 (f’salut.
1306 3694 1449 3766 χιι).
1504 3697 1638 3750 Nam
1679 3696 1787 3750 cla-

201 3803 321 3841 mor
360 3788 411 3841 in
452 3787 751 3859 Scripturis
802 3805 907 3842 noo
956 3799 1039 3844 est
1070 3789 1243 3856 vocis,
1297 3789 1390 3843 sed
1441 3789 1645 3844 cordis.
1688 3788 1792 3845 Sed

200 3880 456 3950 numquid
491 3882 783 3935 verborum
813 3880 1157 3936 nzultitudine
1186 3883 1325 3937 llecti
1356 3883 1516 3949 Deus,
1551 3895 1607 3935 ttt
1634 3883 1796 3938 homo

196 3974 422 4041 potest?
472 3972 590 4028 Non
640 3976 782 4029 cuitu
831 3976 1033 4041 verbis,
1087 3974 1182 4029 sed
1224 3975 1391 4030 corde
1441 3976 1685 4029 orandus
1715 3986 1799 4031 est

198 4064 362 4121 Deus.
405 4067 594 4121 Melior
646 4078 729 4122 est
775 4078 981 4139 septem
1027 4066 1116 4139 [Al
1155 4065 1414 4139 quinque]
1466 4068 1796 4137 psalmorum

192 4159 508 4213 decantatio
537 4174 660 4214 cum
693 4160 875 4214 cordis
905 4160 1137 4229 puritate
1174 4170 1229 4214 ct
1259 4160 1575 4227 serenitate,
1610 4168 1665 4215 et
1694 4160 1803 4230 spi-

193 4251 346 4304 ritali
370 4254 664 4318 hilaritate,
698 4269 857 4322 quant
893 4252 1056 4307 tutius
1081 4252 1319 4322 psallcrii
1354 4252 1651 4308 modulatio
1679 4270 1799 4307 eum

190 4346 477 4401 atuietate
508 4347 690 4402 cordis
717 4359 772 4402 et
800 4349 1041 4403 tristitia.
1075 4348 1277 4403 Cantor
1312 4364 1527 4420 quoque
1573 4350 1804 4411 pellatur

193 4449 251 4489 ut
281 4438 500 4503 noxius,
554 4437 810 4492 tibicinas
855 4450 909 4493 et
958 4441 1212 4510 ps:iltrias
1245 4451 1299 4494 et
1339 4441 1641 4496 istiusmodi
1693 4441 1801 4514 [ΑΙ.

186 4530 337 4583 ald.
386 4531 615 4585 chorum
668 4531 894 4604 diaboli]
946 4532 1099 4599 quasi
1151 4533 1429 4589 mortifera
1489 4535 1803 4592 Si'cnat'tun

187 4627 449 4681 Carmina
485 4627 749 4697 proturba
782 4643 845 4682 ex
880 4628 1105 4683 aedibus.

184 4737 207 4786 ο
270 4717 377 4774 Sic
397 4732 575 4775 autem
620 4719 920 4776 erudienda
957 4730 1040 4775 est
1076 4722 1277 4789 anima,
1310 4739 1431 4793 qua:
1460 4724 1699 4778 futurum
1728 4734 1813 4779 est

186 4812 473 4882 templum
517 4814 609 4869 Dei
659 4815 805 4883 quod
835 4814 969 4869 nihil
1014 4815 1158 4870 aliud
1208 4816 1374 4871 discat
1421 4815 1631 4885 audire,
1674 4816 1810 4871 nihil

187 4906 387 4975 loqui,
426 4906 527 4961 nisi
559 4906 706 4977 quod
748 4908 813 4961 ad
861 4907 1113 4963 timorem
1173 4908 1266 4963 Dei
1319 4908 1575 4979 pertinet.
1613 4909 1813 4978 Turpia

184 5000 315 5071 [A1,
364 5001 485 5055 add.
517 4999 706 5070 verba]
743 5018 848 5056 non
876 5003 1143 5073 intelligat
1172 5021 1183 5056 :
1216 5004 1426 5058 cantica
1458 5002 1640 5058 mundi
1666 5003 1817 5074 igno-

182 5104 303 5149 ret.
363 5090 477 5147 Non
510 5101 638 5147 sunt
678 5093 1072 5148 contemnenda
1105 5094 1256 5164 quasi
1298 5109 1461 5163 parva
1511 5095 1651 5162 sint,
1694 5093 1815 5149 sine

179 5187 414 5255 quibus
441 5185 645 5255 majora
671 5196 921 5240 constare
969 5201 1075 5240 non
1105 5197 1353 5256 p0ssunt.
1386 5186 1575 5242 Graaea
1624 5198 1810 5242 narrat

181 5278 447 5335 historia
473 5277 846 5333 Alexandrum
880 5278 1315 5348 potentiSsimum
1350 5295 1529 5351 regem
1561 5279 1817 5350 orbisque

178 5371 568 5439 domitorem,
613 5378 669 5425 ct
698 5370 749 5425 iii
784 5370 1049 5438 moribus,
1098 5383 1151 5427 et
1200 5371 1252 5427 in
1300 5371 1520 5428 incessu
1563 5371 1816 5430 Leonidis

262 5567 291 5594 η
340 5552 542 5607 Verius
564 5552 617 5608 in
642 5553 765 5608 aliis
797 5551 986 5610 libris:
1013 5548 1243 5607 Liventes
1276 5551 1444 5625 fateor
1473 5550 1714 5609 habuisse
1739 5568 1819 5607 me

176 5645 369 5689 παρη
382 5626 483 5689 ιω,
514 5634 622 5680 υιε.

266 5702 299 5741 δ
351 5695 801 5771 AdditRubetts,
831 5695 1052 5768 aliique,
1079 5714 1180 5753 non
1210 5707 1489 5771 patentem,
1517 5712 1675 5771 panes
1704 5693 1822 5752 Tri~

172 5768 690 5909 medicamine“,
735 5776 783 5827 et
814 5770 989 5829 sthtlt
1014 5768 1229 5844 ﬂuctus,
1277 5768 1821 5844 Domino‘prtccuute,

274 5858 398 5907 ειν
438 5881 451 5898 ο

274 5854 451 5907 τινα.

1873 1925 2115 1981 conditio
2145 1941 2239 1981 sua
2283 1926 2553 1996 displicet.
2586 1924 2890 1980 Monachus
2917 1936 3097 1980 autem
3140 1939 3244 1979 non
3278 1924 3472 1978 docto-

1875 2019 1976 2084 ris,
2008 2018 2106 2074 sed
2152 2019 2459 2090 plangentis
2498 2017 2659 2074 habet
2703 2018 2970 2083 officium,
3020 2019 3109 2089 qui
3160 2017 3244 2073 vel
3277 2031 3338 2072 se
3386 2017 3474 2071 vel

1875 2114 2137 2168 mundum
2162 2115 2365 2184 lugeat,
2395 2122 2452 2169 et
2501 2112 2711 2168 Domini
2734 2110 2965 2181 pavidus
2994 2112 3354 2183 prazstolamr
3374 2110 3475 2167 ad-

1879 2219 2135 2274 ventum;
2169 2208 2262 2279 qui
2286 2211 2466 2263 sciens
2491 2206 2921 2262 imbecillitatem
2947 2221 3126 2270 suam,
3155 2216 3211 2260 et
3240 2220 3337 2260 vas
3365 2204 3478 2260 fra-

1875 2300 1986 2372 gile
2027 2302 2172 2372 quod
2204 2310 2410 2372 portat,
2448 2301 2600 2354 timet
2645 2298 2962 2365 offendere,
3013 2315 3080 2354 ne
3129 2298 3393 2369 impingat
3421 2309 3479 2353 cl.

1877 2403 2099 2448 corruat
2141 2402 2198 2449 et
2230 2395 2513 2463 frangatur
2550 2410 2562 2443 :
2610 2407 2779 2462 seque
2805 2393 3133 2446 monachum
3190 2405 3314 2448 esse
3368 2405 3476 2445 non

1879 2486 2155 2557 loquendo
2201 2495 2258 2541 et
2287 2486 2670 2547 discursando,
2720 2484 2815 2540 sed
2868 2483 3099 2540 tacendo
3142 2495 3197 2539 et
3235 2483 3482 2540 sedendo

1882 2580 2114 2635 noverit.
2139 2579 2222 2635 Sit
2256 2595 2471 2651 quoque
2519 2580 2613 2663 tibi
2655 2594 2840 2634 sermo
2879 2579 3074 2647 silens,
3105 2588 3161 2634 et
3203 2578 3480 2635 silentium

1880 2674 2129 2745 loquens,
2164 2690 2265 2729 nec
2292 2675 2455 2741 citus,
2489 2689 2588 2729 nec
2620 2674 2809 2729 tardus
2833 2673 3100 2729 incessus.

1951 2772 2029 2826 Ac
2054 2770 2424 2840 ttttu<quisque
2456 2770 2670 2839 quando
2715 2769 2781 2824 ad
2811 2769 3258 2823 communionem
3305 2768 3486 2839 ingre-

1882 2864 2037 2920 ditur
2060 2878 2182 2919 cum
2214 2864 2424 2918 cuculla
2451 2873 2659 2918 tantum
2707 2862 2952 2918 accedat.
2990 2862 3235 2918 Habeant
3265 2861 3357 2931 qui
3385 2876 3485 2915 vo-

1883 2957 2003 3012 lant
2028 2972 2154 3012 suas
2176 2972 2331 3026 opes,
2364 2970 2492 3013 vase
2515 2965 2791 3026 gemmato
2812 2956 3026 3021 bibant,
3049 2955 3227 3011 serico
3252 2961 3485 3020 niteant,

1885 3053 2081 3124 plausu
2112 3053 2295 3123 populi
2321 3052 2666 3106 delectentur
2700 3067 2713 3104 :
2758 3060 2813 3105 et
2844 3065 2943 3120 per
2972 3051 3151 3104 varias
3178 3048 3489 3117 voluptates

1886 3146 2109 3203 divitias
2140 3147 2362 3201 vincere
2411 3155 2706 3215 nequeant.
2754 3143 2972 3199 Nostrae
3010 3142 3214 3197 divitia:
3248 3149 3378 3197 sunt
3434 3140 3487 3193 in

1811 3206 1857 3269 ο
1890 3240 2009 3311 lege
2034 3239 2124 3294 Dei
2153 3238 2402 3293 meditari
2433 3206 2523 3293 die
2554 3253 2615 3292 ac
2640 3245 2822 3304 nocte,
2848 3236 3070 3305 januam
3098 3234 3347 3303 pulsare,
3377 3229 3404 3272 δ
3436 3241 3492 3286 et

1888 3334 2150 3389 szcculum
2178 3340 2488 3403 praeeuntes
2517 3331 2752 3385 calcare.
2781 3328 3162 3397 Prmparemus
3190 3326 3357 3396 igitur
3385 3338 3487 3380 no~

1890 3429 1975 3485 bis
2012 3427 2414 3493 fortitudinem,
2460 3437 2800 3480 assumamus
2840 3423 3000 3478 nobis
3053 3422 3352 3491 perlectum
3406 3434 3497 3473 ro-

1894 3523 1999 3579 bur
2029 3540 2042 3577 :
2077 3536 2129 3577 ut
2160 3523 2300 3577 inter
2337 3536 2586 3576 errorum
2626 3519 2883 3575 tenebras
2912 3526 2969 3573 et
3005 3515 3404 3581 confusionem,
3441 3515 3493 3568 in

1894 3617 2071 3671 noctis
2121 3614 2347 3669 scientia
2410 3612 2614 3668 Christi
2669 3612 2849 3666 lumen
2909 3618 3189 3680 appareat.
3265 3608 3498 3677 Diesque

1898 3719 2083 3765 noster
2112 3710 2308 3764 nubem
2353 3708 2551 3763 habeat
2576 3715 2949 3777 protegenletn
2984 3721 2997 3756 :
3038 3714 3097 3758 ut
3137 3702 3221 3757 his
3266 3699 3497 3754 ducibus

1898 3802 1963 3856 ad
1992 3811 2189 3855 terram
2219 3807 2463 3855 sanctam
2513 3798 2797 3868 pervenire
2831 3796 3129 3851 valeamus.
3166 3793 3305 3859 Quid
3351 3794 3496 3846 enim

1900 3894 2209 3950 eruditione
2235 3892 2467 3947 melius?
2491 3891 2620 3961 quid
2642 3891 2861 3944 suavius
2882 3889 3203 3957 disciplina?
3224 3888 3348 3953 quid
3383 3887 3502 3941 dul-

1901 3987 2016 4039 (vius
2048 3984 2318 4039 Domino?
2346 3984 2422 4039 Slt
2451 3994 2631 4039 autem
2670 3981 2976 4036 convivium
3010 3978 3258 4033 Christus
3291 3996 3304 4033 :
3340 3977 3502 4033 lectio

1903 4077 2155 4132 Christus
2182 4092 2195 4129 :
2226 4077 2380 4145 quies
2406 4076 2656 4129 Christus
2698 4073 2805 4144 [ΑΙ.
2841 4083 2971 4127 tacet
3002 4071 3157 4142 quies
3182 4067 3453 4141 Christus]
3485 4088 3498 4123 :

1905 4173 2167 4243 Cogitatio
2189 4169 2459 4225 Christus.
2502 4169 2637 4236 Qua:
2665 4166 2810 4222 enim
2861 4175 3036 4235 potest
3077 4179 3202 4219 esse
3234 4164 3337 4217 vita
3386 4164 3506 4217 sine

1906 4264 2130 4320 scientia
2156 4263 2558 4331 Scripturarum
2583 4276 2595 4314 :
2621 4274 2722 4329 per
2746 4274 2906 4329 quam
2932 4257 3094 4312 etiam
3121 4256 3236 4325 ipse
3255 4254 3508 4312 Christus

1906 4356 2257 4428 agnoscitur?
2285 4356 2386 4421 Qui
2402 4353 2533 4423 cibi,
2556 4369 2678 4423 qua:
2702 4352 2859 4406 mella
2883 4361 3009 4405 sunt
3032 4348 3306 4415 dulciora,
3344 4363 3505 4418 quam

1910 4449 2004 4505 Dei
2052 4450 2195 4503 sirire
2242 4444 2621 4517 prudentiain?
2668 4444 2905 4511 Sapiens
2956 4455 3178 4511 quoque
3216 4454 3508 4509 numquam

1911 4544 2059 4598 solus
2088 4553 2169 4596 est
2203 4556 2218 4593 :
2254 4540 2413 4594 habet
2442 4554 2627 4593 secum
2650 4551 2840 4591 omnes
2872 4534 2963 4605 qui
2996 4536 3117 4588 boni
3153 4542 3279 4587 sunt
3308 4542 3363 4586 et
3389 4533 3508 4587 fne-

1835 4604 1884 4664 θ
1914 4644 2041 4689 runt
2069 4652 2081 4687 :
2110 4642 2160 4688 et
2179 4631 2415 4686 animum
2438 4631 2663 4686 liberum
2687 4642 3032 4698 quocumque
3053 4627 3169 4681 vult
3193 4626 3474 4681 transferri
3500 4642 3512 4677 :

1914 4726 2057 4796 quod
2086 4739 2315 4793 corpore
2356 4738 2461 4778 non
2508 4730 2707 4791 potest,
2743 4718 3077 4788 cogitatione
3104 4716 3508 4787 complectitur.

1920 4818 1985 4872 lit
2014 4817 2058 4876 si
2093 4816 2372 4870 hominum
2407 4814 2590 4883 inopia
2613 4812 2796 4879 fuerit,
2822 4812 3064 4883 loquitur
3084 4824 3205 4865 cum
3234 4809 3349 4865 Deo
3375 4825 3388 4861 :
3416 4822 3517 4863 nec

1920 4927 2172 4981 umquam
2220 4918 2300 4964 est
2352 4910 2530 4963 minus
2571 4907 2746 4976 solus,
2789 4921 2949 4974 quam
2996 4920 3118 4961 cum
3152 4904 3298 4959 solus
3332 4900 3518 4956 fuerit.

1921 5002 2100 5059 Prima
2136 5016 2367 5071 namque
2397 5002 2664 5067 sapientia
2694 5009 2801 5064 est,
2835 4999 3078 5054 caruisse
3105 4994 3337 5049 stultitia
3368 5008 3383 5047 :
3422 4992 3521 5049 sed

1924 5095 2153 5151 stultitia
2180 5096 2423 5150 caruisse
2457 5110 2562 5148 non
2590 5101 2791 5163 potest,
2828 5092 2929 5146 nisi
2959 5090 3050 5160 qui
3084 5087 3418 5143 intellexerit
3446 5087 3515 5141 il-

1924 5188 2053 5244 lam.
2088 5188 2111 5217 °
2144 5187 2251 5243 Sed
2279 5202 2406 5242 vera
2437 5185 2656 5257 quidem
2687 5184 2945 5253 sapientia
2976 5191 3078 5245 est,
3117 5194 3291 5249 nuper
3323 5178 3522 5234 factum

1926 5298 1986 5339 se
2017 5296 2181 5338 nosse
2210 5299 2225 5336 :
2258 5290 2334 5349 et,
2368 5290 2426 5334 ut
2458 5280 2538 5333 sic
2571 5278 2782 5349 loquar,
2813 5276 2867 5331 in
2909 5288 3074 5329 carne
3098 5272 3373 5343 justorum
3418 5271 3525 5326 im-

1928 5377 2167 5448 perfecta
2214 5373 2481 5445 perfectio
2514 5382 2617 5429 est.
2648 5370 2845 5427 Parum
2880 5376 3059 5424 tamen
3096 5377 3181 5424 est
3206 5366 3347 5422 scire
3381 5360 3527 5436 quod

2004 5564 2027 5593 ε
2068 5553 2236 5611 lidem
2276 5552 2424 5619 libri,
2454 5548 2565 5607 haec
2596 5558 2669 5605 est
2698 5547 2925 5606 hominis
2960 5566 3077 5606 vera
3106 5544 3381 5622 sapientia,
3428 5543 3531 5603 imo

1929 5628 2219 5703 perfectum
2245 5641 2354 5681 esse
2380 5641 2434 5680 se
2464 5638 2635 5703 noue,
2670 5632 2823 5697 atque
2868 5632 2924 5678 ut
2972 5623 3046 5676 ita
3071 5622 3274 5703 lit-quur,
3310 5628 3530 5703 cuncto-

1929 5696 2048 5754 ‘run'i
2078 5702 2129 5754 in
2153 5713 2327 5764 came,
2356 5707 2463 5771 etc.
2493 5696 2659 5753 Paulo
2680 5696 2896 5770 quoque
2925 5704 3073 5771 post,
3100 5696 3221 5751 Non
3243 5702 3317 5749 est
3342 5706 3533 5769 parum

1933 5771 2066 5833 scire
2091 5772 2230 5845 quod
2257 5770 2444 5830 nescia.
