3918 6294
128 313 198 378 Sil
651 308 937 372 REGULA
976 304 1462 371 MONACHORUM
1500 309 1596 370 EX
1634 306 1941 370 SCRIPTIS
1982 308 2364 371 llIERONYMI
2402 309 2787 372 COLLECTA.
3260 310 3372 373 562

127 440 189 493 dic
210 452 257 491 ac
278 441 426 491 nocte
450 431 677 503 (Psalm.
709 432 770 506 ι).
804 434 950 489 Bona
981 442 1064 489 cst
1087 432 1303 505 quidem
1332 433 1526 488 diurna
1558 448 1673 489 me—
1704 434 1751 494 Α
1778 433 2095 503 mundities,
2148 435 2351 491 inculta
2382 437 2574 502 vestis,
2615 445 2671 493 et
2697 436 2875 492 cultus
2903 430 3021 505 ipse
3048 431 3167 490 sine
3197 434 3372 492 cultu.

128 533 286 595 dilatio,
317 531 408 585 sed
457 530 734 585 efﬁcacior
766 538 851 584 est
880 539 1161 584 nocturna.
1203 527 1338 596 Quia
1384 544 1480 598 per
1526 526 1672 582 diem
1778 527 2089 585 Plumarum
2121 544 2335 602 quoque
2379 529 2638 587 mollities
2680 529 2950 601 juvenilia
2986 526 3234 585 membra
3265 544 3375 589 non

126 628 428 683 necessitates
496 623 859 694 obstrepunt,
925 622 1312 691 occupationes
1364 621 1676 677 distrahunt
1776 619 1977 678 foveat.

126 731 331 789 mentem,
362 734 584 776 sensum
614 691 809 789 duplex
838 732 964 773 cura
1005 717 1285 788 dispergit.
1337 715 1450 771 Nox
1491 725 1675 774 autem
2248 785 2278 789 _
2341 691 2572 789 βᾼΡυΤ
2619 694 2787 753 XV“-

124 826 302 879 sccreta,
318 785 426 869 nox
446 813 653 884 quieta,
680 785 1038 883 opportunam
1061 785 1120 867 se
1147 785 1356 882 prtebet
1373 810 1674 877 orantibus,
2240 785 2319 843 De
2348 786 2612 844 ίαθθνίθαε
2635 806 2906 846 manuum

125 909 404 979 aptissimam
438 905 795 977 vigilantibus
823 922 837 961 :
880 904 1007 960 dum
1036 904 1345 960 carnalibus
1370 905 1681 975 occupatio-
1854 903 1934 961 Ne
1980 912 2137 961 vacet
2182 918 2339 960 mens
2372 912 2461 961 tua
2494 904 2655 962 variis
2700 905 3227 977 perturbationibus,
3258 920 3382 980 qua

125 1003 239 1057 nibus
261 1000 574 1071 expeditum
601 1038 616 1063 ,
647 999 935 1053 collectum
967 1012 1211 1067 sensum,
1249 996 1516 1053 intentum
1550 995 1677 1070 [ΑΙ.
1785 997 1831 1053 si
1876 997 2091 1067 pectori
2140 998 2467 1066 insederint,
2499 998 2931 1057 dominabuntur
2978 1001 3078 1068 tui,
3111 1012 3167 1058 et
3209 1001 3387 1059 dedu-

126 1097 159 1149 in
189 1092 380 1165 totum]
418 1093 699 1147 hominem
728 1092 927 1147 divinis
956 1092 1339 1162 conspectibus
1377 1092 1537 1147 sistit.
1579 1091 1683 1147 Cu-
1785 1100 1912 1146 cent
1941 1100 1992 1146 te
2013 1091 2080 1145 ad
2103 1090 2365 1146 delictum
2394 1093 2712 1147 maximum.
2734 1091 2924 1147 Facito
2945 1090 3150 1163 aliquid
3176 1093 3386 1164 operis,

129 1187 306 1242 randum
334 1194 419 1240 est
458 1185 625 1240 etiam
659 1200 726 1240 ne
756 1185 1040 1240 nimietate
1062 1185 1168 1240 cibi
1197 1186 1281 1241 vel
1317 1194 1471 1254 potus
1496 1184 1684 1255 vigila-
1737 1232 1741 1237 ,
1788 1190 1847 1238 ut
1887 1197 2107 1255 semper
2131 1190 2189 1239 te
2217 1182 2472 1239 diabolus
2502 1183 2745 1240 inveniat
2790 1195 3135 1256 occupatum.
3170 1186 3228 1243 Si
3256 1200 3391 1259 apo-

129 1281 202 1334 turi
235 1287 419 1349 pectus
463 1284 724 1333 oneretur
773 1296 785 1331 :
837 1292 905 1334 ne
948 1277 1241 1333 cruditates
1281 1287 1591 1333 eructantes
1631 1286 1686 1332 et
1790 1277 1915 1331 stoli
1946 1276 2209 1333 habentes
2240 1286 2569 1347 potestatem
2601 1278 2669 1334 de
2699 1279 3002 1350 Evangelio
3048 1280 3255 1346 vivere,
3309 1280 3393 1336 la-

129 1372 374 1440 crapulam,
420 1384 535 1425 non
564 1371 742 1425 solum
785 1369 890 1440 ipsi
921 1370 1077 1426 nobis
1109 1369 1235 1441 [AL
1265 1370 1389 1424 add.
1434 1371 1687 1427 insuaves
1791 1367 2061 1423 borabant
2089 1367 2342 1423 manibus
2372 1370 2511 1437 suis,
2542 1386 2613 1426 ne
2645 1386 2809 1441 quem
2832 1379 3163 1442 gravarent:
3189 1380 3245 1427 et
3267 1371 3394 1429 aliis

131 1461 299 1531 simus},
324 1461 419 1518 sed
450 1462 619 1517 etiam
644 1461 831 1532 gratiae
875 1460 1102 1531 spiritus
1128 1461 1334 1532 indigni
1360 1460 1687 1531 iudicemur.
1792 1458 2109 1515 tribuebant
2137 1458 2451 1531 refrigeria,
2496 1477 2727 1532 quorum
2766 1477 2867 1534 pro
2894 1463 3271 1533 spiritualibus
3298 1463 3397 1521 de-

134 1558 246 1628 Ergo
268 1566 534 1627 tamquam
566 1556 752 1612 divino
797 1556 1025 1612 fructuri
1086 1556 1388 1612 ministerio
1424 1565 1549 1611 ante
1590 1568 1691 1611 nos
1796 1552 1998 1608 hebant
2028 1560 2236 1609 metere
2266 1555 2504 1610 carnalia
2529 1570 2658 1610 :cur
2687 1564 2742 1610 tu
2775 1556 2831 1613 in
2857 1570 2988 1613 usus
3016 1564 3143 1613 tuos
3169 1571 3399 1615 cessura

134 1668 207 1721 per
226 1650 594 1707 abstinentiam
624 1667 819 1722 parare
847 1651 1110 1708 debemus
1143 1668 1157 1708 :
1200 1659 1261 1707 ut
1302 1650 1569 1723 ingravati
1600 1666 1695 1709 ex—
1797 1658 1908 1698 ηοη
1957 1644 2267 1714 ρνωρθτθεῖ
2298 1644 2397 1700 Vel
2445 1644 2709 1701 ﬁscellam
2742 1654 2867 1703 texe
2905 1646 3097 1718 iunco.
3128 1648 3218 1705 V61
3248 1648 3401 1705 calli-

134 1745 329 1816 peditius
352 1745 583 1817 vigilare
614 1744 906 1815 possimus.
1800 1745 1971 1792 strum
2025 1738 2191 1793 lentis
2237 1739 2416 1808 plecte
2460 1739 2791 1809 viminibus,
2839 1745 3107 1798 sarrlatur
3154 1742 3401 1812 humus,

185 1834 433 1907 Cogitatio
456 1851 677 1908 quoque
712 1837 849 1890 mala
879 1835 1131 1907 pellatur,
1160 1850 1229 1893 ne
1255 1835 1398 1891 male
1424 1834 1697 1906 vigilantis
1726 1830 1775 1892 B
1804 1832 2005 1888 areolre
2036 1848 2197 1903 aequo
2224 1833 2403 1889 limite
2433 1833 2783 1893 dividantur:
2821 1835 2876 1891 in
2909 1836 3108 1907 quibus
3132 1850 3254 1892 cum
3285 1836 3405 1893 tile—

134 1931 281 1985 oratio
306 1930 415 1997 liat,
463 1930 609 1985 sicut
645 1930 862 2001 legitur,
900 1931 951 1984 in
992 1938 1275 2000 peccatum.
1306 1929 1444 1984 Sunt
1472 1928 1616 1983 enim
1646 1936 1703 1984 et
1803 1940 1925 1980 rum
1970 1923 2117 1994 jacta
2167 1923 2375 1979 fuerint
2419 1925 2650 1993 semina,
2696 1925 2786 1981 vel
2833 1926 3037 1997 planta:
3082 1928 3279 1998 posita:
3307 1941 3409 1999 per

134 2038 184 2077 ex
209 2023 430 2093 maligno
456 2022 686 2092 vigilite,
717 2022 855 2077 sicut
898 2020 951 2076 in
982 2020 1292 2077 Proverbiis
1319 2020 1517 2091 legitur
1543 2037 1557 2075 :
1599 2017 1703 2072 Ab-
1805 2018 2077 2085 ordinem,
2126 2033 2281 2089 aqua:
2310 2017 2582 2074 ducantur
2608 2020 2850 2092 irrigute.
2881 2020 3199 2079 Inserantur
3228 2022 3408 2082 infru-

136 2114 247 2169 latas
270 2125 337 2169 est
361 2130 571 2169 somnus
593 2114 657 2170 ab
681 2113 844 2169 oculis
866 2129 1042 2169 eorum
1070 2128 1088 2166 :
1114 2112 1239 2167 Non
1257 2113 1391 2166 enim
1417 2110 1703 2175 dormiunt,
1805 2119 2013 2168 ctuosa:
2042 2110 2290 2178 arbores,
2324 2110 2411 2167 vel
2438 2112 2692 2182 gemmis,
2725 2112 2814 2168 vel
2842 2114 3102 2183 surculis,
3129 2122 3192 2171 ut
3229 2129 3409 2187 parvo

136 2207 300 2276 inquit,
324 2206 423 2259 nisi
450 2209 587 2260 male
611 2203 1021 2277 fecerint(Prov.
1045 2219 1122 2270 ιν,
1156 2202 1501 2272 l6).Absint,
1526 2202 1708 2257 absint
1809 2214 1933 2277 post
1960 2213 2206 2276 tempore
2235 2205 2415 2262 dulcia
2445 2222 2604 2277 poma
2646 2208 2927 2279 decerpas.
2958 2204 2987 2247 1)
3014 2209 3193 2279 Apum
3241 2209 3414 2268 fabri-

136 2298 191 2351 ab
210 2297 304 2353 hoc
328 2308 600 2354 conventu
626 2298 765 2353 tales
790 2296 989 2367 vigiliae
1020 2316 1033 2350 :
1062 2296 1132 2351 sit
1154 2297 1335 2367 potius
1362 2294 1707 2366 vigilantibus
1810 2313 1936 2354 care
1965 2297 2226 2366 alvearia,
2270 2297 2338 2354 ad
2384 2313 2520 2370 quas
2571 2308 2623 2356 te
2667 2299 2894 2356 mittunt
2920 2300 3233 2359 Salomonis
3273 2301 3417 2359 Pro-

137 2400 298 2458 pectus
322 2391 563 2445 clausum
588 2388 826 2459 diabolo,
859 2399 1112 2459 apertum
1152 2387 1373 2442 Christo
1416 2403 1431 2440 :
1466 2396 1707 2455 utquem
1808 2393 1999 2449 verbia
2029 2403 2119 2449 :et
2148 2394 2613 2449 monasteriorum
2658 2394 2932 2464 ordinem,
2975 2410 3042 2453 ac
3081 2397 3294 2469 regiam
3331 2396 3420 2455 di-

138 2482 274 2538 labiis
306 2497 589 2549 sonamus,
633 2481 799 2537 corde
840 2492 1144 2537 teneamus.
1178 2480 1333 2536 Tunc
1371 2488 1534 2535 erunt
1556 2494 1714 2535 acce-
1812 2488 2121 2560 sciplinam,
2151 2489 2206 2544 in
2234 2488 2416 2560 parvis
2446 2488 2599 2545 disce
2629 2490 2974 2560 corporibus.

136 2575 341 2643 ptabiles
383 2583 588 2630 nostra:
615 2573 837 2645 vigiliae,
884 2582 1015 2630 tunc
1050 2573 1389 2642 pernoctatio
1411 2573 1666 2628 salutaris
1695 2590 1709 2627 :
1885 2582 2166 2638 Texantur
2192 2590 2248 2638 et
2280 2582 2390 2637 lina
2422 2596 2523 2652 pro
2552 2582 2833 2653 capiendis
2859 2583 3117 2655 piscibus,
3158 2582 3421 2643 Scriba“.

134 2669 171 2721 si
191 2668 505 2739 competenti
536 2668 842 2739 diligentia,
868 2675 925 2723 et
954 2666 1244 2722 devotione
1285 2668 1519 2734 sincera,
1556 2664 1716 2721 mini-
1817 2684 1904 2731 tm-
1933 2683 1988 2731 ει
2016 2674 2161 2742 libri,
2194 2682 2337 2730 utet
2381 2676 2576 2732 manus
2613 2685 2871 2746 Operetur
2913 2676 3115 2745 cibum,
3152 2688 3208 2734 et
3237 2678 3423 2735 anima

136 2763 343 2818 sterium
367 2771 619 2819 nostrum
650 2761 850 2817 divinis
872 2760 1153 2817 obtutibus
1181 2756 1463 2816 offeratur.

1825 2767 2053 2824 lectione
2101 2773 2399 2822 saturetur.
2447 2765 2583 2821 Nam
2635 2777 2658 2805 ε
2707 2767 2765 2822 iu
2813 2767 3086 2823 desideriis
3128 2778 3207 2824 est
3251 2771 3422 2824 omnis

705 2895 936 2954 CAPUT
985 2894 1128 2953 χνι,
1542 2845 1545 2849 ’
1819 2860 2039 2915 otiosus.
2095 2857 2479 2931 Egyptiorum
2523 2860 2857 2917 monasteria
2904 2859 3051 2918 hunc
3094 2875 3303 2919 morem
3342 2870 3426 2920 te-

1819 2964 1973 3027 nent,
2005 2963 2069 3011 ut
2112 2955 2319 3011 nullum
2350 2955 2557 3027 absque
2608 2955 2798 3014 labore
2850 2965 3017 3029 atque
3051 2971 3222 3030 opere
3248 2957 3428 3015 susci-

1820 3049 1991 3120 piant,
2039 3063 2147 3104 non
2196 3054 2308 3104 tam
2355 3058 2585 3119 propter
2613 3049 2793 3107 victus
2820 3050 3231 3120 necessitatem,
3258 3064 3426 3123 quam

194 3126 360 3187 Fusce
395 3131 578 3187 tunica
621 3127 906 3194 vestiaris,
952 3127 1074 3183 vilis
1124 3126 1303 3182 tunica
1343 3130 1719 3196 contemptum

1825 3151 2048 3215 propter
2074 3143 2271 3198 animae
2318 3143 2570 3200 salutem.
2603 3142 2683 3200 Ne
2712 3153 2941 3216 vagetur
2968 3145 3296 3215 perniciosis
3331 3160 3429 3203 co-

131 3223 313 3278 mundi
334 3225 524 3294 probet
555 3244 569 3280 :
604 3222 676 3277 ita
708 3222 989 3277 dumtaxat
1015 3235 1084 3276 ne
1110 3220 1324 3276 animus
1346 3227 1469 3275 tuus
1495 3224 1717 3283 tumeat,

1829 3214 2187 3308 gitationibtts
2229 3251 2407 3302 mens,
2440 3245 2496 3293 et
2523 3237 2591 3293 ad
2622 3214 2805 3294 instar?
2844 3214 3169 3296 fornicantis
3203 3240 3431 3298 Jerusa-

140 3315 444 3409 ”°_h3bi‘"5
472 3330 766 3409 εεηιιοιιιξε
814 3314 1346 3409 ἀίεεςηιξθιῖξ-,Νθιη
1391 3313 1563 3409 νθεξίεζ
1608 3314 1726 3409 ip?“
1830 3334 1977 3402 lem,
2025 3334 2172 3389 omni
2219 3334 2530 3391 transeunti
2576 3334 2844 3392 divaricet
2896 3336 3069 3409 pedes
3120 3351 3272 3393 suos.
3316 3334 3431 3395 Nec

126 3407 249 3463 vilis
277 3419 327 3463 et
356 3410 533 3481 pulla,
566 3407 741 3463 animi
767 3407 1002 3462 tacentis
1028 3405 1287 3461 indicium
1315 3412 1435 3461 est:
1464 3404 1564 3471 Qui
1568 3403 1728 3503 _en-im
1829 3427 2034 3486 idcirco
2074 3427 2176 3484 tibi
2219 3429 2288 3484 ab
2336 3443 2507 3501 opere
2549 3429 2875 3487 cessandum
2897 3403 3031 3503 '83,,
3078 3427 3109 3469 (ι
3137 3430 3264 3503 quia
3312 3430 3430 3489 Deo

128 3503 364 3559 “dm”
408 3503 728 3565 "“li'mwr'
774 3501 833 3556 ίη
879 3500 1119 3554 domum
1164 3514 1345 3571 "gum
1384 3506 1525 3594 ξηηεο
1568 3494 1729 3552 Tales
1830 3520 2068 3594 propitio
2115 3521 2263 3577 nulla
2313 3494 2393 3578 re.
2420 3521 2656 3593 indiges.
2704 3520 2815 3579 Sed
2846 3522 2972 3581 ideo
2998 3494 3123 3581 cum
3154 3494 3433 3582 bmnihus

126 3614 357 3697 namque
385 3610 564 3697 vestes
593 3596 796 3653 habeas
828 3604 855 3634 α
884 3597 1082 3697 quibus
1119 3594 1354 3667 pellatur
1378 3592 1551 3697 frigus
1574 3608 1590 3650 :
1619 3609 1730 3650 non
1833 3592 2194 3671 laborandum
2243 3624 2329 3672 est
2371 3633 2386 3672 :
2428 3623 2490 3671 ut
2537 3598 2636 3688 per
2683 3617 3031 3675 occasionem
3075 3618 3261 3691 operis
3296 3616 3437 3675 nihil

127 3692 324 3762 quin”
345 3696 542 3749 *θείω
586 3705 821 3762 corpora
848 3688 1142 3784 ?“d_°"‘“r_t
1175 3702 1295 3758 quae
1319 3700 1423 3784 ne?
1446 3688 1556 3784 in“
1582 3701 1733 3784 “""_"
1833 3708 1978 3765 aliud
2004 3709 2234 3781 cogites,
2277 3708 2382 3765 nisi
2411 3710 2559 3781 quod
2592 3710 2660 3766 ad
2688 3711 2909 3769 Domini
2937 3688 3177 3784 pertinet
3200 3713 3435 3770 servitu-

120 3785 231 3850 ἀι,
252 3799 359 3843 nec
387 3784 650 3848 sordidas,
681 3792 735 3839 et
761 3782 909 3839 nulla
935 3780 1249 3875 diversitate
1278 3778 1579 3875 notabiles:
1605 3776 1734 3849 quia
1837 3811 1967 3859 mm.
2018 3776 2359 3873 δίῖηριίείιει.
2402 3776 2616 3874 Equam
2666 3776 3179 3875 quamvis-omnem
3208 3818 3438 3863 censum

120 3892 227 3935 nec
250 3878 524 3936 aﬂectatae
554 3874 783 3942 sordes,
826 3889 930 3932 nec
971 3871 1257 3944 exquisita:
1299 3870 1577 3926 munditiae
1603 3884 1733 3925 con-

110 3972 352 4031 veniunt
371 3972 696 4030 christiano-
740 3968 847 4026 39d
878 3982 946 4023 ηε
969 3966 1071 4059 1³οβ
1100 3966 1273 4036 ipsum
1297 3963 1611 4059 Ῑθαθηξίθξη
1635 3962 1735 4019 tibi
1836 3988 1946 4043 erit
1974 3962 2293 4056 pretiosius,
2317 4001 2478 4058 quam
2511 3986 2654 4059 quod
2685 3988 2938 4045 manibus
2968 3962 3077 4045 tuis
3108 3990 3224 4059 ipse
3252 3987 3442 4045 confe-

110 4074 377 4134 generet,
428 4062 578 4135 quod
617 4060 802 4117 saeculi
830 4058 1153 4132 jactantiam
1196 4055 1569 4127 contempsisti
1612 4072 1626 4108 :
1665 4068 1733 4111 ne

1838 4055 2003 4135 ceris.
2039 4078 2251 4135 Sudore
2278 4055 2444 4135 enim
2494 4055 2551 4136 et
2597 4079 2789 4138 labore
2826 4080 2999 4139 nimio
3028 4079 3099 4138 ad
3128 4055 3438 4140 ubertatem

105 4160 393 4232 cogitatio
415 4160 579 4216 tacita
609 4156 892 4226 subrepat,
935 4164 994 4210 ut
1030 4151 1156 4224 quia
1203 4150 1428 4245 forsitan
1474 4150 1737 4245 inauratis
1840 4170 2110 4228 τωεωυω
2141 4172 2546 4245 perveniemus.

104 4251 647 4350 Ῡδίίίὲῗῗῗ-Ρ¹³εἳ³’⁶
675 4247 910 4350 ,άθθῗῗίλ
960 4246 1180 4350 vim.”
1209 4242 1428 4298 ⁰⁰¹¹θ⁹ί³
1446 4239 1740 4350 ,ίθηδθῖδξῖ
2141 4239 2161 4245 ⁷
2420 4289 2652 4349 CAPUT
2690 4289 2859 4350 xvut

98 4342 237 4401 bus.
274 4344 436 4401 Nihil
479 4343 628 4400 enim
674 4339 959 4397 intulimus
1006 4338 1063 4395 in
1112 4338 1257 4393 hunc
1302 4332 1590 4401 mundum,
1636 4345 1738 4388 nec
1963 4384 2025 4401 π
2062 4384 2075 4401 ,
2168 4384 2203 4401 ,γ
2245 4330 2641 4401 π,,ν,““ῗ“⁹ῗ
2688 4330 2963 4401 Ῡῖ³¹ζξη

1112 4380 1257 4393 mm
1303 4380 1590 4401 mum",
1637 4380 1737 4388 ’Ἦ
1948 4384 2031 4441 οε
2055 4384 2208 4440 laude
2236 4380 2545 4455 Religionis,
2579 4393 2630 4440 et
2671 4384 2737 4441 de
2762 4383 3062 4442 inductione
3090 4385 3163 4440 ad
3189 4400 3328 4442 eam,

170 4536 259 4592 Δι
315 4549 469 4589 nunc
518 4534 821 4603 plerosque
852 4527 1036 4585 videas
1071 4525 1307 4583 armaria
1340 4524 1542 4595 stipare
1571 4522 1739 4579 vesti-
1914 4519 2163 4577 Exstruis
2189 4520 2403 4591 quidem
2432 4520 2785 4589 monasteria,
2812 4529 2869 4577 et
2888 4520 3090 4578 multus
3112 4529 3216 4579 ate
3240 4537 3338 4593 per
3362 4523 3450 4578 in-

96 4632 225 4695 bus,
268 4628 509 4687 micas
554 4634 766 4682 mutare
796 4622 1077 4693 quotidie:
1105 4630 1159 4676 et
1190 4629 1369 4675 tamen
1414 4620 1586 4674 tineas
1631 4632 1738 4671 non
1766 4614 1820 4677 D
1845 4613 1991 4669 sulas
2024 4612 2307 4668 Dalmatiae
2330 4620 2641 4667 sanctorum
2666 4627 2930 4670 numerus
2945 4621 3321 4681 sustentatur;
3346 4614 3446 4671 sed

92 4738 283 4793 pm
340 4735 641 4793 superare.
695 4718 766 4774 Et
806 4717 898 4788 qui
948 4724 1002 4771 te
1047 4712 1360 4785 religiosior
1403 4719 1521 4778 est,
1572 4725 1742 4765 unum
1849 4708 2046 4764 melius
2077 4708 2309 4773 faceres,
2342 4708 2385 4761 si
2417 4716 2470 4762 ct
2496 4706 2615 4777 ipse
2643 4716 2860 4764 sanctus
2885 4709 3030 4765 inter
3056 4718 3277 4765 sanctos
3300 4706 3450 4765 vive-

86 4821 297 4876 exerit
328 4819 739 4874 vestimentum
762 4855 776 4878 ,
826 4820 882 4867 et
927 4807 1103 4881 plenis
1132 4808 1273 4863 arcis
1303 4818 1512 4876 pannos
1553 4801 1742 4857 trahit.
1847 4816 1958 4858 res.
1990 4799 2244 4867 Dilllcile,
2294 4799 2459 4855 immo
2490 4798 2828 4868 impossibile
2856 4810 2959 4870 est,
2996 4809 3054 4857 ut
3080 4811 3135 4857 et
3164 4802 3453 4872 praesenti-

82 4910 472 4969 hlduntur
497 4906 837 4963 membrana:
863 4903 1049 4958 colore
1074 4912 1348 4970 purpureo
1390 4913 1405 4949 :
1451 4908 1640 4950 aurum
1684 4893 1748 4948 li-
1850 4893 1950 4948 bus
1998 4891 2118 4961 quis
2167 4898 2222 4946 et
2268 4889 2488 4946 aeternis
2518 4888 2628 4962 [ΑΙ.
2665 4890 2886 4963 futuris]
2919 4890 3127 4948 fruatur
3169 4889 3361 4947 bonis:
3394 4898 3455 4946 ut

84 5004 343 5075 quasi:
406 4999 467 5056 in
508 4997 744 5061 litteras,
788 4993 1019 5065 gemmis
1066 4991 1280 5047 codices
1319 4988 1750 5044 vestiunturzet
1852 4996 1908 5041 et
1947 4984 2036 5040 hic
2063 4994 2307 5038 ventrem
2363 4982 2435 5039 ibi
2463 4992 2699 5039 mentem
2734 4984 2991 5055 impleat,
3046 4995 3101 5040 et
3128 4983 3197 5040 de
3242 4982 3457 5040 deliciis

84 5095 303 5154 huius
362 5098 509 5147 ante
553 5089 702 5147 fores
752 5102 941 5143 eorum
988 5084 1242 5139 Christus
1293 5082 1547 5136 moritur.
1598 5079 1749 5135 Pulla
1853 5085 2098 5134 transeat
2145 5076 2210 5131 ad
2250 5076 2515 5132 delicias:
2547 5085 2605 5131 ut
2654 5077 2707 5132 in
2739 5088 2971 5149 utroque
3016 5077 3221 5133 szeculo
3252 5078 3461 5149 primus

80 5191 255 5246 cui.
314 5184 528 5243 Ionica
575 5183 759 5238 minus
805 5194 927 5235 cum
962 5177 1112 5232 humi
1155 5176 1393 5247 jacuerit
1417 5171 1752 5228 sordidatur.
1857 5171 1950 5237 sit,
1982 5180 2034 5226 et
2062 5170 2114 5225 in
2143 5170 2284 5226 coelo
2308 5178 2359 5225 et
2390 5168 2444 5225 in
2472 5177 2615 5226 terra
2646 5169 2916 5242 gloriosus
2939 5179 3223 5241 appareat.

82 5281 177 5340 su
206 5276 546 5351 angulum
585 5276 803 5330 laneum
835 5286 961 5327 cum
990 5279 1105 5324 tota
1143 5267 1500 5339 simplicitate
1530 5266 1759 5337 purissi-
1932 5262 2088 5331 Quod
2115 5269 2294 5317 autem
2322 5262 2522 5317 asseris
2551 5277 2647 5317 eos
2677 5261 2871 5317 melius
2896 5261 3076 5318 facere
3106 5263 3199 5334 qui
3237 5272 3468 5321 utuntur

84 5392 301 5444 ω,
334 5377 423 5431 οι
450 5367 596 5441 quod
648 5364 823 5437 possit
869 5362 1175 5433 astringere
1207 5360 1540 5415 veStimenta
1588 5358 1761 5429 magis
1864 5354 2029 5412 rebus
2051 5354 2183 5423 suis,
2219 5363 2273 5409 et
2305 5353 2567 5424 paulatim
2599 5352 2807 5410 fructus
2836 5354 3245 5423 possessionum
3271 5371 3466 5427 paupe-

84 5483 277 5547 φι-
354 5461 659 5521 scindere.
718 5458 869 5514 Idem
930 5469 1149 5526 semper
1200 5452 1462 5523 habitus,
1515 5451 1762 5523 neglecta
1866 5446 2501 5519 ribusdividant:quam
2531 5446 2657 5503 illos
2680 5447 2793 5519 qui,
2820 5448 3258 5519 possessionibus
3278 5447 3469 5505 vendi-

746 3012 825 3067 De
849 3011 1095 3068 vestibus.

1837 3902 1987 3952 tuum
2018 3896 2073 3951 in
2099 3910 2366 3967 pauperes
2388 3895 2739 3953 distribueris
2771 3913 2785 3952 :
2817 3896 2957 3953 nihil
2979 3895 3126 3968 apud
3151 3895 3434 3953 Christum

164 5642 203 5670 ιι
232 5628 532 5687 Dect-ant
562 5619 777 5686 istbzec,
808 5616 995 5689 quibus
1025 5616 1248 5686 pellatur
1271 5614 1458 5685 frigus.
1624 5686 1635 5689 _
1719 5685 1730 5689 _
1877 5625 1981 5689 ηιξ
2006 5608 2220 5689 Ιςξείιιῃ·ζ

168 5701 209 5746 ι
234 5676 671 5761 ﬁdelitate.
695 5676 963 5763 Prbverh.
990 5676 1110 5757 cap.
1140 5703 1215 5756 vt,
1248 5676 1422 5757 neq'ue
1449 5693 1533 5741 est
1552 5686 1695 5742 enim
1718 5685 1775 5742 in
1958 5676 2175 5763 '1_Apud
2204 5680 2483 5763 Bubeum,
2506 5679 2593 5738 his
2616 5678 3005 5763 praetermissis
3038 5693 3207 5751 usque
3238 5676 3478 5763 adlabo-

96 5754 790 5839 I‘EVTr-anslatione
821 5762 910 5839 hic
938 5754 1160 5839 locus.“
1336 5754 1347 5757 ⁷
1513 5830 1549 5839 ἢ
1718 5830 1733 5839 _
1882 5754 2246 5839 randumest,
2280 5754 2550 5839 continuo
2596 5754 2879 5825 sequitur,
2932 5763 2990 5809 ut
3041 5768 3132 5827 per
3160 5754 3484 5815 occasionem

176 5823 490 5918 παίω
533 5835 627 5891 hic
658 5834 815 5890 locus
840 5834 991 5904 juxta
1018 5830 1166 5890 LXX
1192 5830 1475 5890 dumtaxat
1512 5830 1778 5893 Proverb.
1885 5825 2055 5907 operis
2080 5823 2213 5882 nihil
2239 5824 2414 5895 aliud.
2438 5834 2545 5887 etc.

465 5928 746 5995 Parnm"
794 5924 1007 5997 XXX.

2857 5912 2938 5983 12
