3918 6294
496 206 606 267 363

1534 187 1596 248 S.
1637 182 2019 246 iilERONYMi
2056 179 2344 244 OPERUM
2381 182 2744 243 MANTISSA.

3637 195 3723 255 364

494 320 590 384 tis,
606 312 782 371 semel
805 311 988 369 omnia
1016 307 1478 380 largianturznon
1510 316 1538 357 a
1563 319 1670 369 me,
1698 302 1792 358 sed
1816 319 1845 358 a
1874 301 2105 356 Domino
2131 303 2187 363 Α
2213 303 2313 357 lius
2365 302 2542 372 longa:
2595 298 2908 355 serenitatis
2939 296 3057 372 [ΑΙ.
3082 298 3243 367 longa
3294 303 3565 380 serenitas]
3603 325 3726 379 Spem

494 408 893 477 respondeatur
948 422 963 460 :
1015 404 1076 458 Si
1125 402 1201 455 vis
1257 402 1517 470 perfectus
1570 414 1721 461 esse,
1774 398 1923 459 rade,
1988 406 2095 451 etc.

504 502 721 578 (Matt/1.
766 498 901 570 χιχ).
938 496 1047 551 Nec
1081 510 1111 549 a
1150 509 1248 549 suo
1276 494 1456 548 Studio
1490 490 1741 546 monachi
1792 488 2099 545 retrahendi

502 607 631 654 sunt
662 597 841 665 lingua
871 593 1112 659 viperea,
1139 603 1324 642 mersu
1348 586 1687 650 suavissimo;
1722 584 1918 653 quibus
1946 598 2107 653 argu-

507 691 771 749 mentaris
799 698 854 741 et
885 685 1020 740 dicis
1051 699 1066 744 ;
1100 681 1160 737 Si
1183 696 1372 736 omnes
1392 693 1452 733 se
1477 679 1778 734 clauserint
1804 688 1855 732 et
1875 676 2107 746 fugerint

505 786 560 840 in
586 781 956 844 solitudinem,
984 776 1105 851 quis
1132 773 1434 829 celebrabit
1461 770 1755 837 Ecclesias,
1789 770 1909 839 quis
1938 784 2109 822 siccu-

506 878 650 935 lares
673 876 925 930 homines
958 868 1283 929 lucrifaciet,
1318 867 1439 936 quis
1470 874 1762 936 peccantes
1789 864 1856 916 ad
1883 863 2111 915 virtutes

511 970 713 1042 poterit
742 962 1051 1023 Cohortari?
1086 961 1197 1015 lloc
1224 959 1368 1013 enim
1400 956 1593 1022 modo,
1627 955 1675 1010 si
1706 970 1900 1009 oumes
1929 965 2111 1009 tecum

508 1063 642 1120 fatui
676 1060 876 1118 fuerint
898 1101 913 1127 ,
964 1054 1180 1127 sapiens
1222 1069 1342 1110 esse
1366 1052 1487 1123 quis
1524 1050 1756 1120 poterit?
1788 1049 1845 1105 Si
1878 1049 2114 1119 virgines

509 1166 701 1211 omnes
728 1153 951 1218 fuerint,
980 1150 1182 1220 ῐιιψιὶω
1207 1162 1315 1202 ιιοη
1343 1155 1526 1212 erunt,
1554 1143 1799 1199 interibit
1820 1156 1995 1213 genus
2020 1144 2117 1196 huc
2156 1206 2159 1207 ν

517 1264 763 1305 tuanum.

591 1326 697 1399 Sed
728 1338 851 1394 rara
884 1348 967 1395 est
992 1336 1184 1401 virtus,
1236 1346 1338 1388 nec
1387 1346 1415 1384 a
1448 1327 1692 1399 pluribus
1720 1327 2018 1398 appetitur.
2052 1327 2119 1381 Et

518 1433 721 1492 litinam
758 1434 861 1487 hoc
888 1444 1079 1484 omnes
1107 1436 1291 1481 essent
1335 1424 1479 1495 quod
1509 1422 1666 1493 pauci
1698 1430 1841 1475 sunt.
1886 1419 1961 1475 De
2003 1420 2122 1489 qui-

516 1521 622 1581 bus
676 1524 913 1581 dicitur;
952 1518 1107 1573 Multi
1165 1529 1287 1570 sunt
1345 1516 1547 1581 vocati,
1597 1514 1751 1585 pauci
1807 1529 1929 1567 uero
1976 1512 2123 1565 electi

524 1606 747 1687 (qutth.
778 1613 894 1682 Π).
924 1613 1051 1665 ideo
1076 1610 1203 1663 licet
1234 1607 1491 1677 parvulus
1515 1620 1581 1659 ex
1608 1605 1750 1659 collo
1781 1604 2009 1673 pendeat
2032 1616 2126 1657 ne-

2209 397 2518 467 pollicettir,
2554 395 2713 448 nimis
2744 393 2850 465 [ΑΙ.
2884 391 3066 464 navls]
3098 394 3268 449 valida
3295 407 3342 450 et
3373 398 3593 455 diuturna
3624 416 3731 462 leut-

2208 503 2408 562 pestas.

2287 583 2572 637 Sectemur
2602 596 2733 651 ergo
2762 595 2858 636 nos
2891 580 3260 647 mulierculas,
3294 598 3446 638 sexus
3476 598 3564 641 nos
3586 586 3738 645 doceat

2218 674 2508 729 infirmior.
2540 675 2767 739 Quantae
2796 672 3005 726 divitiis
3050 673 3254 742 pariter
3283 689 3343 728 ac
3376 676 3626 734 nobilitate
3652 682 3741 751 pol-

2213 766 2389 822 lentes
2423 766 2572 837 (nolo
2594 781 2782 819 earum
2813 766 3071 819 vocabula
3102 766 3306 832 dicere,
3358 784 3422 822 ne
3450 771 3620 825 videar
3644 774 3748 828 adu-

2215 860 2374 931 lari),
2406 858 2607 913 relictis
2634 858 2974 914 facultatibus
3010 859 3423 929 pignoribusque
3452 869 3744 935 contemptis,

2217 951 2319 1005 hoc
2361 950 2503 1006 factu
2552 951 2711 1006 facile
2755 950 3098 1021 judicarunt,
3144 954 3286 1022 quod
3321 965 3373 1009 tu
3404 967 3546 1024 putas
3573 962 3753 1030 preprio

2220 1047 2413 1099 timore
2437 1043 2686 1100 difficile!
2712 1044 2862 1099 Unde
2880 1046 3076 1100 habeto
3100 1046 3491 1116 simplicitatem
3512 1052 3752 1109 columine.

2220 1155 2288 1195 ne
2318 1145 2566 1210 cuiquam
2594 1138 2922 1193 machiucris
2948 1138 3133 1194 dolos:
3165 1149 3218 1196 et
3244 1144 3507 1211 serpentis
3524 1146 3758 1215 astutiam,

2223 1248 2292 1288 ne
2319 1232 2547 1287 aliorum
2577 1232 2946 1303 supplanterls
2976 1234 3212 1288 insidiis.
3246 1233 3361 1289 Non
3394 1240 3601 1291 nulltnnt
3630 1241 3762 1296 dEstat

2220 1324 2275 1379 in
2322 1326 2491 1391 vitio,
2546 1326 2633 1380 vel
2679 1324 2952 1392 decipere,
3009 1326 3096 1381 vel
3153 1324 3329 1394 decipi
3363 1342 3521 1396 posse
3545 1330 3765 1385 Christia-

2226 1434 2380 1473 num.
2432 1418 2502 1473 At
2550 1418 2636 1473 illa
2688 1417 2785 1472 tibi
2837 1417 2903 1471 ad
2937 1418 3037 1472 hoc
3084 1417 3152 1472 de
3185 1419 3348 1473 variis
3381 1412 3591 1475 tioribus
3620 1422 3764 1478 lum-ti

2226 1519 2513 1565 exornent.
2569 1508 2804 1565 Colubcr
2850 1511 2916 1566 ad
2949 1511 3241 1566 bibendum
3299 1514 3539 1577 veniens,
3566 1514 3618 1569 in
3663 1532 3770 1585 aqua

2228 1619 2495 1658 venenum
2522 1604 2769 1674 deponit,
2800 1620 2868 1661 ue
2890 1622 3013 1659 eum
3042 1621 3307 1662 venenum
3343 1623 3474 1678 aqua
3501 1621 3772 1665 concretum

524 1716 665 1780 pos;
698 1704 824 1761 licet
868 1718 1063 1775 sparso
1104 1703 1259 1757 crine
1303 1709 1357 1754 et
1396 1698 1581 1753 scissis
1629 1696 1902 1758 vestibus,
1953 1695 2121 1749 ubera
2155 1696 2198 1757 Β
2228 1699 2460 1752 occidat.
2510 1698 2723 1753 Nudum
2779 1698 3055 1755 hominem
3090 1700 3264 1767 timet,
3297 1712 3321 1738 η
3356 1703 3600 1757 vestitum
3623 1720 3775 1774 perse-

525 1803 726 1871 quibus
755 1813 804 1854 te
834 1796 1125 1857 nutrierat,
1160 1804 1336 1849 mater
1359 1792 1613 1846 ostendat
1644 1806 1658 1844 :
1694 1790 1819 1844 licet
1851 1789 1905 1843 in
1938 1787 2125 1842 limine

526 1894 683 1967 pater
709 1894 926 1962 jaceat:
956 1906 1049 1959 per
1074 1886 1340 1942 ealtaturn
1370 1899 1535 1954 perge
1560 1895 1793 1953 patrem,
1827 1882 1987 1936 siccis
2003 1896 2131 1935 ocu-

524 1974 595 2043 lis
621 1987 686 2041 ad
718 1984 975 2040 vexillum
1017 1972 1195 2036 crucis
1228 1978 1406 2031 evola.
1454 1976 1642 2029 Solum
1695 1974 1911 2044 pietatis
1962 1988 2131 2043 genus

529 2078 613 2135 est
661 2079 713 2132 iit
759 2074 859 2130 hac
909 2091 966 2129 re
1022 2088 1143 2127 esse
1195 2069 1493 2124 Crudelem.
1526 2066 1772 2122 Gladium
1831 2076 1979 2122 tenet
2036 2066 2135 2119 h0-

525 2160 672 2237 'Stis,‘
692 2176 751 2223 nt
776 2172 861 2221 t‘ne
889 2164 1120 2235 perimat
1151 2178 1165 2216 :
1198 2172 1251 2216 et
1277 2180 1288 2211 t
1310 2176 1377 2231 go
1399 2163 1466 2214 de
1492 2160 1680 2213 matris
1712 2158 1967 2229 Iacrymis
1986 2157 2136 2225 cogi-

522 2263 692 2317 tabo?
722 2260 991 2315 Delicatus
1020 2271 1108 2323 es,
1142 2256 1309 2309 frater
1339 2249 1681 2317 citatissime,
1710 2251 1755 2304 si
1786 2249 1871 2303 hic
1896 2248 1975 2302 vis
2001 2262 2134 2318 gau-

531 2354 660 2411 dere
690 2369 812 2409 cum
845 2351 1069 2415 s:eculo,
1118 2357 1173 2401 et
1219 2354 1413 2415 postea
1464 2358 1693 2413 regnare
1736 2357 1861 2396 cum
1894 2339 2133 2395 Christo.

522 2440 698 2507 Multa
735 2461 833 2501 nos
863 2444 1041 2499 facere
1072 2442 1217 2511 cogit
1246 2439 1493 2494 allectus.
1526 2438 1590 2491 Et
1610 2437 1735 2491 dum
1760 2436 2137 2507 propinquita-

536 2556 645 2596 tem
677 2540 996 2611 respicimus
1022 2548 1341 2604 corporum,
1375 2542 1428 2586 ct
1460 2530 1706 2600 corporis
1736 2541 1791 2585 ct
1827 2530 2022 2584 animm
2060 2525 2142 2581 of-

530 2634 819 2689 ‘l‘cttditttus
849 2637 1176 2685 creatorem.
1213 2627 1312 2694 Qui
1341 2635 1485 2678 amat
1522 2634 1754 2694 patrem,
1790 2632 1883 2677 aut
1915 2633 2143 2676 matrem

2231 1793 2435 1862 quitur,
2466 1802 2627 1860 caput
2652 1802 2831 1847 tamen
2857 1807 3011 1847 suum
3043 1794 3211 1856 erlat,
3264 1810 3349 1865 qu:
3376 1795 3483 1849 nilo
3506 1796 3778 1863 percutitur.

2234 1885 2323 1938 ubi
2348 1884 2450 1939 Srit
2472 1900 2592 1938 esse
2621 1895 2849 1939 mortem
2873 1900 3048 1939 suam.
3077 1887 3314 1955 Serpens
3346 1886 3558 1957 quidem
3588 1888 3627 1939 si
3648 1887 3784 1942 SElllei

2234 1978 2445 2033 Calatno
2468 1978 2787 2046 percutitur,
2812 1979 3039 2031 moritur
3067 1998 3078 2031 :
3113 1980 3154 2031 si
3177 1993 3310 2033 vero
3346 1980 3535 2033 iterum
3566 1983 3789 2049 percutia-

2237 2081 2347 2136 tur,
2390 2069 2765 2126 cttnﬁrniatur.
2825 2071 3053 2125 lliemali
3091 2082 3335 2141 tempore
3376 2072 3633 2126 infirmior
3654 2071 3791 2125 cilici-

2239 2174 2356 2219 tur:
2414 2176 2466 2220 et
2520 2180 2548 2216 a
2599 2165 2864 2218 soricibus
2896 2165 3215 2219 devincitur.
3253 2165 3421 2235 Igitur
3448 2176 3568 2219 ante
3597 2166 3791 2220 hiemem

2240 2258 2382 2312 circa
2409 2268 2620 2325 segetes
2650 2256 2876 2325 colligit,
2913 2265 2969 2309 ut
2992 2257 3096 2312 illis
3127 2273 3310 2311 escam
3342 2256 3599 2326 praebeat.

2315 2351 2518 2419 Auguris
2568 2348 2786 2419 quando
2817 2352 3077 2413 senuerit,
3127 2351 3313 2422 perdit
3358 2361 3652 2420 aspectum,
3700 2348 3801 2402 etsi

2244 2442 2480 2495 voluerit
2511 2441 2688 2495 redire
2731 2442 2798 2494 ad
2825 2443 3184 2509 juventutem,
3241 2442 3462 2512 jejunat
3492 2441 3801 2512 quadraginta

2247 2534 2458 2600 dit'btts,
2496 2544 2553 2587 ut
2580 2536 2787 2587 laxetur
2833 2535 2989 2603 pellis
3020 2536 3164 2603 ejus,
3197 2544 3253 2589 et
3280 2536 3362 2589 sic
3390 2543 3670 2605 angustum
3699 2534 3812 2586 fora-

2248 2642 2371 2682 tnen
2418 2627 2713 2697 perquirit,
2751 2637 2808 2681 ut
2846 2627 2971 2681 dum
3028 2628 3220 2682 nititur
3272 2629 3405 2684 inde
3438 2630 3607 2695 exire,
3649 2627 3808 2697 pellem

534 2724 707 2796 ‘s:iper'
736 2722 1039 2787 Christum,
1090 2728 1196 2774 'non
1228 2728 1311 2773 est
1339 2734 1403 2772 eo
1444 2716 1551 2789 [ΑΙ.
1581 2716 1711 2789 lico]
1736 2719 1949 2786 dignus.
1990 2715 2145 2771 Unde

548 2816 854 2887 discipulus
887 2812 953 2869 ad
978 2813 1311 2882 sepulturam
1339 2826 1372 2880 p
1394 2820 1507 2861 ιιι-ιδ
1538 2809 1618 2862 ire
1645 2808 1960 2862 desiderans
1982 2850 1995 2872 ,
2022 2805 2146 2861 Sal-

546 2912 754 2966 vatoris
809 2905 1129 2978 prohibetur
1194 2902 1443 2972 imperio.
1499 2901 1692 2966 Quanti
1753 2899 2140 2953 monachorum

2252 2920 2346 2960 sua
2374 2906 2539 2958 latera
2568 2908 2898 2975 percutiunt,
2918 2918 2969 2959 et
2998 2908 3265 2977 sanguine
3283 2924 3524 2963 excusso
3547 2910 3609 2962 ad
3631 2922 3822 2975 corpora

550 3009 680 3059 dum
714 3000 882 3074 p'atr‘is
914 3001 1211 3068 matrisque
1244 2995 1606 3059 miserentur,
1638 3010 1764 3049 suas
1792 2996 2000 3048 animas
2026 3010 2147 3062 per-
2256 3008 2590 3051 mortuorum
2620 2999 2699 3050 sic
2731 2999 3077 3053 reviviscunt.
3120 3000 3320 3066 Aquila
3356 3016 3577 3069 quoque
3603 3016 3713 3053 eum
3760 3013 3825 3050 se.

552 3096 853 3153 iiideruht‘l
900 3092 1079 3164 Super
1114 3102 1267 3163 patre
1314 3102 1367 3147 et
1405 3103 1579 3145 matre
1628 3091 1795 3160 pollui
1832 3107 1936 3143 non
1986 3090 2150 3145 lieet:
2180 3085 2226 3149 C
2262 3094 2437 3145 utterit
2462 3133 2478 3157 ,
2529 3100 2821 3161 gravantur
2873 3091 2989 3160 ejus
3043 3108 3233 3161 pernice
3265 3103 3323 3146 et
3356 3092 3543 3151 oculi:
3583 3100 3635 3146 et
3675 3089 3833 3158 quaerit

2250 2731 2501 2774 senectus
2555 2720 2808 2774 dimittat.
2857 2719 3094 2775 Pelicani
3152 2736 3277 2774 cum
3336 2736 3474 2775 suos
3521 2738 3547 2773 a
3603 2732 3818 2789 serpente

2253 2813 2395 2868 ﬁlios
2426 2824 2668 2868 mortuos
2700 2812 3055 2885 [ALoccisosj
3077 2815 3387 2883 inveniunt,
3407 2818 3608 2883 lugent,
3633 2827 3681 2868 et
3703 2831 3753 2867 se.
3774 2824 3816 2865 et

557 3199 760 3263 quanto
788 3188 957 3257 magis
985 3201 1148 3254 super
1174 3184 1341 3237 fratre
1363 3226 1378 3248 ,
1421 3183 1703 3236 sunoribus
1727 3227 1738 3250 ,
1766 3182 2108 3235 consiibrinis
2138 3224 2153 3247 ,

559 3282 791 3351 familia,
829 3278 1098 3336 servulis!
1125 3278 1309 3333 Genus
1336 3275 1512 3345 regale
1536 3284 1591 3329 et
1612 3275 1953 3330 sacerdotale
1972 3290 2158 3328 sumus

556 3364 613 3452 (id
648 3377 789 3432 Petr.
816 3376 912 3447 tt):
946 3368 1093 3428 illum
1129 3370 1474 3425 attendamus
1500 3378 1728 3438 patrem,
1752 3368 1842 3437 qui
1866 3384 2157 3438 numquam

563 3470 794 3525 tituriuir
826 3461 922 3523 :ét
959 3462 1050 3535 qui
1088 3464 1209 3517 ideo
1254 3463 1440 3515 vivens
1492 3466 1736 3514 mortuus
1783 3469 1900 3525 est,
1955 3466 2014 3512 ut
2064 3473 2161 3512 nos

2261 3183 2488 3249 fontem,
2518 3196 2574 3240 et
2602 3187 2755 3255 erigit
2783 3200 3009 3255 pennas,
3033 3196 3082 3240 et
3110 3186 3319 3257 colligit
3352 3185 3406 3240 in
3431 3201 3492 3241 se
3513 3185 3764 3239 calorem:
3791 3193 3832 3235 et

2262 3282 2339 3332 sic
2369 3278 2515 3331 oculi
2544 3277 2661 3346 ejus
2693 3287 2975 3341 sanantur,
3024 3290 3075 3332 et
3103 3277 3156 3332 in
3207 3279 3424 3333 fontem
3454 3287 3539 3333 ter
3567 3292 3623 3332 se
3653 3274 3835 3345 mergit.

2263 3382 2315 3425 et
2350 3373 2417 3424 ita
2451 3371 2515 3424 ad
2542 3371 2882 3437 juventutetu
2915 3371 3073 3425 redit.
3420 3424 3421 3427 η

2339 3462 2503 3515 Multa
2548 3462 2804 3516 dicuntur
2855 3464 2906 3515 iu
2952 3461 3279 3530 scripturis,
3333 3478 3463 3534 qua:
3491 3458 3841 3518 videnturim-

562 3564 810 3617 mortuos
840 3557 1153 3612 vivificaret.

639 3655 766 3711 Sola
796 3662 961 3708 causa
981 3648 1195 3722 pietatis
1219 3656 1324 3713 est,
1350 3646 1439 3700 ubi
1468 3644 1611 3699 nulla
1636 3646 1816 3699 carnis
1840 3645 2029 3699 notitia
2059 3655 2164 3699 est.

570 3748 788 3805 Honora
818 3746 1026 3815 patrem
1058 3752 1231 3806 tuum,
1271 3744 1315 3793 si
1344 3748 1397 3792 te
1424 3735 1546 3809 [Αἰ.
1580 3736 1674 3790 Sed
1700 3730 1780 3808 si]
1808 3754 1834 3787 a
1861 3752 1989 3789 vero
2019 3746 2167 3805 patre

570 3848 681 3898 non
713 3832 1216 3909 sepa'ra't'."l‘attttliu
1249 3828 1388 3886 Scito
1413 3826 1593 3884 carnis
1615 3831 1890 3898 copulam,
1915 3828 2168 3899 quamdiu

574 3936 672 3991 me
722 3940 885 3988 suum
914 3927 1129 3985 hoverit
1157 3924 1484 3980 creatitrem.
1520 3920 1771 4003 Alioquin
1802 3919 1968 3975 David
2005 3920 2173 3990 proti—

580 4043 680 4083 nus
703 4032 898 4079 canet:
934 4019 1246 4074 Oblivisrct‘e
1264 4014 1513 4087 populum
1542 4010 1684 4066 latim
1710 4018 1757 4065 et
1778 4013 1983 4065 deruunt
2012 4013 2173 4083 patris

582 4120 675 4182 tui,
707 4124 752 4169 et
782 4114 1105 4181 concupiscet
1127 4114 1219 4162 rex
1244 4108 1475 4160 decorem
1501 4116 1666 4171 tuum,
1696 4107 1939 4175 quoniam
1971 4108 2077 4176 ipse
2104 4115 2175 4160 est

586 4210 839 4264 Donatius
872 4204 1015 4258 Deus
1064 4211 1184 4254 tum
1215 4198 1389 4269 (Ριαιι
1418 4202 1598 4266 κων).
1650 4195 1865 4251 Glande
1894 4202 2175 4267 prwllttum
2283 4205 2629 4271 tempestate]
2665 4208 2977 4263 transierit?
3017 4208 3107 4262 Sic
3146 4210 3364 4263 etenim
3402 4210 3641 4265 l~ellaor
3671 4195 3855 4271 vulneril

586 4311 672 4355 est
701 4297 941 4368 parentis
971 4294 1161 4348 obliti:
1222 4290 1351 4359 quia
1401 4288 1754 4354 concupiscet
1792 4302 1891 4341 rex
1927 4287 2140 4342 decoret

2282 4300 2526 4354 dolorem
2584 4310 2673 4353 aut
2704 4303 3005 4355 contetunit
3042 4309 3135 4354 aut
3172 4305 3401 4374 nescit,
3438 4305 3573 4359 dum
3631 4300 3744 4376 [ΑΙ.
3773 4287 3856 4377 add

590 4405 767 4447 tuum.
795 4388 985 4444 Solent
1010 4383 1212 4439 ctenim
1238 4379 1420 4434 miseri
1455 4389 1737 4448 parentes,
1788 4387 1845 4432 et
1872 4394 1976 4431 non
2006 4380 2140 4448 plen:

2286 4391 2559 4464 omnibus]
2594 4393 2891 4447 vivacitatis
2919 4396 3168 4449 sensibus
3199 4397 3386 4450 solam
3418 4399 3642 4452 videtur
3673 4390 3855 4463 cogitati

592 4487 719 4542 lidei
742 4478 1039 4539 Christiani
1068 4520 1082 4544 ,
1110 4476 1383 4531 detormes
1412 4481 1468 4527 et
1494 4473 1672 4561 aliquo
1704 4473 1949 4527 membro
1976 4476 2182 4529 debiles
2212 4481 2263 4542 D
2292 4485 2593 4540 vicltil‘iam,
2633 4487 2691 4539 Ιιζι
2720 4490 2807 4557 (μιὶ
2842 4486 3033 4541 hiemi,-
3067 4495 3326 4557 ιρηιροιςθ
3385 4491 3542 4546 md“
3572 4492 3639 4545 ad
3675 4492 3856 4561 parmai

595 4581 769 4644 filios,
811 4574 937 4646 Quia
969 4570 1164 4645 dignos
1196 4566 1543 4621 matrimomo
1574 4580 1680 4618 non
1712 4564 2015 4631 inveniunt,
2050 4568 2140 4623 reli

2298 4580 2448 4650 prius
2488 4580 2838 4645 ast-.eritatrm
2893 4579 3106 4649 frigoris
3155 4582 3349 4637 nudus
3384 4586 3666 4652 patienter
3695 4564 3855 4649 excipil

596 4672 746 4747 gioni
781 4669 1020 4726 tradere.
1081 4663 1186 4720 Sed
1226 4663 1271 4716 si
1307 4674 1359 4715 tu
1395 4661 1665 4731 perfectus
1716 4674 1838 4716 esse
1875 4660 2182 4727 desideras,
2302 4674 2427 4741 quia
2470 4686 2588 4723 runt
2634 4669 2811 4724 futura
2840 4672 3122 4725 calefactio
3150 4676 3536 4730 consolatur:
3570 4664 3856 4737 οηιιιὶυηιιμή

596 4773 683 4826 exi
715 4782 838 4823 eum
870 4760 1144 4818 Abraham
1174 4757 1240 4817 de
1271 4757 1443 4833 patria
1501 4765 1588 4807 tua
1647 4762 1702 4808 ct
1746 4754 1813 4809 de
1865 4759 2186 4825 cognatione
2294 4773 2661 4821 creaturarum
2683 4764 2905 4819 dil'licile
2926 4762 2953 4802 δ
2977 4774 3125 4835 spem
3155 4772 3402 4836 propter
3432 4768 3612 4823 Deum
3638 4769 3849 4823 exsmtat

599 4878 723 4921 tua:
767 4870 821 4916 et
849 4868 1013 4927 perge
1062 4868 1167 4923 quo
1212 4846 1409 4903 ιὶιέυίθ-
1450 4844 1777 4901 Ειεῖιιξιιιοε
1802 4848 2182 4919 summulam,
2296 4860 2476 4929 aliqua
2532 4860 2630 4911 nisi
2688 4873 2920 4914 rurerore
2970 4870 3250 4929 praeeunte
3308 4864 3606 4917 succedit.
3657 4864 3737 4918 Sit
3792 4844 3856 4930 eri

597 4960 795 5021 vende,
819 4961 873 5008 et
890 4949 958 5005 da
982 4944 1329 5019 pauperibus.
1354 4942 1411 4996 Si
1446 4958 1549 4996 non
1583 4941 1771 5007 habes,
1800 4942 1991 5011 grandi
2022 4959 2140 4999 onet

2296 4955 2348 5009 in
2383 4954 2540 5007 nobis
2596 4962 2741 5005 tanta
2774 4954 3076 5007 futurorum
3128 4954 3307 5009 fides:
3369 4964 3432 5011 ut
3469 4957 3764 5012 admodum
3812 4941 3856 5009 nl

599 5054 871 5108 liberatus
902 5058 999 5098 es:
1048 5038 1228 5093 nudus
1257 5035 1531 5090 ChriStum
1561 5034 1762 5087 nudum
1794 5048 2043 5102 settllt‘l'e-
2077 5036 2189 5091 Dll-
2297 5047 2603 5101 sentiamus
2657 5062 2754 5098 nos
2790 5046 2877 5097 illa
2930 5050 3197 5101 sustinere
3229 5062 3374 5117 quae
3414 5052 3705 5119 patimur:
3748 5034 3855 5119 sedi

598 5161 745 5211 rum,
775 5138 1005 5213 grande,
1028 5131 1274 5198 difllcile,
1303 5129 1396 5182 sed
1431 5143 1621 5197 magna
1653 5136 1781 5181 sunt
1810 5130 2050 5196 praemia.
2083 5130 2195 5185 Ma-
2297 5141 2482 5211 potius
2522 5138 2849 5193 arbitremur
2894 5154 2992 5194 nos
3022 5138 3139 5211 [ΑΙ.
3168 5140 3330 5214 jam]
3371 5144 3639 5200 obtinere
3668 5156 3783 5216 qua:
3808 5129 3856 5216 Cll

602 5240 687 5312 gis
729 5236 873 5292 enim
906 5229 1134 5302 quilibet
1181 5225 1337 5279 labor
1362 5220 1681 5287 suscipitur,
1726 5218 1773 5274 si
1824 5228 1953 5275 ante
2007 5223 2198 5278 oculos
2298 5230 2500 5287 dimus.

605 5311 953 5405 pra-ponatur
981 5322 1153 5395 ipsius
1178 5316 1381 5373 laboris
1412 5314 1637 5369 utilitas.
1665 5311 1771 5369 Sed
1812 5323 1865 5369 et
1888 5314 2189 5387 naviganti.
2372 5325 2583 5393 Quanta
2614 5334 2793 5379 autem
2834 5324 2978 5395 apud
3010 5324 3175 5381 Deum
3208 5338 3476 5397 merces,
3513 5330 3565 5387 si
3595 5332 3649 5385 in
3683 5312 3856 5405 praesul

2266 3556 2568 3625 possibilia,
2602 3569 2656 3609 et
2682 3565 2859 3611 tamen
2894 3571 3017 3610 vera
3043 3566 3189 3611 sunt.
3230 3556 3388 3612 Nihil
3423 3557 3571 3612 enirn
3599 3556 3737 3611 dicas
3762 3553 3844 3607 iui-

2269 3649 2545 3718 possiliile,
2576 3650 2661 3701 tibi
2691 3661 2771 3703 eSt
2806 3650 2971 3704 virtus
3004 3650 3296 3705 Altissimi.
3359 3650 3515 3706 Nihil
3549 3648 3617 3707 de
3644 3649 3849 3705 humana

2271 3739 2564 3810 fragiitate
2590 3743 2823 3810 cogites,
2863 3741 2950 3795 niti
2996 3742 3281 3812 plenitudo
3312 3743 3481 3798 ηδε-ι
3506 3743 3737 3797 deitatis.
3767 3738 3855 3794 Sed

2273 3834 2399 3903 quid
2432 3840 2483 3886 te
2515 3832 2580 3887 ad
2618 3832 2805 3902 jugnm
2842 3830 3055 3887 Domini
3097 3834 3401 3903 prresentis
3432 3836 3567 3891 vitae
3600 3838 3856 3906 provocare

2276 3928 2541 3996 exemplis
2569 3942 2767 3994 conor,
2824 3941 2946 3980 cum
2995 3929 3202 3982 nullum
3255 3945 3408 3998 pene
3456 3930 3690 3985 sciamus
3728 3923 3856 3999 fuissl

2276 4026 2615 4084 sant-torum,
2637 4021 2727 4090 qui
2764 4021 3117 4086 procellosum
3144 4022 3313 4091 hujus
3347 4022 3624 4093 temporis
3649 4008 3855 4090 agonem}

2279 4115 2486 4184 absque
2533 4116 2881 4168 tribulatione
2923 4127 2976 4169 et
3021 4124 3360 4186 tempestate
3392 4116 3508 4190 ῘΑΙ.
3546 4114 3856 4191 ιτῖιηιῐδιὶιιπιίξ

2283 4205 2629 4276 tempestate]
2665 4208 2977 4263 transierit?
3017 4208 3107 4262 Sic
3146 4210 3364 4263 etenim
3402 4210 3641 4265 bellaor
3671 4194 3855 4271 vulneril

3852 4098 3856 4167 l

3853 4208 3856 4257 l

3852 4390 3855 4427 t

3852 4498 3856 4543 ἓ

3853 4554 3855 4609 l

3853 4772 3855 4817 χ

3850 4834 3856 5191 l

3850 5312 3856 5382 ⁴

672 5530 697 5556 τι
729 5500 962 5571 Deerant
985 5506 1174 5562 istliiec
1200 5503 1431 5558 vestitum
1461 5496 1800 5571 persequitur,
1836 5514 1955 5571 qum
1986 5504 2202 5559 tametsi

599 5612 667 5648 ex
695 5568 1042 5654 supposititia
1066 5580 1131 5631 ad
1159 5574 1479 5654 Praesidium
1507 5570 1737 5639 epistola
1769 5568 2100 5639 suffecimus,
2132 5588 2191 5631 ut

600 5643 842 5730 mnu},
869 5662 989 5730 post
1016 5665 1200 5705 vocem
1224 5643 1399 5730 semel:
1468 5728 1470 5730 b
1545 5728 1574 5730 Α
1604 5711 1643 5730 m
1679 5711 1716 5730 Α

670 5711 903 5805 ἶλαιυὲ
935 5724 1021 5784 hic
1065 5732 1209 5797 spem
1247 5714 1489 5775 voculam
1536 5711 1845 5770 sntit-cimus
1892 5724 2015 5784 post
2065 5716 2181 5774 Ra.

2311 5506 2499 5584 benm,
2522 5509 2741 5584 tametsi
2775 5508 3200 5584 ersupposititia
3242 5512 3318 5565 ad
3340 5513 3643 5584 Virginem
3676 5515 3728 5572 in
3750 5514 3855 5569 exsi‘

2303 5582 2561 5648 epistola.
2612 5581 2733 5634 Mox
2770 5581 2859 5633 ubi
2888 5584 3084 5633 dicitur
3130 5581 3605 5646 admodum‘itoii
3644 5589 3845 5645 sentiam

2304 5651 2529 5709 llubetts
2556 5652 2738 5715 habet,
2772 5666 2978 5707 autumo
3011 5670 3139 5723 non,
3169 5662 3289 5712 etc.
