3918 6294
140 223 220 282 an

665 211 945 272 REGULS
989 204 1471 299 nossenonuu
1521 206 1687 299 πχσς

1811 205 1959 264 PTIS
1999 204 2381 263 lllERtlbYlll
2423 204 2804 264 COLLECT.\.

3297 208 3401 266 566

140 341 345 396 homines
375 334 610 407 pretium
650 350 757 388 non
789 332 1116 402 Sperarent!
1148 329 1375 396 Quantis
1404 326 1695 382 sudoribus
1725 329 1772 385 A
1803 326 2070 380 trinsecus
2115 328 2291 380 anima
2352 325 2585 382 laetatur.
2636 326 2739 383 Sed
2771 326 2972 381 veritas
3020 326 3253 397 angulos
3293 340 3401 382 non

136 430 383 487 hereditas
407 440 562 482 cassa
582 416 889 495 echIitur!
925 425 1121 477 minori
1149 423 1325 492 pretio
1346 422 1691 491 margaritum

133 522 294 578 Christi
322 523 431 574 emi
465 529 707 588 poterat.
756 515 911 571 Finis
944 517 1150 570 militia:
1183 524 1290 570 tute
1335 518 1442 569 erit
1471 528 1693 584 regnum

134 631 216 671 non
245 618 396 669 terrzc
424 620 483 667 et
506 610 794 680 temporis,
828 608 924 663 sed
960 606 1286 663 :eternitatis
1310 616 1363 662 et
1383 606 1526 662 cmli.
1552 605 1693 660 Nihil

132 720 211 779 est,
241 707 332 774 illi,
358 704 509 776 quod
546 705 740 774 possit,
772 711 865 758 aut
887 703 1085 757 debeat
1109 699 1357 772 pra-ferri
1386 701 1468 765 ei,
1497 699 1695 769 quiest

133 816 255 858 verus
268 800 552 862 Dominus,
583 808 809 853 etverus
841 804 1016 866 pater,
1040 807 1094 851 et
1114 797 1417 861 imperator
1433 804 1691 850 mternus.

130 897 201 952 Cui
228 896 363 951 enim
393 894 608 948 rectius
638 893 807 945 vitam
833 900 1077 945 nostram
1109 888 1501 960 impendimus,
1534 903 1694 956 quam

130 993 185 1046 illi
211 1005 233 1043 :t
260 1002 364 1061 quo
415 988 593 1057 ipsam
637 984 953 1055 accepimus
986 1004 999 1038 :
1043 994 1095 1039 et
1128 985 1214 1038 cui
1270 1000 1390 1039 eain
1429 983 1694 1039 debemus

128 1098 261 1155 usque
311 1083 380 1137 ad
436 1081 633 1147 tinem,
689 1080 816 1150 quia
868 1078 1041 1148 ipsius
1102 1077 1361 1133 beneﬁcio
1417 1075 1695 1131 vivimus?

129 1178 249 1235 Unde
294 1178 338 1231 si
399 1172 759 1229 maluerimns
797 1171 998 1225 (Σεμεεπί
1035 1170 1300 1235 militare,
1330 1184 1491 1240 quam
1537 1168 1696 1225 Chri-

126 1284 223 1327 sto:
270 1276 453 1341 postea
493 1281 602 1322 non
651 1264 720 1321 ad
749 1264 1059 1332 Christum,
1106 1264 1204 1319 sed
1258 1263 1327 1319 ad
1383 1263 1691 1335 gehennam

126 1360 508 1421 transferentur.

184 1459 328 1533 igitur
364 1473 470 1514 nec
500 1450 779 1523 aﬂ'ectum,
834 1446 937 1511 nec
963 1453 1226 1525 patriam,
1275 1462 1374 1509 nec
1431 1452 1688 1521 honores,

130 1571 213 1609 nec
236 1553 442 1608 divitias
476 1551 741 1622 praeferre
772 1549 1066 1604 debemus:
1107 1547 1234 1619 quia
1280 1546 1541 1617 scriptum
1570 1554 1690 1602 est:

126 1644 333 1700 Premit
370 1644 534 1717 hujus
582 1642 769 1695 mundi
809 1642 980 1713 ﬁgura
1016 1638 1077 1711 (l
1107 1638 1226 1694 Cor.
1262 1640 1406 1708 vtt):
1450 1638 1515 1692 Et
1538 1678 1552 1703 ,
1589 1635 1692 1702 Qui

1799 426 1968 479 amat,
2018 432 2123 472 nec
2171 418 2367 484 quaerit
2424 431 2770 472 susurrones.
2805 416 2951 471 Laus
3002 416 3404 488 quippejustos

1798 510 2027 576 cruciat,
2047 510 2265 580 iniquos
2294 509 2525 575 exaltat;
2561 510 2655 565 sed
2680 510 2857 579 iustos
2880 510 3003 564 dum
3029 510 3237 564 cruciat
3270 522 3403 579 pur-

1797 614 1920 675 gat:
1950 604 2165 673 iniquos
2194 603 2323 658 dum
2358 603 2620 670 laetiﬁcat,
2653 604 2926 673 reprobos
2956 612 3249 658 monstrat.

1868 696 2015 752 Nulli
2046 698 2332 751 detrahas:
2360 712 2461 751 nec
2490 697 2543 750 iu
2574 711 2641 751 eo
2669 704 2721 751 te
2747 705 2993 751 sanctum
3019 704 3195 766 putes,
3224 697 3267 752 si
3295 713 3403 754 ca:-

1800 799 1946 846 teros
1978 791 2214 845 laceras.
2270 788 2607 844 Accusamus
2655 802 2801 858 saepe
2855 788 2998 859 quod
3047 785 3313 861 facimus,
3347 798 3405 846 et

1797 892 1988 940 eontra
2014 885 2383 954 nosmetipsos
2412 882 2625 949 diserti,
2650 881 2703 935 in
2720 890 2903 936 nostra
2922 881 3400 949 vitiainvehimur,

1798 978 1929 1031 muti
1962 975 2029 1030 de
2059 974 2440 1045 eloquentibus
2459 971 3109 1042 judicantes.Numquam
3143 973 3403 1042 hujusce-

1797 1068 1943 1123 modi
1977 1068 2288 1121 bominihus
2314 1065 2632 1135 appliceris:
2662 1078 2727 1119 ne
2749 1063 2989 1119 declines
3019 1080 3117 1119 cor
3158 1076 3305 1119 tuum
3340 1067 3397 1121 in

1796 1160 1959 1216 verba
2006 1159 2227 1213 malitiae
2252 1159 2269 1230 (
2298 1157 2449 1211 Psal.
2476 1156 2626 1227 exc),
2658 1164 2711 1211 et
2739 1157 2959 1212 audias:
2992 1156 3187 1212 Sedens
3217 1159 3403 1213 adver-

1797 1268 1885 1308 sus
1911 1253 2123 1323 fratrem
2151 1261 2297 1306 tuum
2328 1249 2654 1321 loquebaris,
2699 1258 2747 1303 et
2778 1250 3050 1304 adversum
3078 1251 3245 1319 ﬁliam
3294 1268 3406 1305 ma-

1799 1347 1892 1401 tris
1925 1353 2027 1399 tua
2056 1345 2281 1417 ponebas
2308 1340 2618 1397 scandalum
2653 1341 2829 1413 (Psal.
2857 1344 3026 1414 xui).
3063 1342 3135 1399 Et
3165 1347 3407 1414 apertius

1796 1440 1851 1495 in
1878 1436 2237 1495 Ecclesiaste:
2271 1436 2419 1492 Sicut
2450 1435 2653 1490 mordet
2690 1450 2903 1507 serpens
2946 1435 3005 1489 in
3051 1437 3292 1492 silentio:
3338 1439 3412 1494 sic

1795 1544 1844 1589 et
1866 1535 1953 1605 qtti
1982 1533 2135 1603 fratri
2159 1546 2252 1585 suo
2283 1531 2336 1583 in
2366 1529 2569 1584 occulto
2596 1528 2825 1582 detrahit
2856 1525 3046 1598 (Eccl.
3072 1528 3162 1599 κ).
3198 1530 3304 1584 Sed
3328 1531 3410 1585 di—

1795 1628 1906 1685 cis:
1938 1629 2053 1699 ipse
2082 1642 2191 1682 non
2223 1624 2485 1680 detraho:
2524 1622 2645 1678 aliis
2675 1623 3045 1693 loquentibus,
3070 1624 3197 1693 quid
3223 1624 3406 1680 facere

126 1742 241 1792 tein:
263 1715 512 1791 mandem
560 1736 843 1789 dilexerint
866 1777 881 1799 ,
939 1746 1057 1787 cum
1083 1731 1278 1785 mundo
1306 1729 1561 1801 peribunt.
1606 1728 1693 1784 Illi
1723 1725 1774 1787 B
1802 1736 2018 1794 possunt
2054 1718 2227 1792 (Psal.
2260 1715 2542 1790 cvm)?Ad
2574 1715 2915 1771 excusandas
2935 1718 3320 1772 excusationes
3350 1718 3403 1774 in

124 1846 231 1903 ergo
254 1830 581 1895 inlinemus,
636 1827 729 1895 qui
762 1826 1121 1881 militantibus
1147 1824 1251 1880 sibi
1298 1820 1533 1893 gloriam
1566 1818 1696 1877 vita}

124 1924 272 1977 artatis
317 1936 429 1977 sua:
455 1963 471 1986 ,
527 1930 584 1976 et
611 1919 809 1975 divina:
846 1916 1179 1988 eugriitionis
1207 1916 1541 1971 consortium
1598 1928 1698 1984 pe-

124 2030 267 2071 renne
290 2016 536 2086 largitur.
556 2012 691 2068 Nam
720 2013 899 2066 nullus
932 2024 1025 2065 rex
1062 2020 1333 2073 terrenus,
1364 2008 1525 2062 totius
1547 2007 1697 2061 orbis

124 2110 353 2165 Dominus
378 2120 487 2173 εει,
518 2102 772 2183 Christus
798 2115 980 2161 autem
1027 2106 1194 2159 tutius
1226 2103 1414 2159 mundi
1446 2117 1541 2157 rex
1577 2109 1693 2156 est:

120 2207 225 2275 quia
250 2204 417 2259 omnia
446 2201 817 2273 perChristum
851 2205 988 2270 facta
1013 2208 1132 2253 sunt
1159 2197 1345 2266 (Joan.
1380 2198 1444 2268 1).
1478 2196 1542 2251 Et
1567 2195 1696 2266 quia

121 2300 308 2369 regnum
334 2297 577 2352 (telarum
608 2294 711 2350 vim
737 2295 955 2366 patitur,
1011 2303 1057 2346 et
1084 2291 1294 2346 violenti
1318 2289 1529 2360 rapiunt
1558 2288 1696 2343 illud

123 2364 315 2463 (intrii.
344 2392 453 2459 1r):
486 2386 611 2443 talis
633 2364 893 2443 violentia
928 2386 1041 2440 Deo
1066 2397 1219 2455 grata
1244 2393 1349 2451 est,
1383 2397 1505 2452 qua:
1526 2364 1719 2436 ttenii-"

122 2498 225 2538 nem
249 2485 507 2547 concutit,
546 2482 751 2537 nullius
797 2482 1000 2535 damno
1034 2479 1251 2534 nititur.
1283 2477 1339 2532 ln
1364 2477 1504 2531 hanc
1546 2475 1695 2546 rapi-

122 2586 229 2630 aaol
260 2586 446 2630 manus
474 2584 595 2629 tuas
620 2575 775 2628 mitte
803 2572 910 2646 [AL
949 2570 1156 2642 verte].
1181 2586 1305 2642 qure
1330 2571 1537 2625 crimen
1587 2582 1695 2623 non

122 2669 288 2735 habet,
308 2681 359 2725 et
391 2671 606 2723 confert
628 2668 886 2722 salutem.
913 2666 1326 2721 Sollicitudines
1355 2662 1463 2736 [ΑΙ.
1493 2663 1694 2718 Neces-

119 2758 398 2835 sitttdin‘esi
440 2764 589 2818 etaim
618 2766 824 2817 nostra:
847 2761 1117 2825 carnales,
1162 2770 1367 2827 quanto
1413 2755 1695 2811 chariores

119 2867 259 2914 sunt:
306 2862 462 2914 tanto‘
499 2859 628 2929 plus
683 2868 783 2912 nos
838 2856 1175 2910 discruciant
1219 2863 1273 2909 et
1320 2852 1565 2922 fatigant.
1618 2852 1696 2906 Ac

118 2948 325 3020 proinde
350 2964 651 3020 numquam
683 2950 737 3004 in
760 2948 1069 3006 carnalibus
1100 2946 1479 3002 atlectionihus
1512 2945 1583 2999 ita
1607 2958 1694 2998 re-

114 3042 327 3113 quiescit
362 3026 603 3111 animus,
632 3052 692 3096 ut
729 3042 973 3097 cruciatu
999 3049 1209 3095 careat:
1241 3039 1366 3093 dum
1397 3037 1695 3094 necessitu-

114 3134 429 3204 dinhsnas,
461 3142 556 3193 aut
605 3136 778 3191 bonas
830 3144 974 3189 amat
1031 3149 1154 3190 cum
1195 3132 1475 3187 amittendi
1526 3142 1696 3198 metu,

112 3226 199 3284 εστ
243 3228 418 3286 malas
466 3230 584 3285 edit
627 3244 752 3285 cum
809 3227 1097 3283 amittendi
1141 3239 1308 3283 voto:
1359 3226 1414 3281 in
1467 3234 1696 3295 utroque

111 3320 428 3383 Medis
463 3320 701 3382 miseriis
732 3341 946 3395 semper
975 3323 1247 3380 obnoxius
1276 3330 1375 3377 est.
1410 3320 1693 3377 Commota

109 3414 301 3490 ergiilit
327 3420 530 3476 melius
553 3422 719 3475 vitam
754 3427 921 3483 tuam,
955 3427 1011 3471 ut
1032 3428 1235 3472 aeterno
1262 3414 1375 3471 Deo
1404 3414 1514 3488 [AL
1538 3411 1695 3487 Regi]

110 3508 325 3583 ιηωῇω
378 3507 660 3575 militare,
719 3508 772 3566 et
818 3512 982 3565 Deum
1038 3508 1239 3564 habeas
1305 3517 1691 3578 protectorem.

105 3602 245 3660 ξω
280 3610 461 3660 tamen
496 3604 652 3660 multi
683 3604 772 3674 qui
802 3616 907 3658 non
952 3610 1097 3656 metu
1130 3616 1432 3671 poenarum,
1475 3598 1570 3654 sed
1604 3598 1696 3654 be-

106 3694 466 3754 meum
528 3700 585 3752 et
632 3696 1116 3766 repromissionum
1172 3692 1448 3749 desiderio
1470 3691 1694 3746 veniunt

100 3788 446 3849 λιμναῖα».
485 3791 636 3847 Niltil
666 3793 814 3846 enim
870 3804 952 3846 est
1000 3791 1220 3860 dignius
1247 3804 1407 3860 quam
1436 3796 1491 3842 ut
1532 3788 1694 3842 homo

104 3880 438 3942 itﬁetoris
468 3886 736 3949 imitator,
770 3894 825 3940 et
847 3882 1144 3939 secundum
1189 3882 1407 3937 modum
1457 3882 1694 3953 propriae

98 3974 413 4043 Vidit-tis;
462 3976 639 4033 divini
695 3978 768 4033 sit
820 3979 1006 4047 operis
1056 3982 1368 4032 exsecutor.
1427 3973 1559 4028 Nam
1602 3973 1692 4044 qui

96 4068 400 4129 ﬂuxit
443 4070 721 4133 nucleum,
756 4070 977 4141 frangat
1006 4084 1222 4123 nucem.
1252 4069 1546 4138 Apostolus
1578 4068 1649 4121 ait
1679 4085 1691 4123 :

90 4158 488 4224 minim
522 4165 701 4221 fuerat
728 4167 1002 4220 hominem
1031 4165 1244 4218 subisse
1273 4162 1605 4233 conil'gl‘m"
1640 4171 1694 4219 θί

88 4250 405 4319 ωηο
435 4274 537 4332 per
558 4252 738 4331 plana,
770 4274 930 4329 quam
959 4257 1024 4314 ad
1054 4257 1246 4313 altiora
1278 4256 1612 4325 tendentem,
1638 4258 1691 4313 in

86 4342 428 4427 “dum
448 4353 645 4410 inferni
670 4356 886 4409 cauere.

602 4538 603 4541 η
699 4475 925 4536 CAPUT
964 4477 1111 4534 XIX.

78 4588 171 4657 ᾗ·
196 4593 383 4652 lude
411 4602 459 4653 α
510 4593 831 4650 detractione
860 4592 1123 4676 uvitanda,
1164 4599 1210 4647 et
1243 4591 1487 4663 periculis
1533 4591 1693 4663 hujus

824 4679 958 4720 ινιηε.

134 4802 510 4865 heredes
560 4805 935 4861 laudatoribus
969 4804 1105 4873 tuis,
1164 4804 1330 4860 immo
1379 4802 1697 4859 irrisoribus

70 4912 263 4959 ut.
288 4918 375 4959 ne
406 4903 641 4956 libenter
660 4916 918 4956 aceomnn
941 4898 1058 4953 des.
1115 4896 1304 4954 Omnis
1331 4897 1460 4953 falsa
1489 4897 1689 4968 ρι’ωαί-

70 4998 513 5065 “gestator
535 4994 706 5060 lucra,
737 4994 1045 5064 etgloriatn
1070 4991 1599 5063 quteritbumanam,
1636 5002 1694 5045 ut

66 5090 455 5169 μεμε-ιω
503 5097 801 5145 nascantur
829 5088 1171 5158 compendia.
1203 5086 1449 5157 Laudent
1479 5097 1532 5142 te
1570 5101 1695 5141 esu-

64 5168 347 5269 ψ
383 5184 627 5259 uiscera,
654 5200 761 5237 non
786 5182 1119 5238 ruetantium
1142 5182 1397 5251 opulenta
1412 5179 1692 5235 convivia:

64 5272 339 5337 ..ιω
370 5277 585 5348 quippe
616 5272 848 5331 blandus
881 5276 1133 5328 inimicus
1175 5283 1277 5329 est.
1311 5273 1554 5328 Naturali
1596 5272 1698 5327 du-

64 5366 474 5447 M,_lnalo.
508 5370 907 5426 Atlulaturibtts
928 5371 1132 5425 nostris
1165 5354 1395 5424 libenter
1427 5370 1693 5433 lavemus,

64 5452 160 5541 6
160 5474 221 5527 1
226 5440 421 5540 φίλω
462 5478 569 5519 nos
618 5456 1049 5534 resptindt‘alllUS
1102 5462 1373 5535 indignos,
1413 5462 1698 5519 “calidus

468 5546 794 5629 perfundat:
848 5556 1027 5611 tamen
1083 5554 1149 5611 ad
1200 5556 1414 5612 laudem
1446 5572 1597 5611 suam
1622 5557 1703 5611 in-

246 5656 277 5681 ἰ

1803 1815 2044 1887 peccatis
2071 1814 2171 1867 ista
2204 1809 2617 1882 prartendimus.
2649 1808 2897 1865 Christus
2918 1817 3036 1865 arte
3062 1824 3168 1865 non
3194 1810 3403 1866 deludi-

1800 1918 1914 1963 tur:
1958 1919 2298 1975 nequaquam
2335 1916 2488 1969 mea,
2533 1902 2628 1957 sed
2660 1900 2911 1971 Apostoli
2959 1903 3229 1957 sententia
3286 1913 3400 1959 est:

1802 2000 1983 2055 Nolite
2017 2015 2213 2063 errare,
2244 1996 2389 2051 Deus
2435 2013 2539 2051 non
2584 1997 2872 2051 irridetur:
2898 1996 2987 2053 ille
3014 1998 3065 2051 in
3093 1998 3269 2066 corde,
3301 2016 3406 2054 non

1798 2095 2025 2151 videmus
2064 2095 2116 2148 in
2150 2093 2284 2165 facie
2316 2090 2457 2162 (Gal.
2488 2089 2587 2163 vr).

1870 2189 2131 2246 Salomon
2188 2185 2431 2256 loquitur
2479 2185 2534 2239 in
2579 2184 2922 2240 Proverbiis:
2980 2182 3186 2240 Ventus
3212 2186 3405 2257 Aquilo

1799 2282 2017 2353 dissipat
2066 2279 2248 2345 nubes,
2308 2288 2353 2331 et
2397 2278 2569 2333 vultus
2592 2278 2756 2331 tristis
2787 2278 2993 2348 linguas
3022 2277 3407 2331 detrahentium

1801 2374 1983 2449 (Prov.
2015 2373 2163 2445 xxv).
2209 2372 2363 2428 Sicut
2390 2374 2533 2426 enim
2574 2371 2767 2439 sagitta
2823 2371 2867 2425 si
2912 2372 3159 2425 mittatur
3214 2382 3410 2426 contra

1799 2469 1989 2523 duram
2014 2465 2319 2533 materiam,
2362 2478 2772 2535 nonnumquam
2804 2464 2856 2518 in
2884 2463 3186 2519 mittentem
3216 2480 3405 2519 rever-

1800 2563 1952 2625 titur,
1993 2572 2048 2616 et
2086 2560 2335 2615 vulnerat
2380 2558 2797 2612 vulnerantem:
2839 2556 2996 2625 quta
3049 2556 3204 2623 illud,
3249 2554 3403 2610 Facti

1799 2662 1915 2708 sunt
1941 2650 2067 2705 mihi
2104 2652 2160 2705 in
2199 2666 2376 2705 arcum
2407 2666 2623 2719 pravum
2650 2648 2798 2719 (Ose.
2830 2649 2957 2719 vn).
3006 2647 3075 2702 Et
3102 2647 3262 2703 alibi:
3301 2647 3407 2715 Qui

1799 2745 1951 2798 mittit
1996 2744 2051 2797 in
2090 2742 2254 2795 altum
2309 2740 2564 2811 lapidem,
2598 2738 2779 2794 recidit
2809 2738 2862 2793 in
2888 2748 3045 2810 caput
3069 2742 3183 2811 ejus
3212 2739 3229 2807 (
3256 2734 3405 2793 Eccl.

1800 2854 1948 2893 xxvn
1974 2837 2030 2908 ),°
2087 2838 2157 2892 ita
2210 2836 2521 2902 detractor,
2553 2850 2673 2890 cum
2713 2835 2923 2888 tristem
2964 2830 3161 2888 viderit
3198 2832 3393 2888 faciem

1800 2931 2292 2996 audientis,1immo
2322 2943 2429 2983 non
2461 2927 2731 2982 audientis
2761 2926 2999 2997 quidem,
3021 2925 3116 2981 sed
3145 2925 3406 2981 obturan-

1802 3025 1869 3079 tis
1901 3034 2063 3079 aures
2109 3028 2271 3089 suas,
2308 3036 2378 3076 ne
2409 3020 2594 3075 audiat
2616 3019 2877 3091 judicium
2924 3019 3227 3090 sanguinis,
3258 3019 3405 3075 illico

1727 3118 1774 3185 C
1806 3117 2142 3181 contieescit,
2175 3115 2340 3186 pallet
2374 3112 2577 3179 vultus,
2610 3113 2818 3168 luerent
2844 3112 3010 3180 labia,
3036 3113 3205 3167 saliva
3229 3112 3405 3167 sicca-

1805 3226 1911 3269 tur.
1960 3211 2113 3267 Unde
2143 3210 2285 3264 idem
2320 3210 2403 3263 vir
2430 3205 2830 3278 sapiens:Cnm
2858 3205 3254 3269 detractoribus,
3313 3196 3400 3260 in-

1802 3307 1940 3380 quit,
1996 3321 2060 3359 ne
2105 3302 2400 3357 miscearis:
2438 3300 2684 3369 quoniam
2718 3306 2927 3368 repente
2956 3298 3119 3351 veniet
3171 3297 3397 3369 perditio

1800 3414 2009 3454 eorum:
2055 3406 2102 3451 et
2135 3396 2339 3449 ruinam
2376 3393 2647 3462 utriusque
2692 3390 2807 3462 quis
2836 3392 2974 3444 novit
2998 3388 3180 3461 (Prov.
3215 3388 3406 3460 XXIV)?

1801 3503 1910 3550 tam
1944 3492 2155 3547 scilicet
2181 3488 2298 3559 ejus
2327 3488 2416 3559 qui
2447 3486 2712 3556 loquitur,
2746 3498 2908 3554 quam
2942 3483 3097 3537 illius
3130 3482 3218 3553 qtti
3253 3482 3407 3538 audit

1804 3588 2141 3657 loquentem.
2190 3582 2255 3636 Et
2285 3578 2573 3634 Timotheo
2618 3577 2843 3640 dicitur,
2896 3574 3157 3630 Adversus
3187 3575 3398 3646 presby-

1800 3690 1967 3736 terum
1997 3675 2383 3731 accusationem
2406 3664 2529 3744 [AL
2556 3669 2683 3724 add.
2711 3668 2843 3739 cito]
2870 3686 2933 3723 ne
2955 3671 3237 3739 acceperis.
3274 3667 3407 3722 Per-

1800 3780 2004 3830 cantem
2037 3782 2212 3825 autem
2253 3780 2425 3821 coram
2456 3763 2691 3819 omnibus
2722 3777 2901 3833 argue,
2928 3772 2982 3815 ut
3014 3761 3187 3815 ca’leri
3215 3771 3406 3814 metum

1797 3866 2025 3921 habeant
2081 3862 2144 3935 Η
2189 3856 2523 3928 Timoth.v).
2584 3854 2700 3910 Non
2748 3863 2832 3909 est
2878 3854 3032 3907 facile
3059 3852 3129 3908 de
3161 3854 3397 3920 perfecta

1798 3966 1959 4017 male
2004 3955 2363 4017 credendam,
2416 3960 2575 4021 quam
2608 3958 2661 4003 et
2691 3946 2799 4001 vita
2828 3945 3101 4017 prmterita
3130 3942 3395 4013 defendit,

1798 4066 1851 4114 et
1890 4052 2124 4111 honorat
2163 4047 2486 4104 Vocabulum
2533 4042 2841 4116 dignitatis.
2900 4042 2956 4099 Si
2989 4048 3077 4097 me
3125 4041 3292 4111 igitur
3317 4043 3400 4098 vis

1797 4144 1997 4218 corrigi
2043 4143 2474 4213 delinquentem.
2525 4147 2713 4207 aperte
2757 4136 3013 4206 increpa:
3069 4143 3273 4192 tantum
3307 4151 3400 4191 oc-

1796 4243 1944 4299 culte
1975 4255 2043 4295 ne
2068 4236 2341 4293 mordeas.
2381 4232 2638 4302 Corripiet
2667 4247 2746 4284 me
2762 4231 2939 4302 justus
2960 4228 3013 4283 in
3040 4232 3397 4285 misericbrdia

1798 4346 1845 4394 et
1890 4332 2194 4401 increpabit.
2226 4329 2409 4385 Oleum
2440 4325 2724 4398 peccatoris
2754 4340 2856 4378 non
2906 4324 3191 4395 impinguet
3243 4334 3398 4395 caput

1802 4436 1971 4489 meum
2020 4425 2364 4497 (Psal.c.\i.).
2416 4421 2548 4477 Nam
2594 4420 2648 4475 in
2704 4418 3107 4488 comparatione
3163 4416 3398 4473 duorum

1718 4518 1770 4581 D
1800 4529 2102 4590 malorum,
2150 4520 2322 4576 levius
2352 4519 2554 4574 malum
2606 4524 2691 4571 est
2720 4524 2906 4585 aperte
2936 4527 3187 4585 peccare,
3234 4529 3398 4585 quam

1797 4618 2057 4678 simulare
2080 4624 2131 4670 et
2165 4614 2368 4685 tingere
2397 4610 2761 4667 sanctitatem.

1869 4712 2007 4783 Quid
2037 4707 2351 4766 vulneribus
2397 4703 2502 4760 tuis
2549 4700 2791 4771 prodest,
2823 4700 2865 4755 si
2901 4715 3002 4771 ego
3027 4701 3180 4758 luero
3204 4701 3398 4757 vulne-

1797 4808 1989 4867 ratus?
2019 4822 2086 4862 an
2136 4803 2391 4859 solatium
2436 4797 2675 4870 percussi
2715 4804 2799 4851 est
2839 4796 3073 4851 amicum
3103 4810 3286 4852 secum
3320 4794 3400 4847 vi-

1797 4906 1928 4961 dere
1961 4895 2323 4957 morientem?
2355 4892 2491 4963 Quid
2525 4893 2667 4948 enim
2721 4889 2855 4946 mihi
2912 4890 3170 4961 prodest,
3204 4888 3249 4943 si
3278 4887 3402 4942 aliis

1801 4999 1937 5055 mala
1967 5010 2084 5052 mea
2134 4993 2364 5054 referas,
2412 4988 2479 5057 si,
2514 5001 2600 5042 me
2628 4982 2929 5051 nesciente,
2967 4984 3207 5054 peccatis
3238 4980 3397 5046 meis,

1800 5082 1967 5149 immo
1998 5082 2433 5144 detractionibus
2482 5072 2590 5135 tuis
2633 5078 2795 5133 alium
2847 5078 3142 5133 vulneres:
3196 5082 3401 5129 etcum

1800 5181 2046 5243 certatim
2090 5177 2342 5234 omnibus
2372 5186 2585 5240 narres,
2610 5173 2688 5228 sic
2710 5170 2934 5241 singulis
2952 5167 3213 5238 loquaris,
3246 5162 3409 5238 quasi

1804 5280 1936 5337 nulli
1963 5268 2118 5331 alteri
2149 5270 2398 5327 dixeris?
2446 5267 2557 5323 Iloc
2586 5256 2692 5321 non
2722 5274 2803 5320 est
2844 5279 2928 5317 me
2957 5259 3273 5328 emendare,
3309 5257 3407 5313 sed

1808 5372 1939 5429 vitio
1970 5381 2061 5423 tuo
2086 5366 2425 5421 satisfacere.
2486 5357 2752 5427 Praecepit
2782 5355 2926 5410 enim
2964 5352 3223 5408 Dominus
3276 5364 3409 5420 pec-

1809 5473 1999 5521 cantes
2028 5472 2048 5499 ³
2082 5461 2134 5516 in
2170 5475 2269 5514 nos
2314 5453 2469 5525 argui
2501 5452 2701 5508 debere
2728 5452 2947 5505 sccretu’
2973 5490 2986 5513 ,
3044 5446 3131 5501 vel
3165 5440 3410 5497 adhibito

1816 5566 1979 5615 teStc.
2012 5554 2078 5612 Et
2104 5552 2151 5610 si
2199 5546 2389 5609 audire
2416 5545 2716 5617 noluerint,
2768 5540 2965 5601 releiri
2996 5540 3060 5598 ad
3088 5536 3412 5605 Ecclesiam,

136 5740 409 5811 im
432 5738 624 5801 minus
648 5745 801 5798 recte
830 5746 977 5810 erat,
1007 5744 1274 5815 peccantes
1303 5735 1567 5796 interdum
1594 5749 1809 5811 arguere
1826 5732 2037 5815 debere,
2066 5741 2176 5792 etc.
