4002 6300
530 238 643 305 367

1579 228 1641 300 S.
1680 230 2067 300 HIERONYMI
2105 230 2395 299 OPERUM
2431 227 2804 297 MANTISSA.

3692 227 3779 298 368

535 364 928 438 habendosque
972 356 1032 420 in
1083 362 1227 420 malo
1257 361 1589 435 pertinaces,
1622 365 1779 436 quasi
1815 365 2063 421 ethnicos
2087 370 2141 419 et
2164 363 2219 426 Α
2244 371 2512 418 calorum.
2544 358 2652 417 Sed
2675 366 2861 413 tamen
2905 351 3016 412 cito
3044 352 3186 427 ignis
3211 350 3423 426 stipulae
3465 357 3781 429 conquiescit,

535 461 880 532 publicanos.
912 459 1046 515 Nam
1084 458 1300 529 ingenia
1329 456 1634 514 liberaliter
1655 457 1903 527 educata,
1928 456 2141 512 facilius

541 554 876 611 verecundia
902 567 1061 624 quam
1112 559 1291 606 metus
1333 557 1577 621 superat,
1608 559 1663 605 et
1700 564 1836 621 quos
1868 557 2141 604 tormenta

542 664 656 706 non
706 648 958 717 vincunt,
1015 646 1294 701 interdum
1342 646 1512 701 vincit
1535 644 1726 715 pudor.
1789 643 1945 700 Licet
1972 642 2143 699 multo

538 741 741 797 melius
755 747 842 796 est
862 738 1061 795 timore
1085 752 1371 808 poenarum
1392 738 1689 795 emendare
1709 743 1954 807 peccata,
1979 750 2141 807 quam

541 847 642 905 spe
682 848 1074 903 prosperorum
1115 831 1315 887 divina:
1362 830 1649 901 subiacere
1695 829 2004 887 sententiae.
2040 825 2145 896 Qui

542 926 691 982 enim
723 940 835 981 non
876 924 1115 982 senserit
1142 924 1314 980 Deum
1344 938 1443 995 per
1481 921 1776 990 beneﬁcia,
1818 921 2020 978 sentiet
2044 933 2144 991 per

540 1020 825 1092 supplicia.

615 1110 907 1178 Caeterum,
942 1108 1148 1181 grande
1185 1116 1467 1180 peccatum
1496 1115 1580 1166 est
1612 1108 1794 1165 odisse
1838 1105 2143 1177 corripien-

541 1215 687 1261 tem:
738 1204 982 1259 maxime
1028 1204 1076 1258 si
1126 1210 1181 1261 te
1210 1220 1319 1259 non
1344 1203 1493 1269 odio,
1526 1202 1623 1258 sed
1653 1216 1838 1258 amore
1859 1200 2139 1271 corripiat.

541 1296 743 1353 Contra
770 1312 872 1353 nos
894 1304 1077 1352 autem
1109 1297 1290 1353 omnis
1314 1304 1583 1353 consonat
1605 1296 1829 1362 chorus,
1859 1304 1915 1351 et
1942 1295 2145 1350 latrant

541 1393 799 1448 universa
830 1392 1084 1447 subsellia
1106 1408 1119 1445 :
1138 1391 1440 1463 junguntur
1459 1397 1516 1447 et
1535 1390 1715 1446 nostri
1734 1388 1958 1455 ordinis,
1975 1388 2069 1458 qui
2091 1394 2147 1444 et

540 1483 814 1539 roduntur
839 1492 893 1539 et
927 1484 1159 1539 rodunt:
1212 1484 1501 1540 adversum
1532 1496 1633 1538 nos
1654 1482 1929 1552 loquaces,
1958 1495 2062 1551 pro
2083 1495 2145 1538 se

538 1579 703 1644 muti,
728 1576 885 1648 quasi
913 1576 1017 1647 ipsi
1039 1576 1128 1632 alii
1158 1577 1269 1632 sint
1289 1593 1450 1647 quam
1472 1574 1758 1633 monachi:
1788 1583 1841 1630 et
1863 1588 1969 1629 non
1989 1573 2146 1644 quid-

541 1670 675 1743 quid
704 1670 758 1726 in
790 1670 1092 1726 monachos
1119 1669 1352 1739 dicitur,
1400 1668 1671 1724 redundet
1693 1668 1749 1722 in
1772 1666 2021 1733 clericos,
2054 1666 2145 1736 qui

544 1772 733 1834 patres
774 1772 904 1819 sunt
935 1762 1358 1819 monachorum.
1392 1762 1787 1818 Detrimentum
1814 1759 2027 1831 pecoris
2051 1773 2148 1837 pag

541 1856 711 1911 storis
750 1856 1049 1926 ignominia
1093 1863 1206 1912 est:
1240 1855 1383 1910 sicut
1411 1870 1441 1910 c
1465 1854 1694 1925 regione
1716 1853 1860 1909 illius
1890 1853 2143 1909 monachi

543 1947 658 2003 vita
688 1946 960 2003 laudanda
986 1957 1103 2017 est,
1134 1946 1224 2018 qui
1254 1947 1596 2002 venerationi
1627 1945 1792 2002 habet
1828 1945 2145 2001 sacerdotes

544 2038 776 2096 Christi:
808 2048 862 2095 et
887 2055 994 2095 non
1016 2039 1255 2096 detrahit
1283 2039 1499 2111 gradui,
1524 2054 1623 2109 per
1647 2052 1810 2109 quem
1841 2037 2017 2094 factus
2062 2045 2147 2096 est

544 2130 918 2187 Christianus.
948 2131 1084 2187 Nam
1111 2132 1328 2203 quando
1359 2141 1417 2187 et
1450 2130 1687 2188 inimicis
1715 2131 2021 2201 praebemus
2050 2130 2147 2188 be-

542 2225 762 2293 neﬁcia,
808 2225 1049 2295 ipsorum
1100 2225 1367 2280 malitiam
1399 2233 1584 2280 nostra
1638 2224 1880 2281 bonitate
1908 2239 2145 2296 supera-

542 2332 699 2373 mus:
736 2326 791 2372 et
830 2317 1108 2373 mollimus
1144 2318 1422 2383 duritiam,
1455 2324 1511 2372 et
1535 2318 1733 2372 iratum
1792 2317 2035 2372 animum
2078 2316 2147 2375 ad

541 2410 991 2468 benevolentiam
1024 2410 1136 2482 [AL
1160 2412 1228 2465 ad
1256 2407 1566 2480 mollitiem]
1597 2409 1888 2466 ﬂectimus.

614 2502 724 2558 Sed
756 2516 856 2558 nec
879 2501 979 2558 ille
1014 2501 1224 2569 absque
1256 2500 1478 2557 invidiae
1514 2500 1811 2559 infectione
1856 2501 1966 2574 [AL
2007 2501 2151 2559 infe-

544 2593 808 2666 stationej
832 2595 955 2649 esse
981 2592 1208 2663 poterit,
1257 2592 1349 2663 qui
1379 2592 1484 2648 soli
1528 2592 1643 2649 Deo
1688 2593 1908 2665 placere
1948 2596 2151 2665 gestie-

548 2686 645 2742 rit.
673 2685 887 2741 Invidia
918 2687 1063 2742 enim
1088 2700 1199 2742 non
1229 2693 1341 2741 tam
1370 2685 1634 2742 humanas
1656 2685 1957 2757 amicitias,
1986 2702 2151 2759 quam

542 2778 718 2835 solam
748 2778 845 2835 Dei
874 2777 981 2852 [Αι.
1032 2786 1134 2834 tac.
1190 2778 1602 2850 Deijjustitiam
1633 2782 1996 2851 persequitur.
2047 2781 2151 2849 Qui

542 2869 765 2926 invidus
817 2880 943 2939 est,
990 2870 1170 2926 aliena
1225 2871 1484 2941 felicitate
1526 2880 1858 2942 torquetur:
1892 2873 2150 2944 quoniam

543 2962 724 3018 virtus
749 2976 970 3032 semper
997 2962 1219 3017 invidia:
1249 2971 1419 3033 patet.
1448 2960 1681 3018 Difficile
1710 2977 1929 3035 quoque
1972 2964 2153 3019 evadit

548 3056 872 3127 opprobria,
896 3055 988 3110 cui
1016 3061 1102 3110 est
1130 3056 1308 3110 amica
1331 3053 1547 3125 iustitia
1578 3073 1592 3109 :
1634 3057 1799 3111 immo
1830 3056 1877 3111 si
1905 3058 2026 3128 quis
2067 3058 2153 3128 pie

545 3148 732 3203 vivere
760 3146 1039 3213 voluerit,
1069 3145 1240 3217 iniqui
1291 3146 1544 3216 protinus
1598 3146 1854 3203 irrisione
1895 3146 2150 3217 blaSphe-

545 3245 725 3295 mant.
805 3237 933 3294 Haec
999 3252 1218 3309 quoque
1287 3245 1373 3293 est
1425 3238 1762 3295 consuetudo
1821 3237 2160 3295 detrahentis

549 3333 685 3406 [AL
725 3332 1092 3405 peccantis],
1147 3341 1207 3388 ut
1259 3330 1462 3387 malum
1536 3347 1695 3388 suum
1751 3346 1968 3403 semper
2026 3332 2161 3389 velit

552 3426 807 3497 negando
851 3426 1162 3498 germinare
1191 3467 1209 3496 ,
1261 3434 1317 3481 et
1378 3425 1563 3482 dicere
1594 3467 1610 3495 ,
1663 3434 1779 3482 aut-
1806 3442 1915 3483 non
1964 3425 2161 3484 fecisse

552 3522 701 3591 quod
748 3519 882 3577 fecit
910 3561 927 3589 ,
968 3527 1063 3576 aut
1104 3519 1251 3575 bono
1300 3530 1585 3590 operatum
1644 3520 1787 3577 zelo.
1829 3520 1915 3577 Nil
1961 3522 2161 3578 mirum

555 3628 685 3684 ergo
732 3614 781 3668 si
833 3620 1024 3668 contra
1077 3626 1166 3669 me
1208 3628 1432 3683 parvum
1486 3612 1877 3670 homunculum
1926 3615 2161 3671 immun-

555 3705 644 3763 dae
694 3719 827 3763 sues
871 3704 1200 3777 grunniunt,
1253 3712 1310 3760 et
1374 3705 1603 3775 pedibus
1658 3708 1978 3779 margaritas
2026 3722 2161 3765 con-

553 3799 795 3866 culcant,
826 3812 1011 3870 neque
1049 3797 1247 3871 procul
1297 3798 1369 3854 ab
1395 3798 1627 3855 urbibus
1654 3842 1669 3869 ,
1716 3798 1841 3855 foro
1866 3844 1882 3869 ,
1932 3800 2157 3871 litibus,

558 3892 842 3964 turbisque
866 3899 1164 3961 remotum,
1192 3892 1383 3964 sicque
1406 3892 1666 3948 latentem
1688 3893 1894 3964 reperit
1933 3893 2161 3952 invidia.

554 3984 790 4040 Tantum
816 3986 965 4041 enim
994 3999 1083 4040 me
1120 3983 1360 4056 diligunt
1386 3984 1675 4053 haeretici,
1706 3985 1853 4057 quod
1904 3986 2026 4043 sine
2072 4003 2163 4045 me

559 4092 684 4134 esse
714 4093 826 4133 non
853 4084 1104 4147 possunt.
1133 4078 1396 4133 Omittam
1420 4092 1682 4150 personas
1715 4097 1730 4136 :
1758 4079 1925 4138 rebus
1954 4090 2163 4139 tantum

562 4179 621 4227 et
643 4169 973 4227 criminibus
997 4177 1083 4224 est
1119 4170 1588 4240 respondendum.

643 4263 796 4319 Nihil
828 4276 1009 4319 causa;
1029 4261 1257 4333 prodest
1277 4263 1730 4322 maledicentibus
1751 4267 2162 4339 remaledicere,

572 4365 629 4415 et
664 4356 1011 4412 adversarios
1035 4354 1238 4412 talione
1283 4356 1563 4425 mordere,
1596 4371 1720 4413 cum
1746 4368 2077 4430 praeceptum
2100 4362 2171 4417 sit

572 4450 774 4505 malum
803 4464 905 4521 pro
936 4449 1079 4504 malo
1112 4463 1221 4505 non
1241 4447 1416 4505 reddi.
1445 4447 1598 4505 Unde
1628 4464 1738 4505 non
1765 4450 1833 4507 de
1854 4452 2170 4510 adversario

567 4543 852 4599 victoriam
872 4583 888 4611 ,
916 4542 1242 4599 sed'contra
1268 4541 1615 4598 mendacium
1643 4542 1940 4615 quaerimus
1969 4545 2170 4601 verita-

572 4647 702 4693 tem.
762 4634 873 4690 Sed
908 4649 1009 4690 nec
1035 4636 1321 4691 timeamus
1370 4634 1492 4691 odia
1544 4636 1730 4693 subire
1780 4639 2161 4709 quorumdam.

571 4730 691 4785 Non
715 4729 865 4784 enim
890 4726 1201 4783 hominibus
1227 4728 1491 4785 debemus
1519 4729 1739 4799 placere
1761 4771 1777 4797 ,
1818 4731 1914 4787 sed
1938 4732 2070 4787 Deo.
2094 4735 2170 4789 At

574 4824 770 4880 scitote
796 4837 884 4879 me
909 4836 1211 4893 numquam
1244 4823 1518 4879 haereticis
1542 4825 1880 4896 pepercisse,
1909 4826 2005 4882 sed
2036 4842 2167 4884 con-

576 4924 663 4973 tra
694 4914 844 4973 omni
874 4914 1058 4971 studio
1098 4914 1400 4985 peregisse,
1434 4924 1496 4971 ut
1534 4916 1719 4975 hostes
1764 4918 2020 4976 Ecclesia:
2062 4922 2171 4981 mei

576 5010 773 5066 fierent
794 5008 1001 5067 hostes.
1037 5005 1197 5063 Unde
1236 5021 1410 5063 meam
1437 5006 1693 5078 iniuriam
1729 5012 1998 5082 patienter
2024 5015 2120 5070 tuli
2154 5033 2169 5070 :

576 5101 917 5173 impietatem
944 5108 1139 5157 contra
1172 5099 1346 5156 Deum
1377 5099 1521 5156 ferre
1566 5117 1676 5157 non
1727 5104 1897 5173 potui.
1947 5105 2178 5165 Latrant

576 5213 743 5255 canes
765 5213 867 5267 pro
897 5196 1134 5254 dominis
1155 5196 1269 5253 suis
1300 5213 1314 5250 :
1347 5204 1408 5252 tu
1427 5209 1543 5253 non
1568 5197 1654 5254 vis
1682 5212 1771 5254 me
1816 5198 2020 5257 latrare
2075 5217 2177 5273 pro

578 5293 847 5350 Christo?
874 5294 1072 5351 Falsus
1098 5308 1288 5351 rumor
1318 5292 1429 5350 cito
1453 5297 1801 5367 opprimitur,
1853 5308 1909 5355 et
1940 5300 2049 5356 vita
2080 5316 2180 5373 po-

577 5385 781 5442 sterior
802 5386 1016 5457 iudicat
1040 5388 1109 5445 de
1138 5387 1344 5459 priore.
1392 5387 1541 5446 Fieri
1572 5391 1794 5461 quidem
1828 5407 1938 5449 non
1972 5404 2178 5464 potest,

574 5487 639 5535 ut
665 5479 873 5552 absque
912 5493 1100 5537 morsu
1142 5479 1466 5554 hominum,
1526 5482 1656 5539 vita:
1699 5482 1863 5555 huius
1908 5487 2180 5543 curricula

581 5577 704 5647 quis
730 5584 1095 5649 pertranseat.

649 5672 1029 5746 Malorumque
1057 5674 1314 5731 solatium
1344 5682 1454 5744 est,
1496 5676 1677 5735 bonos
1720 5690 1951 5749 carpere
1976 5716 1993 5744 ,
2050 5676 2178 5735 dum

574 5767 927 5835 peccantium
958 5768 1313 5829 multitudine
1338 5778 1531 5843 putant
1560 5772 1775 5845 culpam
1820 5769 1993 5831 minui
2047 5786 2177 5845 pec-

2243 463 2300 511 et
2321 453 2605 511 exundans
2624 453 2847 508 ﬂamma
2875 449 3251 507 deﬁcientibus
3279 451 3607 506 nutrimentis
3632 453 3785 521 paula-

2244 548 2339 604 tim
2361 548 2651 605 emoritur.
2683 545 2819 602 Nam
2852 545 2899 600 si
2928 543 3035 616 [AL
3058 544 3189 598 add.
3219 543 3370 616 ante]
3398 560 3535 601 anno
3551 548 3785 617 praeterito

2232 642 2389 699 fama
2418 641 2643 697 mentita
2673 650 2784 707 est,
2808 647 2903 694 aut
2927 638 2975 694 si
2998 648 3149 696 certe
3175 654 3363 694 verum
3381 638 3533 707 dixit,
3551 653 3706 697 cesset
3722 642 3785 697 vi-

2244 735 2403 802 tium,
2437 734 2679 791 cessabit
2706 741 2762 788 et
2791 748 2999 788 rumor.
3034 732 3218 787 Prima
3244 746 3475 802 namque
3513 732 3670 789 virtus
3696 749 3787 790 mo-

2247 830 2406 887 nachi
2446 838 2532 886 est
2562 836 2920 885 contemnere
2949 827 3235 882 hominum
3277 824 3497 895 iudicia.
3530 824 3681 895 igitur
3702 842 3787 883 non

2246 924 2450 981 timebo
2470 923 2754 979 hominum
2764 921 3058 993 iudicium,
3076 921 3364 975 habiturus
3380 917 3604 988 iudicem
3622 935 3787 977 meum.

2247 1013 2490 1088 Cupiunt
2515 1014 2659 1071 enim
2691 1014 2857 1071 vicini
2885 1028 2995 1070 non
3017 1029 3198 1082 suam,
3237 1014 3334 1071 sed
3364 1015 3589 1071 alienam
3637 1014 3788 1070 discu-

2247 1117 2365 1166 tere
2385 1109 2574 1165 vitam.
2607 1107 2719 1165 Sed
2743 1108 2835 1179 qui
2883 1108 3091 1163 amicus
3117 1115 3227 1177 est,
3260 1108 3423 1165 etiam
3478 1120 3628 1178 prava
3670 1114 3789 1162 recta

2242 1202 2472 1275 iudicat.
2499 1200 2713 1257 Inventi
2738 1206 2868 1257 sunt
2892 1198 3040 1257 enim
3086 1200 3245 1256 scioli
3282 1208 3489 1256 tantum
3539 1198 3603 1254 ad
3644 1198 3791 1254 detra-

2249 1296 2513 1367 hendum,
2538 1295 2632 1367 qui
2666 1310 2734 1351 eo
2764 1310 2826 1351 se
2855 1294 3049 1351 doctos
3073 1302 3356 1351 ostentare
3378 1294 3581 1360 volunt,
3622 1293 3665 1348 si
3686 1306 3791 1349 cun-

2247 1398 2464 1448 ctorum
2497 1388 2667 1443 vitam
2711 1386 2821 1460 [Αι.
2853 1385 3023 1459 dicta]
3069 1385 3336 1443 lacerent.
3388 1384 3492 1443 Sed
3541 1383 3660 1441 nihil
3704 1384 3792 1439 Deo

2249 1484 2497 1541 clausum
2528 1489 2635 1547 est,
2667 1488 2724 1535 et
2750 1479 2992 1537 tenebras
3024 1479 3213 1536 lucent
3238 1479 3381 1549 apud
3409 1493 3548 1535 eum.

2319 1576 2472 1649 Fuge
2500 1585 2682 1632 tamen
2705 1589 2823 1643 eos,
2849 1575 2903 1631 in
2929 1575 3129 1645 quibus
3150 1582 3338 1646 potest
3362 1573 3517 1629 malae
3545 1586 3791 1629 conversa

2250 1673 2420 1730 tionis
2449 1686 2574 1729 esse
2620 1670 2910 1741 suspicio,
2962 1684 3065 1727 nec
3110 1678 3362 1739 paratum
3411 1667 3601 1724 habeas
3650 1665 3789 1721 illud:

2173 1759 2226 1821 Β
2252 1766 2465 1825 Sufﬁcit
2508 1763 2642 1820 mihi
2671 1761 3005 1820 conscientia
3026 1776 3174 1829 mea,
3199 1776 3312 1818 non
3340 1775 3470 1817 curo
3496 1758 3617 1831 quid
3642 1756 3701 1814 de
3724 1771 3791 1812 me

2246 1860 2407 1931 loqua
2417 1865 2546 1914 ntur
2562 1856 2838 1914 homines.
2852 1855 3016 1911 Certe
3028 1853 3332 1926 Apostolus
3352 1851 3646 1923 providebat
3658 1850 3789 1915 bona,

2248 1966 2357 2009 non
2389 1950 2569 2007 solum
2597 1963 2785 2005 coram
2826 1948 2973 2016 Deo;
3018 1947 3120 2004 sed
3171 1948 3341 2003 etiam
3372 1959 3553 2001 coram
3596 1941 3793 1999 homini-

2250 2043 2377 2110 bus,
2432 2057 2503 2097 ne
2566 2054 2665 2111 per
2711 2039 2865 2095 illum
2889 2054 3089 2096 nomen
3143 2038 3243 2093 Dei
3275 2036 3713 2108 blasphemaretur
3748 2033 3789 2087 in

2248 2132 2533 2205 gentibus,
2566 2146 2668 2188 nec
2708 2130 2928 2187 volebat
2969 2144 3028 2186 se
3072 2119 3308 2201 iudieari
3339 2128 3407 2183 ab
3462 2125 3646 2182 inﬁdeli
3684 2137 3791 2180 con-

2249 2226 2499 2284 scientia.
2516 2223 2577 2281 δε
2591 2222 2937 2291 scandalizat,
2951 2222 3150 2293 inquit,
3171 2238 3287 2278 esca
3304 2222 3512 2293 fratrem
3524 2218 3680 2290 (Rom.
3694 2213 3788 2284 xu),

2248 2316 2304 2373 in
2362 2328 2627 2373 aeternum
2692 2330 2914 2372 carnem
2962 2330 3070 2371 non
3109 2314 3468 2371 manducaho.
3498 2310 3639 2367 Tolle
3662 2308 3790 2379 igitur

2251 2411 2599 2468 occasionem
2627 2410 2937 2466 volentibus
2985 2409 3359 2467 occasionem.
3417 2405 3543 2462 Nam
3571 2401 3791 2473 eaStigare

2250 2503 2466 2559 videtur
2497 2502 2662 2559 alium
2684 2543 2699 2571 ,
2730 2501 2983 2574 quisquis
3005 2501 3076 2557 ab
3114 2500 3241 2573 eius
3273 2496 3669 2558 conversatione
3701 2491 3792 2548 dis-

2252 2596 2439 2653 sentit.

2324 2687 2415 2745 Sic
2436 2694 2493 2744 et
2513 2702 2614 2744 nos
2659 2688 2713 2743 in
2740 2687 2844 2743 ista
2873 2685 3158 2760 provincia
3192 2684 3459 2744 aediﬁcato
3487 2674 3788 2739 monasterio,

2253 2789 2311 2836 et
2334 2780 2645 2849 diversorio
2674 2788 2901 2849 propter
2944 2786 3271 2846 exstructo,
3320 2791 3389 2833 ne
3431 2775 3565 2830 forte
3595 2764 3791 2826 etmodo

2253 2871 2459 2943 Joseplt
2488 2888 2611 2927 cum
2639 2872 2811 2927 Maria
2841 2869 3162 2927 Betltlehem
3214 2866 3439 2925 veniens
3476 2878 3575 2922 non
3597 2855 3793 2916 inveniat

2256 2965 2579 3036 hospitium,
2607 2965 2780 3022 tantis
2814 2965 2883 3021 de
2912 2972 3028 3021 toto
3056 2964 3195 3020 orbe
3252 2956 3633 3019 conﬂuentibus
3658 2948 3792 3006 turbis

2256 3058 2542 3113 obruimur
2567 3040 2984 3124 monachorum,
3014 3067 3075 3112 ut
3102 3071 3209 3112 nec
3239 3062 3471 3125 ereptum
3501 3060 3626 3118 opus
3670 3042 3793 3097 dese.

2178 3152 2224 3218 C
2255 3166 2402 3219 rere,
2441 3164 2543 3206 nec
2578 3164 2746 3220 supra
2774 3148 2922 3205 vires
2963 3147 3112 3205 ferre
3140 3149 3446 3204 valeamus.
3512 3138 3646 3196 Unde
3697 3131 3793 3232 quia

2263 3246 2424 3303 nobis
2450 3245 2587 3301 illud
2616 3245 2689 3301 de
2716 3243 3012 3315 Evangelia
3034 3241 3291 3314 conligit,
3339 3247 3398 3296 ut
3425 3238 3606 3293 futura:
3660 3236 3795 3284 turns

2264 3355 2374 3394 non
2416 3347 2544 3393 ante
2571 3344 3017 3408 computaremus
3047 3337 3349 3406 impensas,
3374 3324 3621 3398 compulsi
3645 3328 3793 3420 sumas

2265 3431 2489 3487 fratrem
2520 3431 2899 3487 Paulinianum
2929 3430 2998 3486 ad
3025 3430 3259 3502 patriam
3296 3427 3543 3491 mittere,
3585 3426 3637 3473 ut
3667 3425 3795 3471 serut-

2271 3536 2428 3584 rutas
2456 3526 2692 3594 villulas,
2728 3541 2847 3597 quae
2877 3525 3238 3581 barbarorum
3269 3534 3459 3581 manus
3503 3512 3793 3584 effugerunt.

2275 3630 2330 3676 et
2359 3627 2642 3692 parentum
2675 3619 3048 3676 communium
3073 3618 3291 3676 cineres
3315 3611 3587 3674 venderet,
3615 3616 3674 3660 ne
3705 3610 3795 3655 cm-

2265 3721 2417 3784 ptum
2440 3720 2751 3770 sanctorum
2780 3712 3147 3769 ministerium
3177 3711 3513 3771 deserentes,
3537 3699 3685 3757 risum
3707 3704 3798 3784 utar

2265 3783 2461 3861 ledieis
2495 3814 2551 3862 et
2578 3805 2788 3862 aemulis
2845 3805 3208 3875 praebeamus.
3256 3800 3410 3859 Unde
3468 3791 3633 3853 omnia
3672 3783 3799 3883 plena

2268 3899 2551 3970 periculis,
2584 3899 2770 3955 omnia
2793 3898 2957 3970 plena
2984 3907 3114 3954 sunt
3151 3897 3381 3970 laqueis.
3414 3889 3629 3947 lncitant
3681 3888 3798 3945 cup!-

2269 3991 2489 4057 ditates,
2515 3990 2849 4049 insidiantur
2898 3989 3207 4058 illecebrae,
3277 3983 3613 4045 blandiuntur
3660 3971 3796 4027 lucra.

2269 4084 2467 4140 damna
2499 4084 2801 4140 deterrent.
2816 4082 3035 4139 Amarae
3057 4090 3187 4138 sunt
3206 4073 3604 4150 obloquentium
3621 4066 3797 4133 linguis.

2272 4192 2376 4234 nec
2401 4192 2620 4248 semper
2648 4178 2863 4233 veracia
2885 4184 3018 4233 sunt
3043 4191 3139 4231 ora
3179 4170 3516 4231 laudantium
3546 4181 3559 4219 :
3590 4163 3798 4258 ista}?

2270 4270 2349 4325 vit
2375 4278 2431 4325 et
2456 4269 2596 4338 odit,
2632 4270 2719 4326 hic
2740 4268 2942 4340 decipit
2967 4269 3227 4338 ofﬁcium,
3260 4279 3315 4324 et
3343 4261 3551 4321 facilius
3572 4260 3649 4312 est
3667 4253 3801 4303 γίιπθ

2274 4361 2610 4428 discordem,
2642 4376 2803 4432 quam
2825 4361 3107 4417 declinare
3130 4360 3402 4416 fallacem.
3429 4352 3565 4411 Silva
3603 4345 3802 4401 succres‘

2276 4458 2375 4524 (δίε,
2408 4466 2468 4513 ut
2488 4466 2676 4527 postea
2700 4454 3043 4511 rescindatur
3073 4472 3087 4509 :
3111 4454 3235 4511 ideo
3265 4467 3392 4523 ager
3418 4445 3624 4507 seritur,
3649 4441 3699 4488 ut
3717 4437 3803 4527 me-

2194 4548 2250 4612 D
2279 4522 2445 4607 tatur.
2476 4522 2594 4605 .iam
2626 4550 2817 4619 plenus
2855 4557 2943 4605 est
2969 4548 3144 4614 orbis,
3176 4522 3319 4603 terra
3365 4555 3462 4599 nos
3517 4547 3615 4591 non
3670 4522 3800 4589 θηρίίν

2277 4642 2525 4715 quotidie
2563 4642 2704 4698 bella
2732 4657 2833 4697 nos
2859 4648 3075 4707 secant,
3108 4640 3288 4697 morbi
3318 4629 3650 4693 subtrahunt,
3695 4622 3800 4715 nf‘l‘

2278 4746 2449 4818 fragia
2492 4743 2812 4813 absorbent,
2838 4752 2895 4800 ct
2915 4741 3268 4799 nihilominus
3319 4731 3633 4795 detrahimus
3654 4709 3802 4774 etliti-

2279 4864 2485 4924 gamus.

2353 4951 2524 5008 Vides
2548 4962 2765 5021 quoque
2792 4947 2844 5004 in
2868 4946 3116 5005 Ecclesia
3146 4942 3569 5017 imperitissimos
3605 4923 3802 4997 ιιιιοιίιυθ

2287 5056 2517 5113 ﬂorere.
2542 5054 2609 5109 Et
2637 5052 2759 5124 quia
2794 5052 3101 5108 nutrierunt
3121 5050 3318 5107 frontis
3342 5037 3625 5104 audaciam,
3655 5026 3806 5125 elm‘f‘

2286 5159 2557 5215 bilitatem
2583 5157 2787 5227 linguae
2807 5153 3092 5210 consecuti
3112 5161 3279 5222 sunt,
3336 5149 3455 5205 dum
3497 5151 3594 5196 non
3636 5131 3804 5227 tceo-8|:

2285 5269 2406 5315 tant
2427 5258 2557 5330 quid
2600 5259 2927 5328 loquantur,
2966 5256 3267 5326 prudentes
3288 5268 3348 5310 se
3375 5256 3428 5306 et
3451 5235 3668 5301 eruditos
3691 5219 3805 5324 arbt:

2285 5369 2525 5429 trantur,
2556 5361 2799 5416 maxime
2846 5358 2892 5415 si
2942 5357 3091 5431 vulgi
3123 5359 3359 5413 favorem
3410 5336 3699 5406 habuerint.
3732 5332 3803 5390 (ιυι

2292 5465 2465 5536 magis
2494 5462 2657 5519 dictis
2688 5463 2987 5519 levioribus
3010 5469 3436 5519 commoventur.
3476 5450 3536 5505 Et
3570 5457 3600 5498 e
3634 5434 3804 5536 οοιιιτίξ·

2289 5565 2375 5621 rio
2411 5564 2567 5621 vides
2600 5564 2873 5620 eruditum
2893 5566 3072 5620 virum
3099 5563 3154 5619 in
3187 5563 3419 5620 obscuro
3443 5554 3617 5609 latere,
3643 5541 3685 5589 el

2288 5665 2604 5725 secutiones
2630 5666 2740 5737 pati
2768 5708 2785 5735 ,
2835 5674 2891 5722 et
2944 5680 3057 5723 non
3096 5665 3277 5722 solum
3306 5648 3576 5731 inpopulo
3621 5632 3801 5737 grauate

2288 5785 2400 5833 “0"
2424 5770 2651 5846 habere,
2680 5772 2777 5834 Sed
2807 5771 2997 5847 inopia
3036 5778 3093 5831 et
3123 5779 3364 5847 egestate
3390 5757 3664 5822 tabescere.
3703 5727 3801 5794 "3°
