4002 6300
158 384 241 449 569

695 379 984 442 REGULA
1021 380 1510 444 MONACHORUM
1547 382 1643 443 EX
1680 383 1996 447 SCRIPTIS
2034 387 2424 453 HIERONYMI
2461 389 2845 455 COLLECTA.

3325 398 3433 458 570

159 511 309 561 autem
328 499 498 567 ﬁunt,
520 500 652 573 quia
683 516 796 559 non
827 510 913 559 est
944 501 1035 560 hic
1053 502 1380 563 meritorum
1399 505 1721 576 retributio,
1751 508 1809 573 Α
1833 516 1915 565 tas
1946 507 2169 579 Oceani,
2195 521 2251 568 et
2282 514 2545 571 caelorum
2568 516 2839 588 spatium,
2872 525 3141 592 terraeque
3169 528 3434 592 punctum

159 595 237 657 sed
261 595 313 652 iu
338 593 546 652 futuro.

724 710 955 770 CAPUT
999 711 1120 769 XX.

164 853 225 910 De
240 856 557 928 iuramento,
580 849 1149 979 uindicta,gne2dacio,
1180 850 1513 925 stultitoquio
1543 851 1729 924 prohi-

872 939 931 979 en
973 939 1024 979 ο.

901 941 1024 979 nuo.

217 1060 401 1118 Dixisti
422 1060 594 1126 enim,
624 1059 681 1115 ni
712 1057 902 1127 fallor,
938 1058 1062 1130 iure
1100 1066 1156 1115 te
1202 1058 1344 1114 mala
1384 1058 1542 1115 malis
1597 1057 1729 1115 red-

168 1157 274 1213 dere
291 1165 342 1210 et
364 1170 490 1211 cum
504 1154 818 1225 iurantibus
832 1154 1023 1225 iurare
1043 1153 1270 1221 debere,
1294 1154 1421 1225 quia
1439 1153 1732 1225 aliquando

164 1250 336 1321 iuravit
358 1249 640 1314 Dominus,
671 1257 764 1302 aut
791 1248 933 1303 mala
956 1247 1118 1303 malis
1154 1248 1419 1304 restituit.
1448 1247 1577 1305 Scio
1620 1248 1735 1318 pri-

171 1357 288 1398 mum
312 1382 328 1409 ,
370 1357 480 1398 non
504 1342 686 1397 omnia
716 1341 872 1398 nobis
915 1341 1211 1397 convenire
1237 1341 1434 1407 servis,
1469 1356 1590 1411 quae
1620 1341 1731 1397 Do-

172 1437 297 1494 mino
323 1436 695 1504 conveniunt,
725 1451 797 1492 ne
834 1436 887 1491 in
916 1436 1329 1505 comparatione
1381 1436 1730 1501 famulorum,

176 1533 356 1588 Domini
400 1531 656 1588 videatur
699 1530 924 1601 injuria.
986 1528 1242 1600 Alioquin
1275 1529 1501 1585 forsitan
1560 1528 1736 1585 recla-

175 1625 624 1695 mareiucipimus,
656 1638 756 1679 cur
786 1638 893 1677 non
923 1637 954 1677 e
982 1621 1284 1692 virginibus
1304 1661 1319 1688 ,
1352 1621 1449 1677 sed
1489 1620 1558 1676 de
1605 1619 1735 1676 aliis

178 1717 466 1774 mulieribus
488 1713 849 1787 generamuri
876 1714 986 1768 Aut
1009 1727 1105 1768 cur
1136 1713 1338 1768 mortui
1371 1712 1541 1768 nostri
1571 1709 1734 1767 tertia

178 1809 245 1865 die
265 1825 362 1865 non
382 1816 678 1878 resurgunt
693 1807 718 1862 ἲ
735 1806 971 1874 Juravit,
991 1806 1125 1872 scio,
1153 1820 1299 1876 saepe
1323 1805 1611 1870 Dominus,
1639 1803 1735 1875 qui

1832 602 2042 676 liquido
2068 606 2571 678 comprehendisse.

2425 726 2655 786 CAPUT
2693 729 2838 787 XXI.

1835 837 1916 895 De
1958 842 2229 914 patientia,
2259 843 2678 902 reconciliatione
2706 855 2756 901 et
2778 849 2995 904 mortuis
3035 866 3140 907 non
3174 851 3436 927 (agendis.

1905 973 2191 1048 Nuncjam
2219 979 2376 1037 nobis
2403 978 2473 1036 de
2513 981 2775 1053 patientia
2810 992 2865 1039 et
2891 984 3012 1055 ejus
3030 986 3188 1043 bonis
3207 988 3440 1061 loquen-

1835 1067 1965 1126 dum
1989 1079 2092 1128 est.
2120 1071 2219 1127 Est
2245 1072 2408 1144 igitur
2438 1075 2702 1145 patientia
2734 1077 2976 1133 omnium
3018 1079 3342 1149 iniuriarum
3383 1091 3441 1139 et

1836 1162 2155 1233 passionum
2186 1164 2513 1235 tolerantia,
2558 1178 2612 1223 et
2656 1174 3132 1241 exspectationum
3188 1177 3436 1232 omnium

1836 1255 1956 1311 sine
1989 1257 2416 1325 praecipitatione
2446 1260 2812 1328 sufficientia;
2845 1279 3007 1333 quam
3037 1265 3085 1320 si
3112 1267 3230 1336 quis
3276 1266 3440 1323 intel-

1838 1346 2036 1403 lexerit
2063 1357 2117 1404 et
2144 1349 2429 1421 habuerit,
2472 1355 2744 1409 contraria
2789 1356 2915 1411 vitm
2962 1359 3148 1428 gravia
3202 1359 3432 1429 baiulat,

1836 1440 1981 1498 bona
2010 1445 2193 1499 omnia
2218 1445 2481 1501 continet.
2511 1446 2772 1504 Sororem
2802 1448 2967 1505 habet
2995 1466 3180 1521 spem,
3234 1462 3291 1507 et
3318 1453 3439 1507 afﬁ-

1839 1552 1941 1594 nes
1965 1537 2085 1607 eius
2111 1548 2237 1595 sunt
2259 1555 2349 1596 res
2370 1540 2528 1596 bona:
2560 1556 2772 1611 omnes,
2808 1543 3017 1612 patitur
3066 1543 3213 1599 enim
3266 1544 3441 1599 liben-

1840 1642 1946 1699 ter,
1977 1633 2104 1703 quia
2137 1642 2340 1703 sperat,
2372 1634 2641 1705 sperando
2662 1635 2882 1691 tolerat.
2912 1635 3265 1707 lmpatienter
3294 1638 3443 1695 enim

1840 1724 2011 1780 fertur
2040 1725 2184 1796 quod
2218 1742 2327 1781 non
2368 1736 2639 1797 speratur.
2673 1727 2831 1782 Omni
2863 1737 3046 1784 autem
3088 1728 3293 1783 virtute
3350 1744 3446 1800 pa-

1842 1815 2030 1871 tientia
2055 1816 2280 1886 perfert,
2306 1819 2447 1888 quod
2478 1834 2576 1887 spe
2617 1829 2900 1889 praeeunte
2954 1819 3319 1891 dignoscitur;
3350 1831 3446 1877 aut

177 1918 255 1959 nos
276 1904 463 1973 iurare
518 1901 828 1974 prohibuit.
882 1900 994 1957 Nec
1044 1899 1229 1956 statim
1274 1916 1341 1956 ex
1367 1899 1472 1955 hoc
1525 1906 1736 1955 temere
1766 1912 1817 1972 B
1845 1909 1892 1966 si
1921 1924 2048 1981 spes
2082 1909 2294 1967 fructus
2352 1913 2630 1982 patientia:
2678 1913 3054 1985 subsequitur.
3096 1915 3227 1971 Haec
3270 1926 3447 1973 matre

176 1996 526 2068 blasphemare
556 1996 821 2051 debemus
849 2009 994 2062 cum,
1024 1994 1174 2065 quod
1198 1993 1335 2049 alios
1363 1992 1600 2049 vetuerit
1630 1991 1737 2047 Do-

177 2091 324 2145 minus
344 2089 489 2161 quod
522 2089 641 2161 ipse
660 2088 898 2145 faciebat
925 2130 941 2156 ,
1001 2088 1133 2159 quia
1177 2086 1283 2143 dici
1311 2086 1473 2142 nobis
1504 2094 1687 2156 potest
1720 2102 1735 2140 :

176 2181 352 2238 iuravit
379 2183 667 2251 Dominus,
688 2182 842 2252 quasi
860 2180 1149 2249 Dominus,
1181 2195 1343 2253 quem
1364 2181 1554 2252 iurare
1575 2194 1739 2236 nemo

179 2275 486 2343 prohibebat.
514 2274 686 2333 Nobis
715 2274 875 2346 quasi
903 2275 1079 2331 servis
1120 2289 1231 2330 non
1266 2273 1435 2341 licet,
1488 2274 1583 2346 qui
1627 2273 1737 2330 Do-

179 2367 283 2424 mini
302 2369 470 2424 nostri
491 2370 616 2439 lege
640 2370 829 2440 iurare
855 2377 1130 2426 vetamur.

236 2461 416 2517 Verum
445 2477 515 2518 ne
538 2460 593 2516 in
638 2462 758 2532 eius
800 2460 1056 2531 exemplo
1096 2458 1415 2515 scandalum
1445 2458 1738 2531 patiamur,

182 2568 235 2609 ex
259 2571 359 2625 quo
388 2565 636 2625 tempore
682 2568 781 2609 nos
804 2553 991 2625 iurare
1028 2554 1228 2623 noluit,
1253 2568 1355 2610 nec
1378 2554 1495 2624 ipse
1514 2554 1737 2624 iuravit.

179 2646 239 2703 Et
262 2648 476 2720 qualiter
500 2649 883 2720 deiuramenti
934 2664 1095 2705 causa
1148 2651 1304 2706 brevi
1355 2664 1608 2705 sermone
1655 2663 1743 2705 sa-

181 2741 427 2798 tisfactum
449 2752 530 2800 est
564 2762 578 2798 :
614 2744 688 2798 ita
706 2745 871 2800 etiam
896 2744 963 2799 ad
984 2744 1240 2800 vindictae
1266 2743 1548 2816 negotium
1595 2742 1744 2798 hunc

181 2836 406 2891 eumdem
456 2850 700 2903 sensum,
738 2835 899 2893 facile
944 2836 1213 2907 prospicis
1257 2849 1420 2906 posse
1450 2834 1740 2900 sufficere;

178 2926 285 2998 quia
305 2928 439 2984 aliud
460 2938 546 2986 est
574 2944 719 2985 nunc
744 2938 962 2999 tempus
987 2929 1213 2997 Gratiae,
1248 2928 1301 2983 in
1332 2943 1440 3000 quo
1461 2927 1743 2998 plenitudo

178 3024 500 3093 perfectionis
530 3025 782 3092 advenit,
805 3026 951 3081 aliud
993 3025 1091 3080 fuit
1113 3024 1296 3096 Legis,
1324 3023 1469 3079 aliud
1499 3022 1743 3092 Prophe-

180 3124 350 3184 tarum,
379 3119 595 3175 dicente
624 3118 854 3173 Domino
881 3135 895 3173 :
921 3118 1159 3172 Audistis
1186 3158 1201 3183 ,
1264 3117 1391 3189 quia
1441 3116 1639 3170 dictum
1668 3124 1744 3171 est

178 3213 394 3282 antiquis,
424 3231 488 3268 ne
511 3214 804 3268 occiderent
829 3212 1047 3284 (Matth.
1076 3213 1222 3282 xm).
1256 3212 1369 3283 Ego
1392 3220 1574 3267 autem
1619 3225 1746 3281 per-

1845 2004 2043 2074 gaudet
2068 2004 2194 2074 fide,
2211 2014 2264 2061 et
2295 2005 2725 2075 gubernaculum
2748 2006 2916 2063 habet
2938 2008 3441 2079 Deum,conscien-

1843 2098 1998 2165 tiam,
2029 2113 2233 2169 genus,
2267 2106 2322 2154 et
2362 2099 2841 2169 propinquitatem.
2896 2100 3029 2156 Inde
3080 2102 3306 2171 gloriosi
3359 2112 3443 2159 te-

1843 2200 1953 2248 stes
1975 2192 2305 2259 efﬁciuntur,
2326 2192 2456 2247 dum
2486 2192 2593 2248 ﬁde
2647 2192 2834 2263 pleni,
2892 2192 3022 2249 dum
3078 2193 3177 2249 Dei
3246 2194 3442 2251 timore

1844 2285 2084 2351 solliciti,
2118 2283 2250 2341 dum
2282 2284 2642 2341 continentiae
2671 2285 2964 2356 discipuli,
2988 2285 3121 2342 dum
3170 2284 3265 2340 ﬁlii
3295 2286 3439 2357 spei,

1843 2380 1982 2438 duce
2004 2380 2286 2452 patientia,
2309 2379 2680 2449 reperiuntur.
2705 2379 2913 2435 Deinde
2937 2379 3253 2436 cohaeredes
3277 2378 3442 2434 Chri-

1844 2475 1934 2544 sti,
1968 2474 2098 2529 dum
2132 2472 2289 2528 illum
2343 2487 2515 2544 usque
2544 2472 2612 2529 ad
2642 2483 2873 2565 mortem
2895 2474 3171 2545 patientia:
3218 2474 3441 2531 virtuti-

1844 2568 1949 2624 bus
1971 2567 2275 2624 imitantur.

1919 2661 2073 2718 Unde
2098 2670 2154 2715 tu
2184 2659 2654 2732 passusiniuriam
2682 2668 2895 2727 taceas,
2944 2662 3084 2716 iram
3142 2661 3302 2717 vince
3350 2674 3447 2731 pa-

1847 2754 2061 2812 tientia.
2093 2754 2323 2811 Sanctus
2349 2755 2493 2810 enim
2517 2769 2672 2809 amor
2690 2753 3090 2823 impatientiam
3120 2770 3228 2809 non
3258 2754 3446 2809 habet.

1847 2848 2205 2905 Mansuetudo
2231 2863 2462 2919 namque
2491 2848 2637 2903 nulla
2659 2850 2912 2919 passione
2935 2848 3206 2916 turbatur,
3238 2856 3293 2903 et
3320 2861 3449 2916 spe-

1846 2944 2058 3000 cialiter
2087 2944 2164 2998 ira
2193 2951 2247 2998 et
2274 2941 2459 2998 furore
2489 2958 2595 2997 non
2626 2942 2919 3012 rumpitur.
2962 2942 3134 3009 Quam
3183 2942 3276 3012 qui
3336 2940 3441 2994 lia-

1847 3036 2045 3103 buerit,
2079 3035 2469 3091 beatitudinem
2488 3043 2855 3105 consequetur
2903 3048 3035 3090 voce
3070 3033 3284 3089 Domini
3314 3047 3447 3102 pro-

1848 3132 2093 3197 missam,
2125 3137 2185 3185 ut
2215 3139 2415 3184 terram
2459 3129 2767 3199 possideat,
2814 3128 2869 3183 id
2913 3136 3038 3194 est,
3102 3126 3336 3197 imperet
3392 3134 3449 3182 et

1849 3223 2159 3279 dominetur
2185 3222 2401 3292 corpori
2432 3238 2553 3277 suo.
2586 3222 2741 3277 Nulla
2768 3222 2914 3277 enim
2944 3236 3033 3276 res
3064 3222 3137 3275 ita
3189 3220 3444 3289 inebriat,

176 3304 373 3362 feetiora
404 3308 680 3379 praecipio,
705 3323 827 3378 quae
848 3308 903 3363 in
927 3306 1123 3362 ordine
1161 3306 1442 3376 Evangelii
1488 3305 1695 3375 digesta
1725 3345 1740 3371 ,

1853 3325 1908 3370 ut
1928 3316 2093 3370 animi
2119 3315 2473 3385 perturbatio.
2496 3314 2591 3369 Est
2621 3313 2840 3369 tristitia
2875 3329 2997 3384 qua:
3029 3312 3180 3369 ducit
3208 3313 3276 3368 ad
3299 3328 3447 3368 mor-

179 3403 394 3458 suoloco
424 3403 596 3459 lector
624 3401 887 3458 inveniet.
926 3401 1010 3456 Ex
1044 3415 1153 3472 quo
1191 3400 1333 3456 enim
1379 3399 1551 3455 Filius
1603 3399 1737 3468 Dei,

178 3492 302 3549 filius
329 3496 563 3552 hominis
589 3496 764 3553 factus
793 3504 879 3551 est
916 3512 1022 3550 :ex
1064 3510 1171 3565 quo
1203 3502 1362 3552 vetus
1418 3493 1743 3549 fermentum

177 3583 385 3644 Iudaicae
416 3588 723 3644 traditionis
753 3596 839 3643 est
864 3588 1063 3643 factum
1086 3602 1229 3643 nova
1257 3588 1579 3657 conspersio
1607 3629 1622 3653 ,
1674 3601 1742 3642 ex

178 3692 450 3752 quoagnus
476 3695 585 3737 non
612 3683 666 3737 in
700 3682 865 3752 figura
884 3722 898 3747 ,
927 3681 1023 3736 sed
1052 3684 1104 3735 in
1134 3681 1365 3737 veritate
1416 3680 1741 3748 comeditur,

176 3787 233 3827 ex
252 3789 353 3845 quo
380 3775 678 3832 secundum
710 3770 1026 3845 Apostolum
1056 3783 1245 3829 vetera
1271 3774 1600 3830 transierunt
1625 3814 1639 3838 ,
1690 3780 1745 3827 et

173 3862 296 3923 facta
317 3876 443 3923 sunt
469 3867 653 3923 omnia
682 3883 843 3935 nova,
867 3882 937 3923 ex
962 3883 1071 3938 quo
1094 3865 1306 3937 iussum
1337 3876 1419 3921 est
1447 3865 1742 3935 imaginem

173 3960 351 4014 terreni
372 3959 611 4015 hominis
636 3960 930 4028 deponere,
962 3968 1014 4015 et
1044 3973 1321 4014 assumere
1349 3958 1578 4013 formam
1625 3971 1743 4011 coe-

174 4047 325 4119 lestia,
352 4069 427 4110 ex
451 4068 560 4126 quo
590 4053 911 4109 commortui
934 4066 1143 4118 sumus,
1174 4066 1242 4107 ex
1289 4066 1396 4120 quo
1449 4049 1741 4107 virtutibus

171 4146 591 4203 consurreximus
620 4147 673 4201 in
703 4145 941 4213 Christo,
968 4144 1156 4215 iurare
1196 4157 1306 4199 non
1350 4143 1553 4210 discas,
1587 4155 1741 4197 men-

171 4235 243 4292 tiri
264 4240 602 4311 sacrilegium
630 4250 807 4310 putes.

228 4330 560 4388 Admonendi
600 4333 783 4402 itaque
804 4341 931 4389 sunt
960 4348 1176 4399 omnes,
1208 4341 1267 4388 ut
1295 4331 1587 4403 diligenter
1618 4345 1742 4401 per-

166 4419 344 4488 iurium
365 4435 617 4493 caveant,
647 4441 752 4480 non
780 4426 956 4481 solum
981 4426 1036 4481 in
1066 4426 1248 4493 altari,
1276 4438 1370 4481 seu
1416 4432 1740 4479 sanctorum

170 4515 425 4588 reliquiis,
478 4519 579 4575 sed
635 4521 799 4574 etiam
851 4519 903 4573 in
954 4519 1227 4574 communi
1275 4517 1512 4589 loquela.
1569 4517 1745 4573 Omne

171 4607 293 4664 enim
318 4610 467 4682 quod
493 4625 602 4667 non
624 4611 855 4667 :edifieat
884 4612 1191 4681 audientes,
1242 4612 1296 4667 in
1326 4611 1631 4681 periculum
1660 4610 1744 4665 lo-

1848 3419 1958 3466 tem
1989 3426 2004 3464 :
2034 3421 2117 3465 est
2145 3409 2392 3481 quaedam
2424 3408 2503 3463 ira
2532 3422 2653 3477 quae
2680 3407 2945 3478 iustitiam
2976 3407 3073 3462 Dei
3102 3421 3213 3462 non
3250 3420 3445 3476 opera-

1846 3509 1955 3570 tur,
1989 3511 2042 3556 et
2066 3500 2236 3555 furori
2270 3500 2516 3570 proxima
2563 3500 2761 3554 mentis
2809 3514 2922 3554 sua:
2972 3499 3233 3569 impotem
3285 3497 3439 3565 facit,

1848 3596 2113 3651 intantum
2137 3602 2195 3649 ut
2218 3592 2366 3648 labia
2391 3601 2660 3659 tremant,
2692 3592 2885 3648 dentes
2938 3599 3291 3661 concrepent,
3325 3590 3447 3646 vul—

1849 3698 1933 3743 tus
1956 3702 2171 3759 quoque
2196 3684 2401 3757 pallore
2432 3694 2693 3740 mutetur.
2726 3684 2910 3740 Animi
2940 3700 3071 3740 vera
3119 3684 3311 3739 laetitia
3362 3684 3445 3737 in-

1847 3782 2061 3838 terdum
2088 3781 2306 3837 dolores
2334 3780 2583 3850 corporis
2616 3779 2850 3850 mitigat.
2890 3778 3048 3847 Quod
3077 3778 3124 3834 si
3150 3778 3220 3833 ad
3272 3793 3448 3848 mgro-

1850 3877 2105 3929 tationem
2135 3876 2379 3943 corporis
2407 3872 2630 3929 accedat
2651 3870 2919 3943 aegritudo
2951 3870 3139 3939 animi,
3197 3869 3445 3940 duplica-

1849 3977 1935 4023 tur
1964 3967 2268 4021 infirmitas.
2295 3966 2435 4021 Dicit
2464 3980 2679 4036 quoque
2704 3965 2998 4034 Apostolus
3033 3962 3171 4019 :Sot
3210 3978 3315 4017 non
3350 3978 3441 4017 oc-

1847 4060 1986 4114 cidat
2008 4077 2162 4130 super
2184 4058 2513 4113 iracundiam
2544 4066 2791 4112 vestram.

1920 4151 2060 4220 Quid
2088 4166 2311 4221 agemus
2338 4151 2391 4205 in
2420 4150 2507 4206 die
2527 4148 2760 4221 iudicii,
2810 4162 2974 4220 super
3028 4162 3260 4220 quorum
3304 4148 3442 4204 iram

1848 4259 1958 4301 non
1981 4244 2141 4299 unius
2192 4243 2321 4309 diei,
2376 4242 2472 4299 sed
2520 4251 2793 4299 tantorum
2824 4258 3093 4299 annorum
3145 4244 3229 4299 sol
3288 4242 3447 4299 testis

1848 4336 2101 4393 occubuit
2122 4337 2143 4391 ?
2163 4336 2331 4408 Igitur
2355 4336 2604 4392 mitescat
2632 4335 2842 4392 szevitia
2867 4375 2885 4403 ,
2937 4343 3285 4391 mansuescat
3339 4335 3445 4389 ira-

1850 4431 2070 4499 cundia,
2098 4432 2380 4485 remittant
2400 4430 2500 4485 sibi
2532 4429 2763 4485 invicem
2794 4428 2986 4498 culpas
3020 4442 3147 4484 suas
3172 4469 3188 4497 ,
3235 4442 3338 4484 nec
3377 4427 3449 4481 sit

1850 4530 2076 4579 exactor
2105 4521 2397 4589 vindictae,
2453 4521 2543 4592 qui
2577 4521 2777 4590 petitor
2829 4528 2912 4575 est
2963 4520 3165 4576 veniae.
3215 4519 3451 4576 Grandis

1849 4616 2057 4673 offensa
2080 4624 2185 4682 est,
2212 4615 2360 4669 nolle
2390 4613 2606 4683 placare
2646 4611 2945 4681 offensum,
2995 4627 3325 4683 quamquam
3367 4612 3447 4665 af-

169 4704 427 4769 quentium
477 4705 727 4761 vertitur.
761 4704 977 4761 Veritas
1024 4704 1243 4776 quidem
1268 4704 1445 4761 claudi
1491 4714 1546 4760 et
1586 4702 1742 4773 ligari
1770 4691 2025 4765 Dfeetus
2050 4714 2106 4763 et
2145 4706 2625 4777 perturbationes,
2674 4704 2934 4775 quamdiu
2980 4703 3038 4759 in
3088 4702 3448 4759 tabernaculo

170 4800 328 4859 potest
356 4814 373 4852 :
404 4798 551 4853 vinci
579 4810 688 4852 non
713 4805 912 4867 potest,
944 4812 1067 4868 qua:
1094 4804 1150 4854 et
1191 4812 1414 4854 suorum
1471 4798 1746 4867 paucitate

169 4899 404 4946 contenta
427 4899 533 4957 est,
565 4900 622 4945 et
649 4890 992 4947 multitudine
1042 4891 1277 4947 hostium
1328 4906 1435 4945 non
1484 4898 1747 4945 terretur.

170 4974 387 5037 Possunt
409 4981 695 5049 homines,
749 4983 993 5053 quamvis
1037 4982 1211 5053 iusti,
1250 4983 1427 5052 aliqua
1482 4980 1746 5036 simulare

168 5086 254 5138 pro
276 5082 545 5147 tempore,
580 5077 650 5133 ob
670 5088 821 5133 suam
848 5078 1185 5149 aliorumque
1205 5078 1458 5134 salutem.
1473 5075 1736 5132 Conside-

168 5179 331 5225 remus
358 5186 497 5244 ergo
523 5171 653 5242 quid
687 5172 991 5243 loquamur,
1044 5174 1173 5242 quia
1233 5186 1330 5242 pro
1382 5170 1532 5227 omni
1569 5170 1743 5225 verbo

165 5261 327 5319 otioso
347 5265 620 5323 reddituri
650 5281 836 5323 sumus
862 5267 1131 5323 rationem
1171 5266 1225 5321 in
1253 5266 1341 5321 die
1366 5264 1581 5335 iudicii.
1613 5264 1749 5319 Ver-

166 5351 278 5411 bum
297 5357 529 5429 quidem
559 5359 793 5414 otiosum
820 5368 924 5425 est,
954 5359 1101 5430 quod
1146 5358 1265 5415 sine
1296 5358 1529 5413 utilitate
1558 5357 1747 5412 dicen-

168 5450 226 5505 tis
240 5456 294 5508 et
305 5451 580 5509 audientis
593 5454 885 5524 profertur.
905 5453 1311 5524 Stultiloquium
1334 5460 1517 5507 autem
1532 5451 1744 5506 aestimo

164 5555 260 5599 non
286 5543 509 5600 illorum
542 5553 773 5613 tantum,
801 5548 892 5617 qui
919 5544 1099 5616 aliqua
1125 5545 1305 5615 turpia
1326 5554 1572 5611 narrant,
1599 5542 1745 5597 unde

166 5632 262 5705 [AL
290 5635 375 5709 ut]
400 5637 579 5693 risum
610 5647 883 5703 moveant,
916 5647 971 5694 et
1002 5638 1250 5693 fatuitate
1275 5636 1548 5700 simulata,
1581 5635 1753 5707 magis

166 5725 383 5784 illudant
418 5729 549 5795 illis,
591 5730 790 5797 quibus
819 5730 1032 5799 placere
1060 5727 1408 5795 desiderant,
1440 5726 1537 5782 sed
1585 5727 1748 5781 etiam

169 5819 371 5878 illorum
402 5825 499 5894 qui
530 5824 824 5893 prudentes
851 5824 1040 5879 saeculi
1064 5832 1340 5893 putantur,
1386 5830 1442 5876 et
1490 5820 1557 5875 de
1589 5820 1756 5875 rebus

170 5914 403 5989 Physieis
425 5916 792 5991 disputantes,
819 5918 1013 5981 dicunt
1036 5933 1099 5979 se
1119 5933 1316 5979 arenas
1345 5915 1619 5988 littorum,
1638 5923 1759 5989 gut—

1854 4803 2013 4872 lmius
2040 4800 2286 4869 corporis
2317 4797 2654 4862 habitamus,
2690 4806 2745 4851 et
2768 4794 2945 4867 fragili
2989 4810 3155 4851 carne
3208 4796 3447 4850 circum-

1854 4895 2071 4961 damur,
2096 4892 2367 4948 moderari
2397 4898 2453 4945 et
2475 4905 2667 4960 regere
2691 4903 3005 4960 possumus,
3036 4899 3321 4959 amputare
3338 4902 3445 4941 non

1854 5001 2162 5060 possumus.
2195 4984 2323 5040 Ideo
2354 4983 2638 5039 Psalmista
2670 4982 2803 5037 dicit
2840 4981 3175 5036 :lrascimini
3211 4990 3257 5035 et
3290 4980 3449 5034 nolite

1856 5096 2065 5151 peccare
2086 5077 2311 5151 (Psalm.
2340 5078 2443 5147 ιν).
2464 5076 2595 5145 Quia
2621 5076 2787 5131 irasci
2811 5075 3044 5130 hominis
3065 5083 3169 5140 est,
3200 5083 3254 5128 et
3281 5073 3449 5130 finem

1856 5175 1953 5230 irm
1979 5187 2205 5244 ponere,
2237 5170 2554 5228 Christiani.
2591 5168 2743 5226 Unde
2790 5168 3007 5239 quidam
3055 5166 3320 5238 (Are/titus
3369 5170 3441 5222 ad

1855 5268 2109 5339 villicum)
2142 5267 2216 5321 ait
2259 5284 2272 5321 :
2317 5264 2437 5320 Jam
2486 5276 2539 5320 te
2590 5263 2910 5320 verberibus
2954 5274 3294 5330 enecassem,
3342 5263 3449 5317 nisi

1855 5362 2025 5417 iratus
2070 5374 2267 5415 essem.
2292 5357 2421 5412 Inde
2443 5355 2591 5412 enim
2613 5354 2744 5426 iusti
2768 5354 3020 5410 dicuntur
3042 5393 3058 5422 ,
3086 5353 3215 5410 dum
3267 5353 3453 5411 omnia

1856 5468 2021 5525 opera
2052 5453 2319 5520 patienter
2348 5460 2666 5521 operantur.

1936 5544 2103 5602 Multo
2129 5558 2346 5616 quoque
2386 5544 2581 5599 melius
2625 5549 2710 5598 est
2752 5540 3095 5599 stomachum
3138 5549 3192 5595 te
3229 5538 3453 5604 dolere,

1867 5658 2029 5712 quam
2074 5650 2349 5706 mentem;
2379 5652 2567 5710 gressu
2609 5635 2901 5704 vacillare,
2952 5650 3117 5706 quam
3162 5631 3452 5703 pudicitia.

1866 5735 1980 5792 Nec
2010 5736 2193 5789 statim
2224 5734 2380 5787 nobis
2424 5730 2763 5801 paenitentiae
2801 5730 3038 5786 remedia
3078 5726 3458 5790 blandiantur;

1870 5840 2143 5901 qu:e‘suut
2174 5826 2477 5883 infelicium
2507 5824 2765 5880 remedia.
2802 5822 3113 5878 Cavendum
3145 5831 3227 5874 est
3260 5820 3459 5873 vulnus

1868 5922 2014 5995 quod
2035 5922 2225 5985 dolore
2250 5929 2502 5995 curatur;
2544 5934 2648 5985 nec
2671 5919 2817 5979 scire
2838 5929 3129 5992 possumus
3154 5912 3471 5991 aegrotatio-3
