3918 6294
506 459 609 517 571

1551 450 1611 508 s.
1650 445 2040 513 HIERONYMI
2081 445 2369 529 DPERUM
2407 445 2777 531 haurtsss,
3637 454 3718 511 δη.

509 576 595 630 nis
628 572 791 639 mala,
827 568 933 627 nisi
958 583 1081 625 cum
1110 566 1273 625 fuerit
1299 567 1503 627 sanitas
1528 568 1844 647 subsecuta,
1866 578 2108 641 etquan-
2133 568 2189 631 Α
2213 582 2441 638 regnum
2484 567 2770 623 malorum.
2802 564 2952 620 Beati
2994 565 3118 619 estis
3158 580 3278 618 cum
3321 580 3398 639 eos
3433 568 3718 653 expertem,”

509 677 626 724 tum
656 667 784 722 boni
813 665 986 719 virtus
1011 663 1229 729 habeat,
1260 663 1392 718 vilia
1425 663 1802 719 demonstrant
1827 682 1841 719 :
1880 663 2111 719 clarius-

511 776 616 831 que
649 760 707 814 fit
730 760 914 814 lumen
941 757 1356 827 comparatione
1388 757 1756 812 tenebrarum.
1787 757 1894 813 Sed
1924 754 2105 811 consi-

509 854 765 909 deremus
796 851 923 923 quid
953 851 1164 906 ethlcus
1194 850 1285 905 ille
1312 851 1563 920 psalmus
1589 858 1748 905 sonet
1774 868 1785 901 :
1816 848 1999 904 Justus
2027 864 2101 914 es,

508 945 750 1009 Domine,
801 953 847 1000 et
873 954 1069 998 rectum
1106 942 1373 1015 judicium
1413 950 1559 1003 tuum
1591 942 1613 1016 (
1644 941 1846 1005 Psalm.
1874 956 2037 1017 cxvut
2061 938 2103 1011 ).

507 1039 622 1095 Iloc
654 1036 783 1110 [ΑΙ.
810 1034 1024 1107 Hodie]
1056 1049 1161 1089 non
1194 1043 1371 1105 potest
1392 1034 1601 1103 dicere,
1636 1034 1740 1093 nisi
1770 1034 1887 1107 ille,
1920 1034 2009 1107 qui
2039 1032 2106 1095 ad

508 1130 763 1186 universa
793 1144 913 1199 qua:
939 1127 1162 1199 patitur,
1206 1126 1511 1197 magnilicat
1560 1126 1877 1193 Dominum,
1918 1136 1973 1183 et
2002 1140 2106 1182 suo

507 1225 703 1279 merito
726 1223 1025 1293 imputans,
1060 1221 1113 1276 in
1143 1221 1384 1277 adversis
1422 1220 1488 1276 de
1515 1220 1633 1291 ejus
1672 1221 1961 1277 clementia
1990 1222 2107 1293 glo-

502 1319 695 1373 riatur.
724 1318 963 1373 Necesse
994 1325 1077 1371 est
1103 1316 1270 1384 enim,
1306 1324 1365 1370 ut
1394 1315 1485 1385 qui
1524 1330 1584 1370 se
1614 1315 1839 1371 credere
1879 1315 2011 1371 dicit
2050 1315 2105 1372 in

504 1407 742 1476 Christo,
776 1409 830 1465 in
853 1409 1104 1465 omnibus
1130 1407 1331 1462 Christi
1351 1406 1570 1477 judicii<
1595 1407 1849 1479 gaudeat,
1876 1407 2102 1466 dicens:

500 1502 683 1559 Sanus
714 1518 858 1569 sum,
882 1504 1084 1572 gratias
1113 1499 1293 1556 refero
1325 1500 1596 1555 Creatori.
1634 1499 1912 1570 Langueo,
1953 1508 2007 1557 et
2047 1500 2102 1558 in

502 1597 609 1652 hoc
639 1597 801 1652 laudo
845 1596 1059 1652 Domini
1103 1596 1460 1652 voluntatem.
1510 1597 1733 1664 Quando
1773 1597 1912 1651 enim
1953 1597 2105 1665 inﬁr-

504 1706 651 1756 mor,
687 1699 809 1743 tunc
841 1689 1031 1759 fortior
1066 1705 1179 1744 sum
1210 1688 1279 1759 (ll
1304 1687 1424 1744 Cor.
1456 1688 1555 1759 χιι)
1576 1705 1591 1755 ;
1615 1689 1855 1744 etvirtus
1880 1689 2103 1759 spiritus

500 1781 561 1836 in
600 1783 779 1839 carnis
810 1781 1131 1837 infirmitate
1173 1780 1471 1852 perficitur.
1505 1780 1642 1836 Nam
1675 1780 1936 1837 fortitudo
1980 1795 2103 1837 cor-

499 1876 671 1945 poris,
718 1875 1067 1937 imbecillitas
1096 1876 1293 1930 animae
1333 1885 1437 1932 est.
1483 1874 1696 1930 Patitur
1722 1884 1777 1929 et
1807 1875 2102 1945 Apostolus

2213 660 2467 725 homines,
2496 668 2544 714 et
2577 660 2833 729 persecuti
2852 659 3080 739 fuerint,
3110 668 3157 715 et
3184 658 3398 712 dixerint
3425 675 3550 716 omne
3573 666 3721 721 malum

2210 756 2478 809 adversum
2504 771 2592 809 vos
2621 771 2634 807 :
2657 754 2877 827 gaudete
2902 769 3025 824 ergo
3053 763 3099 807 et
3130 754 3409 818 exsultate,
3443 757 3546 822 quia
3577 776 3721 819 merces

2210 858 2379 904 vestra
2412 850 2623 919 copiosa
2654 858 2729 904 est
2765 850 2821 907 in
2850 846 2990 903 caelis
3028 846 3266 918 (Matth.
3300 846 3384 919 ν).
3426 848 3614 908 Futurae
3636 856 3727 923 vita

2208 946 2378 1016 gloria
2415 945 2699 1015 prmsentis
2740 942 3245 999 vitazincommodis
3266 956 3594 1012 comparatur.
3616 947 3724 1004 Prai-

2209 1041 2372 1110 cipue
2400 1040 2526 1113 quia
2551 1054 2661 1095 non
2687 1039 2776 1110 qui
2812 1039 3041 1107 patitur,
3083 1035 3178 1091 sed
3218 1036 3309 1106 qui
3348 1035 3468 1107 facit
3509 1040 3727 1109 injuriam,

2208 1135 2374 1191 miser
2400 1146 2505 1190 est.
2543 1132 2698 1191 Unde
2742 1142 2796 1187 et
2834 1129 3162 1188 Christianis
3211 1129 3400 1197 vexilla
3441 1133 3596 1188 crucis
3633 1145 3731 1193 sunt

2209 1226 2423 1285 deliciae
2455 1245 2467 1281 :
2499 1225 2742 1297 trophaeo
2773 1236 2975 1283 nostra:
2999 1225 3127 1278 vitae
3158 1236 3264 1277 non
3295 1223 3518 1292 pompis,
3545 1224 3627 1285 sed
3660 1227 3736 1283 uti.

2208 1320 2367 1374 seriis
2398 1328 2767 1386 reportantnr.
2796 1316 2857 1374 In
2876 1324 3059 1377 nostra
3083 1315 3259 1371 classe
3285 1316 3379 1371 viri
3405 1317 3558 1377 fortes
3580 1333 3736 1388 oppro-

2208 1411 2325 1467 bria
2356 1411 2536 1465 sciunt
2560 1422 2799 1481 portare,
2852 1424 2959 1464 non
2991 1422 3239 1471 munera.
3280 1406 3415 1481 Nam
3443 1408 3621 1465 Christi
3652 1412 3741 1468 vin-

2206 1505 2328 1560 cula
2355 1504 2662 1559 voluntaria
2692 1512 2839 1568 sunt,
2871 1514 2925 1558 et
2950 1513 3242 1558 vertuntur
3269 1501 3323 1555 in
3352 1504 3628 1575 amplexus.

2275 1597 2331 1655 Si
2362 1596 2483 1666 quis
2512 1605 2695 1650 autem
2724 1609 2957 1665 corpore
3003 1594 3294 1650 imbecillis
3322 1605 3405 1663 est
3431 1614 3446 1649 :
3472 1597 3514 1650 si
3540 1596 3659 1650 absit
3680 1612 3745 1652 sa-

2204 1690 2433 1760 pientia,
2479 1706 2591 1745 non
2619 1688 2923 1746 adversarii
2964 1688 3262 1745 certamina
3298 1690 3461 1757 viucit
3500 1710 3512 1761 ς
3556 1693 3745 1759 maritae

2203 1784 2465 1852 quoniam
2507 1782 2663 1839 liberi
2707 1783 2919 1838 arbitrii
2961 1798 3187 1847 sumus:
3218 1783 3313 1838 sed
3354 1785 3523 1854 ipsum
3550 1785 3636 1843 Dei
3673 1803 3748 1840 uu-

2206 1876 2363 1937 tritur
2390 1876 2613 1941 attxilip.
2648 1876 2986 1947 Paupertati,
3031 1892 3139 1930 non
3190 1878 3460 1947 nobilitati
3492 1877 3747 1939 futurorum

498 1969 705 2040 aliquid
738 1970 879 2040 quod
911 1985 1020 2025 non
1044 1970 1181 2040 vult,
1212 1984 1310 2039 pro
1340 1985 1447 2038 quo
1480 1978 1561 2024 ter
1583 1969 1874 2025 Dominum
1904 1970 2097 2041 depre-
2127 1969 2177 2031 Β
2206 1970 2486 2027 beatitudo
2516 1970 2872 2041 promittitur.
2906 1970 3159 2028 Retrahit
3204 1972 3428 2040 quidem
3469 1974 3753 2031 verecundia

500 2077 676 2128 catur,
724 2062 821 2118 sed
866 2063 1069 2121 dicitur
1098 2062 1152 2119 ei
1182 2082 1195 2116 :
1222 2061 1435 2134 Sufﬁcit
1468 2062 1559 2117 tibi
1588 2063 1761 2136 gratia
1789 2079 1901 2118 mea
1925 2080 1943 2116 :
1974 2081 2101 2120 nam

498 2155 659 2211 t'irtus
705 2156 759 2209 in
788 2156 1089 2229 infirmitate
1116 2156 1385 2229 pcrficitur
1414 2174 1433 2211 :
1462 2156 1573 2213 Cur
1604 2157 1768 2228 igitur
1808 2156 2001 2219 durum
2029 2159 2100 2216 sit

497 2250 644 2320 quod
682 2251 973 2322 aliquando
1006 2251 1323 2327 patiendum
1347 2251 1471 2307 est?

571 2342 829 2400 Doletnus
884 2354 1064 2401 autem
1118 2360 1448 2417 quemquam
1497 2348 1814 2403 martuum?
1865 2348 1947 2404 Ad
1992 2348 2097 2406 hoc

495 2435 773 2509 cnimnati
789 2452 896 2491 nou
918 2446 944 2474 δ
965 2452 1175 2506 sumus,
1190 2450 1247 2492 ut
1264 2453 1582 2494 maneamus
1598 2440 1808 2497 aeterni.
1826 2440 2096 2513 Lugeatur

496 2541 768 2598 mortuus,
815 2531 912 2586 sed
945 2531 1035 2586 ille
1066 2546 1226 2601 quem
1246 2531 1509 2587 ‘tartarus
1539 2533 1793 2605 devorat,
1839 2536 1893 2588 in
1939 2535 2097 2605 cujus

495 2641 657 2693 ptena
686 2634 923 2681 aeternus
949 2625 1089 2697 ignis
1115 2636 1379 2681 exrestuat
1404 2645 1416 2680 :
1443 2642 1565 2681 nam
1594 2644 1741 2683 mors
1763 2640 1944 2683 nostra
1972 2645 2097 2699 pec-

495 2729 677 2772 catum
700 2728 799 2773 est.
821 2716 931 2774 Nos
953 2732 1085 2773 vero
1109 2734 1337 2788 quorum
1362 2720 1568 2775 exitum
1592 2721 1911 2791 angelorum
1937 2723 2092 2785 turba

493 2813 806 2880 comitatur,
852 2811 1050 2882 quibus
1080 2810 1329 2867 Christus
1360 2814 1596 2869 occurrit
1622 2814 1862 2879 obviam,
1898 2831 2092 2885 grave-

493 2920 615 2959 mur
638 2905 810 2976 magis
837 2905 883 2959 si
914 2905 968 2959 in
1002 2903 1358 2960 tabernaculo
1391 2906 1495 2960 isto
1528 2907 1720 2963 mortis
1761 2907 2091 2964 habitemus.

491 3000 763 3055 Caeterum
795 3013 977 3053 nonne
1005 3000 1236 3067 vereris,
1268 3014 1335 3055 ne
1359 2998 1456 3054 tibi
1484 2999 1736 3056 Salvator
1761 3000 1907 3055 dicat
1942 3020 1955 3056 :
1983 3002 2094 3058 Ira-

493 3093 668 3147 sceris
710 3093 837 3163 quia
868 3090 1038 3146 frater
1069 3100 1215 3159 tuus,
1266 3106 1423 3147 meus
1453 3092 1627 3147 factus
1660 3103 1743 3147 est
1772 3094 1956 3148 filius?
1997 3094 2089 3149 ln-

489 3185 731 3254 dignaris
756 3185 823 3242 de
840 3184 1049 3255 judicio
1073 3199 1217 3249 meo,
1242 3193 1299 3241 et
1325 3185 1617 3241 rebellibus
1644 3186 1922 3257 lacrymis,
1955 3186 2088 3243 facis

486 3276 740 3347 injuriam
774 3275 1111 3346 possidenti?
1134 3276 1327 3333 Cibum
1362 3276 1457 3333 tibi
1489 3293 1674 3349 negas,
1709 3293 1815 3334 non
1853 3280 2089 3351 jejunio-

2202 2072 2537 2130 senatorcm,
2587 2078 2655 2119 ne
2702 2072 2964 2133 sequatur
3007 2077 3302 2134 paupere-tt
3352 2063 3638 2132 Christum;
3681 2067 3754 2121 sed

2202 2157 2390 2223 audiat
2432 2172 2462 2215 a
2508 2157 2773 2213 Christo:
2817 2157 2919 2225 Qui
2961 2173 3040 2223 me
3082 2157 3351 2228 confessus
3402 2158 3557 2228 fuerit
3597 2168 3639 2212 et
3673 2175 3761 2212 ires

2204 2251 2355 2311 verba
2384 2254 2440 2307 in
2465 2254 2798 2322 generatione
2823 2251 2925 2308 hac
2945 2252 3192 2313 adultera
3220 2263 3271 2308 et
3304 2255 3583 2326 psceatrice
3608 2266 3683 2310 :et
3707 2255 3760 2321 ﬁ-

2203 2348 2305 2403 lius
2332 2347 2558 2402 hominis
2587 2347 2913 2417 conﬁtebitur
2937 2346 3046 2420 [AL
3079 2347 3385 2403 confundet
3408 2346 3432 2422 ]
3455 2364 3566 2403 eum
3600 2347 3652 2403 in
3676 2348 3760 2419 glo-

2199 2442 2281 2503 ria
2304 2441 2476 2498 Patris
2505 2444 2609 2506 sui,
2632 2459 2748 2500 cum
2770 2439 2969 2514 angelis
2996 2442 3185 2499 sanctis
3208 2440 3439 2513 (Matth.
3460 2440 3592 2509 vitt).
3620 2441 3766 2509 Turpe

2199 2542 2284 2590 est
2334 2535 2475 2590 inter
2507 2544 2763 2604 parentes
2792 2544 3074 2595 senatores
3105 2549 3204 2605 pro
3237 2534 3465 2591 Christo
3502 2533 3768 2597 voluntaria

2199 2630 2505 2689 humilitate
2532 2643 2658 2686 esse
2705 2629 2999 2698 dejectum.
3047 2629 3319 2697 Displicet
3349 2629 3564 2693 amicis,
3602 2630 3642 2683 si
3674 2636 3772 2697 post

2198 2723 2472 2783 ambitiosi
2503 2723 2719 2781 habitus
2739 2723 2966 2781 cultum.
3002 2722 3215 2792 plebeia
3259 2733 3321 2779 et
3352 2722 3615 2791 ignobilia
3637 2720 3772 2775 vesti-

2199 2830 2381 2877 tnenta
2406 2827 2704 2875 mutentur.
2741 2818 2850 2881 Sed
2875 2819 2919 2871 si
2946 2817 3245 2871 hominibus
3280 2817 3575 2883 placerem,
3617 2813 3776 2875 Christi

2194 2928 2371 2969 servus
2398 2928 2501 2966 non
2531 2927 2691 2971 essent
2710 2909 2911 2984 (Galat.
2942 2908 2988 2975 il,
3018 2908 3131 2980 l0),
3164 2909 3350 2980 inquit
3381 2907 3677 2977 Apostolus
3700 2922 3712 2958 ε
3732 2914 3779 2961 et

2195 3006 2463 3075 Propheta
2490 3004 2544 3061 in
2576 3004 2783 3072 psalmo
2816 3021 2828 3056 :
2864 3002 3126 3068 Quoniam
3154 3000 3307 3055 Deus
3338 3001 3568 3071 dissipat
3589 3015 3694 3057 ossa
3710 3013 3783 3052 eo-

2193 3114 2331 3163 rum,
2369 3098 2459 3168 qui
2485 3097 2777 3151 hominibus
2810 3094 3058 3164 placent:
3093 3094 3313 3163 confusi
3357 3102 3518 3157 sunt,
3564 3089 3779 3162 quoniam

2196 3190 2335 3247 Deus
2374 3191 2569 3262 sprevit
2614 3206 2699 3245 eos
2728 3189 2748 3261 (
2773 3187 2975 3245 Psaltu.
3022 3203 3095 3255 tu
3118 3186 3162 3258 )5.
3197 3187 3498 3256 Quantum
3548 3187 3682 3247 bona
3718 3191 3787 3241 εει

2195 3285 2213 3359 [
2240 3284 2324 3339 Al.
2356 3283 2449 3356 et]
2486 3284 2719 3339 humana
2749 3281 3011 3348 offensio,
3039 3296 3136 3350 per
3165 3296 3345 3350 quam
3389 3278 3669 3341 invenitur
3688 3290 3787 3330 ser-

487 3385 609 3425 rum
636 3368 841 3443 studio,
877 3369 974 3427 sed
1006 3369 1234 3426 doloris.
1278 3369 1396 3427 Non
1445 3386 1569 3426 amo
1613 3370 1975 3443 frugalitatem
2008 3374 2083 3431 is-
2112 3366 2158 3431 C
2190 3376 2333 3433 vitus
2372 3375 2574 3441 Christi
2625 3392 2638 3429 :
2678 3383 2885 3429 tantum
2919 3373 3226 3443 perniciosa
3259 3379 3355 3427 est
3384 3371 3651 3437 amicitia,
3689 3382 3793 3439 quite

490 3472 621 3518 tam.
657 3461 874 3533 Jejunia
904 3462 1009 3523 ista
1041 3462 1341 3518 adversarii
1376 3462 1487 3518 mei
1527 3471 1674 3519 sunt.
1717 3463 1928 3519 Nullam
1973 3466 2089 3521 ani-

488 3570 632 3609 mam
662 3556 891 3626 recipio,
911 3572 1055 3627 quae,
1087 3571 1174 3612 me
1197 3556 1439 3625 nolente,
1472 3568 1758 3628 separatur
1781 3574 1809 3612 a
1833 3574 2085 3630 corpore.

488 3646 649 3702 Tales
703 3648 866 3704 stulta
915 3646 1262 3719 philosophia
1306 3648 1505 3704 habeat
1552 3658 1839 3723 martyres,
1889 3650 2087 3709 habeat

486 3739 781 3806 Zenonem,
814 3740 1256 3809 Cleombrotum,
1302 3751 1357 3798 et
1394 3741 1678 3799 Catonem.
1724 3744 1779 3801 Si
1809 3744 2082 3804 viventem

485 3833 742 3891 crederes
789 3833 1036 3905 fratrem,
1091 3851 1388 3906 numquam
1435 3836 1720 3907 plangeres
1758 3839 1826 3893 ad
1857 3840 2083 3897 meliora

482 3928 771 3999 migrasse.
803 3926 937 3983 Nam
967 3928 1108 3983 sicut
1140 3939 1337 3997 przeter
1366 3927 1505 3983 hanc
1527 3927 1714 3996 vitam,
1740 3938 1827 3986 est
1852 3931 1956 3986 vita
1976 3932 2082 3989 alia

480 4020 791 4083 beatorum,
832 4020 908 4074 ita
954 4030 1157 4089 praeter
1196 4019 1338 4077 hanc
1376 4031 1632 4089 mortem,
1681 4031 1769 4079 est
1797 4040 1944 4082 mors
1975 4028 2081 4085 alia

478 4109 794 4180 impiorum.

552 4204 857 4283 Adversum
888 4206 1082 4263 mortis
1111 4222 1239 4278 ergo
1270 4207 1525 4266 duritiam
1557 4219 1612 4266 et
1640 4214 2074 4272 crudelissimam

482 4299 887 4370 necessitatem,
935 4300 1038 4357 hoc
1087 4302 1284 4365 solatio
1314 4304 1593 4374 erigimur,
1648 4309 1789 4376 quod
1832 4309 1885 4365 in
1926 4311 2075 4368 brevi

478 4396 647 4451 visuri
695 4411 885 4453 sumus
931 4413 1026 4454 eos
1066 4413 1205 4468 quos
1249 4398 1497 4455 dolemus
1553 4401 1805 4458 absentes
1850 4423 1861 4458 ε
1902 4423 2076 4477 neque

481 4490 630 4545 enim
658 4506 829 4557 mors,
855 4493 949 4548 sed
977 4492 1236 4559 dormitio
1258 4502 1314 4548 et
1339 4509 1566 4549 somnus
1604 4499 1928 4565 appellatur.
1965 4501 2075 4557 Nos

478 4582 697 4638 dolendi
744 4584 934 4655 magis,
968 4586 1059 4661 qui
1105 4585 1348 4656 quotidie
1391 4596 1598 4643 stamus
1652 4589 1707 4643 in
1754 4592 1961 4659 prmlio,
2019 4603 2074 4649 et

477 4686 825 4745 peccatorum
853 4678 997 4731 vitiis
1027 4680 1393 4749 sordidamur,
1425 4692 1477 4737 et
1499 4683 1796 4751 accipimus
1819 4686 2065 4743 vulnera.

477 4769 637 4825 Absit
667 4780 845 4824 tamen
870 4784 903 4824 a
935 4769 1040 4824 fide
1070 4780 1253 4826 nostra
1282 4782 1339 4827 nt
1366 4773 1600 4844 aliquam
1638 4776 1846 4845 plagam
1888 4778 2066 4837 dicam
2096 4761 2152 4823 Ῑ)
2178 4790 2357 4846 natus,
2382 4779 2625 4841 ciliciutn
2669 4794 2697 4839 a
2731 4776 2961 4847 pueritia
2991 4776 3044 4829 in
3085 4774 3379 4841 habitum.
3398 4779 3592 4849 relegit
3613 4785 3717 4845 ,μ
3764 4776 3835 4829 ‘0'

474 4880 619 4931 esse,
653 4879 774 4933 qua:
798 4878 905 4918 non
934 4862 1127 4919 habeat
1152 4867 1604 4936 consolationem,
1636 4886 1757 4925 cum
1793 4872 2067 4942 Propheta

472 4958 776 5027 proclamet
820 4974 831 5011 :
878 4955 1151 5027 Numquid
1201 4959 1432 5013 medicus
1487 4979 1589 5016 non
1639 4973 1714 5017 est
1762 4965 1815 5018 in
1862 4964 2070 5022 Galaad

472 5050 492 5117 (
523 5047 715 5103 Jerem.
763 5063 859 5103 vut
881 5046 939 5121 )?
973 5049 1117 5104 Deus
1146 5050 1289 5105 enim
1318 5054 1563 5120 permisit
1602 5064 1653 5110 te
1684 5057 1837 5111 istius
1880 5061 2069 5116 saeculi

475 5138 731 5195 ﬂuctibus
761 5141 1041 5211 ventisque
1067 5141 1280 5211 jactari,
1316 5153 1375 5197 ut
1411 5154 1667 5215 expertus
1699 5148 2061 5219 naufragium,

470 5229 538 5285 dc
571 5240 766 5285 cmtero
791 5231 811 5305 [
836 5232 920 5286 At.
953 5232 1204 5306 aeterno]
1236 5234 1490 5291 similiter
1519 5237 1815 5306 periclitari
1847 5256 2061 5300 caveas.

468 5322 547 5377 Ita
577 5334 769 5379 cuncta
822 5340 941 5395 qua:
974 5340 1170 5397 passus
1216 5341 1296 5392 es,
1354 5326 1496 5383 sicut
1540 5328 1796 5402 intelligis
1836 5334 2063 5393 vulnera

466 5419 716 5489 corporis
750 5419 827 5472 tui
858 5438 869 5471 :
900 5419 978 5474 sic
1009 5422 1200 5476 anima:
1229 5422 1470 5477 remedia
1511 5433 1659 5477 sunt.
1695 5423 1884 5483 Brevis
1913 5428 2060 5489 enim

466 5509 591 5565 vita:
620 5510 855 5580 Spatium
880 5522 1083 5567 (eterna
1114 5514 1376 5569 memoria
1408 5525 1745 5586 compensat.

1039 5603 1267 5662 CAPUT
1309 5606 1475 5663 XXII.

606 5696 687 5751 De
716 5697 1135 5755 tribulationibus
1166 5711 1215 5756 et
1244 5704 1537 5775 opprobriis
1567 5708 1911 5778 perferendis.
1962 5752 1963 5755 η

533 5788 757 5859 Oportet
796 5809 896 5850 nos
943 5810 1038 5863 per
1080 5796 1281 5853 multas
1323 5798 1704 5859 tribulationes
1744 5803 1973 5861 introire
2004 5807 2063 5865 in

542 5904 1115 5995 :Iﬁtgeasalﬁrmantis
1145 5926 1312 5971 sensu
1331 5954 1348 5982 ,
1381 5916 1493 5971 uati
1519 5933 1720 5974 sumus.
1754 5917 1922 5977 Paulo
1943 5919 2170 5983 inferius
2198 5922 2536 5995 pericOpam,
2562 5919 2708 5979 Nam
2732 5937 2874 5979 mors
2903 5931 3079 5979 nostra
3110 5937 3451 5991 peceatum
3478 5943 3599 5994 est.
3634 5916 3858 5995 Βιώωή

462 5975 846 6040 praztermittit.

2192 3470 2287 3527 Dei
2321 3479 2542 3539 pra-stat
2570 3468 2865 3533 offensam;
2888 3468 3025 3523 sicut
3052 3465 3335 3536 scriptum
3358 3476 3449 3523 est
3476 3483 3491 3522 :
3518 3464 3622 3539 Qui
3642 3461 3793 3523 volue-

2188 3564 2259 3617 rit
2287 3563 2485 3623 amicus
2508 3561 2624 3631 ﬁeri
2654 3562 2809 3634 hujus
2845 3560 3050 3624 mundi,
3080 3559 3346 3615 inimicus
3396 3557 3504 3621 Dei
3544 3557 3799 3627 constitua:

2190 3664 2273 3713 tur
2300 3655 2505 3727 (Iacob.
2530 3656 2625 3726 tv).

2260 3750 2414 3806 Dicat
2444 3748 2812 3821 unusquisque
2834 3747 2981 3821 quod
3006 3747 3171 3806 velit;
3211 3762 3333 3819 ego
3367 3746 3604 3815 interim
3637 3743 3703 3802 de
3729 3756 3803 3798 me

2186 3858 2286 3913 pro
2311 3858 2503 3899 sensus
2532 3845 2639 3899 mei
2669 3844 2932 3913 parvitate
2956 3840 3236 3912 judicavi,
3284 3842 3505 3907 melius
3542 3854 3665 3901 esse
3690 3852 3803 3907 pou-

2186 3936 2335 3993 fundi
2363 3953 2546 4001 curant
2574 3936 2951 4008 peccatoribus
2973 3949 3141 4004 Super
3164 3945 3423 4003 terram,
3454 3949 3621 4007 quam
3641 3941 3811 3989 coram
3856 3952 3857 4015 χ

2184 4031 2391 4100 angelis
2438 4029 2641 4087 sanctis
2688 4030 2745 4084 in
2796 4029 2955 4094 caelo,
3006 4028 3093 4085 vel
3145 4027 3516 4099 ubicumque
3563 4022 3808 4097 judicium

2184 4140 2340 4179 suum
2364 4125 2596 4183 voluerit
2616 4124 3011 4183 demonstrare.
3034 4119 3195 4176 Unde
3220 4120 3423 4185 Isaias
3444 4122 3534 4178 vir
3552 4133 3653 4178 sua
3672 4122 3817 4189 gente

2182 4219 2578 4282 nobilissimus,
2626 4217 2717 4287 qui
2746 4230 2904 4271 socer
2937 4214 3079 4285 regis
3114 4214 3403 4283 Ezechias
3434 4214 3614 4273 fuisse
3656 4209 3815 4267 refero
3856 4202 3857 4215 ¹

2181 4322 2289 4383 tur,
2336 4314 2492 4384 jussu
2535 4312 2649 4378 Dei,
2680 4311 2928 4381 deposito
2954 4308 3156 4378 cilicio,
3201 4309 3415 4367 nudus
3447 4308 3661 4367 inecdit
3688 4324 3704 4359 :
3732 4318 3821 4360 nec
3856 4322 3857 4384 ᾖ

2181 4419 2288 4464 tam
2322 4409 2474 4464 ardui
2510 4406 2768 4478 praecepti
2792 4406 2997 4474 pudore
3015 4405 3343 4461 deterritus
3374 4414 3495 4474 est,
3521 4418 3634 4475 quo
3656 4402 3823 4459 atinas
3856 4402 3857 4481 ᾖ

2179 4504 2274 4558 Dei
2316 4503 2602 4572 imperium
2631 4509 2949 4569 sequeretur
2974 4516 2985 4554 :
3013 4500 3138 4569 quia
3192 4498 3356 4554 nihil
3394 4499 3696 4557 honestius
3714 4509 3828 4552 esse
3856 4498 3857 4572 ξ

2178 4595 2406 4661 homini,
2437 4609 2598 4665 quam
2644 4607 2744 4651 suo
2773 4590 3007 4646 creatori
3047 4605 3266 4660 parere
3320 4590 3648 4661 judicabat.
3676 4589 3826 4643 Joan-

2178 4704 2274 4745 nes
2303 4703 2519 4758 quoque
2547 4686 2788 4755 Baptista
2821 4684 3018 4739 nobilis
3044 4692 3098 4739 et
3128 4683 3192 4737 in
3230 4698 3437 4743 carne
3464 4695 3527 4749 ot
3558 4684 3620 4740 iu
3648 4680 3829 4752 spiritu

2176 4885 2357 4930 custas
2398 4873 2449 4926 in
2490 4871 2713 4926 cibum:
2756 4869 2846 4938 qui
2886 4882 2989 4923 nec
3024 4868 3257 4938 peccati
3293 4871 3699 4939 conscientia,
3745 4868 3857 4931 nee!

2175 4965 2511 5037 paupertatis
2539 4963 2740 5032 inopia,
2764 4962 2830 5016 ad
2858 4960 3019 5028 hujus
3034 4960 3307 5031 gloriam
3332 4967 3577 5029 cineris,
3605 4961 3705 5029 sed
3730 4958 3839 5017 sola

2174 5059 2341 5115 futuri
2385 5056 2569 5112 saeculi
2609 5054 2945 5111 beatitudine
2977 5053 3364 5117 trahebatur.
3416 5056 3599 5119 Unde
3628 5066 3688 5123 et
3716 5053 3857 5125 apo-i

2172 5153 2297 5210 stoli
2326 5152 2497 5218 stulti,
2529 5158 2581 5206 et
2611 5149 2829 5204 inutiles
2855 5157 2909 5203 et
2938 5148 3115 5205 tennis
3154 5149 3310 5208 fidei
3343 5161 3709 5224 arguuntur.

2244 5248 2374 5303 inde
2404 5245 2631 5301 Paulum
2678 5243 2979 5312 apostolum
3026 5244 3378 5314 proteram,
3427 5263 3613 5319 quem
3641 5224 3857 5319 (νιοιὶὣῇ

2173 5345 2319 5415 lego,
2352 5340 2543 5397 videor
2576 5340 2705 5394 mihi
2736 5354 2843 5394 non
2874 5338 3041 5394 verba
3087 5340 3361 5410 audire,
3419 5344 3533 5400 sed
3586 5343 3841 5405 tonitrua.

2166 5437 2270 5506 Qui
2294 5434 2456 5491 oculo
2480 5432 2682 5489 mentis
2706 5431 2883 5487 futura
2913 5432 3369 5504 contemplans,
3409 5435 3661 5495 dicebat
3684 5455 3701 5492 :
3726 5430 3847 5504 Quis

2166 5547 2259 5585 nos
2293 5528 2553 5598 separabit
2590 5543 2623 5580 a
2651 5526 2907 5581 charitate
2937 5522 3137 5579 Christi
3169 5540 3193 5579 :
3236 5529 3586 5597 tribulatio,
3643 5546 3717 5589 an

2164 5622 2354 5695 gustia,
2389 5638 2457 5679 an
2488 5619 2788 5689 persecutio,
2822 5635 2889 5673 an
2914 5622 3093 5687 fames,
3147 5634 3240 5674 an
3269 5622 3558 5693 auditas,
3605 5641 3679 5682 an
3721 5619 3857 5697 perii

2165 5715 2363 5783 culum,
2396 5732 2463 5769 an
2485 5714 2690 5785 gladius
2716 5713 2894 5785 (Rom.
2929 5711 3089 5782 vui)?
3126 5712 3290 5772 Illos
3320 5721 3607 5787 pericula
3640 5737 3751 5777 non
3772 5733 3856 5775 seu

2164 5819 2379 5878 parant,
2430 5823 2531 5862 nos
2578 5821 2709 5863 vero
2738 5804 3062 5877 voluptates.
3122 5804 3231 5867 Illi
3298 5820 3569 5872 catenas
3612 5802 3858 5886 bajulauh

3844 5558 3858 5903 ἐ
