  <div class='ocr_page' id='page_1' title='image "/cluster/home/n/w/nwhite01/storage/ocr_20150623/30/hvd.32044096580535/196.png"; bbox 0 0 3918 6294; ppageno 0'>
   <div class='ocr_carea' id='block_1_1' title="bbox 148 351 3428 432">
    <p class='ocr_par' dir='ltr' id='par_1_1' title="bbox 148 351 3428 432">
     <span class='ocr_line' id='line_1_1' title="bbox 148 351 3428 432; baseline 0.004 -20"><span class='ocrx_word' id='word_1_1' title='bbox 148 357 234 416; x_wconf 74' lang='lat'><strong>$73</strong></span> <span class='ocrx_word' id='word_1_2' title='bbox 677 351 966 413; x_wconf 79' lang='lat' dir='ltr'><strong>REGULA</strong></span> <span class='ocrx_word' id='word_1_3' title='bbox 1003 352 1485 413; x_wconf 75' lang='lat' dir='ltr'><strong>MONACIIORU.“</strong></span> <span class='ocrx_word' id='word_1_4' title='bbox 1528 354 1623 412; x_wconf 87' lang='lat' dir='ltr'><strong>EX</strong></span> <span class='ocrx_word' id='word_1_5' title='bbox 1663 353 1975 414; x_wconf 77' lang='lat' dir='ltr'><strong>SCRIPTIS</strong></span> <span class='ocrx_word' id='word_1_6' title='bbox 2014 355 2402 416; x_wconf 80' lang='lat' dir='ltr'><strong>lllERONYMl</strong></span> <span class='ocrx_word' id='word_1_7' title='bbox 2440 357 2826 426; x_wconf 76' lang='lat' dir='ltr'><strong>COLLECTA.</strong></span> <span class='ocrx_word' id='word_1_8' title='bbox 3318 366 3428 432; x_wconf 68' lang='grc' dir='ltr'><strong>δη</strong></span> 
     </span>
    </p>
   </div>
   <div class='ocr_carea' id='block_1_2' title="bbox 148 473 3423 551">
    <p class='ocr_par' dir='ltr' id='par_1_2' title="bbox 148 473 3423 551">
     <span class='ocr_line' id='line_1_2' title="bbox 148 473 3423 551; baseline 0.002 -22"><span class='ocrx_word' id='word_1_9' title='bbox 148 477 426 532; x_wconf 74' lang='lat' dir='ltr'><strong>innocentes</strong></span> <span class='ocrx_word' id='word_1_10' title='bbox 478 490 493 528; x_wconf 91' lang='lat'>:</span> <span class='ocrx_word' id='word_1_11' title='bbox 539 488 639 528; x_wconf 91' lang='lat' dir='ltr'><strong>nos</strong></span> <span class='ocrx_word' id='word_1_12' title='bbox 695 489 885 530; x_wconf 91' lang='lat' dir='ltr'><strong>aurum</strong></span> <span class='ocrx_word' id='word_1_13' title='bbox 928 473 1365 530; x_wconf 84' lang='lat' dir='ltr'><strong>circumferimus</strong></span> <span class='ocrx_word' id='word_1_14' title='bbox 1405 474 1711 530; x_wconf 88' lang='lat' dir='ltr'><strong>criminosi.</strong></span> <span class='ocrx_word' id='word_1_15' title='bbox 1743 477 1796 536; x_wconf 78' lang='grc' dir='ltr'>Α</span> <span class='ocrx_word' id='word_1_16' title='bbox 1824 474 1938 546; x_wconf 86' lang='lat' dir='ltr'><strong>ipse</strong></span> <span class='ocrx_word' id='word_1_17' title='bbox 1970 483 2211 532; x_wconf 86' lang='lat' dir='ltr'><strong>tentatus</strong></span> <span class='ocrx_word' id='word_1_18' title='bbox 2240 477 2329 534; x_wconf 87' lang='lat' dir='ltr'><strong>sit.</strong></span> <span class='ocrx_word' id='word_1_19' title='bbox 2365 476 2432 533; x_wconf 85' lang='lat' dir='ltr'><strong>Et</strong></span> <span class='ocrx_word' id='word_1_20' title='bbox 2461 477 2528 535; x_wconf 92' lang='lat' dir='ltr'><strong>de</strong></span> <span class='ocrx_word' id='word_1_21' title='bbox 2557 478 2834 535; x_wconf 80' lang='lat' dir='ltr'><strong>Abraham</strong></span> <span class='ocrx_word' id='word_1_22' title='bbox 2857 478 3140 551; x_wconf 76' lang='lat' dir='ltr'><strong>Scriptura</strong></span> <span class='ocrx_word' id='word_1_23' title='bbox 3165 489 3423 550; x_wconf 87' lang='lat' dir='ltr'><strong>testetur,</strong></span> 
     </span>
    </p>
   </div>
   <div class='ocr_carea' id='block_1_3' title="bbox 147 565 3428 645">
    <p class='ocr_par' dir='ltr' id='par_1_3' title="bbox 147 565 3428 645">
     <span class='ocr_line' id='line_1_3' title="bbox 147 565 3428 645; baseline 0.002 -21"><span class='ocrx_word' id='word_1_24' title='bbox 147 567 208 624; x_wconf 92' lang='lat' dir='ltr'><strong>llli</strong></span> <span class='ocrx_word' id='word_1_25' title='bbox 234 567 280 621; x_wconf 91' lang='lat' dir='ltr'><strong>in</strong></span> <span class='ocrx_word' id='word_1_26' title='bbox 328 565 636 620; x_wconf 80' lang='lat' dir='ltr'><strong>carceribus</strong></span> <span class='ocrx_word' id='word_1_27' title='bbox 677 567 862 632; x_wconf 82' lang='lat' dir='ltr'><strong>vincti,</strong></span> <span class='ocrx_word' id='word_1_28' title='bbox 918 582 1018 620; x_wconf 91' lang='lat' dir='ltr'><strong>nos</strong></span> <span class='ocrx_word' id='word_1_29' title='bbox 1066 567 1119 622; x_wconf 92' lang='lat' dir='ltr'><strong>in</strong></span> <span class='ocrx_word' id='word_1_30' title='bbox 1167 566 1418 623; x_wconf 85' lang='lat' dir='ltr'><strong>tricliniis</strong></span> <span class='ocrx_word' id='word_1_31' title='bbox 1473 565 1713 622; x_wconf 80' lang='lat' dir='ltr'><strong>delicati.</strong></span> <span class='ocrx_word' id='word_1_32' title='bbox 1821 569 1965 639; x_wconf 92' lang='lat' dir='ltr'><strong>quod</strong></span> <span class='ocrx_word' id='word_1_33' title='bbox 1995 569 2140 626; x_wconf 81' lang='lat' dir='ltr'><strong>Deus</strong></span> <span class='ocrx_word' id='word_1_34' title='bbox 2168 571 2784 641; x_wconf 74' lang='lat' dir='ltr'><strong>tentaveriteuthen.</strong></span> <span class='ocrx_word' id='word_1_35' title='bbox 2818 573 2977 645; x_wconf 83' lang='lat' dir='ltr'><strong>xm).</strong></span> <span class='ocrx_word' id='word_1_36' title='bbox 3003 574 3174 644; x_wconf 85' lang='lat' dir='ltr'><strong>Quam</strong></span> <span class='ocrx_word' id='word_1_37' title='bbox 3203 576 3274 630; x_wconf 92' lang='lat' dir='ltr'><strong>ob</strong></span> <span class='ocrx_word' id='word_1_38' title='bbox 3297 591 3428 632; x_wconf 78' lang='lat' dir='ltr'><strong>cau-</strong></span> 
     </span>
    </p>
   </div>
   <div class='ocr_carea' id='block_1_4' title="bbox 145 659 3425 740">
    <p class='ocr_par' dir='ltr' id='par_1_4' title="bbox 145 659 3425 740">
     <span class='ocr_line' id='line_1_4' title="bbox 145 659 3425 740; baseline 0.002 -25"><span class='ocrx_word' id='word_1_39' title='bbox 145 659 207 715; x_wconf 92' lang='lat' dir='ltr'><strong>llli</strong></span> <span class='ocrx_word' id='word_1_40' title='bbox 229 659 272 713; x_wconf 88' lang='lat' dir='ltr'><strong>iu</strong></span> <span class='ocrx_word' id='word_1_41' title='bbox 306 673 473 716; x_wconf 90' lang='lat' dir='ltr'><strong>nervo</strong></span> <span class='ocrx_word' id='word_1_42' title='bbox 504 659 689 730; x_wconf 81' lang='lat' dir='ltr'><strong>positi,</strong></span> <span class='ocrx_word' id='word_1_43' title='bbox 723 659 888 713; x_wconf 91' lang='lat' dir='ltr'><strong>Deum</strong></span> <span class='ocrx_word' id='word_1_44' title='bbox 924 675 1059 729; x_wconf 90' lang='lat' dir='ltr'><strong>puro</strong></span> <span class='ocrx_word' id='word_1_45' title='bbox 1099 660 1266 716; x_wconf 88' lang='lat' dir='ltr'><strong>corde</strong></span> <span class='ocrx_word' id='word_1_46' title='bbox 1297 669 1352 714; x_wconf 91' lang='lat' dir='ltr'><strong>et</strong></span> <span class='ocrx_word' id='word_1_47' title='bbox 1381 660 1592 715; x_wconf 86' lang='lat' dir='ltr'><strong>sincera</strong></span> <span class='ocrx_word' id='word_1_48' title='bbox 1623 673 1718 714; x_wconf 85' lang='lat' dir='ltr'><strong>co-</strong></span> <span class='ocrx_word' id='word_1_49' title='bbox 1820 675 1936 740; x_wconf 82' lang='lat' dir='ltr'><strong>sam</strong></span> <span class='ocrx_word' id='word_1_50' title='bbox 1965 661 2260 732; x_wconf 82' lang='lat' dir='ltr'><strong>Apostolus</strong></span> <span class='ocrx_word' id='word_1_51' title='bbox 2304 665 2582 734; x_wconf 83' lang='lat' dir='ltr'><strong>loquitur:</strong></span> <span class='ocrx_word' id='word_1_52' title='bbox 2625 664 2922 732; x_wconf 69' lang='lat' dir='ltr'><strong>Candente:</strong></span> <span class='ocrx_word' id='word_1_53' title='bbox 2963 667 3018 722; x_wconf 87' lang='lat' dir='ltr'><strong>in</strong></span> <span class='ocrx_word' id='word_1_54' title='bbox 3061 667 3425 738; x_wconf 76' lang='lat' dir='ltr'><strong>tribulatione,</strong></span> 
     </span>
    </p>
   </div>
   <div class='ocr_carea' id='block_1_5' title="bbox 145 751 3429 833">
    <p class='ocr_par' dir='ltr' id='par_1_5' title="bbox 145 751 3429 833">
     <span class='ocr_line' id='line_1_5' title="bbox 145 751 3429 833; baseline 0.002 -27"><span class='ocrx_word' id='word_1_55' title='bbox 145 753 371 824; x_wconf 83' lang='lat' dir='ltr'><strong>gitatione</strong></span> <span class='ocrx_word' id='word_1_56' title='bbox 417 751 706 808; x_wconf 84' lang='lat' dir='ltr'><strong>laudantes</strong></span> <span class='ocrx_word' id='word_1_57' title='bbox 747 770 760 806; x_wconf 88' lang='lat'>:</span> <span class='ocrx_word' id='word_1_58' title='bbox 796 767 895 807; x_wconf 89' lang='lat' dir='ltr'><strong>nos</strong></span> <span class='ocrx_word' id='word_1_59' title='bbox 941 751 1079 807; x_wconf 83' lang='lat' dir='ltr'><strong>forte</strong></span> <span class='ocrx_word' id='word_1_60' title='bbox 1120 753 1173 806; x_wconf 90' lang='lat' dir='ltr'><strong>in</strong></span> <span class='ocrx_word' id='word_1_61' title='bbox 1220 752 1334 822; x_wconf 82' lang='lat' dir='ltr'><strong>ipsa</strong></span> <span class='ocrx_word' id='word_1_62' title='bbox 1376 751 1616 806; x_wconf 79' lang='lat' dir='ltr'><strong>Ecclesia</strong></span> <span class='ocrx_word' id='word_1_63' title='bbox 1647 751 1717 806; x_wconf 85' lang='lat' dir='ltr'><strong>de</strong></span> <span class='ocrx_word' id='word_1_64' title='bbox 1821 765 1870 810; x_wconf 86' lang='lat' dir='ltr'><strong>et</strong></span> <span class='ocrx_word' id='word_1_65' title='bbox 1896 757 2116 811; x_wconf 76' lang='lat' dir='ltr'><strong>scientes</strong></span> <span class='ocrx_word' id='word_1_66' title='bbox 2146 762 2286 826; x_wconf 86' lang='lat' dir='ltr'><strong>quod</strong></span> <span class='ocrx_word' id='word_1_67' title='bbox 2327 758 2599 813; x_wconf 77' lang='lat' dir='ltr'><strong>tribulatio</strong></span> <span class='ocrx_word' id='word_1_68' title='bbox 2639 760 2949 830; x_wconf 74' lang='lat' dir='ltr'><strong>patientiam</strong></span> <span class='ocrx_word' id='word_1_69' title='bbox 2991 771 3242 829; x_wconf 76' lang='lat' dir='ltr'><strong>operatur</strong></span> <span class='ocrx_word' id='word_1_70' title='bbox 3268 778 3288 816; x_wconf 88' lang='lat'><strong><em>:</em></strong></span> <span class='ocrx_word' id='word_1_71' title='bbox 3327 780 3429 833; x_wconf 51' lang='lat' dir='ltr'><strong>pan</strong></span> 
     </span>
    </p>
   </div>
   <div class='ocr_carea' id='block_1_6' title="bbox 147 843 3428 925">
    <p class='ocr_par' dir='ltr' id='par_1_6' title="bbox 147 843 3428 925">
     <span class='ocr_line' id='line_1_6' title="bbox 147 843 3428 925; baseline 0.003 -25"><span class='ocrx_word' id='word_1_72' title='bbox 147 843 419 900; x_wconf 79' lang='lat' dir='ltr'><strong>forensibus</strong></span> <span class='ocrx_word' id='word_1_73' title='bbox 473 844 763 898; x_wconf 77' lang='lat' dir='ltr'><strong>calumniis</strong></span> <span class='ocrx_word' id='word_1_74' title='bbox 812 846 1136 914; x_wconf 79' lang='lat' dir='ltr'><strong>cogitamus.</strong></span> <span class='ocrx_word' id='word_1_75' title='bbox 1188 843 1254 899; x_wconf 87' lang='lat' dir='ltr'><strong>Et</strong></span> <span class='ocrx_word' id='word_1_76' title='bbox 1293 860 1416 899; x_wconf 92' lang='lat' dir='ltr'><strong>cum</strong></span> <span class='ocrx_word' id='word_1_77' title='bbox 1464 843 1716 900; x_wconf 90' lang='lat' dir='ltr'><strong>omnibus</strong></span> <span class='ocrx_word' id='word_1_78' title='bbox 1823 849 2004 904; x_wconf 78' lang='lat' dir='ltr'><strong>tientia</strong></span> <span class='ocrx_word' id='word_1_79' title='bbox 2034 851 2399 920; x_wconf 79' lang='lat' dir='ltr'><strong>probationem</strong></span> <span class='ocrx_word' id='word_1_80' title='bbox 2421 868 2442 904; x_wconf 87' lang='lat'><strong><em>:</em></strong></span> <span class='ocrx_word' id='word_1_81' title='bbox 2470 850 2708 923; x_wconf 78' lang='lat' dir='ltr'><strong>probatio</strong></span> <span class='ocrx_word' id='word_1_82' title='bbox 2745 868 2890 925; x_wconf 75' lang='lat' dir='ltr'><strong>spem</strong></span> <span class='ocrx_word' id='word_1_83' title='bbox 2918 868 2938 908; x_wconf 90' lang='lat'><strong><em>:</em></strong></span> <span class='ocrx_word' id='word_1_84' title='bbox 2967 869 3088 924; x_wconf 71' lang='lat' dir='ltr'><strong>spes</strong></span> <span class='ocrx_word' id='word_1_85' title='bbox 3115 863 3289 912; x_wconf 77' lang='lat' dir='ltr'><strong>autem</strong></span> <span class='ocrx_word' id='word_1_86' title='bbox 3319 870 3428 909; x_wconf 76' lang='lat' dir='ltr'><strong>non</strong></span> 
     </span>
    </p>
   </div>
   <div class='ocr_carea' id='block_1_7' title="bbox 149 935 3428 1016">
    <p class='ocr_par' dir='ltr' id='par_1_7' title="bbox 149 935 3428 1016">
     <span class='ocr_line' id='line_1_7' title="bbox 149 935 3428 1016; baseline 0.002 -23"><span class='ocrx_word' id='word_1_87' title='bbox 149 937 394 1009; x_wconf 80' lang='lat' dir='ltr'><strong>:t-qualiter</strong></span> <span class='ocrx_word' id='word_1_88' title='bbox 419 935 556 1009; x_wconf 84' lang='lat' dir='ltr'><strong>legis</strong></span> <span class='ocrx_word' id='word_1_89' title='bbox 588 938 710 990; x_wconf 84' lang='lat' dir='ltr'><strong>data</strong></span> <span class='ocrx_word' id='word_1_90' title='bbox 744 938 813 990; x_wconf 85' lang='lat' dir='ltr'><strong>sit</strong></span> <span class='ocrx_word' id='word_1_91' title='bbox 840 939 1034 1007; x_wconf 80' lang='lat' dir='ltr'><strong>gratia,</strong></span> <span class='ocrx_word' id='word_1_92' title='bbox 1065 938 1331 1008; x_wconf 82' lang='lat' dir='ltr'><strong>gehenna,</strong></span> <span class='ocrx_word' id='word_1_93' title='bbox 1365 951 1460 991; x_wconf 83' lang='lat' dir='ltr'><strong>seu</strong></span> <span class='ocrx_word' id='word_1_94' title='bbox 1505 945 1528 973; x_wconf 70' lang='grc' dir='ltr'>α</span> <span class='ocrx_word' id='word_1_95' title='bbox 1552 951 1715 1006; x_wconf 85' lang='lat' dir='ltr'><strong>regna</strong></span> <span class='ocrx_word' id='word_1_96' title='bbox 1821 941 2120 1010; x_wconf 79' lang='lat' dir='ltr'><strong>confundit.</strong></span> <span class='ocrx_word' id='word_1_97' title='bbox 2156 943 2425 1014; x_wconf 85' lang='lat' dir='ltr'><strong>Scriptum</strong></span> <span class='ocrx_word' id='word_1_98' title='bbox 2450 954 2522 998; x_wconf 73' lang='lat' dir='ltr'><strong>est</strong></span> <span class='ocrx_word' id='word_1_99' title='bbox 2551 945 2701 999; x_wconf 85' lang='lat' dir='ltr'><strong>etiam</strong></span> <span class='ocrx_word' id='word_1_100' title='bbox 2723 945 2903 1011; x_wconf 75' lang='lat' dir='ltr'><strong>:‘Quia</strong></span> <span class='ocrx_word' id='word_1_101' title='bbox 2924 957 3144 1016; x_wconf 73' lang='lat' dir='ltr'><strong>propter</strong></span> <span class='ocrx_word' id='word_1_102' title='bbox 3168 957 3214 1000; x_wconf 81' lang='lat' dir='ltr'><strong>te</strong></span> <span class='ocrx_word' id='word_1_103' title='bbox 3243 948 3428 1002; x_wconf 82' lang='lat' dir='ltr'><strong>morti-</strong></span> 
     </span>
    </p>
   </div>
   <div class='ocr_carea' id='block_1_8' title="bbox 145 1029 3427 1103">
    <p class='ocr_par' dir='ltr' id='par_1_8' title="bbox 145 1029 3427 1103">
     <span class='ocr_line' id='line_1_8' title="bbox 145 1029 3427 1103; baseline 0.003 -20"><span class='ocrx_word' id='word_1_104' title='bbox 145 1030 373 1102; x_wconf 84' lang='lat' dir='ltr'><strong>promissa</strong></span> <span class='ocrx_word' id='word_1_105' title='bbox 406 1029 541 1098; x_wconf 73' lang='lat' dir='ltr'><strong>sint,</strong></span> <span class='ocrx_word' id='word_1_106' title='bbox 573 1029 665 1084; x_wconf 79' lang='lat' dir='ltr'><strong>alii</strong></span> <span class='ocrx_word' id='word_1_107' title='bbox 695 1030 762 1085; x_wconf 90' lang='lat' dir='ltr'><strong>de</strong></span> <span class='ocrx_word' id='word_1_108' title='bbox 791 1029 1014 1098; x_wconf 75' lang='lat' dir='ltr'><strong>divitiis,</strong></span> <span class='ocrx_word' id='word_1_109' title='bbox 1057 1029 1149 1084; x_wconf 83' lang='lat' dir='ltr'><strong>alii</strong></span> <span class='ocrx_word' id='word_1_110' title='bbox 1187 1029 1256 1085; x_wconf 87' lang='lat' dir='ltr'><strong>de</strong></span> <span class='ocrx_word' id='word_1_111' title='bbox 1286 1030 1576 1084; x_wconf 83' lang='lat' dir='ltr'><strong>virtutibus</strong></span> <span class='ocrx_word' id='word_1_112' title='bbox 1603 1044 1716 1085; x_wconf 87' lang='lat' dir='ltr'><strong>me-</strong></span> <span class='ocrx_word' id='word_1_113' title='bbox 1819 1034 2038 1103; x_wconf 82' lang='lat' dir='ltr'><strong>ﬁcamur</strong></span> <span class='ocrx_word' id='word_1_114' title='bbox 2059 1044 2167 1090; x_wconf 91' lang='lat' dir='ltr'><strong>tota</strong></span> <span class='ocrx_word' id='word_1_115' title='bbox 2195 1036 2316 1092; x_wconf 86' lang='lat' dir='ltr'><strong>die:</strong></span> <span class='ocrx_word' id='word_1_116' title='bbox 2343 1046 2391 1091; x_wconf 87' lang='lat' dir='ltr'><strong>et</strong></span> <span class='ocrx_word' id='word_1_117' title='bbox 2421 1037 2666 1096; x_wconf 68' lang='lat' dir='ltr'><strong>aestimati</strong></span> <span class='ocrx_word' id='word_1_118' title='bbox 2701 1055 2879 1092; x_wconf 72' lang='lat' dir='ltr'><strong>sumus</strong></span> <span class='ocrx_word' id='word_1_119' title='bbox 2915 1049 2970 1093; x_wconf 87' lang='lat' dir='ltr'><strong>ut</strong></span> <span class='ocrx_word' id='word_1_120' title='bbox 2999 1055 3114 1094; x_wconf 75' lang='lat' dir='ltr'><strong>oves</strong></span> <span class='ocrx_word' id='word_1_121' title='bbox 3146 1039 3427 1094; x_wconf 72' lang='lat' dir='ltr'><strong>occisionis</strong></span> 
     </span>
    </p>
   </div>
   <div class='ocr_carea' id='block_1_9' title="bbox 144 1123 3426 1200">
    <p class='ocr_par' dir='ltr' id='par_1_9' title="bbox 144 1123 3426 1200">
     <span class='ocr_line' id='line_1_9' title="bbox 144 1123 3426 1200; baseline 0.002 -20"><span class='ocrx_word' id='word_1_122' title='bbox 144 1125 370 1180; x_wconf 79' lang='lat' dir='ltr'><strong>ditantur.</strong></span> <span class='ocrx_word' id='word_1_123' title='bbox 411 1124 662 1198; x_wconf 83' lang='lat' dir='ltr'><strong>Cumque</strong></span> <span class='ocrx_word' id='word_1_124' title='bbox 700 1123 906 1179; x_wconf 89' lang='lat' dir='ltr'><strong>dictum</strong></span> <span class='ocrx_word' id='word_1_125' title='bbox 945 1127 1016 1181; x_wconf 92' lang='lat' dir='ltr'><strong>sit</strong></span> <span class='ocrx_word' id='word_1_126' title='bbox 1056 1124 1386 1196; x_wconf 79' lang='lat' dir='ltr'><strong>generaliter</strong></span> <span class='ocrx_word' id='word_1_127' title='bbox 1414 1124 1665 1179; x_wconf 89' lang='lat' dir='ltr'><strong>omnibus</strong></span> <span class='ocrx_word' id='word_1_128' title='bbox 1699 1141 1713 1179; x_wconf 91' lang='lat'><strong>:</strong></span> <span class='ocrx_word' id='word_1_129' title='bbox 1819 1123 2018 1195; x_wconf 79' lang='lat' dir='ltr'><strong>(liam.</strong></span> <span class='ocrx_word' id='word_1_130' title='bbox 2050 1125 2126 1198; x_wconf 90' lang='lat' dir='ltr'><strong>v).</strong></span> <span class='ocrx_word' id='word_1_131' title='bbox 2155 1128 2262 1184; x_wconf 86' lang='lat' dir='ltr'><strong>Sed</strong></span> <span class='ocrx_word' id='word_1_132' title='bbox 2282 1144 2474 1198; x_wconf 88' lang='lat' dir='ltr'><strong>magna</strong></span> <span class='ocrx_word' id='word_1_133' title='bbox 2497 1128 2735 1184; x_wconf 75' lang='lat' dir='ltr'><strong>miseria:</strong></span> <span class='ocrx_word' id='word_1_134' title='bbox 2753 1130 3054 1186; x_wconf 81' lang='lat' dir='ltr'><strong>consolatio</strong></span> <span class='ocrx_word' id='word_1_135' title='bbox 3072 1139 3176 1194; x_wconf 86' lang='lat' dir='ltr'><strong>est,</strong></span> <span class='ocrx_word' id='word_1_136' title='bbox 3202 1129 3426 1200; x_wconf 83' lang='lat' dir='ltr'><strong>quando</strong></span> 
     </span>
    </p>
   </div>
   <div class='ocr_carea' id='block_1_10' title="bbox 149 1215 3332 1295">
    <p class='ocr_par' dir='ltr' id='par_1_10' title="bbox 149 1215 3332 1295">
     <span class='ocr_line' id='line_1_10' title="bbox 149 1215 3332 1295; baseline 0.002 -23"><span class='ocrx_word' id='word_1_137' title='bbox 149 1216 396 1272; x_wconf 76' lang='lat' dir='ltr'><strong>Dominum</strong></span> <span class='ocrx_word' id='word_1_138' title='bbox 444 1215 617 1271; x_wconf 85' lang='lat' dir='ltr'><strong>Deum</strong></span> <span class='ocrx_word' id='word_1_139' title='bbox 663 1225 809 1272; x_wconf 86' lang='lat' dir='ltr'><strong>tuutn</strong></span> <span class='ocrx_word' id='word_1_140' title='bbox 837 1217 1100 1281; x_wconf 81' lang='lat' dir='ltr'><strong>adorabis,</strong></span> <span class='ocrx_word' id='word_1_141' title='bbox 1140 1227 1187 1272; x_wconf 86' lang='lat' dir='ltr'><strong>et</strong></span> <span class='ocrx_word' id='word_1_142' title='bbox 1227 1217 1310 1271; x_wconf 85' lang='lat' dir='ltr'><strong>illi</strong></span> <span class='ocrx_word' id='word_1_143' title='bbox 1338 1217 1437 1274; x_wconf 80' lang='lat' dir='ltr'><strong>soli</strong></span> <span class='ocrx_word' id='word_1_144' title='bbox 1481 1219 1667 1273; x_wconf 80' lang='lat' dir='ltr'><strong>servies</strong></span> <span class='ocrx_word' id='word_1_145' title='bbox 1697 1234 1716 1273; x_wconf 91' lang='lat'><strong><em>:</em></strong></span> <span class='ocrx_word' id='word_1_146' title='bbox 1820 1220 1872 1274; x_wconf 89' lang='lat' dir='ltr'><strong>in</strong></span> <span class='ocrx_word' id='word_1_147' title='bbox 1907 1221 2194 1278; x_wconf 88' lang='lat' dir='ltr'><strong>tormentis</strong></span> <span class='ocrx_word' id='word_1_148' title='bbox 2223 1223 2345 1294; x_wconf 86' lang='lat' dir='ltr'><strong>quis</strong></span> <span class='ocrx_word' id='word_1_149' title='bbox 2378 1223 2615 1292; x_wconf 87' lang='lat' dir='ltr'><strong>positus,</strong></span> <span class='ocrx_word' id='word_1_150' title='bbox 2639 1223 2742 1279; x_wconf 87' lang='lat' dir='ltr'><strong>scit</strong></span> <span class='ocrx_word' id='word_1_151' title='bbox 2769 1237 3032 1295; x_wconf 84' lang='lat' dir='ltr'><strong>prospera</strong></span> <span class='ocrx_word' id='word_1_152' title='bbox 3053 1231 3332 1284; x_wconf 84' lang='lat' dir='ltr'><strong>secutura.</strong></span> 
     </span>
    </p>
   </div>
   <div class='ocr_carea' id='block_1_11' title="bbox 147 1309 1716 1382">
    <p class='ocr_par' dir='ltr' id='par_1_11' title="bbox 147 1309 1716 1382">
     <span class='ocr_line' id='line_1_11' title="bbox 147 1309 1716 1382; baseline 0.001 -17"><span class='ocrx_word' id='word_1_153' title='bbox 147 1309 246 1366; x_wconf 80' lang='lat' dir='ltr'><strong>aliis</strong></span> <span class='ocrx_word' id='word_1_154' title='bbox 275 1311 614 1378; x_wconf 83' lang='lat' dir='ltr'><strong>innocentia,</strong></span> <span class='ocrx_word' id='word_1_155' title='bbox 641 1309 1038 1378; x_wconf 81' lang='lat' dir='ltr'><strong>misericordia,</strong></span> <span class='ocrx_word' id='word_1_156' title='bbox 1063 1311 1335 1376; x_wconf 78' lang='lat' dir='ltr'><strong>castitate,</strong></span> <span class='ocrx_word' id='word_1_157' title='bbox 1356 1310 1577 1382; x_wconf 85' lang='lat' dir='ltr'><strong>jejuniis</strong></span> <span class='ocrx_word' id='word_1_158' title='bbox 1607 1311 1716 1366; x_wconf 89' lang='lat' dir='ltr'><strong>Deo</strong></span> 
     </span>
    </p>
   </div>
   <div class='ocr_carea' id='block_1_12' title="bbox 151 1402 1714 1466">
    <p class='ocr_par' dir='ltr' id='par_1_12' title="bbox 151 1402 1714 1466">
     <span class='ocr_line' id='line_1_12' title="bbox 151 1402 1714 1466; baseline 0 -9"><span class='ocrx_word' id='word_1_159' title='bbox 151 1402 344 1458; x_wconf 75' lang='lat' dir='ltr'><strong>ﬁdeliter</strong></span> <span class='ocrx_word' id='word_1_160' title='bbox 369 1410 426 1456; x_wconf 84' lang='lat' dir='ltr'><strong>et</strong></span> <span class='ocrx_word' id='word_1_161' title='bbox 458 1404 582 1458; x_wconf 89' lang='lat' dir='ltr'><strong>sine</strong></span> <span class='ocrx_word' id='word_1_162' title='bbox 614 1402 721 1458; x_wconf 88' lang='lat' dir='ltr'><strong>line</strong></span> <span class='ocrx_word' id='word_1_163' title='bbox 760 1403 1151 1466; x_wconf 79' lang='lat' dir='ltr'><strong>servientibus,</strong></span> <span class='ocrx_word' id='word_1_164' title='bbox 1183 1418 1282 1458; x_wconf 90' lang='lat' dir='ltr'><strong>nos</strong></span> <span class='ocrx_word' id='word_1_165' title='bbox 1314 1402 1471 1458; x_wconf 89' lang='lat' dir='ltr'><strong>nobis</strong></span> <span class='ocrx_word' id='word_1_166' title='bbox 1501 1403 1714 1459; x_wconf 84' lang='lat' dir='ltr'><strong>adulte-</strong></span> 
     </span>
    </p>
   </div>
   <div class='ocr_carea' id='block_1_13' title="bbox 156 1493 1716 1566">
    <p class='ocr_par' dir='ltr' id='par_1_13' title="bbox 156 1493 1716 1566">
     <span class='ocr_line' id='line_1_13' title="bbox 156 1493 1716 1566; baseline 0.002 -18"><span class='ocrx_word' id='word_1_167' title='bbox 156 1509 230 1549; x_wconf 86' lang='lat' dir='ltr'><strong>ros</strong></span> <span class='ocrx_word' id='word_1_168' title='bbox 244 1493 491 1566; x_wconf 75' lang='lat' dir='ltr'><strong>eligimus,</strong></span> <span class='ocrx_word' id='word_1_169' title='bbox 518 1494 716 1566; x_wconf 84' lang='lat' dir='ltr'><strong>quibus</strong></span> <span class='ocrx_word' id='word_1_170' title='bbox 735 1495 942 1549; x_wconf 86' lang='lat' dir='ltr'><strong>servire</strong></span> <span class='ocrx_word' id='word_1_171' title='bbox 963 1495 1233 1550; x_wconf 86' lang='lat' dir='ltr'><strong>volumus.</strong></span> <span class='ocrx_word' id='word_1_172' title='bbox 1257 1494 1539 1565; x_wconf 85' lang='lat' dir='ltr'><strong>Siquidem</strong></span> <span class='ocrx_word' id='word_1_173' title='bbox 1562 1497 1716 1566; x_wconf 77' lang='lat' dir='ltr'><strong>juxta</strong></span> 
     </span>
    </p>
   </div>
   <div class='ocr_carea' id='block_1_14' title="bbox 156 1585 1715 1660">
    <p class='ocr_par' dir='ltr' id='par_1_14' title="bbox 156 1585 1715 1660">
     <span class='ocr_line' id='line_1_14' title="bbox 156 1585 1715 1660; baseline -0.001 -18"><span class='ocrx_word' id='word_1_174' title='bbox 156 1587 386 1658; x_wconf 77' lang='lat' dir='ltr'><strong>Evangelii</strong></span> <span class='ocrx_word' id='word_1_175' title='bbox 410 1588 740 1642; x_wconf 88' lang='lat' dir='ltr'><strong>sententiam</strong></span> <span class='ocrx_word' id='word_1_176' title='bbox 774 1604 786 1640; x_wconf 91' lang='lat'><strong>:</strong></span> <span class='ocrx_word' id='word_1_177' title='bbox 821 1585 1002 1644; x_wconf 78' lang='lat' dir='ltr'><strong>Omnia</strong></span> <span class='ocrx_word' id='word_1_178' title='bbox 1031 1587 1116 1660; x_wconf 81' lang='lat' dir='ltr'><strong>qui</strong></span> <span class='ocrx_word' id='word_1_179' title='bbox 1146 1589 1270 1659; x_wconf 82' lang='lat' dir='ltr'><strong>facit</strong></span> <span class='ocrx_word' id='word_1_180' title='bbox 1296 1597 1582 1658; x_wconf 74' lang='lat' dir='ltr'><strong>peccaturo,</strong></span> <span class='ocrx_word' id='word_1_181' title='bbox 1607 1604 1715 1642; x_wconf 83' lang='lat' dir='ltr'><strong>ser-</strong></span> 
     </span>
    </p>
   </div>
   <div class='ocr_carea' id='block_1_15' title="bbox 151 1676 3421 1758">
    <p class='ocr_par' dir='ltr' id='par_1_15' title="bbox 151 1676 3421 1758">
     <span class='ocr_line' id='line_1_15' title="bbox 151 1676 3421 1758; baseline 0.004 -30"><span class='ocrx_word' id='word_1_182' title='bbox 151 1687 306 1732; x_wconf 70' lang='lat' dir='ltr'><strong>uiat</strong></span> <span class='ocrx_word' id='word_1_183' title='bbox 333 1676 756 1750; x_wconf 80' lang='lat' dir='ltr'><strong>peccati(.loan.</strong></span> <span class='ocrx_word' id='word_1_184' title='bbox 787 1677 945 1749; x_wconf 79' lang='lat' dir='ltr'><strong>vni).</strong></span> <span class='ocrx_word' id='word_1_185' title='bbox 974 1677 1182 1734; x_wconf 83' lang='lat' dir='ltr'><strong>Revera</strong></span> <span class='ocrx_word' id='word_1_186' title='bbox 1231 1678 1274 1734; x_wconf 88' lang='lat' dir='ltr'><strong>si</strong></span> <span class='ocrx_word' id='word_1_187' title='bbox 1303 1687 1514 1733; x_wconf 88' lang='lat' dir='ltr'><strong>amator</strong></span> <span class='ocrx_word' id='word_1_188' title='bbox 1553 1695 1717 1749; x_wconf 86' lang='lat' dir='ltr'><strong>pecu-</strong></span> <span class='ocrx_word' id='word_1_189' title='bbox 1820 1687 2039 1757; x_wconf 88' lang='lat' dir='ltr'><strong>quando</strong></span> <span class='ocrx_word' id='word_1_190' title='bbox 2068 1695 2196 1743; x_wconf 88' lang='lat' dir='ltr'><strong>ante</strong></span> <span class='ocrx_word' id='word_1_191' title='bbox 2238 1687 2474 1744; x_wconf 81' lang='lat' dir='ltr'><strong>tribunal</strong></span> <span class='ocrx_word' id='word_1_192' title='bbox 2515 1685 2719 1743; x_wconf 82' lang='lat' dir='ltr'><strong>Christi</strong></span> <span class='ocrx_word' id='word_1_193' title='bbox 2773 1687 3072 1758; x_wconf 82' lang='lat' dir='ltr'><strong>unicuique</strong></span> <span class='ocrx_word' id='word_1_194' title='bbox 3119 1684 3421 1743; x_wconf 84' lang='lat' dir='ltr'><strong>secundum</strong></span> 
     </span>
    </p>
   </div>
   <div class='ocr_carea' id='block_1_16' title="bbox 149 1770 3426 1850">
    <p class='ocr_par' dir='ltr' id='par_1_16' title="bbox 149 1770 3426 1850">
     <span class='ocr_line' id='line_1_16' title="bbox 149 1770 3426 1850; baseline 0.003 -26"><span class='ocrx_word' id='word_1_195' title='bbox 149 1772 235 1824; x_wconf 79' lang='lat' dir='ltr'><strong>nizc</strong></span> <span class='ocrx_word' id='word_1_196' title='bbox 252 1787 382 1840; x_wconf 85' lang='lat' dir='ltr'><strong>sum,</strong></span> <span class='ocrx_word' id='word_1_197' title='bbox 413 1771 458 1824; x_wconf 88' lang='lat' dir='ltr'><strong>si</strong></span> <span class='ocrx_word' id='word_1_198' title='bbox 503 1771 716 1840; x_wconf 63' lang='lat' dir='ltr'><strong>gloriae,</strong></span> <span class='ocrx_word' id='word_1_199' title='bbox 750 1770 796 1824; x_wconf 87' lang='lat' dir='ltr'><strong>si</strong></span> <span class='ocrx_word' id='word_1_200' title='bbox 837 1771 1129 1842; x_wconf 56' lang='lat' dir='ltr'><strong>superbiai.</strong></span> <span class='ocrx_word' id='word_1_201' title='bbox 1161 1771 1205 1826; x_wconf 79' lang='lat' dir='ltr'><strong>si</strong></span> <span class='ocrx_word' id='word_1_202' title='bbox 1237 1770 1573 1836; x_wconf 75' lang='lat' dir='ltr'><strong>alllblliODiS.</strong></span> <span class='ocrx_word' id='word_1_203' title='bbox 1622 1779 1718 1826; x_wconf 70' lang='lat' dir='ltr'><strong>aut</strong></span> <span class='ocrx_word' id='word_1_204' title='bbox 1819 1795 1917 1834; x_wconf 88' lang='lat' dir='ltr'><strong>sua</strong></span> <span class='ocrx_word' id='word_1_205' title='bbox 1951 1780 2091 1836; x_wconf 81' lang='lat' dir='ltr'><strong>facta</strong></span> <span class='ocrx_word' id='word_1_206' title='bbox 2129 1781 2464 1836; x_wconf 83' lang='lat' dir='ltr'><strong>reddendum</strong></span> <span class='ocrx_word' id='word_1_207' title='bbox 2497 1789 2582 1836; x_wconf 86' lang='lat' dir='ltr'><strong>est</strong></span> <span class='ocrx_word' id='word_1_208' title='bbox 2613 1797 2627 1834; x_wconf 86' lang='lat'>:</span> <span class='ocrx_word' id='word_1_209' title='bbox 2662 1779 2744 1834; x_wconf 89' lang='lat' dir='ltr'><strong>his</strong></span> <span class='ocrx_word' id='word_1_210' title='bbox 2774 1779 2868 1848; x_wconf 90' lang='lat' dir='ltr'><strong>qui</strong></span> <span class='ocrx_word' id='word_1_211' title='bbox 2901 1779 2952 1833; x_wconf 93' lang='lat' dir='ltr'><strong>in</strong></span> <span class='ocrx_word' id='word_1_212' title='bbox 2987 1779 3224 1836; x_wconf 87' lang='lat' dir='ltr'><strong>terrenis</strong></span> <span class='ocrx_word' id='word_1_213' title='bbox 3250 1777 3426 1850; x_wconf 66' lang='lat' dir='ltr'><strong>magis</strong></span> 
     </span>
    </p>
   </div>
   <div class='ocr_carea' id='block_1_17' title="bbox 150 1862 3430 1942">
    <p class='ocr_par' dir='ltr' id='par_1_17' title="bbox 150 1862 3430 1942">
     <span class='ocr_line' id='line_1_17' title="bbox 150 1862 3430 1942; baseline 0.001 -20"><span class='ocrx_word' id='word_1_214' title='bbox 150 1876 360 1934; x_wconf 70' lang='lat' dir='ltr'><strong>pompae:</strong></span> <span class='ocrx_word' id='word_1_215' title='bbox 390 1863 518 1916; x_wconf 87' lang='lat' dir='ltr'><strong>dum</strong></span> <span class='ocrx_word' id='word_1_216' title='bbox 550 1862 631 1917; x_wconf 88' lang='lat' dir='ltr'><strong>illi</strong></span> <span class='ocrx_word' id='word_1_217' title='bbox 671 1877 834 1917; x_wconf 84' lang='lat' dir='ltr'><strong>omne</strong></span> <span class='ocrx_word' id='word_1_218' title='bbox 861 1862 1099 1917; x_wconf 83' lang='lat' dir='ltr'><strong>studium</strong></span> <span class='ocrx_word' id='word_1_219' title='bbox 1134 1877 1269 1917; x_wconf 76' lang='lat' dir='ltr'><strong>meae</strong></span> <span class='ocrx_word' id='word_1_220' title='bbox 1299 1863 1589 1917; x_wconf 67' lang='lat' dir='ltr'><strong>voluntatis</strong></span> <span class='ocrx_word' id='word_1_221' title='bbox 1617 1863 1715 1916; x_wconf 88' lang='lat' dir='ltr'><strong>im-</strong></span> <span class='ocrx_word' id='word_1_222' title='bbox 1743 1873 1792 1935; x_wconf 88' lang='lat' dir='ltr'><strong>B</strong></span> <span class='ocrx_word' id='word_1_223' title='bbox 1825 1872 2080 1942; x_wconf 83' lang='lat' dir='ltr'><strong>negotiis,</strong></span> <span class='ocrx_word' id='word_1_224' title='bbox 2111 1888 2271 1940; x_wconf 86' lang='lat' dir='ltr'><strong>quam</strong></span> <span class='ocrx_word' id='word_1_225' title='bbox 2307 1873 2358 1925; x_wconf 89' lang='lat' dir='ltr'><strong>in</strong></span> <span class='ocrx_word' id='word_1_226' title='bbox 2388 1872 2710 1928; x_wconf 81' lang='lat' dir='ltr'><strong>coelestibus</strong></span> <span class='ocrx_word' id='word_1_227' title='bbox 2737 1871 3078 1933; x_wconf 83' lang='lat' dir='ltr'><strong>laborarunt,</strong></span> <span class='ocrx_word' id='word_1_228' title='bbox 3115 1870 3249 1939; x_wconf 83' lang='lat' dir='ltr'><strong>justi</strong></span> <span class='ocrx_word' id='word_1_229' title='bbox 3279 1868 3430 1938; x_wconf 87' lang='lat' dir='ltr'><strong>judi-</strong></span> 
     </span>
    </p>
   </div>
   <div class='ocr_carea' id='block_1_18' title="bbox 155 1957 3427 2034">
    <p class='ocr_par' dir='ltr' id='par_1_18' title="bbox 155 1957 3427 2034">
     <span class='ocr_line' id='line_1_18' title="bbox 155 1957 3427 2034; baseline 0.004 -28"><span class='ocrx_word' id='word_1_230' title='bbox 155 1957 317 2026; x_wconf 74' lang='lat' dir='ltr'><strong>pendo,</strong></span> <span class='ocrx_word' id='word_1_231' title='bbox 362 1958 595 2012; x_wconf 86' lang='lat' dir='ltr'><strong>Domino</strong></span> <span class='ocrx_word' id='word_1_232' title='bbox 636 1959 847 2012; x_wconf 76' lang='lat' dir='ltr'><strong>servire</strong></span> <span class='ocrx_word' id='word_1_233' title='bbox 893 1974 1001 2013; x_wconf 90' lang='lat' dir='ltr'><strong>non</strong></span> <span class='ocrx_word' id='word_1_234' title='bbox 1035 1973 1279 2029; x_wconf 87' lang='lat' dir='ltr'><strong>possum.</strong></span> <span class='ocrx_word' id='word_1_235' title='bbox 1326 1957 1462 2026; x_wconf 87' lang='lat' dir='ltr'><strong>Quia</strong></span> <span class='ocrx_word' id='word_1_236' title='bbox 1501 1957 1714 2013; x_wconf 91' lang='lat' dir='ltr'><strong>duobus</strong></span> <span class='ocrx_word' id='word_1_237' title='bbox 1818 1963 1888 2019; x_wconf 80' lang='lat' dir='ltr'><strong>eti</strong></span> <span class='ocrx_word' id='word_1_238' title='bbox 1918 1964 2281 2034; x_wconf 67' lang='lat' dir='ltr'><strong>reslionsione</strong></span> <span class='ocrx_word' id='word_1_239' title='bbox 2312 1963 2566 2018; x_wconf 86' lang='lat' dir='ltr'><strong>dicatur:</strong></span> <span class='ocrx_word' id='word_1_240' title='bbox 2597 1962 2673 2020; x_wconf 85' lang='lat' dir='ltr'><strong>Ite</strong></span> <span class='ocrx_word' id='word_1_241' title='bbox 2703 1963 2747 2017; x_wconf 90' lang='lat' dir='ltr'><strong>si</strong></span> <span class='ocrx_word' id='word_1_242' title='bbox 2781 1961 3055 2031; x_wconf 83' lang='lat' dir='ltr'><strong>potestis:</strong></span> <span class='ocrx_word' id='word_1_243' title='bbox 3091 1968 3151 2018; x_wconf 84' lang='lat' dir='ltr'><strong>et</strong></span> <span class='ocrx_word' id='word_1_244' title='bbox 3185 1961 3297 2020; x_wconf 89' lang='lat' dir='ltr'><strong>illic</strong></span> <span class='ocrx_word' id='word_1_245' title='bbox 3335 1960 3427 2018; x_wconf 88' lang='lat' dir='ltr'><strong>ubi</strong></span> 
     </span>
    </p>
   </div>
   <div class='ocr_carea' id='block_1_19' title="bbox 151 2051 3440 2124">
    <p class='ocr_par' dir='ltr' id='par_1_19' title="bbox 151 2051 3440 2124">
     <span class='ocr_line' id='line_1_19' title="bbox 151 2051 3440 2124; baseline 0.001 -17"><span class='ocrx_word' id='word_1_246' title='bbox 151 2051 350 2107; x_wconf 82' lang='lat' dir='ltr'><strong>dominis</strong></span> <span class='ocrx_word' id='word_1_247' title='bbox 390 2053 668 2107; x_wconf 84' lang='lat' dir='ltr'><strong>neminem</strong></span> <span class='ocrx_word' id='word_1_248' title='bbox 701 2052 912 2108; x_wconf 83' lang='lat' dir='ltr'><strong>servire</strong></span> <span class='ocrx_word' id='word_1_249' title='bbox 949 2066 1110 2122; x_wconf 75' lang='lat' dir='ltr'><strong>|l0&gt;$e</strong></span> <span class='ocrx_word' id='word_1_250' title='bbox 1139 2052 1400 2122; x_wconf 87' lang='lat' dir='ltr'><strong>scriptum</strong></span> <span class='ocrx_word' id='word_1_251' title='bbox 1440 2060 1542 2107; x_wconf 84' lang='lat' dir='ltr'><strong>est.</strong></span> <span class='ocrx_word' id='word_1_252' title='bbox 1586 2052 1712 2107; x_wconf 76' lang='lat' dir='ltr'><strong>Non</strong></span> <span class='ocrx_word' id='word_1_253' title='bbox 1819 2065 1929 2112; x_wconf 89' lang='lat' dir='ltr'><strong>tota</strong></span> <span class='ocrx_word' id='word_1_254' title='bbox 1959 2056 2254 2124; x_wconf 83' lang='lat' dir='ltr'><strong>devotione</strong></span> <span class='ocrx_word' id='word_1_255' title='bbox 2298 2055 2590 2122; x_wconf 83' lang='lat' dir='ltr'><strong>servistis,</strong></span> <span class='ocrx_word' id='word_1_256' title='bbox 2635 2054 2944 2110; x_wconf 81' lang='lat' dir='ltr'><strong>mercedem</strong></span> <span class='ocrx_word' id='word_1_257' title='bbox 2999 2053 3225 2124; x_wconf 78' lang='lat' dir='ltr'><strong>exigite.</strong></span> <span class='ocrx_word' id='word_1_258' title='bbox 3273 2053 3440 2116; x_wconf 81' lang='lat' dir='ltr'><strong>Talis.</strong></span> 
     </span>
    </p>
   </div>
   <div class='ocr_carea' id='block_1_20' title="bbox 147 2144 3424 2220">
    <p class='ocr_par' dir='ltr' id='par_1_20' title="bbox 147 2144 3424 2220">
     <span class='ocr_line' id='line_1_20' title="bbox 147 2144 3424 2220; baseline 0.002 -23"><span class='ocrx_word' id='word_1_259' title='bbox 147 2144 250 2197; x_wconf 72' lang='lat' dir='ltr'><strong>estis</strong></span> <span class='ocrx_word' id='word_1_260' title='bbox 268 2147 429 2212; x_wconf 66' lang='lat' dir='ltr'><strong>uestri,</strong></span> <span class='ocrx_word' id='word_1_261' title='bbox 454 2145 587 2199; x_wconf 87' lang='lat' dir='ltr'><strong>dicit</strong></span> <span class='ocrx_word' id='word_1_262' title='bbox 605 2146 926 2216; x_wconf 83' lang='lat' dir='ltr'><strong>Apostolus:</strong></span> <span class='ocrx_word' id='word_1_263' title='bbox 952 2144 1124 2213; x_wconf 87' lang='lat' dir='ltr'><strong>Empti</strong></span> <span class='ocrx_word' id='word_1_264' title='bbox 1146 2145 1268 2200; x_wconf 77' lang='lat' dir='ltr'><strong>estis</strong></span> <span class='ocrx_word' id='word_1_265' title='bbox 1293 2146 1457 2215; x_wconf 86' lang='lat' dir='ltr'><strong>pretio</strong></span> <span class='ocrx_word' id='word_1_266' title='bbox 1483 2162 1670 2217; x_wconf 83' lang='lat' dir='ltr'><strong>magno</strong></span> <span class='ocrx_word' id='word_1_267' title='bbox 1694 2161 1711 2198; x_wconf 90' lang='lat'><strong><em>:</em></strong></span> <span class='ocrx_word' id='word_1_268' title='bbox 1817 2166 1980 2205; x_wconf 86' lang='lat' dir='ltr'><strong>causa</strong></span> <span class='ocrx_word' id='word_1_269' title='bbox 2016 2151 2287 2220; x_wconf 83' lang='lat' dir='ltr'><strong>virginum</strong></span> <span class='ocrx_word' id='word_1_270' title='bbox 2321 2160 2403 2206; x_wconf 86' lang='lat' dir='ltr'><strong>est</strong></span> <span class='ocrx_word' id='word_1_271' title='bbox 2433 2150 2487 2206; x_wconf 91' lang='lat' dir='ltr'><strong>in</strong></span> <span class='ocrx_word' id='word_1_272' title='bbox 2519 2148 2820 2219; x_wconf 79' lang='lat' dir='ltr'><strong>Evangelia</strong></span> <span class='ocrx_word' id='word_1_273' title='bbox 2847 2147 3085 2219; x_wconf 83' lang='lat' dir='ltr'><strong>quinque</strong></span> <span class='ocrx_word' id='word_1_274' title='bbox 3107 2147 3424 2214; x_wconf 72' lang='lat' dir='ltr'><strong>stultorum,</strong></span> 
     </span>
    </p>
   </div>
   <div class='ocr_carea' id='block_1_21' title="bbox 147 2238 3430 2314">
    <p class='ocr_par' dir='ltr' id='par_1_21' title="bbox 147 2238 3430 2314">
     <span class='ocr_line' id='line_1_21' title="bbox 147 2238 3430 2314; baseline 0.001 -24"><span class='ocrx_word' id='word_1_275' title='bbox 147 2238 395 2314; x_wconf 62' lang='lat' dir='ltr'><strong>gloriﬁcare</strong></span> <span class='ocrx_word' id='word_1_276' title='bbox 411 2248 457 2293; x_wconf 83' lang='lat' dir='ltr'><strong>et</strong></span> <span class='ocrx_word' id='word_1_277' title='bbox 475 2249 682 2312; x_wconf 84' lang='lat' dir='ltr'><strong>portate</strong></span> <span class='ocrx_word' id='word_1_278' title='bbox 705 2238 937 2294; x_wconf 86' lang='lat' dir='ltr'><strong>Deumin</strong></span> <span class='ocrx_word' id='word_1_279' title='bbox 957 2255 1175 2309; x_wconf 84' lang='lat' dir='ltr'><strong>corpore</strong></span> <span class='ocrx_word' id='word_1_280' title='bbox 1200 2248 1363 2294; x_wconf 72' lang='lat' dir='ltr'><strong>vestro</strong></span> <span class='ocrx_word' id='word_1_281' title='bbox 1392 2238 1435 2310; x_wconf 86' lang='grc' dir='ltr'><strong>(Ι</strong></span> <span class='ocrx_word' id='word_1_282' title='bbox 1462 2238 1584 2293; x_wconf 89' lang='lat' dir='ltr'><strong>Cor.</strong></span> <span class='ocrx_word' id='word_1_283' title='bbox 1611 2238 1709 2311; x_wconf 89' lang='lat' dir='ltr'><strong>vt).</strong></span> <span class='ocrx_word' id='word_1_284' title='bbox 1818 2257 1938 2313; x_wconf 67' lang='lat' dir='ltr'><strong>qum</strong></span> <span class='ocrx_word' id='word_1_285' title='bbox 1961 2241 2088 2295; x_wconf 92' lang='lat' dir='ltr'><strong>dum</strong></span> <span class='ocrx_word' id='word_1_286' title='bbox 2119 2241 2488 2309; x_wconf 82' lang='lat' dir='ltr'><strong>sollicitudine</strong></span> <span class='ocrx_word' id='word_1_287' title='bbox 2509 2240 2854 2304; x_wconf 64' lang='lat' dir='ltr'><strong>saecularium</strong></span> <span class='ocrx_word' id='word_1_288' title='bbox 2879 2242 3181 2300; x_wconf 87' lang='lat' dir='ltr'><strong>vanitatum</strong></span> <span class='ocrx_word' id='word_1_289' title='bbox 3210 2255 3271 2296; x_wconf 83' lang='lat' dir='ltr'><strong>se</strong></span> <span class='ocrx_word' id='word_1_290' title='bbox 3293 2254 3430 2300; x_wconf 84' lang='lat' dir='ltr'><strong>con-</strong></span> 
     </span>
    </p>
   </div>
   <div class='ocr_carea' id='block_1_22' title="bbox 203 2329 3422 2404">
    <p class='ocr_par' dir='ltr' id='par_1_22' title="bbox 203 2329 3422 2404">
     <span class='ocr_line' id='line_1_22' title="bbox 203 2329 3422 2404; baseline 0.001 -20"><span class='ocrx_word' id='word_1_291' title='bbox 203 2329 504 2386; x_wconf 81' lang='lat' dir='ltr'><strong>Clementer</strong></span> <span class='ocrx_word' id='word_1_292' title='bbox 533 2330 774 2397; x_wconf 70' lang='lat' dir='ltr'><strong>Spiritus</strong></span> <span class='ocrx_word' id='word_1_293' title='bbox 821 2331 1195 2401; x_wconf 85' lang='lat' dir='ltr'><strong>sanctusjnre</strong></span> <span class='ocrx_word' id='word_1_294' title='bbox 1233 2340 1423 2387; x_wconf 90' lang='lat' dir='ltr'><strong>nostro</strong></span> <span class='ocrx_word' id='word_1_295' title='bbox 1453 2347 1554 2388; x_wconf 91' lang='lat' dir='ltr'><strong>nos</strong></span> <span class='ocrx_word' id='word_1_296' title='bbox 1582 2347 1715 2388; x_wconf 88' lang='lat' dir='ltr'><strong>con-</strong></span> <span class='ocrx_word' id='word_1_297' title='bbox 1821 2345 1902 2389; x_wconf 87' lang='lat' dir='ltr'><strong>tra</strong></span> <span class='ocrx_word' id='word_1_298' title='bbox 1952 2333 2313 2404; x_wconf 78' lang='lat' dir='ltr'><strong>professionis</strong></span> <span class='ocrx_word' id='word_1_299' title='bbox 2361 2348 2474 2396; x_wconf 78' lang='lat' dir='ltr'><strong>sua:</strong></span> <span class='ocrx_word' id='word_1_300' title='bbox 2527 2333 2774 2402; x_wconf 78' lang='lat' dir='ltr'><strong>ordinem</strong></span> <span class='ocrx_word' id='word_1_301' title='bbox 2827 2341 3193 2402; x_wconf 78' lang='lat' dir='ltr'><strong>occuparent,</strong></span> <span class='ocrx_word' id='word_1_302' title='bbox 3238 2332 3422 2392; x_wconf 76' lang='lat' dir='ltr'><strong>oleum</strong></span> 
     </span>
    </p>
   </div>
   <div class='ocr_carea' id='block_1_23' title="bbox 151 2421 3424 2494">
    <p class='ocr_par' dir='ltr' id='par_1_23' title="bbox 151 2421 3424 2494">
     <span class='ocr_line' id='line_1_23' title="bbox 151 2421 3424 2494; baseline 0.001 -18"><span class='ocrx_word' id='word_1_303' title='bbox 151 2421 506 2480; x_wconf 70' lang='lat' dir='ltr'><strong>venitzsciens</strong></span> <span class='ocrx_word' id='word_1_304' title='bbox 531 2422 634 2478; x_wconf 89' lang='lat' dir='ltr'><strong>hoc</strong></span> <span class='ocrx_word' id='word_1_305' title='bbox 667 2428 718 2476; x_wconf 89' lang='lat' dir='ltr'><strong>in</strong></span> <span class='ocrx_word' id='word_1_306' title='bbox 748 2438 846 2478; x_wconf 91' lang='lat' dir='ltr'><strong>usu</strong></span> <span class='ocrx_word' id='word_1_307' title='bbox 883 2423 1096 2492; x_wconf 85' lang='lat' dir='ltr'><strong>publico</strong></span> <span class='ocrx_word' id='word_1_308' title='bbox 1129 2423 1268 2494; x_wconf 87' lang='lat' dir='ltr'><strong>apud</strong></span> <span class='ocrx_word' id='word_1_309' title='bbox 1299 2439 1488 2479; x_wconf 88' lang='lat' dir='ltr'><strong>omnes</strong></span> <span class='ocrx_word' id='word_1_310' title='bbox 1538 2425 1716 2479; x_wconf 89' lang='lat' dir='ltr'><strong>homi-</strong></span> <span class='ocrx_word' id='word_1_311' title='bbox 1819 2427 1963 2482; x_wconf 82' lang='lat' dir='ltr'><strong>unde</strong></span> <span class='ocrx_word' id='word_1_312' title='bbox 2009 2441 2200 2481; x_wconf 84' lang='lat' dir='ltr'><strong>verum</strong></span> <span class='ocrx_word' id='word_1_313' title='bbox 2253 2427 2432 2486; x_wconf 90' lang='lat' dir='ltr'><strong>lumen</strong></span> <span class='ocrx_word' id='word_1_314' title='bbox 2473 2425 2838 2494; x_wconf 79' lang='lat' dir='ltr'><strong>accenderent</strong></span> <span class='ocrx_word' id='word_1_315' title='bbox 2881 2440 2986 2478; x_wconf 89' lang='lat' dir='ltr'><strong>non</strong></span> <span class='ocrx_word' id='word_1_316' title='bbox 3033 2424 3320 2491; x_wconf 80' lang='lat' dir='ltr'><strong>habentes,</strong></span> <span class='ocrx_word' id='word_1_317' title='bbox 3364 2423 3424 2492; x_wconf 79' lang='lat' dir='ltr'><strong>in</strong></span> 
     </span>
    </p>
   </div>
   <div class='ocr_carea' id='block_1_24' title="bbox 143 2514 3426 2587">
    <p class='ocr_par' dir='ltr' id='par_1_24' title="bbox 143 2514 3426 2587">
     <span class='ocr_line' id='line_1_24' title="bbox 143 2514 3426 2587; baseline 0.001 -18"><span class='ocrx_word' id='word_1_318' title='bbox 143 2529 225 2569; x_wconf 68' lang='lat' dir='ltr'><strong>res</strong></span> <span class='ocrx_word' id='word_1_319' title='bbox 248 2514 525 2580; x_wconf 87' lang='lat' dir='ltr'><strong>custodiri,</strong></span> <span class='ocrx_word' id='word_1_320' title='bbox 559 2521 619 2568; x_wconf 91' lang='lat' dir='ltr'><strong>ut</strong></span> <span class='ocrx_word' id='word_1_321' title='bbox 647 2523 800 2570; x_wconf 89' lang='lat' dir='ltr'><strong>tanto</strong></span> <span class='ocrx_word' id='word_1_322' title='bbox 831 2529 1020 2571; x_wconf 88' lang='lat' dir='ltr'><strong>servus</strong></span> <span class='ocrx_word' id='word_1_323' title='bbox 1049 2516 1103 2570; x_wconf 92' lang='lat' dir='ltr'><strong>in</strong></span> <span class='ocrx_word' id='word_1_324' title='bbox 1132 2531 1299 2587; x_wconf 88' lang='lat' dir='ltr'><strong>opere</strong></span> <span class='ocrx_word' id='word_1_325' title='bbox 1321 2516 1537 2571; x_wconf 89' lang='lat' dir='ltr'><strong>Domini</strong></span> <span class='ocrx_word' id='word_1_326' title='bbox 1568 2527 1717 2572; x_wconf 87' lang='lat' dir='ltr'><strong>esset</strong></span> <span class='ocrx_word' id='word_1_327' title='bbox 1821 2518 2060 2572; x_wconf 86' lang='lat' dir='ltr'><strong>tenebris</strong></span> <span class='ocrx_word' id='word_1_328' title='bbox 2088 2527 2488 2576; x_wconf 84' lang='lat' dir='ltr'><strong>remanserunt.</strong></span> <span class='ocrx_word' id='word_1_329' title='bbox 2521 2517 2662 2574; x_wconf 76' lang='lat' dir='ltr'><strong>Ecce</strong></span> <span class='ocrx_word' id='word_1_330' title='bbox 2679 2517 2824 2574; x_wconf 87' lang='lat' dir='ltr'><strong>enim</strong></span> <span class='ocrx_word' id='word_1_331' title='bbox 2854 2516 2898 2570; x_wconf 84' lang='lat' dir='ltr'><strong>si</strong></span> <span class='ocrx_word' id='word_1_332' title='bbox 2923 2515 3177 2572; x_wconf 87' lang='lat' dir='ltr'><strong>umbrato</strong></span> <span class='ocrx_word' id='word_1_333' title='bbox 3199 2522 3426 2586; x_wconf 82' lang='lat' dir='ltr'><strong>repente</strong></span> 
     </span>
    </p>
   </div>
   <div class='ocr_carea' id='block_1_25' title="bbox 142 2607 3427 2684">
    <p class='ocr_par' dir='ltr' id='par_1_25' title="bbox 142 2607 3427 2684">
     <span class='ocr_line' id='line_1_25' title="bbox 142 2607 3427 2684; baseline 0.001 -24"><span class='ocrx_word' id='word_1_334' title='bbox 142 2607 338 2678; x_wconf 78' lang='lat' dir='ltr'><strong>cautior,</strong></span> <span class='ocrx_word' id='word_1_335' title='bbox 367 2617 574 2680; x_wconf 91' lang='lat' dir='ltr'><strong>quanto</strong></span> <span class='ocrx_word' id='word_1_336' title='bbox 607 2607 803 2678; x_wconf 85' lang='lat' dir='ltr'><strong>majori</strong></span> <span class='ocrx_word' id='word_1_337' title='bbox 847 2610 1022 2676; x_wconf 86' lang='lat' dir='ltr'><strong>pretio</strong></span> <span class='ocrx_word' id='word_1_338' title='bbox 1053 2620 1199 2664; x_wconf 81' lang='lat' dir='ltr'><strong>esset</strong></span> <span class='ocrx_word' id='word_1_339' title='bbox 1239 2617 1585 2680; x_wconf 87' lang='lat' dir='ltr'><strong>comparatus</strong></span> <span class='ocrx_word' id='word_1_340' title='bbox 1613 2629 1627 2664; x_wconf 87' lang='lat'>:</span> <span class='ocrx_word' id='word_1_341' title='bbox 1659 2619 1719 2667; x_wconf 86' lang='lat' dir='ltr'><strong>ut</strong></span> <span class='ocrx_word' id='word_1_342' title='bbox 1820 2611 1985 2681; x_wconf 67' lang='lat' dir='ltr'><strong>caelo,</strong></span> <span class='ocrx_word' id='word_1_343' title='bbox 2015 2611 2144 2668; x_wconf 81' lang='lat' dir='ltr'><strong>solis</strong></span> <span class='ocrx_word' id='word_1_344' title='bbox 2174 2611 2394 2684; x_wconf 83' lang='lat' dir='ltr'><strong>claritas</strong></span> <span class='ocrx_word' id='word_1_345' title='bbox 2442 2611 2646 2665; x_wconf 87' lang='lat' dir='ltr'><strong>nostris</strong></span> <span class='ocrx_word' id='word_1_346' title='bbox 2673 2609 2990 2684; x_wconf 81' lang='lat' dir='ltr'><strong>aspectibus</strong></span> <span class='ocrx_word' id='word_1_347' title='bbox 3017 2608 3340 2678; x_wconf 73' lang='lat' dir='ltr'><strong>denegetur,</strong></span> <span class='ocrx_word' id='word_1_348' title='bbox 3369 2617 3427 2676; x_wconf 74' lang='lat' dir='ltr'><strong>et</strong></span> 
     </span>
    </p>
   </div>
   <div class='ocr_carea' id='block_1_26' title="bbox 145 2699 1731 2778">
    <p class='ocr_par' dir='ltr' id='par_1_26' title="bbox 145 2701 1718 2778">
     <span class='ocr_line' id='line_1_26' title="bbox 145 2701 1718 2778; baseline 0.004 -24"><span class='ocrx_word' id='word_1_349' title='bbox 145 2701 477 2772; x_wconf 77' lang='lat' dir='ltr'><strong>intelligamus</strong></span> <span class='ocrx_word' id='word_1_350' title='bbox 507 2718 669 2778; x_wconf 89' lang='lat' dir='ltr'><strong>quam</strong></span> <span class='ocrx_word' id='word_1_351' title='bbox 697 2704 902 2758; x_wconf 90' lang='lat' dir='ltr'><strong>strenui</strong></span> <span class='ocrx_word' id='word_1_352' title='bbox 928 2718 1051 2758; x_wconf 84' lang='lat' dir='ltr'><strong>esse</strong></span> <span class='ocrx_word' id='word_1_353' title='bbox 1083 2703 1316 2759; x_wconf 82' lang='lat' dir='ltr'><strong>debeant</strong></span> <span class='ocrx_word' id='word_1_354' title='bbox 1346 2705 1398 2759; x_wconf 91' lang='lat' dir='ltr'><strong>in</strong></span> <span class='ocrx_word' id='word_1_355' title='bbox 1428 2721 1591 2775; x_wconf 84' lang='lat' dir='ltr'><strong>opere</strong></span> <span class='ocrx_word' id='word_1_356' title='bbox 1611 2707 1718 2761; x_wconf 78' lang='lat' dir='ltr'><strong>Do-</strong></span> 
     </span>
    </p>
   </div>
   <div class='ocr_carea' id='block_1_27' title="bbox 1850 2699 3422 2778">
    <p class='ocr_par' dir='ltr' id='par_1_27' title="bbox 1850 2699 3422 2776">
     <span class='ocr_line' id='line_1_27' title="bbox 1850 2699 3422 2776; baseline 0.003 -26"><span class='ocrx_word' id='word_1_357' title='bbox 1850 2703 2101 2756; x_wconf 76' lang='lat' dir='ltr'><strong>.roductae</strong></span> <span class='ocrx_word' id='word_1_358' title='bbox 2136 2703 2185 2756; x_wconf 92' lang='lat' dir='ltr'><strong>in</strong></span> <span class='ocrx_word' id='word_1_359' title='bbox 2220 2711 2460 2758; x_wconf 82' lang='lat' dir='ltr'><strong>nostram</strong></span> <span class='ocrx_word' id='word_1_360' title='bbox 2502 2701 2868 2776; x_wconf 77' lang='lat' dir='ltr'><strong>humilitatem</strong></span> <span class='ocrx_word' id='word_1_361' title='bbox 2899 2699 3096 2774; x_wconf 75' lang='lat' dir='ltr'><strong>pluvia:</strong></span> <span class='ocrx_word' id='word_1_362' title='bbox 3129 2700 3292 2766; x_wconf 83' lang='lat' dir='ltr'><strong>terris</strong></span> <span class='ocrx_word' id='word_1_363' title='bbox 3320 2699 3422 2756; x_wconf 89' lang='lat' dir='ltr'><strong>im-</strong></span> 
     </span>
    </p>
   </div>
   <div class='ocr_carea' id='block_1_28' title="bbox 141 2791 3424 2870">
    <p class='ocr_par' dir='ltr' id='par_1_28' title="bbox 141 2791 3424 2870">
     <span class='ocr_line' id='line_1_28' title="bbox 141 2791 3424 2870; baseline 0 -23"><span class='ocrx_word' id='word_1_364' title='bbox 141 2793 274 2860; x_wconf 78' lang='lat' dir='ltr'><strong>ltili,</strong></span> <span class='ocrx_word' id='word_1_365' title='bbox 301 2795 389 2866; x_wconf 89' lang='lat' dir='ltr'><strong>qui</strong></span> <span class='ocrx_word' id='word_1_366' title='bbox 418 2795 686 2866; x_wconf 86' lang='lat' dir='ltr'><strong>redempti</strong></span> <span class='ocrx_word' id='word_1_367' title='bbox 717 2805 843 2850; x_wconf 79' lang='lat' dir='ltr'><strong>sunt</strong></span> <span class='ocrx_word' id='word_1_368' title='bbox 872 2797 1134 2867; x_wconf 83' lang='lat' dir='ltr'><strong>sanguine</strong></span> <span class='ocrx_word' id='word_1_369' title='bbox 1161 2796 1363 2851; x_wconf 82' lang='lat' dir='ltr'><strong>Christi</strong></span> <span class='ocrx_word' id='word_1_370' title='bbox 1393 2815 1406 2851; x_wconf 87' lang='lat'><strong>:</strong></span> <span class='ocrx_word' id='word_1_371' title='bbox 1439 2798 1714 2870; x_wconf 80' lang='lat' dir='ltr'><strong>velquam</strong></span> <span class='ocrx_word' id='word_1_372' title='bbox 1821 2797 2064 2850; x_wconf 85' lang='lat' dir='ltr'><strong>mincant</strong></span> <span class='ocrx_word' id='word_1_373' title='bbox 2091 2813 2102 2848; x_wconf 90' lang='lat'><strong>:</strong></span> <span class='ocrx_word' id='word_1_374' title='bbox 2136 2797 2180 2850; x_wconf 89' lang='lat' dir='ltr'><strong>si</strong></span> <span class='ocrx_word' id='word_1_375' title='bbox 2216 2795 2524 2860; x_wconf 86' lang='lat' dir='ltr'><strong>commotis,</strong></span> <span class='ocrx_word' id='word_1_376' title='bbox 2560 2805 2620 2848; x_wconf 89' lang='lat' dir='ltr'><strong>ut</strong></span> <span class='ocrx_word' id='word_1_377' title='bbox 2646 2793 2909 2853; x_wconf 81' lang='lat' dir='ltr'><strong>assolent,</strong></span> <span class='ocrx_word' id='word_1_378' title='bbox 2937 2792 3250 2862; x_wconf 81' lang='lat' dir='ltr'><strong>clementis,</strong></span> <span class='ocrx_word' id='word_1_379' title='bbox 3280 2800 3338 2848; x_wconf 84' lang='lat' dir='ltr'><strong>ut</strong></span> <span class='ocrx_word' id='word_1_380' title='bbox 3367 2791 3424 2848; x_wconf 86' lang='lat' dir='ltr'><strong>in</strong></span> 
     </span>
    </p>
   </div>
   <div class='ocr_carea' id='block_1_29' title="bbox 141 2881 3426 2964">
    <p class='ocr_par' dir='ltr' id='par_1_29' title="bbox 141 2881 3426 2964">
     <span class='ocr_line' id='line_1_29' title="bbox 141 2881 3426 2964; baseline -0 -23"><span class='ocrx_word' id='word_1_381' title='bbox 141 2885 383 2942; x_wconf 63' lang='grc' dir='ltr'><strong>αἰὼοεὶ</strong></span> <span class='ocrx_word' id='word_1_382' title='bbox 414 2890 654 2944; x_wconf 84' lang='lat' dir='ltr'><strong>debeant</strong></span> <span class='ocrx_word' id='word_1_383' title='bbox 683 2889 1056 2960; x_wconf 88' lang='lat' dir='ltr'><strong>judicari,qui</strong></span> <span class='ocrx_word' id='word_1_384' title='bbox 1082 2906 1202 2946; x_wconf 89' lang='lat' dir='ltr'><strong>cum</strong></span> <span class='ocrx_word' id='word_1_385' title='bbox 1221 2892 1392 2946; x_wconf 85' lang='lat' dir='ltr'><strong>sciant</strong></span> <span class='ocrx_word' id='word_1_386' title='bbox 1417 2908 1514 2960; x_wconf 87' lang='lat' dir='ltr'><strong>pro</strong></span> <span class='ocrx_word' id='word_1_387' title='bbox 1540 2894 1716 2964; x_wconf 88' lang='lat' dir='ltr'><strong>pretio</strong></span> <span class='ocrx_word' id='word_1_388' title='bbox 1822 2901 1992 2942; x_wconf 86' lang='lat' dir='ltr'><strong>rotam</strong></span> <span class='ocrx_word' id='word_1_389' title='bbox 2041 2889 2121 2945; x_wconf 89' lang='lat' dir='ltr'><strong>sui</strong></span> <span class='ocrx_word' id='word_1_390' title='bbox 2177 2903 2371 2946; x_wconf 81' lang='lat' dir='ltr'><strong>currus</strong></span> <span class='ocrx_word' id='word_1_391' title='bbox 2417 2888 2654 2944; x_wconf 85' lang='lat' dir='ltr'><strong>tonitrua</strong></span> <span class='ocrx_word' id='word_1_392' title='bbox 2704 2885 3074 2952; x_wconf 80' lang='lat' dir='ltr'><strong>concitentur,</strong></span> <span class='ocrx_word' id='word_1_393' title='bbox 3119 2893 3177 2942; x_wconf 83' lang='lat' dir='ltr'><strong>et</strong></span> <span class='ocrx_word' id='word_1_394' title='bbox 3223 2881 3426 2948; x_wconf 79' lang='lat' dir='ltr'><strong>dehinc</strong></span> 
     </span>
    </p>
   </div>
   <div class='ocr_carea' id='block_1_30' title="bbox 141 2977 3425 3060">
    <p class='ocr_par' dir='ltr' id='par_1_30' title="bbox 141 2977 3425 3060">
     <span class='ocr_line' id='line_1_30' title="bbox 141 2977 3425 3060; baseline -0.002 -23"><span class='ocrx_word' id='word_1_395' title='bbox 141 2983 435 3038; x_wconf 61' lang='lat' dir='ltr'><strong>“salutis</strong></span> <span class='ocrx_word' id='word_1_396' title='bbox 459 2983 668 3038; x_wconf 89' lang='lat' dir='ltr'><strong>Christi</strong></span> <span class='ocrx_word' id='word_1_397' title='bbox 706 2984 1024 3057; x_wconf 84' lang='lat' dir='ltr'><strong>sanguinem</strong></span> <span class='ocrx_word' id='word_1_398' title='bbox 1051 3001 1175 3040; x_wconf 90' lang='lat' dir='ltr'><strong>esse</strong></span> <span class='ocrx_word' id='word_1_399' title='bbox 1201 2987 1409 3052; x_wconf 88' lang='lat' dir='ltr'><strong>datum,</strong></span> <span class='ocrx_word' id='word_1_400' title='bbox 1444 2987 1598 3041; x_wconf 86' lang='lat' dir='ltr'><strong>alteri</strong></span> <span class='ocrx_word' id='word_1_401' title='bbox 1626 2991 1716 3057; x_wconf 85' lang='lat' dir='ltr'><strong>qui</strong></span> <span class='ocrx_word' id='word_1_402' title='bbox 1819 2981 2092 3055; x_wconf 79' lang='lat' dir='ltr'><strong>fulgurum</strong></span> <span class='ocrx_word' id='word_1_403' title='bbox 2127 2982 2307 3053; x_wconf 82' lang='lat' dir='ltr'><strong>jacula</strong></span> <span class='ocrx_word' id='word_1_404' title='bbox 2341 2981 2620 3060; x_wconf 81' lang='lat' dir='ltr'><strong>palpebris</strong></span> <span class='ocrx_word' id='word_1_405' title='bbox 2649 2981 2967 3042; x_wconf 86' lang='lat' dir='ltr'><strong>terribiliter</strong></span> <span class='ocrx_word' id='word_1_406' title='bbox 2995 2977 3211 3056; x_wconf 76' lang='lat' dir='ltr'><strong>objecta</strong></span> <span class='ocrx_word' id='word_1_407' title='bbox 3237 2991 3425 3038; x_wconf 80' lang='lat' dir='ltr'><strong>corus-</strong></span> 
     </span>
    </p>
   </div>
   <div class='ocr_carea' id='block_1_31' title="bbox 143 3070 3423 3152">
    <p class='ocr_par' dir='ltr' id='par_1_31' title="bbox 143 3070 3423 3152">
     <span class='ocr_line' id='line_1_31' title="bbox 143 3070 3423 3152; baseline -0.002 -23"><span class='ocrx_word' id='word_1_408' title='bbox 143 3075 256 3132; x_wconf 70' lang='lat' dir='ltr'><strong>nilil</strong></span> <span class='ocrx_word' id='word_1_409' title='bbox 293 3078 570 3148; x_wconf 68' lang='lat' dir='ltr'><strong>praestitit,</strong></span> <span class='ocrx_word' id='word_1_410' title='bbox 625 3079 799 3149; x_wconf 84' lang='lat' dir='ltr'><strong>magis</strong></span> <span class='ocrx_word' id='word_1_411' title='bbox 848 3079 1130 3149; x_wconf 72' lang='lat' dir='ltr'><strong>pra-beant</strong></span> <span class='ocrx_word' id='word_1_412' title='bbox 1178 3082 1515 3137; x_wconf 77' lang='lat' dir='ltr'><strong>servitutem.</strong></span> <span class='ocrx_word' id='word_1_413' title='bbox 1567 3081 1717 3152; x_wconf 74' lang='lat' dir='ltr'><strong>Rogo</strong></span> <span class='ocrx_word' id='word_1_414' title='bbox 1822 3086 1946 3130; x_wconf 88' lang='lat' dir='ltr'><strong>cent</strong></span> <span class='ocrx_word' id='word_1_415' title='bbox 1975 3094 1986 3128; x_wconf 90' lang='lat'><strong>:</strong></span> <span class='ocrx_word' id='word_1_416' title='bbox 2017 3091 2342 3147; x_wconf 86' lang='lat' dir='ltr'><strong>quamquam</strong></span> <span class='ocrx_word' id='word_1_417' title='bbox 2387 3085 2442 3131; x_wconf 92' lang='lat' dir='ltr'><strong>et</strong></span> <span class='ocrx_word' id='word_1_418' title='bbox 2480 3073 2884 3150; x_wconf 79' lang='lat' dir='ltr'><strong>consuetudine</strong></span> <span class='ocrx_word' id='word_1_419' title='bbox 2922 3073 3026 3130; x_wconf 85' lang='lat' dir='ltr'><strong>ista</strong></span> <span class='ocrx_word' id='word_1_420' title='bbox 3067 3070 3423 3142; x_wconf 75' lang='lat' dir='ltr'><strong>contingant,</strong></span> 
     </span>
    </p>
   </div>
   <div class='ocr_carea' id='block_1_32' title="bbox 139 3161 3424 3246">
    <p class='ocr_par' dir='ltr' id='par_1_32' title="bbox 139 3161 3424 3246">
     <span class='ocr_line' id='line_1_32' title="bbox 139 3161 3424 3246; baseline -0.002 -22"><span class='ocrx_word' id='word_1_421' title='bbox 139 3179 234 3238; x_wconf 69' lang='lat' dir='ltr'><strong>quo</strong></span> <span class='ocrx_word' id='word_1_422' title='bbox 259 3170 460 3244; x_wconf 68' lang='lat' dir='ltr'><strong>pudore</strong></span> <span class='ocrx_word' id='word_1_423' title='bbox 490 3169 739 3240; x_wconf 75' lang='lat' dir='ltr'><strong>obsequii</strong></span> <span class='ocrx_word' id='word_1_424' title='bbox 771 3183 867 3226; x_wconf 91' lang='lat' dir='ltr'><strong>aut</strong></span> <span class='ocrx_word' id='word_1_425' title='bbox 900 3171 1106 3228; x_wconf 88' lang='lat' dir='ltr'><strong>laboris</strong></span> <span class='ocrx_word' id='word_1_426' title='bbox 1135 3173 1218 3228; x_wconf 90' lang='lat' dir='ltr'><strong>sui</strong></span> <span class='ocrx_word' id='word_1_427' title='bbox 1249 3175 1558 3231; x_wconf 86' lang='lat' dir='ltr'><strong>mercedem</strong></span> <span class='ocrx_word' id='word_1_428' title='bbox 1583 3191 1714 3246; x_wconf 82' lang='lat' dir='ltr'><strong>spe-</strong></span> <span class='ocrx_word' id='word_1_429' title='bbox 1779 3193 1782 3196; x_wconf 94' lang='grc'>·</span> <span class='ocrx_word' id='word_1_430' title='bbox 1825 3186 2106 3240; x_wconf 85' lang='lat' dir='ltr'><strong>pavemus,</strong></span> <span class='ocrx_word' id='word_1_431' title='bbox 2139 3167 2644 3236; x_wconf 87' lang='lat' dir='ltr'><strong>contremiscimus,</strong></span> <span class='ocrx_word' id='word_1_432' title='bbox 2679 3177 2735 3222; x_wconf 86' lang='lat' dir='ltr'><strong>et</strong></span> <span class='ocrx_word' id='word_1_433' title='bbox 2775 3165 2930 3237; x_wconf 89' lang='lat' dir='ltr'><strong>proni</strong></span> <span class='ocrx_word' id='word_1_434' title='bbox 2960 3165 3028 3224; x_wconf 86' lang='lat' dir='ltr'><strong>ad</strong></span> <span class='ocrx_word' id='word_1_435' title='bbox 3059 3174 3285 3234; x_wconf 71' lang='lat' dir='ltr'><strong>terrain,</strong></span> <span class='ocrx_word' id='word_1_436' title='bbox 3318 3161 3424 3226; x_wconf 75' lang='lat' dir='ltr'><strong>de-</strong></span> 
     </span>
    </p>
   </div>
   <div class='ocr_carea' id='block_1_33' title="bbox 141 3259 3003 3341">
    <p class='ocr_par' dir='ltr' id='par_1_33' title="bbox 141 3259 3003 3341">
     <span class='ocr_line' id='line_1_33' title="bbox 141 3259 3003 3341; baseline 0.003 -25"><span class='ocrx_word' id='word_1_437' title='bbox 141 3259 264 3316; x_wconf 76' lang='lat' dir='ltr'><strong>rlbit</strong></span> <span class='ocrx_word' id='word_1_438' title='bbox 287 3275 318 3314; x_wconf 73' lang='grc' dir='ltr'><strong><em>ι</em></strong></span> <span class='ocrx_word' id='word_1_439' title='bbox 341 3264 512 3328; x_wconf 65' lang='lat' dir='ltr'><strong>coelo,</strong></span> <span class='ocrx_word' id='word_1_440' title='bbox 540 3262 697 3331; x_wconf 89' lang='lat' dir='ltr'><strong>cujus</strong></span> <span class='ocrx_word' id='word_1_441' title='bbox 719 3261 884 3320; x_wconf 82' lang='lat' dir='ltr'><strong>fuerit</strong></span> <span class='ocrx_word' id='word_1_442' title='bbox 911 3264 1231 3322; x_wconf 83' lang='lat' dir='ltr'><strong>sollicitudo</strong></span> <span class='ocrx_word' id='word_1_443' title='bbox 1257 3267 1433 3320; x_wconf 87' lang='lat' dir='ltr'><strong>omnis</strong></span> <span class='ocrx_word' id='word_1_444' title='bbox 1454 3265 1507 3321; x_wconf 90' lang='lat' dir='ltr'><strong>in</strong></span> <span class='ocrx_word' id='word_1_445' title='bbox 1539 3268 1716 3322; x_wconf 88' lang='lat' dir='ltr'><strong>terra?</strong></span> <span class='ocrx_word' id='word_1_446' title='bbox 1743 3260 1790 3324; x_wconf 90' lang='lat' dir='ltr'><strong>C</strong></span> <span class='ocrx_word' id='word_1_447' title='bbox 1826 3261 2000 3332; x_wconf 83' lang='lat' dir='ltr'><strong>posita</strong></span> <span class='ocrx_word' id='word_1_448' title='bbox 2030 3261 2305 3332; x_wconf 80' lang='lat' dir='ltr'><strong>superbia,</strong></span> <span class='ocrx_word' id='word_1_449' title='bbox 2337 3262 2582 3324; x_wconf 76' lang='lat' dir='ltr'><strong>cervices</strong></span> <span class='ocrx_word' id='word_1_450' title='bbox 2608 3259 3003 3341; x_wconf 58' lang='lat' dir='ltr'><strong>Stlblﬂiilillllis-</strong></span> 
     </span>
    </p>
   </div>
   <div class='ocr_carea' id='block_1_34' title="bbox 141 3348 3428 3430">
    <p class='ocr_par' dir='ltr' id='par_1_34' title="bbox 141 3348 3428 3430">
     <span class='ocr_line' id='line_1_34' title="bbox 141 3348 3428 3430; baseline -0.001 -22"><span class='ocrx_word' id='word_1_451' title='bbox 141 3349 484 3410; x_wconf 68' lang='lat' dir='ltr'><strong>lancearios</strong></span> <span class='ocrx_word' id='word_1_452' title='bbox 517 3355 705 3410; x_wconf 72' lang='lat' dir='ltr'><strong>saeculi</strong></span> <span class='ocrx_word' id='word_1_453' title='bbox 741 3371 845 3409; x_wconf 91' lang='lat' dir='ltr'><strong>non</strong></span> <span class='ocrx_word' id='word_1_454' title='bbox 879 3365 1056 3425; x_wconf 88' lang='lat' dir='ltr'><strong>potest</strong></span> <span class='ocrx_word' id='word_1_455' title='bbox 1081 3357 1327 3426; x_wconf 88' lang='lat' dir='ltr'><strong>accipere</strong></span> <span class='ocrx_word' id='word_1_456' title='bbox 1347 3356 1545 3413; x_wconf 86' lang='lat' dir='ltr'><strong>Christi</strong></span> <span class='ocrx_word' id='word_1_457' title='bbox 1578 3375 1718 3414; x_wconf 88' lang='lat' dir='ltr'><strong>mer-</strong></span> <span class='ocrx_word' id='word_1_458' title='bbox 1891 3358 2030 3424; x_wconf 80' lang='lat' dir='ltr'><strong>Quid</strong></span> <span class='ocrx_word' id='word_1_459' title='bbox 2057 3357 2316 3412; x_wconf 81' lang='lat' dir='ltr'><strong>faciemus</strong></span> <span class='ocrx_word' id='word_1_460' title='bbox 2340 3355 2390 3408; x_wconf 89' lang='lat' dir='ltr'><strong>iu</strong></span> <span class='ocrx_word' id='word_1_461' title='bbox 2423 3354 2516 3410; x_wconf 89' lang='lat' dir='ltr'><strong>illa</strong></span> <span class='ocrx_word' id='word_1_462' title='bbox 2546 3353 2635 3408; x_wconf 91' lang='lat' dir='ltr'><strong>die</strong></span> <span class='ocrx_word' id='word_1_463' title='bbox 2662 3354 2872 3430; x_wconf 77' lang='lat' dir='ltr'><strong>miseri,</strong></span> <span class='ocrx_word' id='word_1_464' title='bbox 2897 3349 3149 3426; x_wconf 78' lang='lat' dir='ltr'><strong>quando,</strong></span> <span class='ocrx_word' id='word_1_465' title='bbox 3178 3348 3428 3414; x_wconf 82' lang='lat' dir='ltr'><strong>revoluto</strong></span> 
     </span>
    </p>
   </div>
   <div class='ocr_carea' id='block_1_35' title="bbox 141 3441 3429 3524">
    <p class='ocr_par' dir='ltr' id='par_1_35' title="bbox 141 3441 3429 3524">
     <span class='ocr_line' id='line_1_35' title="bbox 141 3441 3429 3524; baseline -0.002 -22"><span class='ocrx_word' id='word_1_466' title='bbox 141 3445 324 3504; x_wconf 66' lang='lat' dir='ltr'><strong>edem.</strong></span> <span class='ocrx_word' id='word_1_467' title='bbox 349 3448 547 3504; x_wconf 86' lang='lat' dir='ltr'><strong>Omnis</strong></span> <span class='ocrx_word' id='word_1_468' title='bbox 580 3450 737 3504; x_wconf 91' lang='lat' dir='ltr'><strong>mlles</strong></span> <span class='ocrx_word' id='word_1_469' title='bbox 759 3450 810 3503; x_wconf 89' lang='lat' dir='ltr'><strong>in</strong></span> <span class='ocrx_word' id='word_1_470' title='bbox 841 3449 1180 3520; x_wconf 89' lang='lat' dir='ltr'><strong>castrisjure</strong></span> <span class='ocrx_word' id='word_1_471' title='bbox 1210 3461 1390 3518; x_wconf 83' lang='lat' dir='ltr'><strong>sperat</strong></span> <span class='ocrx_word' id='word_1_472' title='bbox 1416 3451 1536 3524; x_wconf 82' lang='grc' dir='ltr'><strong>[ΑΙ.</strong></span> <span class='ocrx_word' id='word_1_473' title='bbox 1563 3467 1718 3520; x_wconf 82' lang='lat' dir='ltr'><strong>spec-</strong></span> <span class='ocrx_word' id='word_1_474' title='bbox 1820 3451 1981 3513; x_wconf 76' lang='lat' dir='ltr'><strong>ctelo,</strong></span> <span class='ocrx_word' id='word_1_475' title='bbox 2014 3462 2135 3503; x_wconf 92' lang='lat' dir='ltr'><strong>cum</strong></span> <span class='ocrx_word' id='word_1_476' title='bbox 2161 3445 2420 3518; x_wconf 77' lang='lat' dir='ltr'><strong>angelicis</strong></span> <span class='ocrx_word' id='word_1_477' title='bbox 2445 3443 2737 3502; x_wconf 86' lang='lat' dir='ltr'><strong>virtutibus</strong></span> <span class='ocrx_word' id='word_1_478' title='bbox 2764 3442 2955 3512; x_wconf 88' lang='lat' dir='ltr'><strong>igneus</strong></span> <span class='ocrx_word' id='word_1_479' title='bbox 2983 3441 3248 3505; x_wconf 87' lang='lat' dir='ltr'><strong>Dominus</strong></span> <span class='ocrx_word' id='word_1_480' title='bbox 3280 3448 3429 3498; x_wconf 83' lang='lat' dir='ltr'><strong>tatus</strong></span> 
     </span>
    </p>
   </div>
   <div class='ocr_carea' id='block_1_36' title="bbox 141 3532 3429 3617">
    <p class='ocr_par' dir='ltr' id='par_1_36' title="bbox 141 3532 3429 3617">
     <span class='ocr_line' id='line_1_36' title="bbox 141 3532 3429 3617; baseline -0.004 -19"><span class='ocrx_word' id='word_1_481' title='bbox 141 3539 241 3616; x_wconf 63' lang='lat' dir='ltr'><strong>ut}</strong></span> <span class='ocrx_word' id='word_1_482' title='bbox 263 3557 536 3598; x_wconf 75' lang='lat' dir='ltr'><strong>annonam</strong></span> <span class='ocrx_word' id='word_1_483' title='bbox 567 3585 583 3608; x_wconf 93' lang='lat'><strong>,</strong></span> <span class='ocrx_word' id='word_1_484' title='bbox 637 3544 726 3614; x_wconf 88' lang='lat' dir='ltr'><strong>qui</strong></span> <span class='ocrx_word' id='word_1_485' title='bbox 761 3544 974 3599; x_wconf 80' lang='lat' dir='ltr'><strong>fortiter</strong></span> <span class='ocrx_word' id='word_1_486' title='bbox 1025 3545 1076 3600; x_wconf 92' lang='lat' dir='ltr'><strong>in</strong></span> <span class='ocrx_word' id='word_1_487' title='bbox 1129 3544 1319 3615; x_wconf 75' lang='lat' dir='ltr'><strong>prmlin</strong></span> <span class='ocrx_word' id='word_1_488' title='bbox 1370 3562 1470 3617; x_wconf 87' lang='lat' dir='ltr'><strong>pro</strong></span> <span class='ocrx_word' id='word_1_489' title='bbox 1514 3546 1720 3602; x_wconf 82' lang='lat' dir='ltr'><strong>civibus</strong></span> <span class='ocrx_word' id='word_1_490' title='bbox 1820 3537 2104 3595; x_wconf 82' lang='lat' dir='ltr'><strong>adveniet?</strong></span> <span class='ocrx_word' id='word_1_491' title='bbox 2135 3537 2384 3607; x_wconf 86' lang='lat' dir='ltr'><strong>Quando,</strong></span> <span class='ocrx_word' id='word_1_492' title='bbox 2419 3535 2740 3612; x_wconf 74' lang='lat' dir='ltr'><strong>cadentibus</strong></span> <span class='ocrx_word' id='word_1_493' title='bbox 2767 3535 3001 3610; x_wconf 82' lang='lat' dir='ltr'><strong>desuper</strong></span> <span class='ocrx_word' id='word_1_494' title='bbox 3036 3533 3236 3601; x_wconf 90' lang='lat' dir='ltr'><strong>stellis,</strong></span> <span class='ocrx_word' id='word_1_495' title='bbox 3269 3533 3349 3590; x_wconf 83' lang='lat' dir='ltr'><strong>sol</strong></span> <span class='ocrx_word' id='word_1_496' title='bbox 3373 3532 3429 3586; x_wconf 89' lang='lat' dir='ltr'><strong>iu</strong></span> 
     </span>
    </p>
   </div>
   <div class='ocr_carea' id='block_1_37' title="bbox 2382 1357 2846 1416">
    <p class='ocr_par' dir='ltr' id='par_1_37' title="bbox 2382 1357 2846 1416">
     <span class='ocr_line' id='line_1_37' title="bbox 2382 1357 2846 1416; baseline -0.002 -1"><span class='ocrx_word' id='word_1_497' title='bbox 2382 1357 2615 1416; x_wconf 80' lang='lat' dir='ltr'><strong>CAPUT</strong></span> <span class='ocrx_word' id='word_1_498' title='bbox 2650 1359 2846 1416; x_wconf 77' lang='lat' dir='ltr'><strong>XXIII.</strong></span> 
     </span>
    </p>
   </div>
   <div class='ocr_carea' id='block_1_38' title="bbox 1919 1455 3311 1530">
    <p class='ocr_par' dir='ltr' id='par_1_38' title="bbox 1919 1455 3311 1530">
     <span class='ocr_line' id='line_1_38' title="bbox 1919 1455 3311 1530; baseline 0.003 -21"><span class='ocrx_word' id='word_1_499' title='bbox 1919 1455 2000 1512; x_wconf 86' lang='lat' dir='ltr'><strong>De</strong></span> <span class='ocrx_word' id='word_1_500' title='bbox 2028 1457 2211 1512; x_wconf 88' lang='lat' dir='ltr'><strong>timore</strong></span> <span class='ocrx_word' id='word_1_501' title='bbox 2238 1457 2409 1512; x_wconf 83' lang='lat' dir='ltr'><strong>ultimi</strong></span> <span class='ocrx_word' id='word_1_502' title='bbox 2428 1458 2644 1530; x_wconf 87' lang='lat' dir='ltr'><strong>judicii,</strong></span> <span class='ocrx_word' id='word_1_503' title='bbox 2677 1469 2725 1513; x_wconf 89' lang='lat' dir='ltr'><strong>et</strong></span> <span class='ocrx_word' id='word_1_504' title='bbox 2755 1459 2956 1530; x_wconf 79' lang='lat' dir='ltr'><strong>defectu</strong></span> <span class='ocrx_word' id='word_1_505' title='bbox 2987 1457 3145 1529; x_wconf 80' lang='lat' dir='ltr'><strong>hujus</strong></span> <span class='ocrx_word' id='word_1_506' title='bbox 3177 1458 3311 1513; x_wconf 73' lang='lat' dir='ltr'><strong>vilic.</strong></span> 
     </span>
    </p>
   </div>
   <div class='ocr_carea' id='block_1_39' title="bbox 1891 1591 3419 1662">
    <p class='ocr_par' dir='ltr' id='par_1_39' title="bbox 1891 1591 3419 1662">
     <span class='ocr_line' id='line_1_39' title="bbox 1891 1591 3419 1662; baseline 0.002 -15"><span class='ocrx_word' id='word_1_507' title='bbox 1891 1594 2022 1650; x_wconf 89' lang='lat' dir='ltr'><strong>lnde</strong></span> <span class='ocrx_word' id='word_1_508' title='bbox 2069 1595 2204 1650; x_wconf 89' lang='lat' dir='ltr'><strong>satis</strong></span> <span class='ocrx_word' id='word_1_509' title='bbox 2253 1597 2440 1662; x_wconf 84' lang='lat' dir='ltr'><strong>timeo,</strong></span> <span class='ocrx_word' id='word_1_510' title='bbox 2499 1609 2568 1649; x_wconf 90' lang='lat' dir='ltr'><strong>ne</strong></span> <span class='ocrx_word' id='word_1_511' title='bbox 2619 1595 2671 1648; x_wconf 86' lang='lat' dir='ltr'><strong>in</strong></span> <span class='ocrx_word' id='word_1_512' title='bbox 2718 1594 2815 1652; x_wconf 90' lang='lat' dir='ltr'><strong>illa</strong></span> <span class='ocrx_word' id='word_1_513' title='bbox 2866 1592 3240 1650; x_wconf 77' lang='lat' dir='ltr'><strong>tribulationis</strong></span> <span class='ocrx_word' id='word_1_514' title='bbox 3285 1591 3419 1660; x_wconf 81' lang='lat' dir='ltr'><strong>die,</strong></span> 
     </span>
    </p>
   </div>
   <div class='ocr_carea' id='block_1_40' title="bbox 141 3633 1722 3709">
    <p class='ocr_par' dir='ltr' id='par_1_40' title="bbox 141 3633 1722 3709">
     <span class='ocr_line' id='line_1_40' title="bbox 141 3633 1722 3709; baseline 0.005 -21"><span class='ocrx_word' id='word_1_515' title='bbox 141 3633 466 3694; x_wconf 71' lang='lat' dir='ltr'><strong>laborarem.</strong></span> <span class='ocrx_word' id='word_1_516' title='bbox 506 3637 576 3692; x_wconf 82' lang='lat' dir='ltr'><strong>Et</strong></span> <span class='ocrx_word' id='word_1_517' title='bbox 601 3638 796 3707; x_wconf 83' lang='lat' dir='ltr'><strong>dignus</strong></span> <span class='ocrx_word' id='word_1_518' title='bbox 826 3649 909 3694; x_wconf 89' lang='lat' dir='ltr'><strong>est</strong></span> <span class='ocrx_word' id='word_1_519' title='bbox 937 3640 1152 3709; x_wconf 84' lang='lat' dir='ltr'><strong>quidem</strong></span> <span class='ocrx_word' id='word_1_520' title='bbox 1185 3642 1553 3695; x_wconf 87' lang='lat' dir='ltr'><strong>mercenarius</strong></span> <span class='ocrx_word' id='word_1_521' title='bbox 1579 3657 1722 3696; x_wconf 89' lang='lat' dir='ltr'><strong>mer-</strong></span> 
     </span>
    </p>
   </div>
   <div class='ocr_carea' id='block_1_41' title="bbox 137 3725 1724 3805">
    <p class='ocr_par' dir='ltr' id='par_1_41' title="bbox 137 3725 1724 3805">
     <span class='ocr_line' id='line_1_41' title="bbox 137 3725 1724 3805; baseline 0.003 -20"><span class='ocrx_word' id='word_1_522' title='bbox 137 3725 260 3786; x_wconf 58' lang='lat' dir='ltr'><strong>ceh</strong></span> <span class='ocrx_word' id='word_1_523' title='bbox 297 3745 414 3785; x_wconf 70' lang='lat' dir='ltr'><strong>sua.</strong></span> <span class='ocrx_word' id='word_1_524' title='bbox 468 3730 643 3785; x_wconf 76' lang='lat' dir='ltr'><strong>Nemo</strong></span> <span class='ocrx_word' id='word_1_525' title='bbox 688 3742 856 3786; x_wconf 87' lang='lat' dir='ltr'><strong>tamen</strong></span> <span class='ocrx_word' id='word_1_526' title='bbox 907 3731 1137 3788; x_wconf 80' lang='lat' dir='ltr'><strong>militans</strong></span> <span class='ocrx_word' id='word_1_527' title='bbox 1185 3733 1330 3797; x_wconf 83' lang='lat' dir='ltr'><strong>Deo,</strong></span> <span class='ocrx_word' id='word_1_528' title='bbox 1381 3735 1613 3805; x_wconf 87' lang='lat' dir='ltr'><strong>implicat</strong></span> <span class='ocrx_word' id='word_1_529' title='bbox 1671 3753 1724 3790; x_wconf 79' lang='lat' dir='ltr'><strong>se</strong></span> 
     </span>
    </p>
   </div>
   <div class='ocr_carea' id='block_1_42' title="bbox 141 3821 1725 3900">
    <p class='ocr_par' dir='ltr' id='par_1_42' title="bbox 141 3821 1725 3900">
     <span class='ocr_line' id='line_1_42' title="bbox 141 3821 1725 3900; baseline 0.004 -23"><span class='ocrx_word' id='word_1_530' title='bbox 141 3821 344 3900; x_wconf 52' lang='lat' dir='ltr'><strong>negotiis</strong></span> <span class='ocrx_word' id='word_1_531' title='bbox 384 3824 744 3888; x_wconf 70' lang='lat' dir='ltr'><strong>secutoribus,</strong></span> <span class='ocrx_word' id='word_1_532' title='bbox 801 3835 857 3879; x_wconf 86' lang='lat' dir='ltr'><strong>ut</strong></span> <span class='ocrx_word' id='word_1_533' title='bbox 907 3827 1108 3897; x_wconf 81' lang='lat' dir='ltr'><strong>placeat</strong></span> <span class='ocrx_word' id='word_1_534' title='bbox 1161 3827 1210 3880; x_wconf 85' lang='lat' dir='ltr'><strong>ei</strong></span> <span class='ocrx_word' id='word_1_535' title='bbox 1258 3827 1344 3881; x_wconf 87' lang='lat' dir='ltr'><strong>cui</strong></span> <span class='ocrx_word' id='word_1_536' title='bbox 1391 3844 1442 3882; x_wconf 80' lang='lat' dir='ltr'><strong>se</strong></span> <span class='ocrx_word' id='word_1_537' title='bbox 1491 3828 1725 3899; x_wconf 85' lang='lat' dir='ltr'><strong>probavit</strong></span> 
     </span>
    </p>
   </div>
   <div class='ocr_carea' id='block_1_43' title="bbox 137 3913 1078 3990">
    <p class='ocr_par' dir='ltr' id='par_1_43' title="bbox 137 3913 1078 3990">
     <span class='ocr_line' id='line_1_43' title="bbox 137 3913 1078 3990; baseline 0 -16"><span class='ocrx_word' id='word_1_538' title='bbox 137 3913 390 3988; x_wconf 59' lang='lat' dir='ltr'><strong>ﬁrmet.</strong></span> <span class='ocrx_word' id='word_1_539' title='bbox 416 3934 455 3974; x_wconf 81' lang='lat' dir='ltr'><strong>tt</strong></span> <span class='ocrx_word' id='word_1_540' title='bbox 489 3919 532 3990; x_wconf 84' lang='lat'><strong>),</strong></span> <span class='ocrx_word' id='word_1_541' title='bbox 567 3931 649 3974; x_wconf 89' lang='lat' dir='ltr'><strong>est</strong></span> <span class='ocrx_word' id='word_1_542' title='bbox 679 3919 922 3984; x_wconf 72' lang='lat' dir='ltr'><strong>Apostoli</strong></span> <span class='ocrx_word' id='word_1_543' title='bbox 955 3937 1078 3973; x_wconf 83' lang='lat' dir='ltr'><strong>vox.</strong></span> 
     </span>
    </p>
   </div>
   <div class='ocr_carea' id='block_1_44' title="bbox 203 4009 1729 4084">
    <p class='ocr_par' dir='ltr' id='par_1_44' title="bbox 203 4009 1729 4084">
     <span class='ocr_line' id='line_1_44' title="bbox 203 4009 1729 4084; baseline 0.003 -20"><span class='ocrx_word' id='word_1_544' title='bbox 203 4009 589 4080; x_wconf 68' lang='lat' dir='ltr'><strong>Inplectenda</strong></span> <span class='ocrx_word' id='word_1_545' title='bbox 621 4021 706 4064; x_wconf 86' lang='lat' dir='ltr'><strong>est</strong></span> <span class='ocrx_word' id='word_1_546' title='bbox 735 4011 899 4080; x_wconf 80' lang='lat' dir='ltr'><strong>igitur</strong></span> <span class='ocrx_word' id='word_1_547' title='bbox 931 4012 1170 4076; x_wconf 82' lang='lat' dir='ltr'><strong>tristitia,</strong></span> <span class='ocrx_word' id='word_1_548' title='bbox 1205 4027 1325 4083; x_wconf 67' lang='lat' dir='ltr'><strong>qum</strong></span> <span class='ocrx_word' id='word_1_549' title='bbox 1347 4012 1602 4082; x_wconf 81' lang='lat' dir='ltr'><strong>gaudium</strong></span> <span class='ocrx_word' id='word_1_550' title='bbox 1633 4029 1729 4084; x_wconf 84' lang='lat' dir='ltr'><strong>pa-</strong></span> 
     </span>
    </p>
   </div>
   <div class='ocr_carea' id='block_1_45' title="bbox 141 4097 1728 4178">
    <p class='ocr_par' dir='ltr' id='par_1_45' title="bbox 141 4097 1728 4178">
     <span class='ocr_line' id='line_1_45' title="bbox 141 4097 1728 4178; baseline 0.006 -24"><span class='ocrx_word' id='word_1_551' title='bbox 141 4097 376 4157; x_wconf 61' lang='lat' dir='ltr'><strong>ritalec</strong></span> <span class='ocrx_word' id='word_1_552' title='bbox 396 4103 521 4172; x_wconf 86' lang='lat' dir='ltr'><strong>ejus</strong></span> <span class='ocrx_word' id='word_1_553' title='bbox 550 4103 948 4158; x_wconf 78' lang='lat' dir='ltr'><strong>considerando</strong></span> <span class='ocrx_word' id='word_1_554' title='bbox 986 4105 1212 4159; x_wconf 85' lang='lat' dir='ltr'><strong>materia</strong></span> <span class='ocrx_word' id='word_1_555' title='bbox 1249 4124 1260 4157; x_wconf 92' lang='lat'><strong>:</strong></span> <span class='ocrx_word' id='word_1_556' title='bbox 1296 4108 1420 4176; x_wconf 88' lang='lat' dir='ltr'><strong>quia</strong></span> <span class='ocrx_word' id='word_1_557' title='bbox 1460 4123 1605 4178; x_wconf 61' lang='lat' dir='ltr'><strong>saepe</strong></span> <span class='ocrx_word' id='word_1_558' title='bbox 1635 4124 1728 4176; x_wconf 86' lang='lat' dir='ltr'><strong>per</strong></span> 
     </span>
    </p>
   </div>
   <div class='ocr_carea' id='block_1_46' title="bbox 139 4189 1731 4266">
    <p class='ocr_par' dir='ltr' id='par_1_46' title="bbox 139 4189 1731 4266">
     <span class='ocr_line' id='line_1_46' title="bbox 139 4189 1731 4266; baseline 0.004 -19"><span class='ocrx_word' id='word_1_559' title='bbox 139 4189 470 4250; x_wconf 65' lang='lat' dir='ltr'><strong>dulcedinem</strong></span> <span class='ocrx_word' id='word_1_560' title='bbox 515 4195 722 4249; x_wconf 80' lang='lat' dir='ltr'><strong>fruetus</strong></span> <span class='ocrx_word' id='word_1_561' title='bbox 748 4198 982 4264; x_wconf 88' lang='lat' dir='ltr'><strong>placent,</strong></span> <span class='ocrx_word' id='word_1_562' title='bbox 1031 4213 1264 4266; x_wconf 86' lang='lat' dir='ltr'><strong>quorum</strong></span> <span class='ocrx_word' id='word_1_563' title='bbox 1312 4213 1553 4252; x_wconf 87' lang='lat' dir='ltr'><strong>amarum</strong></span> <span class='ocrx_word' id='word_1_564' title='bbox 1605 4199 1731 4253; x_wconf 88' lang='lat' dir='ltr'><strong>hor-</strong></span> 
     </span>
    </p>
   </div>
   <div class='ocr_carea' id='block_1_47' title="bbox 141 4283 1732 4362">
    <p class='ocr_par' dir='ltr' id='par_1_47' title="bbox 141 4283 1732 4362">
     <span class='ocr_line' id='line_1_47' title="bbox 141 4283 1732 4362; baseline 0.004 -20"><span class='ocrx_word' id='word_1_565' title='bbox 141 4283 326 4344; x_wconf 70' lang='lat' dir='ltr'><strong>llIh-‘h</strong></span> <span class='ocrx_word' id='word_1_566' title='bbox 363 4289 584 4353; x_wconf 80' lang='lat' dir='ltr'><strong>radice;</strong></span> <span class='ocrx_word' id='word_1_567' title='bbox 628 4298 686 4344; x_wconf 89' lang='lat' dir='ltr'><strong>et</strong></span> <span class='ocrx_word' id='word_1_568' title='bbox 723 4290 812 4360; x_wconf 91' lang='lat' dir='ltr'><strong>qui</strong></span> <span class='ocrx_word' id='word_1_569' title='bbox 855 4291 1156 4344; x_wconf 80' lang='lat' dir='ltr'><strong>litterarum</strong></span> <span class='ocrx_word' id='word_1_570' title='bbox 1200 4292 1482 4362; x_wconf 83' lang='lat' dir='ltr'><strong>scientiam</strong></span> <span class='ocrx_word' id='word_1_571' title='bbox 1528 4292 1732 4349; x_wconf 86' lang='lat' dir='ltr'><strong>habere</strong></span> 
     </span>
    </p>
   </div>
   <div class='ocr_carea' id='block_1_48' title="bbox 137 4375 1730 4453">
    <p class='ocr_par' dir='ltr' id='par_1_48' title="bbox 137 4375 1730 4453">
     <span class='ocr_line' id='line_1_48' title="bbox 137 4375 1730 4453; baseline 0.003 -19"><span class='ocrx_word' id='word_1_572' title='bbox 137 4375 430 4447; x_wconf 59' lang='lat' dir='ltr'><strong>influat,</strong></span> <span class='ocrx_word' id='word_1_573' title='bbox 467 4380 513 4436; x_wconf 91' lang='lat' dir='ltr'><strong>si</strong></span> <span class='ocrx_word' id='word_1_574' title='bbox 549 4381 794 4436; x_wconf 75' lang='lat' dir='ltr'><strong>discendi</strong></span> <span class='ocrx_word' id='word_1_575' title='bbox 828 4397 934 4434; x_wconf 88' lang='lat' dir='ltr'><strong>non</strong></span> <span class='ocrx_word' id='word_1_576' title='bbox 968 4387 1272 4452; x_wconf 83' lang='lat' dir='ltr'><strong>susceperit</strong></span> <span class='ocrx_word' id='word_1_577' title='bbox 1310 4385 1490 4449; x_wconf 69' lang='lat' dir='ltr'><strong>milia,</strong></span> <span class='ocrx_word' id='word_1_578' title='bbox 1527 4386 1730 4453; x_wconf 75' lang='lat' dir='ltr'><strong>peritia:</strong></span> 
     </span>
    </p>
   </div>
   <div class='ocr_carea' id='block_1_49' title="bbox 137 4469 1734 4546">
    <p class='ocr_par' dir='ltr' id='par_1_49' title="bbox 137 4469 1734 4546">
     <span class='ocr_line' id='line_1_49' title="bbox 137 4469 1734 4546; baseline 0.004 -21"><span class='ocrx_word' id='word_1_579' title='bbox 137 4469 328 4542; x_wconf 60' lang='grc' dir='ltr'><strong>μὴ</strong></span> <span class='ocrx_word' id='word_1_580' title='bbox 355 4473 585 4542; x_wconf 79' lang='lat' dir='ltr'><strong>adipisci</strong></span> <span class='ocrx_word' id='word_1_581' title='bbox 621 4489 726 4526; x_wconf 90' lang='lat' dir='ltr'><strong>non</strong></span> <span class='ocrx_word' id='word_1_582' title='bbox 765 4474 963 4542; x_wconf 74' lang='lat' dir='ltr'><strong>poterit</strong></span> <span class='ocrx_word' id='word_1_583' title='bbox 998 4491 1010 4528; x_wconf 90' lang='lat'>:</span> <span class='ocrx_word' id='word_1_584' title='bbox 1049 4490 1149 4528; x_wconf 89' lang='lat' dir='ltr'><strong>nec</strong></span> <span class='ocrx_word' id='word_1_585' title='bbox 1185 4475 1504 4546; x_wconf 88' lang='lat' dir='ltr'><strong>cujusquam</strong></span> <span class='ocrx_word' id='word_1_586' title='bbox 1553 4477 1734 4531; x_wconf 88' lang='lat' dir='ltr'><strong>erudi-</strong></span> 
     </span>
    </p>
   </div>
   <div class='ocr_carea' id='block_1_50' title="bbox 141 4563 1728 4644">
    <p class='ocr_par' dir='ltr' id='par_1_50' title="bbox 141 4563 1728 4644">
     <span class='ocr_line' id='line_1_50' title="bbox 141 4563 1728 4644; baseline 0.001 -22"><span class='ocrx_word' id='word_1_587' title='bbox 141 4563 302 4622; x_wconf 68' lang='lat' dir='ltr'><strong>lhlio</strong></span> <span class='ocrx_word' id='word_1_588' title='bbox 325 4568 620 4637; x_wconf 86' lang='lat' dir='ltr'><strong>quisquam</strong></span> <span class='ocrx_word' id='word_1_589' title='bbox 662 4566 861 4622; x_wconf 90' lang='lat' dir='ltr'><strong>habere</strong></span> <span class='ocrx_word' id='word_1_590' title='bbox 888 4567 1124 4622; x_wconf 79' lang='lat' dir='ltr'><strong>sufficiet</strong></span> <span class='ocrx_word' id='word_1_591' title='bbox 1164 4568 1416 4641; x_wconf 84' lang='lat' dir='ltr'><strong>gloriam,</strong></span> <span class='ocrx_word' id='word_1_592' title='bbox 1466 4571 1566 4624; x_wconf 79' lang='lat' dir='ltr'><strong>nisi</strong></span> <span class='ocrx_word' id='word_1_593' title='bbox 1599 4569 1728 4644; x_wconf 80' lang='lat' dir='ltr'><strong>[AL</strong></span> 
     </span>
    </p>
   </div>
   <div class='ocr_carea' id='block_1_51' title="bbox 1825 3623 3430 3700">
    <p class='ocr_par' dir='ltr' id='par_1_51' title="bbox 1825 3623 3430 3700">
     <span class='ocr_line' id='line_1_51' title="bbox 1825 3623 3430 3700; baseline -0.004 -14"><span class='ocrx_word' id='word_1_594' title='bbox 1825 3632 2105 3695; x_wconf 87' lang='lat' dir='ltr'><strong>tenebras,</strong></span> <span class='ocrx_word' id='word_1_595' title='bbox 2139 3629 2273 3685; x_wconf 88' lang='lat' dir='ltr'><strong>et-in</strong></span> <span class='ocrx_word' id='word_1_596' title='bbox 2300 3629 2618 3700; x_wconf 82' lang='lat' dir='ltr'><strong>sanguinem</strong></span> <span class='ocrx_word' id='word_1_597' title='bbox 2666 3628 2787 3680; x_wconf 88' lang='lat' dir='ltr'><strong>luna</strong></span> <span class='ocrx_word' id='word_1_598' title='bbox 2817 3624 3153 3692; x_wconf 81' lang='lat' dir='ltr'><strong>mutabitur?</strong></span> <span class='ocrx_word' id='word_1_599' title='bbox 3199 3623 3430 3700; x_wconf 80' lang='lat' dir='ltr'><strong>Quando</strong></span> 
     </span>
    </p>
   </div>
   <div class='ocr_carea' id='block_1_52' title="bbox 1825 3719 3428 3800">
    <p class='ocr_par' dir='ltr' id='par_1_52' title="bbox 1825 3719 3428 3800">
     <span class='ocr_line' id='line_1_52' title="bbox 1825 3719 3428 3800; baseline -0.004 -20"><span class='ocrx_word' id='word_1_600' title='bbox 1825 3734 2039 3800; x_wconf 86' lang='lat' dir='ltr'><strong>montes</strong></span> <span class='ocrx_word' id='word_1_601' title='bbox 2069 3725 2207 3780; x_wconf 89' lang='lat' dir='ltr'><strong>sicut</strong></span> <span class='ocrx_word' id='word_1_602' title='bbox 2241 3738 2365 3778; x_wconf 80' lang='lat' dir='ltr'><strong>cera</strong></span> <span class='ocrx_word' id='word_1_603' title='bbox 2396 3720 2732 3794; x_wconf 84' lang='lat' dir='ltr'><strong>liquescent?</strong></span> <span class='ocrx_word' id='word_1_604' title='bbox 2761 3721 2990 3787; x_wconf 82' lang='lat' dir='ltr'><strong>Quando</strong></span> <span class='ocrx_word' id='word_1_605' title='bbox 3015 3730 3160 3777; x_wconf 88' lang='lat' dir='ltr'><strong>terra</strong></span> <span class='ocrx_word' id='word_1_606' title='bbox 3191 3719 3428 3786; x_wconf 85' lang='lat' dir='ltr'><strong>ardebit,</strong></span> 
     </span>
    </p>
   </div>
   <div class='ocr_carea' id='block_1_53' title="bbox 1827 3817 3431 3892">
    <p class='ocr_par' dir='ltr' id='par_1_53' title="bbox 1827 3817 3431 3892">
     <span class='ocr_line' id='line_1_53' title="bbox 1827 3817 3431 3892; baseline -0.003 -16"><span class='ocrx_word' id='word_1_607' title='bbox 1827 3831 1882 3892; x_wconf 77' lang='lat' dir='ltr'><strong>et</strong></span> <span class='ocrx_word' id='word_1_608' title='bbox 1903 3829 2155 3875; x_wconf 87' lang='lat' dir='ltr'><strong>arescent</strong></span> <span class='ocrx_word' id='word_1_609' title='bbox 2186 3817 2407 3874; x_wconf 78' lang='lat' dir='ltr'><strong>[lumina</strong></span> <span class='ocrx_word' id='word_1_610' title='bbox 2444 3836 2456 3872; x_wconf 90' lang='lat'><strong>:</strong></span> <span class='ocrx_word' id='word_1_611' title='bbox 2486 3830 2538 3874; x_wconf 90' lang='lat' dir='ltr'><strong>et</strong></span> <span class='ocrx_word' id='word_1_612' title='bbox 2563 3822 2730 3876; x_wconf 83' lang='lat' dir='ltr'><strong>maria</strong></span> <span class='ocrx_word' id='word_1_613' title='bbox 2757 3819 3106 3874; x_wconf 85' lang='lat' dir='ltr'><strong>siccabuntur</strong></span> <span class='ocrx_word' id='word_1_614' title='bbox 3127 3825 3314 3871; x_wconf 85' lang='lat' dir='ltr'><strong>contra</strong></span> <span class='ocrx_word' id='word_1_615' title='bbox 3343 3828 3431 3871; x_wconf 84' lang='lat' dir='ltr'><strong>rc-</strong></span> 
     </span>
    </p>
   </div>
   <div class='ocr_carea' id='block_1_54' title="bbox 1830 3895 3426 3982">
    <p class='ocr_par' dir='ltr' id='par_1_54' title="bbox 1830 3895 3426 3982">
     <span class='ocr_line' id='line_1_54' title="bbox 1830 3895 3426 3982; baseline -0.006 -12"><span class='ocrx_word' id='word_1_616' title='bbox 1830 3931 1949 3970; x_wconf 87' lang='lat' dir='ltr'><strong>rum</strong></span> <span class='ocrx_word' id='word_1_617' title='bbox 1981 3923 2225 3970; x_wconf 90' lang='lat' dir='ltr'><strong>naturam</strong></span> <span class='ocrx_word' id='word_1_618' title='bbox 2258 3929 2272 3966; x_wconf 93' lang='lat'><strong>:</strong></span> <span class='ocrx_word' id='word_1_619' title='bbox 2306 3914 2580 3982; x_wconf 83' lang='lat' dir='ltr'><strong>insumpta</strong></span> <span class='ocrx_word' id='word_1_620' title='bbox 2604 3895 2869 3966; x_wconf 88' lang='lat' dir='ltr'><strong>divinitus</strong></span> <span class='ocrx_word' id='word_1_621' title='bbox 2903 3911 3152 3973; x_wconf 88' lang='lat' dir='ltr'><strong>humore,</strong></span> <span class='ocrx_word' id='word_1_622' title='bbox 3199 3907 3426 3970; x_wconf 82' lang='lat' dir='ltr'><strong>aridita-</strong></span> 
     </span>
    </p>
   </div>
   <div class='ocr_carea' id='block_1_55' title="bbox 1833 4001 3435 4082">
    <p class='ocr_par' dir='ltr' id='par_1_55' title="bbox 1833 4001 3435 4082">
     <span class='ocr_line' id='line_1_55' title="bbox 1833 4001 3435 4082; baseline -0.002 -20"><span class='ocrx_word' id='word_1_623' title='bbox 1833 4017 1941 4066; x_wconf 90' lang='lat' dir='ltr'><strong>tem</strong></span> <span class='ocrx_word' id='word_1_624' title='bbox 1991 4008 2043 4063; x_wconf 93' lang='lat' dir='ltr'><strong>in</strong></span> <span class='ocrx_word' id='word_1_625' title='bbox 2094 4005 2248 4077; x_wconf 87' lang='lat' dir='ltr'><strong>aquis</strong></span> <span class='ocrx_word' id='word_1_626' title='bbox 2297 4006 2437 4076; x_wconf 83' lang='lat' dir='ltr'><strong>ignis</strong></span> <span class='ocrx_word' id='word_1_627' title='bbox 2479 4001 3085 4082; x_wconf 78' lang='lat' dir='ltr'><strong>operabitui-?_Qiiando</strong></span> <span class='ocrx_word' id='word_1_628' title='bbox 3116 4007 3435 4072; x_wconf 65' lang='lat' dir='ltr'><strong>peccatores</strong></span> 
     </span>
    </p>
   </div>
   <div class='ocr_carea' id='block_1_56' title="bbox 1831 4093 3437 4172">
    <p class='ocr_par' dir='ltr' id='par_1_56' title="bbox 1831 4093 3437 4172">
     <span class='ocr_line' id='line_1_56' title="bbox 1831 4093 3437 4172; baseline -0.004 -16"><span class='ocrx_word' id='word_1_629' title='bbox 1831 4102 2014 4168; x_wconf 89' lang='lat' dir='ltr'><strong>dicent</strong></span> <span class='ocrx_word' id='word_1_630' title='bbox 2045 4101 2339 4166; x_wconf 90' lang='lat' dir='ltr'><strong>montibus,</strong></span> <span class='ocrx_word' id='word_1_631' title='bbox 2365 4097 2548 4154; x_wconf 82' lang='lat' dir='ltr'><strong>Cadite</strong></span> <span class='ocrx_word' id='word_1_632' title='bbox 2567 4114 2720 4172; x_wconf 78' lang='lat' dir='ltr'><strong>super</strong></span> <span class='ocrx_word' id='word_1_633' title='bbox 2743 4113 2835 4152; x_wconf 81' lang='lat' dir='ltr'><strong>nos</strong></span> <span class='ocrx_word' id='word_1_634' title='bbox 2859 4112 2876 4150; x_wconf 89' lang='lat'><strong><em>:</em></strong></span> <span class='ocrx_word' id='word_1_635' title='bbox 2906 4105 2953 4152; x_wconf 88' lang='lat' dir='ltr'><strong>et</strong></span> <span class='ocrx_word' id='word_1_636' title='bbox 2981 4096 3226 4166; x_wconf 74' lang='lat' dir='ltr'><strong>collibus,</strong></span> <span class='ocrx_word' id='word_1_637' title='bbox 3255 4093 3437 4168; x_wconf 73' lang='lat' dir='ltr'><strong>Tegite</strong></span> 
     </span>
    </p>
   </div>
   <div class='ocr_carea' id='block_1_57' title="bbox 1834 4192 3438 4271">
    <p class='ocr_par' dir='ltr' id='par_1_57' title="bbox 1834 4192 3438 4271">
     <span class='ocr_line' id='line_1_57' title="bbox 1834 4192 3438 4271; baseline -0.005 -21"><span class='ocrx_word' id='word_1_638' title='bbox 1834 4213 1928 4250; x_wconf 81' lang='lat' dir='ltr'><strong>nos</strong></span> <span class='ocrx_word' id='word_1_639' title='bbox 1952 4197 1975 4250; x_wconf 87' lang='lat'><strong><em>?</em></strong></span> <span class='ocrx_word' id='word_1_640' title='bbox 2013 4194 2242 4263; x_wconf 85' lang='lat' dir='ltr'><strong>Quando</strong></span> <span class='ocrx_word' id='word_1_641' title='bbox 2271 4193 2542 4271; x_wconf 81' lang='lat' dir='ltr'><strong>vocabunt</strong></span> <span class='ocrx_word' id='word_1_642' title='bbox 2581 4192 2830 4262; x_wconf 82' lang='lat' dir='ltr'><strong>homines</strong></span> <span class='ocrx_word' id='word_1_643' title='bbox 2855 4200 3087 4260; x_wconf 83' lang='lat' dir='ltr'><strong>mortem</strong></span> <span class='ocrx_word' id='word_1_644' title='bbox 3106 4231 3130 4266; x_wconf 72' lang='lat'><strong>,</strong></span> <span class='ocrx_word' id='word_1_645' title='bbox 3161 4200 3217 4246; x_wconf 89' lang='lat' dir='ltr'><strong>et</strong></span> <span class='ocrx_word' id='word_1_646' title='bbox 3245 4199 3438 4262; x_wconf 67' lang='lat' dir='ltr'><strong>vocata</strong></span> 
     </span>
    </p>
   </div>
   <div class='ocr_carea' id='block_1_58' title="bbox 1837 4286 3436 4372">
    <p class='ocr_par' dir='ltr' id='par_1_58' title="bbox 1837 4286 3436 4372">
     <span class='ocr_line' id='line_1_58' title="bbox 1837 4286 3436 4372; baseline -0.004 -26"><span class='ocrx_word' id='word_1_647' title='bbox 1837 4307 1944 4346; x_wconf 90' lang='lat' dir='ltr'><strong>non</strong></span> <span class='ocrx_word' id='word_1_648' title='bbox 1974 4289 2198 4346; x_wconf 81' lang='lat' dir='ltr'><strong>veniet?</strong></span> <span class='ocrx_word' id='word_1_649' title='bbox 2247 4288 2474 4355; x_wconf 87' lang='lat' dir='ltr'><strong>Quando</strong></span> <span class='ocrx_word' id='word_1_650' title='bbox 2501 4287 2817 4346; x_wconf 81' lang='lat' dir='ltr'><strong>discrimina</strong></span> <span class='ocrx_word' id='word_1_651' title='bbox 2859 4296 3142 4372; x_wconf 72' lang='lat' dir='ltr'><strong>vertentur</strong></span> <span class='ocrx_word' id='word_1_652' title='bbox 3165 4286 3224 4342; x_wconf 87' lang='lat' dir='ltr'><strong>in</strong></span> <span class='ocrx_word' id='word_1_653' title='bbox 3269 4294 3392 4356; x_wconf 75' lang='lat' dir='ltr'><strong>vota</strong></span> <span class='ocrx_word' id='word_1_654' title='bbox 3417 4324 3436 4358; x_wconf 80' lang='lat'><strong>,</strong></span> 
     </span>
    </p>
   </div>
   <div class='ocr_carea' id='block_1_59' title="bbox 1836 4375 3440 4454">
    <p class='ocr_par' dir='ltr' id='par_1_59' title="bbox 1836 4375 3440 4454">
     <span class='ocr_line' id='line_1_59' title="bbox 1836 4375 3440 4454; baseline -0.006 -17"><span class='ocrx_word' id='word_1_655' title='bbox 1836 4393 1891 4437; x_wconf 88' lang='lat' dir='ltr'><strong>ct</strong></span> <span class='ocrx_word' id='word_1_656' title='bbox 1937 4383 2080 4454; x_wconf 86' lang='lat' dir='ltr'><strong>quod</strong></span> <span class='ocrx_word' id='word_1_657' title='bbox 2131 4397 2349 4454; x_wconf 73' lang='lat' dir='ltr'><strong>semrer</strong></span> <span class='ocrx_word' id='word_1_658' title='bbox 2392 4381 2629 4438; x_wconf 89' lang='lat' dir='ltr'><strong>oderunt</strong></span> <span class='ocrx_word' id='word_1_659' title='bbox 2675 4379 2960 4446; x_wconf 86' lang='lat' dir='ltr'><strong>homines,</strong></span> <span class='ocrx_word' id='word_1_660' title='bbox 3010 4375 3440 4450; x_wconf 68' lang='lat' dir='ltr'><strong>concupiscent?</strong></span> 
     </span>
    </p>
   </div>
   <div class='ocr_carea' id='block_1_60' title="bbox 1839 4467 3462 4551">
    <p class='ocr_par' dir='ltr' id='par_1_60' title="bbox 1839 4467 3462 4551">
     <span class='ocr_line' id='line_1_60' title="bbox 1839 4467 3462 4551; baseline -0.004 -22"><span class='ocrx_word' id='word_1_661' title='bbox 1839 4475 2066 4544; x_wconf 85' lang='lat' dir='ltr'><strong>Quando</strong></span> <span class='ocrx_word' id='word_1_662' title='bbox 2114 4475 2245 4540; x_wconf 85' lang='lat' dir='ltr'><strong>illud</strong></span> <span class='ocrx_word' id='word_1_663' title='bbox 2278 4474 2593 4545; x_wconf 84' lang='lat' dir='ltr'><strong>implebitur</strong></span> <span class='ocrx_word' id='word_1_664' title='bbox 2622 4482 2872 4542; x_wconf 88' lang='lat' dir='ltr'><strong>tempus,</strong></span> <span class='ocrx_word' id='word_1_665' title='bbox 2913 4470 3059 4551; x_wconf 88' lang='lat' dir='ltr'><strong>quod</strong></span> <span class='ocrx_word' id='word_1_666' title='bbox 3091 4468 3309 4546; x_wconf 75' lang='lat' dir='ltr'><strong>lugubri</strong></span> <span class='ocrx_word' id='word_1_667' title='bbox 3348 4467 3462 4538; x_wconf 38' lang='lat' dir='ltr'><strong>leg.</strong></span> 
     </span>
    </p>
   </div>
   <div class='ocr_carea' id='block_1_61' title="bbox 1789 4562 3442 4639">
    <p class='ocr_par' dir='ltr' id='par_1_61' title="bbox 1789 4562 3442 4639">
     <span class='ocr_line' id='line_1_61' title="bbox 1789 4562 3442 4639; baseline -0.002 -17"><span class='ocrx_word' id='word_1_668' title='bbox 1789 4603 1794 4612; x_wconf 75' lang='grc' dir='ltr'><strong><em>ι</em></strong></span> <span class='ocrx_word' id='word_1_669' title='bbox 1821 4569 2042 4632; x_wconf 77' lang='lat' dir='ltr'><strong>remias</strong></span> <span class='ocrx_word' id='word_1_670' title='bbox 2074 4567 2204 4621; x_wconf 90' lang='lat' dir='ltr'><strong>dicit</strong></span> <span class='ocrx_word' id='word_1_671' title='bbox 2235 4565 2462 4633; x_wconf 79' lang='lat' dir='ltr'><strong>allecto,</strong></span> <span class='ocrx_word' id='word_1_672' title='bbox 2497 4564 2684 4620; x_wconf 89' lang='lat' dir='ltr'><strong>dicens</strong></span> <span class='ocrx_word' id='word_1_673' title='bbox 2714 4581 2727 4639; x_wconf 84' lang='lat'>;</span> <span class='ocrx_word' id='word_1_674' title='bbox 2770 4562 2994 4638; x_wconf 69' lang='lat' dir='ltr'><strong>Respexi</strong></span> <span class='ocrx_word' id='word_1_675' title='bbox 3035 4563 3086 4624; x_wconf 80' lang='lat' dir='ltr'><strong>ia</strong></span> <span class='ocrx_word' id='word_1_676' title='bbox 3119 4572 3307 4618; x_wconf 83' lang='lat' dir='ltr'><strong>terram</strong></span> <span class='ocrx_word' id='word_1_677' title='bbox 3329 4602 3346 4629; x_wconf 90' lang='lat'><strong>,</strong></span> <span class='ocrx_word' id='word_1_678' title='bbox 3393 4569 3442 4620; x_wconf 80' lang='lat' dir='ltr'><strong>et</strong></span> 
     </span>
    </p>
   </div>
   <div class='ocr_carea' id='block_1_62' title="bbox 139 4652 3446 4734">
    <p class='ocr_par' dir='ltr' id='par_1_62' title="bbox 139 4652 3446 4734">
     <span class='ocr_line' id='line_1_62' title="bbox 139 4652 3446 4734; baseline -0.002 -16"><span class='ocrx_word' id='word_1_679' title='bbox 139 4657 456 4718; x_wconf 57' lang='lat' dir='ltr'><strong>Italian</strong></span> <span class='ocrx_word' id='word_1_680' title='bbox 481 4660 503 4733; x_wconf 85' lang='lat'>]</span> <span class='ocrx_word' id='word_1_681' title='bbox 533 4671 700 4716; x_wconf 65' lang='lat' dir='ltr'><strong>aestus</strong></span> <span class='ocrx_word' id='word_1_682' title='bbox 748 4660 910 4715; x_wconf 81' lang='lat' dir='ltr'><strong>fuerit</strong></span> <span class='ocrx_word' id='word_1_683' title='bbox 959 4673 1088 4718; x_wconf 87' lang='lat' dir='ltr'><strong>ante</strong></span> <span class='ocrx_word' id='word_1_684' title='bbox 1135 4678 1443 4734; x_wconf 87' lang='lat' dir='ltr'><strong>perpessus.</strong></span> <span class='ocrx_word' id='word_1_685' title='bbox 1493 4662 1736 4732; x_wconf 82' lang='lat' dir='ltr'><strong>Cumque</strong></span> <span class='ocrx_word' id='word_1_686' title='bbox 1765 4652 1820 4714; x_wconf 86' lang='lat' dir='ltr'><strong>D</strong></span> <span class='ocrx_word' id='word_1_687' title='bbox 1846 4677 1958 4732; x_wconf 76' lang='lat' dir='ltr'><strong>ecce</strong></span> <span class='ocrx_word' id='word_1_688' title='bbox 1981 4677 2082 4715; x_wconf 91' lang='lat' dir='ltr'><strong>non</strong></span> <span class='ocrx_word' id='word_1_689' title='bbox 2110 4669 2252 4715; x_wconf 85' lang='lat' dir='ltr'><strong>erant</strong></span> <span class='ocrx_word' id='word_1_690' title='bbox 2283 4659 2564 4724; x_wconf 81' lang='lat' dir='ltr'><strong>luminaria</strong></span> <span class='ocrx_word' id='word_1_691' title='bbox 2591 4674 2610 4713; x_wconf 91' lang='lat'><strong><em>:</em></strong></span> <span class='ocrx_word' id='word_1_692' title='bbox 2661 4657 2786 4712; x_wconf 78' lang='lat' dir='ltr'><strong>Vidi</strong></span> <span class='ocrx_word' id='word_1_693' title='bbox 2813 4667 3033 4724; x_wconf 80' lang='lat' dir='ltr'><strong>montes,</strong></span> <span class='ocrx_word' id='word_1_694' title='bbox 3066 4666 3115 4728; x_wconf 70' lang='lat' dir='ltr'><strong>et</strong></span> <span class='ocrx_word' id='word_1_695' title='bbox 3143 4673 3256 4712; x_wconf 79' lang='lat' dir='ltr'><strong>ecce</strong></span> <span class='ocrx_word' id='word_1_696' title='bbox 3295 4663 3446 4728; x_wconf 67' lang='lat' dir='ltr'><strong>erant</strong></span> 
     </span>
    </p>
   </div>
   <div class='ocr_carea' id='block_1_63' title="bbox 139 4751 1737 4826">
    <p class='ocr_par' dir='ltr' id='par_1_63' title="bbox 139 4751 1737 4826">
     <span class='ocr_line' id='line_1_63' title="bbox 139 4751 1737 4826; baseline 0.002 -16"><span class='ocrx_word' id='word_1_697' title='bbox 139 4751 358 4826; x_wconf 55' lang='lat' dir='ltr'><strong>Iunci</strong></span> <span class='ocrx_word' id='word_1_698' title='bbox 388 4756 602 4810; x_wconf 72' lang='lat' dir='ltr'><strong>auxilio</strong></span> <span class='ocrx_word' id='word_1_699' title='bbox 629 4755 945 4821; x_wconf 67' lang='lat' dir='ltr'><strong>destitutos,</strong></span> <span class='ocrx_word' id='word_1_700' title='bbox 976 4757 1148 4811; x_wconf 88' lang='lat' dir='ltr'><strong>hostis</strong></span> <span class='ocrx_word' id='word_1_701' title='bbox 1173 4756 1457 4823; x_wconf 88' lang='lat' dir='ltr'><strong>invaserit,</strong></span> <span class='ocrx_word' id='word_1_702' title='bbox 1491 4757 1737 4816; x_wconf 77' lang='lat' dir='ltr'><strong>duxerit-</strong></span> 
     </span>
    </p>
   </div>
   <div class='ocr_carea' id='block_1_64' title="bbox 141 4847 1733 4924">
    <p class='ocr_par' dir='ltr' id='par_1_64' title="bbox 141 4847 1733 4924">
     <span class='ocr_line' id='line_1_64' title="bbox 141 4847 1733 4924; baseline -0.001 -18"><span class='ocrx_word' id='word_1_703' title='bbox 141 4847 544 4920; x_wconf 55' lang='grc' dir='ltr'><strong>κορύνης,</strong></span> <span class='ocrx_word' id='word_1_704' title='bbox 574 4863 683 4902; x_wconf 88' lang='lat' dir='ltr'><strong>non</strong></span> <span class='ocrx_word' id='word_1_705' title='bbox 709 4847 1069 4918; x_wconf 80' lang='lat' dir='ltr'><strong>desperemus</strong></span> <span class='ocrx_word' id='word_1_706' title='bbox 1097 4849 1326 4904; x_wconf 69' lang='lat' dir='ltr'><strong>Salutem</strong></span> <span class='ocrx_word' id='word_1_707' title='bbox 1361 4867 1373 4902; x_wconf 90' lang='lat'>:</span> <span class='ocrx_word' id='word_1_708' title='bbox 1409 4850 1502 4904; x_wconf 88' lang='lat' dir='ltr'><strong>sed</strong></span> <span class='ocrx_word' id='word_1_709' title='bbox 1537 4851 1733 4924; x_wconf 88' lang='lat' dir='ltr'><strong>iterum</strong></span> 
     </span>
    </p>
   </div>
   <div class='ocr_carea' id='block_1_65' title="bbox 139 4940 1736 5010">
    <p class='ocr_par' dir='ltr' id='par_1_65' title="bbox 139 4940 1736 5010">
     <span class='ocr_line' id='line_1_65' title="bbox 139 4940 1736 5010; baseline 0.003 -13"><span class='ocrx_word' id='word_1_710' title='bbox 139 4943 419 4998; x_wconf 64' lang='lat' dir='ltr'><strong>mur</strong></span> <span class='ocrx_word' id='word_1_711' title='bbox 446 4940 517 4994; x_wconf 83' lang='lat' dir='ltr'><strong>ad</strong></span> <span class='ocrx_word' id='word_1_712' title='bbox 561 4941 830 5010; x_wconf 72' lang='lat' dir='ltr'><strong>praelium.</strong></span> <span class='ocrx_word' id='word_1_713' title='bbox 858 4941 1038 4996; x_wconf 86' lang='lat' dir='ltr'><strong>Potest</strong></span> <span class='ocrx_word' id='word_1_714' title='bbox 1067 4942 1182 4996; x_wconf 83' lang='lat' dir='ltr'><strong>ﬁeri</strong></span> <span class='ocrx_word' id='word_1_715' title='bbox 1226 4951 1283 4996; x_wconf 90' lang='lat' dir='ltr'><strong>ut</strong></span> <span class='ocrx_word' id='word_1_716' title='bbox 1307 4941 1614 5008; x_wconf 86' lang='lat' dir='ltr'><strong>vincamus,</strong></span> <span class='ocrx_word' id='word_1_717' title='bbox 1648 4943 1736 5000; x_wconf 88' lang='lat' dir='ltr'><strong>ubi</strong></span> 
     </span>
    </p>
   </div>
   <div class='ocr_carea' id='block_1_66' title="bbox 139 5027 1741 5103">
    <p class='ocr_par' dir='ltr' id='par_1_66' title="bbox 139 5027 1741 5103">
     <span class='ocr_line' id='line_1_66' title="bbox 139 5027 1741 5103; baseline 0 -15"><span class='ocrx_word' id='word_1_718' title='bbox 139 5027 268 5088; x_wconf 62' lang='lat' dir='ltr'><strong>VH</strong></span> <span class='ocrx_word' id='word_1_719' title='bbox 313 5031 526 5088; x_wconf 69' lang='lat' dir='ltr'><strong>fuimus</strong></span> <span class='ocrx_word' id='word_1_720' title='bbox 560 5051 574 5086; x_wconf 91' lang='lat'><strong>:</strong></span> <span class='ocrx_word' id='word_1_721' title='bbox 607 5043 661 5088; x_wconf 89' lang='lat' dir='ltr'><strong>et</strong></span> <span class='ocrx_word' id='word_1_722' title='bbox 708 5033 760 5087; x_wconf 92' lang='lat' dir='ltr'><strong>in</strong></span> <span class='ocrx_word' id='word_1_723' title='bbox 790 5033 979 5088; x_wconf 90' lang='lat' dir='ltr'><strong>eodem</strong></span> <span class='ocrx_word' id='word_1_724' title='bbox 1026 5033 1148 5088; x_wconf 86' lang='lat' dir='ltr'><strong>loco</strong></span> <span class='ocrx_word' id='word_1_725' title='bbox 1177 5033 1598 5103; x_wconf 88' lang='lat' dir='ltr'><strong>triumphemus,</strong></span> <span class='ocrx_word' id='word_1_726' title='bbox 1648 5035 1741 5090; x_wconf 91' lang='lat' dir='ltr'><strong>ubi</strong></span> 
     </span>
    </p>
   </div>
   <div class='ocr_carea' id='block_1_67' title="bbox 143 5121 1746 5197">
    <p class='ocr_par' dir='ltr' id='par_1_67' title="bbox 143 5121 1746 5197">
     <span class='ocr_line' id='line_1_67' title="bbox 143 5121 1746 5197; baseline 0 -15"><span class='ocrx_word' id='word_1_727' title='bbox 143 5121 348 5182; x_wconf 66' lang='lat' dir='ltr'><strong>Hm</strong></span> <span class='ocrx_word' id='word_1_728' title='bbox 373 5125 672 5197; x_wconf 78' lang='lat' dir='ltr'><strong>aliquando</strong></span> <span class='ocrx_word' id='word_1_729' title='bbox 699 5126 914 5194; x_wconf 79' lang='lat' dir='ltr'><strong>captivi.</strong></span> <span class='ocrx_word' id='word_1_730' title='bbox 957 5125 1088 5179; x_wconf 86' lang='lat' dir='ltr'><strong>Nam</strong></span> <span class='ocrx_word' id='word_1_731' title='bbox 1115 5127 1158 5179; x_wconf 91' lang='lat' dir='ltr'><strong>si</strong></span> <span class='ocrx_word' id='word_1_732' title='bbox 1181 5126 1335 5194; x_wconf 87' lang='lat' dir='ltr'><strong>juvat</strong></span> <span class='ocrx_word' id='word_1_733' title='bbox 1362 5125 1621 5181; x_wconf 88' lang='lat' dir='ltr'><strong>Dominus</strong></span> <span class='ocrx_word' id='word_1_734' title='bbox 1646 5127 1746 5182; x_wconf 89' lang='lat' dir='ltr'><strong>mi-</strong></span> 
     </span>
    </p>
   </div>
   <div class='ocr_carea' id='block_1_68' title="bbox 143 5217 1743 5290">
    <p class='ocr_par' dir='ltr' id='par_1_68' title="bbox 143 5217 1743 5290">
     <span class='ocr_line' id='line_1_68' title="bbox 143 5217 1743 5290; baseline 0.001 -16"><span class='ocrx_word' id='word_1_735' title='bbox 143 5227 320 5290; x_wconf 68' lang='lat' dir='ltr'><strong>IIII,</strong></span> <span class='ocrx_word' id='word_1_736' title='bbox 373 5217 642 5274; x_wconf 80' lang='lat' dir='ltr'><strong>habemus</strong></span> <span class='ocrx_word' id='word_1_737' title='bbox 689 5218 940 5274; x_wconf 86' lang='lat' dir='ltr'><strong>salutem.</strong></span> <span class='ocrx_word' id='word_1_738' title='bbox 1007 5219 1064 5275; x_wconf 90' lang='lat' dir='ltr'><strong>Si</strong></span> <span class='ocrx_word' id='word_1_739' title='bbox 1115 5217 1350 5290; x_wconf 84' lang='lat' dir='ltr'><strong>despicit</strong></span> <span class='ocrx_word' id='word_1_740' title='bbox 1404 5227 1743 5290; x_wconf 86' lang='lat' dir='ltr'><strong>peccatores,</strong></span> 
     </span>
    </p>
   </div>
   <div class='ocr_carea' id='block_1_69' title="bbox 141 5309 778 5382">
    <p class='ocr_par' dir='ltr' id='par_1_69' title="bbox 141 5309 778 5382">
     <span class='ocr_line' id='line_1_69' title="bbox 141 5309 778 5382; baseline -0.009 -12"><span class='ocrx_word' id='word_1_741' title='bbox 141 5309 412 5382; x_wconf 48' lang='lat' dir='ltr'><strong>“iis</strong></span> <span class='ocrx_word' id='word_1_742' title='bbox 441 5311 778 5380; x_wconf 79' lang='lat' dir='ltr'><strong>sepulcrum.</strong></span> 
     </span>
    </p>
   </div>
   <div class='ocr_carea' id='block_1_70' title="bbox 201 5399 1748 5476">
    <p class='ocr_par' dir='ltr' id='par_1_70' title="bbox 201 5399 1748 5476">
     <span class='ocr_line' id='line_1_70' title="bbox 201 5399 1748 5476; baseline 0.005 -25"><span class='ocrx_word' id='word_1_743' title='bbox 201 5399 383 5462; x_wconf 56' lang='grc' dir='ltr'><strong>,κη</strong></span> <span class='ocrx_word' id='word_1_744' title='bbox 405 5407 636 5476; x_wconf 81' lang='lat' dir='ltr'><strong>gravior</strong></span> <span class='ocrx_word' id='word_1_745' title='bbox 661 5411 974 5474; x_wconf 82' lang='lat' dir='ltr'><strong>exspectata</strong></span> <span class='ocrx_word' id='word_1_746' title='bbox 1017 5417 1198 5471; x_wconf 86' lang='lat' dir='ltr'><strong>mors,</strong></span> <span class='ocrx_word' id='word_1_747' title='bbox 1246 5419 1405 5472; x_wconf 87' lang='lat' dir='ltr'><strong>quam</strong></span> <span class='ocrx_word' id='word_1_748' title='bbox 1455 5403 1626 5458; x_wconf 84' lang='lat' dir='ltr'><strong>illata.</strong></span> <span class='ocrx_word' id='word_1_749' title='bbox 1670 5404 1748 5459; x_wconf 84' lang='lat' dir='ltr'><strong>Ad</strong></span> 
     </span>
    </p>
   </div>
   <div class='ocr_carea' id='block_1_71' title="bbox 145 5495 1753 5566">
    <p class='ocr_par' dir='ltr' id='par_1_71' title="bbox 145 5495 1753 5566">
     <span class='ocr_line' id='line_1_71' title="bbox 145 5495 1753 5566; baseline -0.003 -9"><span class='ocrx_word' id='word_1_750' title='bbox 145 5495 428 5556; x_wconf 49' lang='lat' dir='ltr'><strong>Malim</strong></span> <span class='ocrx_word' id='word_1_751' title='bbox 463 5498 804 5562; x_wconf 73' lang='lat' dir='ltr'><strong>laboremus,</strong></span> <span class='ocrx_word' id='word_1_752' title='bbox 843 5505 898 5551; x_wconf 87' lang='lat' dir='ltr'><strong>ct</strong></span> <span class='ocrx_word' id='word_1_753' title='bbox 944 5497 993 5551; x_wconf 91' lang='lat' dir='ltr'><strong>in</strong></span> <span class='ocrx_word' id='word_1_754' title='bbox 1036 5497 1222 5552; x_wconf 69' lang='lat' dir='ltr'><strong>smculi</strong></span> <span class='ocrx_word' id='word_1_755' title='bbox 1256 5497 1628 5566; x_wconf 83' lang='lat' dir='ltr'><strong>periclitemur</strong></span> <span class='ocrx_word' id='word_1_756' title='bbox 1655 5498 1753 5552; x_wconf 88' lang='lat' dir='ltr'><strong>mi-</strong></span> 
     </span>
    </p>
   </div>
   <div class='ocr_carea' id='block_1_72' title="bbox 1847 4745 3443 4830">
    <p class='ocr_par' dir='ltr' id='par_1_72' title="bbox 1847 4745 3443 4830">
     <span class='ocr_line' id='line_1_72' title="bbox 1847 4745 3443 4830; baseline -0.003 -22"><span class='ocrx_word' id='word_1_757' title='bbox 1847 4766 2136 4818; x_wconf 81' lang='lat' dir='ltr'><strong>trementes,</strong></span> <span class='ocrx_word' id='word_1_758' title='bbox 2170 4764 2219 4808; x_wconf 91' lang='lat' dir='ltr'><strong>et</strong></span> <span class='ocrx_word' id='word_1_759' title='bbox 2250 4754 2519 4822; x_wconf 65' lang='lat' dir='ltr'><strong>universos</strong></span> <span class='ocrx_word' id='word_1_760' title='bbox 2549 4753 2708 4830; x_wconf 70' lang='lat' dir='ltr'><strong>calles</strong></span> <span class='ocrx_word' id='word_1_761' title='bbox 2731 4751 2939 4820; x_wconf 79' lang='lat' dir='ltr'><strong>_turba;i</strong></span> <span class='ocrx_word' id='word_1_762' title='bbox 2968 4751 3209 4818; x_wconf 72' lang='lat' dir='ltr'><strong>:intendi</strong></span> <span class='ocrx_word' id='word_1_763' title='bbox 3239 4745 3443 4820; x_wconf 69' lang='lat' dir='ltr'><strong>aerem,</strong></span> 
     </span>
    </p>
   </div>
   <div class='ocr_carea' id='block_1_73' title="bbox 1849 4842 3448 4923">
    <p class='ocr_par' dir='ltr' id='par_1_73' title="bbox 1849 4842 3448 4923">
     <span class='ocr_line' id='line_1_73' title="bbox 1849 4842 3448 4923; baseline -0.006 -19"><span class='ocrx_word' id='word_1_764' title='bbox 1849 4859 1896 4904; x_wconf 81' lang='lat' dir='ltr'><strong>et</strong></span> <span class='ocrx_word' id='word_1_765' title='bbox 1933 4863 2048 4902; x_wconf 86' lang='lat' dir='ltr'><strong>ecce</strong></span> <span class='ocrx_word' id='word_1_766' title='bbox 2085 4864 2186 4902; x_wconf 86' lang='lat' dir='ltr'><strong>non</strong></span> <span class='ocrx_word' id='word_1_767' title='bbox 2217 4856 2325 4902; x_wconf 88' lang='lat' dir='ltr'><strong>erat</strong></span> <span class='ocrx_word' id='word_1_768' title='bbox 2370 4847 2570 4900; x_wconf 80' lang='lat' dir='ltr'><strong>homo:</strong></span> <span class='ocrx_word' id='word_1_769' title='bbox 2617 4855 2664 4900; x_wconf 85' lang='lat' dir='ltr'><strong>et</strong></span> <span class='ocrx_word' id='word_1_770' title='bbox 2713 4861 2885 4923; x_wconf 71' lang='lat' dir='ltr'><strong>omnes</strong></span> <span class='ocrx_word' id='word_1_771' title='bbox 2927 4845 3160 4916; x_wconf 74' lang='lat' dir='ltr'><strong>volucres</strong></span> <span class='ocrx_word' id='word_1_772' title='bbox 3191 4842 3305 4898; x_wconf 70' lang='grc' dir='ltr'><strong>τεειὶ</strong></span> <span class='ocrx_word' id='word_1_773' title='bbox 3342 4857 3448 4916; x_wconf 59' lang='lat' dir='ltr'><strong>pp-</strong></span> 
     </span>
    </p>
   </div>
   <div class='ocr_carea' id='block_1_74' title="bbox 1851 4937 3447 5010">
    <p class='ocr_par' dir='ltr' id='par_1_74' title="bbox 1851 4937 3447 5010">
     <span class='ocr_line' id='line_1_74' title="bbox 1851 4937 3447 5010; baseline -0.004 -14"><span class='ocrx_word' id='word_1_774' title='bbox 1851 4943 2052 4996; x_wconf 83' lang='lat' dir='ltr'><strong>rebant.</strong></span> <span class='ocrx_word' id='word_1_775' title='bbox 2097 4939 2251 5010; x_wconf 87' lang='lat' dir='ltr'><strong>Vidi,</strong></span> <span class='ocrx_word' id='word_1_776' title='bbox 2296 4949 2343 4994; x_wconf 85' lang='lat' dir='ltr'><strong>et</strong></span> <span class='ocrx_word' id='word_1_777' title='bbox 2387 4956 2501 4995; x_wconf 84' lang='lat' dir='ltr'><strong>ecce</strong></span> <span class='ocrx_word' id='word_1_778' title='bbox 2540 4937 2810 5000; x_wconf 83' lang='lat' dir='ltr'><strong>Carmelus</strong></span> <span class='ocrx_word' id='word_1_779' title='bbox 2855 4938 3132 5006; x_wconf 70' lang='lat' dir='ltr'><strong>desertus:</strong></span> <span class='ocrx_word' id='word_1_780' title='bbox 3175 4943 3222 4989; x_wconf 80' lang='lat' dir='ltr'><strong>et</strong></span> <span class='ocrx_word' id='word_1_781' title='bbox 3269 4949 3447 5000; x_wconf 65' lang='lat' dir='ltr'><strong>omnes</strong></span> 
     </span>
    </p>
   </div>
   <div class='ocr_carea' id='block_1_75' title="bbox 1853 5025 3454 5104">
    <p class='ocr_par' dir='ltr' id='par_1_75' title="bbox 1853 5025 3454 5104">
     <span class='ocr_line' id='line_1_75' title="bbox 1853 5025 3454 5104; baseline -0.003 -17"><span class='ocrx_word' id='word_1_782' title='bbox 1853 5035 2076 5088; x_wconf 69' lang='lat' dir='ltr'><strong>civitates</strong></span> <span class='ocrx_word' id='word_1_783' title='bbox 2112 5048 2369 5088; x_wconf 68' lang='lat' dir='ltr'><strong>succensa:</strong></span> <span class='ocrx_word' id='word_1_784' title='bbox 2393 5033 2505 5104; x_wconf 85' lang='lat' dir='ltr'><strong>igni</strong></span> <span class='ocrx_word' id='word_1_785' title='bbox 2533 5049 2563 5088; x_wconf 90' lang='lat' dir='ltr'><strong>a</strong></span> <span class='ocrx_word' id='word_1_786' title='bbox 2593 5033 2728 5104; x_wconf 78' lang='lat' dir='ltr'><strong>{acie</strong></span> <span class='ocrx_word' id='word_1_787' title='bbox 2761 5030 3013 5097; x_wconf 87' lang='lat' dir='ltr'><strong>Domini,</strong></span> <span class='ocrx_word' id='word_1_788' title='bbox 3044 5037 3092 5084; x_wconf 84' lang='lat' dir='ltr'><strong>et</strong></span> <span class='ocrx_word' id='word_1_789' title='bbox 3137 5044 3168 5082; x_wconf 87' lang='lat' dir='ltr'><strong>a</strong></span> <span class='ocrx_word' id='word_1_790' title='bbox 3197 5025 3330 5098; x_wconf 76' lang='lat' dir='ltr'><strong>facie</strong></span> <span class='ocrx_word' id='word_1_791' title='bbox 3360 5025 3454 5082; x_wconf 70' lang='lat' dir='ltr'><strong>irtl</strong></span> 
     </span>
    </p>
   </div>
   <div class='ocr_carea' id='block_1_76' title="bbox 1855 5119 3450 5200">
    <p class='ocr_par' dir='ltr' id='par_1_76' title="bbox 1855 5119 3450 5200">
     <span class='ocr_line' id='line_1_76' title="bbox 1855 5119 3450 5200; baseline -0.001 -22"><span class='ocrx_word' id='word_1_792' title='bbox 1855 5125 2231 5200; x_wconf 81' lang='lat' dir='ltr'><strong>indignationis</strong></span> <span class='ocrx_word' id='word_1_793' title='bbox 2255 5128 2391 5198; x_wconf 81' lang='lat' dir='ltr'><strong>ejus,</strong></span> <span class='ocrx_word' id='word_1_794' title='bbox 2414 5135 2464 5180; x_wconf 88' lang='lat' dir='ltr'><strong>et</strong></span> <span class='ocrx_word' id='word_1_795' title='bbox 2496 5125 2802 5180; x_wconf 78' lang='lat' dir='ltr'><strong>interierunt</strong></span> <span class='ocrx_word' id='word_1_796' title='bbox 2835 5123 3071 5178; x_wconf 76' lang='lat' dir='ltr'><strong>universa</strong></span> <span class='ocrx_word' id='word_1_797' title='bbox 3103 5119 3318 5195; x_wconf 83' lang='lat' dir='ltr'><strong>(Jerem.</strong></span> <span class='ocrx_word' id='word_1_798' title='bbox 3351 5121 3450 5192; x_wconf 68' lang='lat' dir='ltr'><strong>tv).</strong></span> 
     </span>
    </p>
   </div>
   <div class='ocr_carea' id='block_1_77' title="bbox 1930 5215 3454 5292">
    <p class='ocr_par' dir='ltr' id='par_1_77' title="bbox 1930 5215 3454 5292">
     <span class='ocr_line' id='line_1_77' title="bbox 1930 5215 3454 5292; baseline -0.001 -20"><span class='ocrx_word' id='word_1_799' title='bbox 1930 5220 2127 5276; x_wconf 78' lang='lat' dir='ltr'><strong>Verum</strong></span> <span class='ocrx_word' id='word_1_800' title='bbox 2154 5236 2222 5275; x_wconf 92' lang='lat' dir='ltr'><strong>ne</strong></span> <span class='ocrx_word' id='word_1_801' title='bbox 2252 5236 2316 5274; x_wconf 80' lang='lat' dir='ltr'><strong>ex</strong></span> <span class='ocrx_word' id='word_1_802' title='bbox 2344 5219 2694 5292; x_wconf 79' lang='lat' dir='ltr'><strong>suggestione</strong></span> <span class='ocrx_word' id='word_1_803' title='bbox 2716 5217 2916 5274; x_wconf 83' lang='lat' dir='ltr'><strong>diaboli</strong></span> <span class='ocrx_word' id='word_1_804' title='bbox 2941 5215 3147 5292; x_wconf 75' lang='lat' dir='ltr'><strong>haecad</strong></span> <span class='ocrx_word' id='word_1_805' title='bbox 3182 5227 3454 5288; x_wconf 71' lang='lat' dir='ltr'><strong>terrorem</strong></span> 
     </span>
    </p>
   </div>
   <div class='ocr_carea' id='block_1_78' title="bbox 1856 5306 3454 5384">
    <p class='ocr_par' dir='ltr' id='par_1_78' title="bbox 1856 5306 3454 5384">
     <span class='ocr_line' id='line_1_78' title="bbox 1856 5306 3454 5384; baseline -0.003 -18"><span class='ocrx_word' id='word_1_806' title='bbox 1856 5311 2021 5380; x_wconf 88' lang='lat' dir='ltr'><strong>dicta,</strong></span> <span class='ocrx_word' id='word_1_807' title='bbox 2058 5327 2166 5366; x_wconf 90' lang='lat' dir='ltr'><strong>non</strong></span> <span class='ocrx_word' id='word_1_808' title='bbox 2192 5310 2260 5365; x_wconf 88' lang='lat' dir='ltr'><strong>ad</strong></span> <span class='ocrx_word' id='word_1_809' title='bbox 2281 5311 2565 5366; x_wconf 84' lang='lat' dir='ltr'><strong>veritatem</strong></span> <span class='ocrx_word' id='word_1_810' title='bbox 2595 5311 2910 5377; x_wconf 79' lang='lat' dir='ltr'><strong>credantur,</strong></span> <span class='ocrx_word' id='word_1_811' title='bbox 2942 5307 3010 5364; x_wconf 89' lang='lat' dir='ltr'><strong>de</strong></span> <span class='ocrx_word' id='word_1_812' title='bbox 3037 5308 3334 5384; x_wconf 75' lang='lat' dir='ltr'><strong>prazlerilis</strong></span> <span class='ocrx_word' id='word_1_813' title='bbox 3362 5306 3454 5364; x_wconf 70' lang='grc' dir='ltr'><strong>[ιι-</strong></span> 
     </span>
    </p>
   </div>
   <div class='ocr_carea' id='block_1_79' title="bbox 1857 5398 3453 5473">
    <p class='ocr_par' dir='ltr' id='par_1_79' title="bbox 1857 5398 3453 5473">
     <span class='ocr_line' id='line_1_79' title="bbox 1857 5398 3453 5473; baseline -0.002 -16"><span class='ocrx_word' id='word_1_814' title='bbox 1857 5411 1974 5457; x_wconf 84' lang='lat' dir='ltr'><strong>tura</strong></span> <span class='ocrx_word' id='word_1_815' title='bbox 2008 5401 2567 5473; x_wconf 81' lang='lat' dir='ltr'><strong>probanturzquando</strong></span> <span class='ocrx_word' id='word_1_816' title='bbox 2593 5400 2716 5456; x_wconf 84' lang='lat' dir='ltr'><strong>talia</strong></span> <span class='ocrx_word' id='word_1_817' title='bbox 2742 5399 2796 5455; x_wconf 88' lang='lat' dir='ltr'><strong>in</strong></span> <span class='ocrx_word' id='word_1_818' title='bbox 2825 5399 3056 5470; x_wconf 87' lang='lat' dir='ltr'><strong>diluvio,</strong></span> <span class='ocrx_word' id='word_1_819' title='bbox 3090 5401 3144 5458; x_wconf 89' lang='lat' dir='ltr'><strong>in</strong></span> <span class='ocrx_word' id='word_1_820' title='bbox 3176 5398 3453 5468; x_wconf 80' lang='lat' dir='ltr'><strong>Sodomis,</strong></span> 
     </span>
    </p>
   </div>
   <div class='ocr_carea' id='block_1_80' title="bbox 1861 5488 3456 5568">
    <p class='ocr_par' dir='ltr' id='par_1_80' title="bbox 1861 5488 3456 5568">
     <span class='ocr_line' id='line_1_80' title="bbox 1861 5488 3456 5568; baseline -0.004 -17"><span class='ocrx_word' id='word_1_821' title='bbox 1861 5496 1916 5552; x_wconf 91' lang='lat' dir='ltr'><strong>in</strong></span> <span class='ocrx_word' id='word_1_822' title='bbox 1950 5495 2216 5568; x_wconf 65' lang='lat' dir='ltr'><strong>Egypto,</strong></span> <span class='ocrx_word' id='word_1_823' title='bbox 2250 5496 2303 5549; x_wconf 91' lang='lat' dir='ltr'><strong>in</strong></span> <span class='ocrx_word' id='word_1_824' title='bbox 2332 5493 2722 5566; x_wconf 79' lang='lat' dir='ltr'><strong>.lerosolymis,</strong></span> <span class='ocrx_word' id='word_1_825' title='bbox 2773 5508 2918 5566; x_wconf 59' lang='lat' dir='ltr'><strong>saepe</strong></span> <span class='ocrx_word' id='word_1_826' title='bbox 2949 5495 3019 5550; x_wconf 90' lang='lat' dir='ltr'><strong>ob</strong></span> <span class='ocrx_word' id='word_1_827' title='bbox 3045 5493 3245 5550; x_wconf 89' lang='lat' dir='ltr'><strong>delicta</strong></span> <span class='ocrx_word' id='word_1_828' title='bbox 3276 5488 3456 5546; x_wconf 86' lang='lat' dir='ltr'><strong>homi-</strong></span> 
     </span>
    </p>
   </div>
   <div class='ocr_carea' id='block_1_81' title="bbox 1867 5585 3462 5654">
    <p class='ocr_par' dir='ltr' id='par_1_81' title="bbox 1867 5585 3462 5654">
     <span class='ocr_line' id='line_1_81' title="bbox 1867 5585 3462 5654; baseline -0.006 -8"><span class='ocrx_word' id='word_1_829' title='bbox 1867 5606 1995 5646; x_wconf 90' lang='lat' dir='ltr'><strong>num</strong></span> <span class='ocrx_word' id='word_1_830' title='bbox 2024 5593 2158 5645; x_wconf 85' lang='lat' dir='ltr'><strong>lacta</strong></span> <span class='ocrx_word' id='word_1_831' title='bbox 2193 5587 2523 5645; x_wconf 84' lang='lat' dir='ltr'><strong>referuntur.</strong></span> <span class='ocrx_word' id='word_1_832' title='bbox 2559 5587 2667 5642; x_wconf 81' lang='lat' dir='ltr'><strong>Sed</strong></span> <span class='ocrx_word' id='word_1_833' title='bbox 2692 5588 2871 5642; x_wconf 83' lang='lat' dir='ltr'><strong>veniet</strong></span> <span class='ocrx_word' id='word_1_834' title='bbox 2898 5587 2986 5641; x_wconf 91' lang='lat' dir='ltr'><strong>illa</strong></span> <span class='ocrx_word' id='word_1_835' title='bbox 3013 5585 3160 5651; x_wconf 90' lang='lat' dir='ltr'><strong>dies,</strong></span> <span class='ocrx_word' id='word_1_836' title='bbox 3194 5597 3297 5654; x_wconf 92' lang='lat' dir='ltr'><strong>qua</strong></span> <span class='ocrx_word' id='word_1_837' title='bbox 3335 5596 3462 5638; x_wconf 56' lang='lat' dir='ltr'><strong>cor.</strong></span> 
     </span>
    </p>
   </div>
   <div class='ocr_carea' id='block_1_82' title="bbox 1869 5672 3465 5754">
    <p class='ocr_par' dir='ltr' id='par_1_82' title="bbox 1869 5672 3465 5754">
     <span class='ocr_line' id='line_1_82' title="bbox 1869 5672 3465 5754; baseline -0.005 -14"><span class='ocrx_word' id='word_1_838' title='bbox 1869 5682 2143 5754; x_wconf 85' lang='lat' dir='ltr'><strong>ruptivum</strong></span> <span class='ocrx_word' id='word_1_839' title='bbox 2175 5682 2279 5738; x_wconf 89' lang='lat' dir='ltr'><strong>hoc</strong></span> <span class='ocrx_word' id='word_1_840' title='bbox 2313 5690 2370 5738; x_wconf 89' lang='lat' dir='ltr'><strong>et</strong></span> <span class='ocrx_word' id='word_1_841' title='bbox 2411 5679 2678 5753; x_wconf 82' lang='lat' dir='ltr'><strong>mortale,</strong></span> <span class='ocrx_word' id='word_1_842' title='bbox 2726 5677 3154 5750; x_wconf 85' lang='lat' dir='ltr'><strong>ineorruptivum</strong></span> <span class='ocrx_word' id='word_1_843' title='bbox 3184 5672 3372 5732; x_wconf 89' lang='lat' dir='ltr'><strong>induet</strong></span> <span class='ocrx_word' id='word_1_844' title='bbox 3406 5681 3465 5744; x_wconf 69' lang='lat' dir='ltr'><strong>et</strong></span> 
     </span>
    </p>
   </div>
   <div class='ocr_carea' id='block_1_83' title="bbox 143 5571 1757 5664">
    <p class='ocr_par' dir='ltr' id='par_1_83' title="bbox 143 5571 1757 5664">
     <span class='ocr_line' id='line_1_83' title="bbox 143 5571 1757 5664; baseline -0.001 -16"><span class='ocrx_word' id='word_1_845' title='bbox 143 5571 374 5658; x_wconf 23' lang='lat' dir='ltr'><strong>“pl!</strong></span> <span class='ocrx_word' id='word_1_846' title='bbox 395 5591 452 5645; x_wconf 89' lang='lat' dir='ltr'><strong>in</strong></span> <span class='ocrx_word' id='word_1_847' title='bbox 496 5591 680 5644; x_wconf 72' lang='lat' dir='ltr'><strong>futuro</strong></span> <span class='ocrx_word' id='word_1_848' title='bbox 703 5591 906 5644; x_wconf 72' lang='lat' dir='ltr'><strong>smculo</strong></span> <span class='ocrx_word' id='word_1_849' title='bbox 935 5606 1258 5645; x_wconf 84' lang='lat' dir='ltr'><strong>coronemur</strong></span> <span class='ocrx_word' id='word_1_850' title='bbox 1283 5589 1497 5664; x_wconf 79' lang='lat' dir='ltr'><strong>(Matth.</strong></span> <span class='ocrx_word' id='word_1_851' title='bbox 1525 5595 1602 5661; x_wconf 72' lang='grc' dir='ltr'><strong>ν).</strong></span> <span class='ocrx_word' id='word_1_852' title='bbox 1647 5591 1757 5647; x_wconf 73' lang='lat' dir='ltr'><strong>Nec</strong></span> 
     </span>
    </p>
   </div>
   <div class='ocr_carea' id='block_1_84' title="bbox 147 5681 1761 5750">
    <p class='ocr_par' dir='ltr' id='par_1_84' title="bbox 147 5681 1761 5750">
     <span class='ocr_line' id='line_1_84' title="bbox 147 5681 1761 5750; baseline 0.001 -10"><span class='ocrx_word' id='word_1_853' title='bbox 147 5683 350 5748; x_wconf 62' lang='grc' dir='ltr'><strong>ἠι-</strong></span> <span class='ocrx_word' id='word_1_854' title='bbox 395 5681 506 5740; x_wconf 84' lang='lat' dir='ltr'><strong>hoc</strong></span> <span class='ocrx_word' id='word_1_855' title='bbox 551 5681 622 5737; x_wconf 90' lang='lat' dir='ltr'><strong>de</strong></span> <span class='ocrx_word' id='word_1_856' title='bbox 672 5682 982 5738; x_wconf 88' lang='lat' dir='ltr'><strong>hominibus</strong></span> <span class='ocrx_word' id='word_1_857' title='bbox 1022 5681 1280 5750; x_wconf 88' lang='lat' dir='ltr'><strong>credere,</strong></span> <span class='ocrx_word' id='word_1_858' title='bbox 1330 5699 1454 5738; x_wconf 90' lang='lat' dir='ltr'><strong>cum</strong></span> <span class='ocrx_word' id='word_1_859' title='bbox 1500 5683 1761 5742; x_wconf 88' lang='lat' dir='ltr'><strong>Dominus</strong></span> 
     </span>
    </p>
   </div>
   <div class='ocr_carea' id='block_1_85' title="bbox 219 5861 1697 5944">
    <p class='ocr_par' dir='ltr' id='par_1_85' title="bbox 219 5861 1697 5944">
     <span class='ocr_line' id='line_1_85' title="bbox 219 5861 1697 5944; baseline 0.003 -22"><span class='ocrx_word' id='word_1_860' title='bbox 219 5861 524 5944; x_wconf 47' lang='lat' dir='ltr'><strong>{Lectum</strong></span> <span class='ocrx_word' id='word_1_861' title='bbox 556 5872 718 5922; x_wconf 87' lang='lat' dir='ltr'><strong>antea</strong></span> <span class='ocrx_word' id='word_1_862' title='bbox 747 5865 913 5938; x_wconf 88' lang='lat' dir='ltr'><strong>male,</strong></span> <span class='ocrx_word' id='word_1_863' title='bbox 935 5882 1026 5925; x_wconf 77' lang='lat' dir='ltr'><strong>seu</strong></span> <span class='ocrx_word' id='word_1_864' title='bbox 1046 5862 1230 5938; x_wconf 82' lang='lat' dir='ltr'><strong>regula</strong></span> <span class='ocrx_word' id='word_1_865' title='bbox 1259 5865 1532 5938; x_wconf 76' lang='lat' dir='ltr'><strong>promiua,</strong></span> <span class='ocrx_word' id='word_1_866' title='bbox 1563 5875 1697 5926; x_wconf 74' lang='lat' dir='ltr'><strong>etc.&#39;</strong></span> 
     </span>
    </p>
   </div>
  </div>
