4002 6300
404 242 514 304 375

408 467 535 510 cum
573 449 794 524 populis
828 470 841 506 :
881 460 937 507 et
968 458 1031 506 tu
1062 447 1345 521 gaudebis.
1383 446 1699 504 Judicaturo
1740 447 2006 517 Domino,

409 546 649 618 lugubre
675 545 912 601 mundus
941 543 1225 615 immugiet
1252 559 1267 597 :
1302 541 1476 597 tribus
1508 540 1576 596 ad
1610 541 1786 597 tribus
1814 540 2014 596 ferient

408 646 656 711 pectora.
688 634 1066 692 Potentissimi
1106 633 1381 706 quondam
1406 648 1562 705 reges
1599 632 1746 688 nudo
1787 640 2014 702 pectore

409 727 784 802 palpitabunt.
810 726 1177 785 Exhibebitur
1198 735 1328 782 tunc
1347 741 1471 782 cum
1503 724 1657 795 prole
1682 739 1778 781 sua
1801 723 2009 781 Venus.

408 820 567 879 Tunc
594 819 798 891 ignitus
825 818 1040 892 Jupiter
1067 818 1372 876 adducetur
1398 836 1411 873 :
1442 827 1498 874 et
1528 832 1654 874 cum
1677 817 1791 875 suis
1816 817 2015 874 stultus

410 913 571 972 Plato
599 912 886 984 discipulis
917 930 932 969 :
972 911 1258 970 AriStoteli
1304 920 1626 984 argumenta
1665 926 1774 968 non
1818 912 2018 983 prode-

408 1015 565 1064 runt.
596 1004 772 1074 Tunc,
796 1005 1106 1062 rusticanus
1127 1012 1183 1062 et
1205 1020 1431 1077 pauper,
1459 1003 1761 1061 exsultabis
1791 1013 1846 1060 et
1873 1003 2018 1060 ride-

408 1097 529 1164 bis,
577 1105 633 1155 et
673 1097 824 1154 dices
864 1113 882 1153 :
925 1096 1068 1153 Ecce
1111 1096 1405 1153 crucilixus
1447 1096 1596 1152 Deus
1644 1110 1801 1151 meus
1840 1112 1854 1151 :
1891 1110 2020 1152 ecce

408 1191 612 1265 judex,
645 1192 739 1264 qui
776 1190 1052 1249 involutus
1101 1190 1296 1263 pannis
1326 1190 1381 1245 in
1411 1189 1678 1261 przesepio
1703 1188 1890 1260 vagiit.
1923 1188 2022 1245 llic

414 1295 503 1343 est
522 1285 618 1342 ille
650 1285 889 1358 Operarii
916 1292 973 1341 et
998 1283 1348 1358 quaestuariae
1380 1282 1521 1339 filius
1548 1300 1563 1338 :
1588 1281 1677 1338 hic
1706 1283 1799 1354 qui
1827 1280 2020 1338 matris

416 1390 664 1455 gestatus
689 1382 833 1451 sinu,
865 1381 1143 1439 hominem
1170 1380 1316 1437 Deus
1334 1379 1472 1451 fugit
1507 1378 1566 1435 in
1580 1378 1876 1451 Egyptum
1898 1395 1912 1433 :
1933 1377 2023 1434 hic

417 1488 504 1534 est
548 1477 779 1534 vestitus
819 1478 1090 1534 coccino:
1140 1477 1227 1533 hic
1257 1476 1351 1548 qui
1402 1476 1650 1532 sentibus
1694 1484 2021 1532 coronatus.

417 1572 596 1631 Cerne
625 1586 840 1640 manus,
868 1572 1080 1639 Iudaee,
1108 1585 1246 1643 quas
1268 1569 1503 1638 ﬁxeras;
1535 1585 1700 1628 cerne
1725 1571 1887 1637 latus,
1916 1569 2025 1624 Ro-

418 1680 606 1735 mane,
636 1665 783 1737 quod
804 1664 1044 1722 foderas.
1070 1664 1268 1720 Videte
1288 1678 1490 1735 corpus
1510 1678 1583 1719 an
1604 1662 1747 1719 idem
1775 1662 1848 1719 sit
1874 1661 2020 1734 quod

419 1757 693 1815 dicebatis
714 1757 854 1814 clam
879 1764 1040 1814 nocte
1064 1756 1261 1813 tulisse
1277 1756 1600 1826 discipulos.

493 1853 542 1909 Ο
587 1861 725 1924 quot
771 1852 1012 1923 virgines
1062 1860 1119 1909 et
1143 1860 1471 1922 quantorum
1500 1860 1527 1889 α
1576 1848 1838 1906 infamata
1866 1848 2028 1920 pudi-

420 1944 551 2002 citia
581 1959 609 1999 a
640 1945 758 2002 Deo
778 1944 963 2016 judice
985 1944 1372 2001 coronabitur!
1406 1942 1451 1999 Ο
1477 1943 1699 2015 quantis
1730 1942 1787 1998 in
1818 1943 1908 1999 illa
1937 1943 2028 2000 die

421 2039 759 2113 expedisset,
789 2041 837 2096 si
867 2038 1243 2096 membrorum
1275 2052 1440 2094 sensu
1465 2047 1519 2094 et
1542 2037 1812 2094 viscerum
1836 2037 2029 2108 vigore

419 2135 479 2191 in
521 2133 624 2190 hac
664 2133 777 2189 vita
825 2132 1170 2189 caruissent!
1219 2142 1275 2187 et
1310 2130 1498 2201 quanti
1528 2129 1644 2186 illic
1680 2129 1929 2200 elingues
1973 2136 2031 2184 et

422 2228 561 2284 muti
590 2225 867 2284 feliciores
893 2224 1217 2298 loquacibus
1251 2223 1454 2280 erunt!
1486 2232 1543 2278 et
1570 2222 1761 2294 quanti
1784 2232 2031 2293 pastores

424 2320 813 2394 philosophis:
839 2318 1033 2392 quanti
1062 2318 1256 2376 rustici
1289 2317 1623 2383 oratoribus,
1648 2326 1701 2372 et
1723 2316 1905 2387 quanti
1936 2316 2033 2373 he-

423 2416 581 2475 betes
601 2415 936 2487 argumentis
966 2412 1076 2487 [AL
1104 2410 1351 2485 argutiis]
1372 2410 1699 2481 praeferendi
1721 2418 1848 2465 sunt
1869 2410 2030 2466 Cice-

422 2510 610 2571 ronis!
639 2511 718 2567 lbi
744 2512 891 2567 enim
918 2524 1043 2565 cum
1069 2517 1195 2564 ante
1213 2505 1446 2563 tribunal
1467 2505 1673 2562 Christi
1694 2506 2029 2571 venerimus,

428 2606 673 2676 scimus,
717 2618 820 2660 nec
863 2601 1003 2671 Job,
1050 2616 1152 2658 nec
1199 2599 1480 2657 Danielem
1505 2640 1520 2665 ,
1562 2613 1664 2655 nec
1691 2597 1808 2655 Noe
1836 2612 2034 2670 rogare

425 2713 597 2772 posse
643 2712 742 2769 pro
791 2709 1071 2769 quoquam
1117 2713 1133 2752 :
1174 2692 1273 2751 sed
1318 2706 1761 2765 unumquemque
1812 2702 2035 2764 portare

430 2807 573 2853 onus
617 2807 801 2849 suum.

504 2885 694 2958 Igitur,
717 2885 834 2943 sive
862 2884 1035 2956 leges,
1063 2882 1184 2941 sive
1211 2882 1485 2947 dormies,
1513 2881 1629 2937 sive
1660 2879 1891 2946 scribes,
1920 2877 2038 2936 sive

431 2977 709 3052 vigilabis,
732 2978 901 3034 Amos
922 2977 1020 3032 tibi
1037 2990 1254 3046 semper
1274 2975 1504 3031 buccina
1529 2974 1582 3028 in
1605 2973 1827 3029 auribus
1852 2980 2035 3027 sonet.

433 3069 508 3127 Et
528 3069 760 3142 apostoli
786 3070 883 3141 qui
910 3068 1055 3125 hunc
1080 3067 1419 3125 horrendum
1442 3067 1588 3123 diem
1620 3066 1801 3136 impiis
1822 3074 1879 3123 et
1900 3080 2034 3137 pec-

431 3127 717 3222 catoribus
766 3127 1070 3233 praevidere
1119 3171 1483 3231 meruerunt,
1540 3159 1784 3216 humiles
1828 3127 2031 3228 erant,
2062 3135 2112 3205 (ἶ
2142 3127 2223 3186 De
2260 3146 2287 3184 υ

431 3267 684 3316 mortuos
709 3260 1038 3315 suscitantes
1072 3272 1087 3312 :
1119 3264 1177 3314 et
1201 3271 1301 3313 nos
1324 3270 1488 3328 super
1510 3270 1702 3311 omnes
1731 3253 2033 3325 erigimur:

434 3350 528 3423 qui
569 3349 847 3422 peccando
876 3348 1124 3422 quotidie
1158 3349 1528 3419 nosmetipsos
1569 3347 1893 3416 occidimus,
1923 3362 2035 3405 non

431 3442 791 3514 respicientes
819 3443 1063 3501 ﬂebilem
1097 3443 1485 3513 inﬂrmamque
1513 3450 1765 3497 naturam
1785 3482 1800 3509 ,
1827 3456 1949 3511 qua:
1980 3441 2035 3498 in

436 3536 683 3594 adversis
710 3535 887 3604 fortis,
940 3546 994 3592 et
1034 3550 1138 3591 nec
1178 3536 1236 3592 in
1281 3536 1561 3606 prosperis
1608 3533 1902 3604 aliquando
1942 3547 2034 3589 se-

437 3644 592 3685 cura.
624 3627 685 3686 Si
716 3627 861 3685 enim
905 3626 1263 3698 intemperate
1293 3626 1450 3683 cibus
1486 3634 1774 3696 sumptus,
1806 3634 1899 3681 aut
1928 3624 2035 3679 im-

431 3724 717 3781 moderate
753 3732 917 3795 potus
946 3729 1203 3793 acceptus
1224 3762 1239 3788 ,
1280 3722 1457 3777 levem
1486 3717 1710 3791 corpori
1738 3717 2036 3775 febriciun-

434 3817 615 3876 culam
672 3814 1034 3875 concitaverit
1096 3832 1111 3869 :
1162 3812 1450 3886 dejicimus
1533 3812 1819 3878 animam,
1894 3809 2037 3867 afﬂi-

438 3912 642 3985 gimur,
692 3911 1056 3984 suSpiramus.
1104 3908 1259 3966 Nulla
1317 3923 1448 3966 cura
1491 3915 1621 3963 tunc
1663 3904 1847 3962 smculi
1898 3913 1982 3961 est
2012 3948 2030 3975 ,

443 4006 600 4064 nulla
656 4005 955 4073 villarum,
1017 4019 1180 4061 nemo
1236 4000 1307 4059 de
1385 3997 1712 4072 patrimonio
1790 3998 2036 4069 cogitat,

436 4115 602 4157 nemo
658 4100 727 4156 de
797 4098 938 4155 foro.
996 4095 1201 4153 Omnes
1250 4093 1580 4160 calumniae,
1642 4090 1823 4147 omnia
1884 4089 2036 4145 lucra

436 4194 497 4251 in
548 4190 795 4264 periculo
840 4190 1089 4261 corporis
1141 4189 1576 4259 conquiescunt,
1645 4183 1883 4240 curritur
1963 4182 2033 4239 ad

438 4284 740 4351 medicos;
780 4292 837 4342 et
891 4296 994 4355 pro
1038 4279 1282 4338 remedio
1356 4276 1565 4334 carnali
1639 4276 2035 4347 promittuntur

436 4391 703 4448 munera,
734 4390 929 4432 aurum
958 4385 1014 4432 et
1046 4383 1366 4446 argentum,
1434 4368 1709 4427 interdum
1762 4376 1819 4426 et
1874 4385 2034 4425 man-

433 4471 576 4543 cipia
635 4471 923 4528 traduntur
964 4487 981 4529 :
1025 4477 1082 4527 et
1152 4484 1293 4541 pene
1365 4475 1542 4523 totum
1602 4465 2031 4538 patrimonium,

1449 237 1509 298 S.
1550 236 1936 297 HIERONYMI
1974 236 2262 299 OPERUM
2300 238 2671 299 MANTISSA.

402 358 899 418 immortalitatem.
927 355 1082 415 Tunc
1114 355 1186 413 ad
1209 369 1398 413 vocem
1432 355 1574 411 tuba:
1602 355 1829 427 pavebit
1862 364 2008 410 terra
2035 355 2092 416 Α
2117 367 2328 413 naturae
2372 358 2597 429 respicit
2645 355 3018 413 conditionem
3071 375 3083 411 :

3605 238 3723 299 376

3145 372 3305 415 nemo
3350 357 3719 426 considerat,

2115 466 2276 507 nemo
2307 452 2631 518 retractat,’
2656 466 2793 506 vana
2838 466 2963 507 esse
3003 453 3186 506 omnia
3220 467 3343 523 qua:
3382 451 3566 522 aliquo
3608 453 3727 508 line

2115 543 2465 599 clauduntur.
2508 544 2790 599 Labantur
2817 544 2965 600 enim
3008 553 3257 615 tempora
3290 563 3303 600 :
3349 556 3405 601 et
3441 546 3729 615 prmterita

2117 635 2508 707 relinquentia',
2559 634 2629 691 ad
2677 637 2855 691 futura
2896 634 3181 692 festinant.
3234 636 3344 693 Sed
3374 646 3428 693 et
3461 636 3737 692 Dominus

2118 731 2213 785 scit
2240 730 2571 803 coyitationes
2600 728 2891 795 hominum,
2922 731 3171 801 quoniam
3198 746 3346 785 vanw
3375 741 3518 786 sunt.
3546 728 3734 785 Cum-

2120 839 2227 895 que
2259 824 2441 881 omnia
2480 823 2846 895 cogitaverint
2872 840 2970 894 per
3013 826 3231 895 triginta
3260 839 3454 891 annos,
3488 840 3599 880 una
3640 823 3738 880 fe-

2120 918 2460 976 brieiuncula
2495 918 2684 985 venit,
2714 926 2771 975 et
2808 918 2957 974 tollit
2990 932 3185 973 omnes
3220 918 3587 989 cogitationes
3623 933 3737 974 eo-

2121 1028 2263 1069 rum.
2318 1012 2451 1067 Nam
2498 1012 2639 1068 sicut
2687 1026 2846 1067 mane
2890 1012 3077 1068 virens
3124 1011 3294 1068 herba
3342 1021 3399 1068 et
3434 1010 3462 1051 δ
3517 1012 3743 1069 ﬂorens

2124 1103 2359 1161 delectat
2400 1103 2590 1159 oculos
2619 1103 3135 1173 contemplantium,
3171 1102 3541 1174 paulatimque
3570 1118 3737 1159 mar-

2125 1215 2383 1267 cescens,
2424 1197 2887 1270 pulchritudinem
2929 1196 3148 1265 perdit,
3190 1206 3246 1252 et
3272 1198 3327 1252 in
3355 1196 3535 1253 fenum
3570 1197 3741 1268 quod

2124 1292 2515 1351 conterendum
2546 1302 2629 1347 est
2657 1292 2895 1347 transit:
2929 1291 3006 1346 ita
3043 1289 3258 1361 species
3293 1289 3576 1345 hominum
3603 1304 3749 1345 ver-

2127 1396 2220 1443 nat
2248 1387 2303 1443 in
2333 1386 2604 1457 parvulis,
2652 1384 2814 1442 ﬂoret
2848 1384 2905 1440 in
2945 1383 3262 1453 juvenibus,
3313 1382 3459 1453 viget
3498 1383 3554 1438 in
3601 1398 3748 1453 per-

2124 1479 2285 1537 fecta:
2326 1480 2501 1535 aetatis
2529 1477 2659 1533 viris
2698 1494 2711 1530 :
2755 1486 2811 1532 et
2849 1486 3076 1546 repente
3107 1474 3236 1531 dum
3274 1475 3549 1540 senescit,
3582 1474 3753 1529 inca-

2126 1574 2300 1632 nescit
2338 1582 2505 1644 caput
2531 1613 2547 1639 ,
2596 1578 2825 1642 rugatur
2863 1568 3067 1640 facies,
3109 1570 3252 1627 cutis
3299 1570 3454 1641 prius
3501 1575 3751 1625 extensa

2126 1668 2493 1728 contrahitur.

2049 1741 2101 1803 Β
2201 1762 2316 1849 lloc
2362 1762 2526 1818 etiam
2580 1761 2810 1833 languor
2853 1761 2987 1818 facit
3032 1767 3089 1817 et
3134 1756 3314 1815 inedia
3341 1798 3357 1825 ,
3441 1766 3501 1813 ut
3552 1757 3754 1812 vultus

2132 1856 2308 1927 primo
2360 1854 2794 1924 pulcherrimus,
2844 1853 2912 1910 ad
2964 1861 3168 1908 tantam
3220 1858 3462 1906 transeat
3507 1849 3755 1905 {redita-

2135 1959 2242 2005 tem
2270 1957 2293 1985 ε
2331 1965 2347 2005 :
2379 1957 2559 2005 tamen
2588 1948 2677 2019 qui
2705 1946 2949 2019 quotidie
2978 1945 3303 2003 recordatur
3342 1958 3404 1999 se
3445 1958 3571 2000 esse
3617 1958 3755 1998 mo-

2133 2042 2389 2107 riturum,
2421 2038 2721 2095 contemnit
2748 2037 3063 2109 praesentia,
3092 2046 3148 2093 et
3173 2036 3241 2091 ad
3270 2035 3451 2091 futura
3487 2034 3754 2090 festinat.

2134 2135 2244 2192 Sed
2272 2142 2474 2206 quanto
2506 2134 2559 2188 in
2592 2135 2697 2187 hoc
2725 2132 2929 2188 smculo
2955 2128 3455 2202 persecutionibus,
3498 2142 3757 2199 pauper-

2136 2235 2275 2295 tate,
2323 2225 2665 2281 inimicorum
2707 2224 2951 2292 potentia
2978 2265 2993 2291 ,
3036 2222 3124 2278 vel
3167 2221 3486 2276 morborum
3526 2220 3762 2274 crucia-

2136 2321 2279 2377 tibus
2305 2318 2568 2375 luerimus
2592 2316 2779 2372 afﬂicti
2813 2335 2827 2372 :
2858 2324 3011 2372 tanto
3039 2323 3166 2385 post
3195 2313 3661 2370 resurrectionem
3695 2314 3757 2370 in

2136 2414 2320 2470 futuro
2350 2411 2555 2482 majora
2605 2410 2829 2479 praemia
2874 2422 3301 2478 consequemur.
3354 2406 3520 2477 Igitur
3562 2406 3621 2461 in
3651 2406 3756 2462 die

2133 2507 2326 2579 judicii
2352 2522 2578 2563 securus
2605 2506 2933 2574 invenietur,
2962 2506 3007 2561 si
3039 2504 3186 2559 nulla
3217 2502 3313 2559 Dei
3340 2502 3548 2558 offensa
3581 2516 3758 2573 repe-

2138 2600 2331 2656 riatur.
2373 2599 2451 2655 De
2500 2599 2585 2655 his
2629 2614 2759 2670 ergo
2800 2607 3011 2654 tantum
3056 2594 3489 2652 sollicitudinem
3538 2594 3763 2651 habere

2138 2693 2439 2753 debemus:
2470 2690 2726 2750 Ambiant
2752 2700 2971 2747 terrena
2998 2689 3252 2762 gentiles,
3278 2689 3473 2761 quibus
3493 2688 3762 2746 ctelestia

2139 2800 2250 2842 non
2292 2785 2581 2841 debentur.
2630 2784 3036 2856 Concupiscant
3081 2782 3412 2854 praesentia,
3442 2779 3534 2852 qui
3562 2779 3761 2837 futura

2140 2893 2250 2936 non
2284 2877 2534 2936 credunt.

2704 2986 2935 3046 CAPUT
2984 2986 3179 3044 XXIV.

2293 3128 2445 3185 irtute
2497 3126 2811 3184 humilitatis
2865 3135 2916 3182 et
2956 3124 3343 3200 simplicitatis,
3400 3140 3463 3180 ac
3517 3126 3757 3181 tumenti

2715 3223 2888 3278 animo
2928 3220 3163 3276 vitando.

2209 3357 2352 3416 Cave
2387 3374 2459 3417 ne
2490 3356 2831 3415 rumusculos
2860 3357 3150 3413 hominum
3178 3357 3467 3426 aucuperis
3490 3399 3504 3424 ,
3555 3370 3625 3411 ne
3655 3356 3754 3412 of-

2138 3453 2350 3511 fensam
2383 3452 2479 3508 Dei
2510 3452 2831 3523 populorum
2862 3450 3021 3506 laude
3054 3458 3379 3506 commutes.
3407 3449 3511 3504 Per
3536 3448 3755 3504 bonam

2138 3555 2195 3604 et
2232 3545 2429 3602 malam
2471 3544 2708 3613 famam,
2752 3560 2784 3600 a
2830 3543 3039 3600 dextris
3086 3552 3143 3599 et
3180 3558 3211 3598 a
3251 3541 3490 3598 sinistris
3527 3540 3754 3598 Christi

2140 3641 2299 3697 miles
2343 3640 2609 3711 graditur,
2668 3652 2769 3694 nec
2813 3638 2974 3694 laude
3018 3637 3322 3706 extollitur,
3368 3650 3471 3692 nec
3516 3636 3747 3707 vitupe-

2138 3735 2351 3791 ratione
2379 3732 2645 3804 frangitur
2675 3749 2689 3786 :
2723 3747 2833 3787 non
2874 3729 3079 3786 divitiis
3111 3737 3283 3785 tumet
3308 3770 3323 3795 ,
3373 3743 3482 3783 non
3518 3738 3760 3784 contra-

2140 3826 2292 3884 hitur
2320 3834 2666 3897 paupertatc,
2716 3832 2771 3879 et
2796 3823 2918 3879 laeta
2949 3822 3253 3879 contemnit
3278 3829 3336 3877 et
3375 3819 3574 3876 tristia.
3607 3818 3755 3875 Nam

2135 3920 2267 3993 justi
2315 3928 2371 3974 et
2410 3918 2566 3974 fortis
2605 3916 2709 3973 viri
2753 3925 2878 3982 est,
2927 3931 3028 3973 nec
3078 3914 3334 3970 adversis
3373 3912 3594 3984 frangi,
3645 3928 3758 3969 nec

2140 4012 2420 4086 prosperis
2461 4010 2739 4068 sublevari
2773 4027 2786 4064 :
2830 4009 2928 4066 sed
2968 4008 3022 4064 in
3054 4018 3288 4079 utroque
3323 4021 3447 4063 esse
3486 4004 3755 4062 modera-

2140 4115 2274 4162 tum.
2306 4103 2443 4159 Nolo
2474 4113 2525 4158 te
2552 4117 2715 4157 orare
2743 4102 2795 4156 in
2825 4101 3041 4172 angulis
3070 4102 3393 4171 platearum,
3427 4114 3497 4154 ne
3526 4106 3754 4153 rectum

2140 4202 2250 4257 iter
2279 4213 2497 4269 precum
2528 4205 2744 4254 tuarum
2777 4198 2987 4267 frangat
3016 4210 3148 4250 aura
3182 4192 3482 4267 popularis.
3509 4192 3652 4248 Nolo
3699 4203 3757 4248 tc

2141 4293 2371 4348 dilatare
2413 4289 2690 4355 ﬁmbrias,
2734 4297 2791 4344 et
2825 4287 3065 4344 ostentui
3118 4286 3323 4342 habere
3365 4285 3751 4357 phylacteria:

2140 4396 2198 4443 et
2226 4383 2559 4442 conscientia
2582 4392 2935 4455 repugnante,
2969 4380 3275 4452 pharisaica
3303 4380 3610 4435 ambitione
3636 4379 3755 4435 cir-

2141 4478 2410 4536 cumdari.

433 4577 532 4622 aut
553 4565 868 4638 negligitur.
895 4562 1262 4632 autdonalur.
1288 4571 1347 4618 ιιι
1368 4559 1687 4618 consulatur
1708 4561 1831 4616 vitae
1858 4576 2027 4631 quan-
2058 4531 2117 4596 D
2210 4572 2417 4629 Fidelis
2453 4585 2668 4628 mecum
2708 4569 2886 4626 lector
2930 4567 3192 4638 intelligis
3232 4566 3362 4638 quid
3406 4574 3657 4637 taceam,
3693 4576 3752 4622 et

433 4658 614 4728 doque
640 4656 915 4728 periturae.
946 4654 1015 4711 Et
1039 4669 1139 4727 pro
1180 4664 1386 4711 aeterna
1417 4652 1597 4710 salute
1623 4652 1804 4709 omnis
1834 4651 2029 4708 admo-

433 4748 568 4807 dum
596 4748 761 4806 homo
790 4733 1070 4820 negligens
1101 4755 1214 4817 est,
1247 4745 1426 4803 omnis
1454 4758 1655 4802 avarus
1679 4745 1693 4800 l

506 4842 625 4901 Illic
652 4840 831 4900 omnis
876 4840 1165 4913 frugalitas
1205 4839 1477 4911 largitoris
1521 4838 1688 4895 animi
1734 4839 2031 4896 tenacitate

432 4935 850 5008 constringitur,
873 4931 980 4990 'ubi
1014 4931 1315 5004 promptior
1352 4931 1627 4997 voluntas,
1656 4930 1720 4999 jet
1749 4930 2027 4999 copiosior

432 5029 663 5100 largitas
704 5027 933 5085 deberet
961 5025 1201 5099 operari.
1250 5026 1319 5083 Et
1363 5042 1485 5084 cum
1516 5028 1800 5095 Scriptura
1831 5029 1980 5084 dicat
2016 5046 2028 5082 :

433 5122 617 5180 Nolite
650 5123 870 5197 diligere
917 5121 1204 5192 mundum,
1253 5139 1415 5195 neque
1461 5140 1523 5179 ea
1569 5140 1683 5196 qua:
1730 5126 1785 5179 in
1836 5124 2028 5180 mundo

429 5224 553 5271 sunt
593 5229 614 5269 :
659 5215 742 5273 sic
778 5215 1016 5272 humana
1067 5216 1506 5286 concupiscimus
1535 5259 1551 5285 ,
1606 5218 1687 5273 sic
1738 5231 2024 5285 amamus,

430 5310 589 5383 quasi
634 5309 843 5395 aliquid
891 5319 1183 5368 nascentes
1229 5310 1573 5367 intulerimus
1622 5312 1675 5368 in
1721 5313 1978 5368 saeculum
2007 5358 2021 5384 ,

430 5413 527 5460 aut
570 5402 892 5460 recedentes
935 5402 1006 5460 de
1050 5403 1253 5459 saeculo
1297 5402 1580 5459 nobiscum
1626 5402 1845 5461 auferre
1898 5420 2026 5475 pos-

430 5499 627 5555 simus.
667 5498 837 5557 Nemo
884 5497 955 5555 ad
1005 5497 1335 5555 brevitatem
1381 5498 1690 5570 temporis,
1748 5514 1909 5556 nemo
1958 5500 2027 5555 ad

505 5655 533 5684 ⁸
559 5645 660 5700 Alii
694 5643 817 5700 libri
851 5643 1078 5716 addunt,
1112 5652 1425 5716 quantorum
1453 5656 1662 5711 sperata
1692 5646 1945 5715 pudicitia
1970 5646 2027 5702 in

427 5718 515 5789 die
531 5718 724 5789 judicii
744 5717 819 5789 dep
838 5714 1213 5789 honestatibus,
1235 5730 1548 5788 quantorum
1571 5759 1586 5781 ,
1627 5714 1733 5773 etc.

504 5786 546 5836 ιδ’
568 5788 697 5851 Plus
733 5786 937 5855 habent
974 5787 1107 5861 alii,
1154 5797 1203 5857 et
1248 5786 1358 5854 suis
1404 5791 1624 5865 ﬂoribus
1668 5790 2028 5873 vernam‘dc-g

438 5881 466 5889 ι-

2138 4667 2268 4739 quid
2297 4664 2528 4723 tacendo
2557 4664 2730 4735 magis
2759 4663 2975 4734 loquar.
3006 4660 3223 4729 Quanto
3254 4658 3450 4715 melius
3472 4667 3595 4715 erat
3623 4658 3750 4715 hac

2137 4762 2193 4816 in
2224 4758 2392 4816 corde
2421 4766 2661 4830 portare,
2692 4770 2855 4826 quam
2883 4755 2936 4810 in
2965 4767 3221 4823 corpore,
3251 4760 3306 4807 et
3332 4751 3501 4806 Deum
3536 4750 3751 4807 habere

2134 4853 2401 4908 fautorem
2428 4891 2445 4918 ,
2487 4865 2596 4905 non
2628 4855 2883 4918 aspectus
2930 4845 3246 4902 hominum!
3298 4843 3561 4912 Quamvis
3594 4844 3749 4899 enim

2138 4943 2261 4999 aliis
2308 4944 2457 4997 vitiis
2505 4955 2697 4998 carere
2755 4953 3087 5010 possumus,
3146 4936 3504 5010 hypocriseos
3556 4944 3746 4991 tamen

2140 5038 2407 5095 maculam
2435 5052 2542 5092 non
2583 5034 2813 5101 habere,
2846 5041 2941 5089 aut
2968 5031 3245 5088 nullorum
3266 5074 3281 5100 ,
3310 5041 3405 5086 aut
3437 5045 3744 5100 paucorum

2140 5140 2243 5188 est.
2298 5128 2408 5186 Sed
2461 5126 2605 5184 sicut
2652 5124 2995 5197 deprecantis
3022 5123 3301 5179 humilitas
3329 5131 3578 5178 meretur
3601 5137 3745 5192 pra:-

2137 5224 2285 5280 mia:
2328 5224 2399 5276 ita
2443 5220 2701 5291 superbia
2739 5216 3066 5275 confidentis
3110 5215 3230 5289 [AL
3262 5214 3737 5287 contemnentis],

2136 5318 2234 5375 Dei
2274 5316 2479 5373 auxilio
2524 5314 2816 5372 deseritur.
2852 5312 2935 5369 Tu
2979 5320 3161 5369 autem
3189 5355 3204 5379 ,
3260 5310 3457 5375 frater,
3509 5309 3740 5365 inferius

2132 5410 2417 5476 accumbe,
2451 5420 2542 5475 ut,
2588 5409 2801 5463 minore
2827 5406 3102 5471 veniente,
3134 5420 3350 5461 sursum
3376 5403 3621 5475 jubearis
3649 5418 3741 5458 as-

2132 5502 2390 5562 cendere.
2425 5501 2594 5573 Super
2632 5516 2781 5572 quem
2808 5500 2978 5568 em’m,
3013 5499 3090 5553 ait
3133 5496 3414 5564 Dominus,
3459 5496 3740 5568 requiesch

2186 5657 2312 5704 οιαὶ.
2353 5654 2459 5701 etc.

2186 5657 2288 5704 Clat
2353 5654 2459 5701 etc.

2135 5650 2183 5705 le
2210 5689 2472 5779 ιΑἶιάωιι
2499 5718 2615 5791 alii,
2651 5724 2704 5774 ut
2730 5733 2877 5773 amor
2908 5717 2958 5772 in
2984 5715 3165 5771 odium
3198 5719 3557 5769 commutetur.
