3918 6294
134 338 216 397 577
663 334 951 395 REGULA
990 334 1475 396 MONACHORUM
1514 337 1610 395 EX
1646 337 1952 397 SCRlPTIS
1994 339 2379 400 IIIERONYMI
2419 342 2810 401 COLLECTA.

3289 346 3397 405 578

133 452 309 525 spiriltts
340 466 515 522 meus,
556 451 657 506 nisi
704 468 858 525 super
887 451 1137 506 humilem
1166 464 1214 508 et
1244 454 1474 525 quietum
1506 464 1555 509 et
1587 464 1689 509 tre—
1714 454 1771 515 Α
1796 463 1877 509 est
1905 454 2127 523 docere,
2163 458 2305 527 quod
2335 460 2549 515 noverit
2593 459 2689 515 ille
2715 474 2876 531 quem
2908 459 3128 519 doceas.
3157 461 3277 519 Vox
3327 477 3397 521 ex

134 556 317 602 utentem
339 545 487 601 verba
511 547 674 601 mea?

190 640 278 697 Sed
306 640 383 694 vis
430 638 576 694 scire
619 640 813 710 quales
859 649 1084 696 ornatus
1129 641 1396 698 Dominus
1444 643 1689 714 quaerat?

137 733 283 788 Habeo
307 730 672 802 prudentiam,
704 730 971 800 justitiam
1000 776 1012 794 ,
1048 734 1463 804 temperantiam
1489 780 1504 804 ,
1536 734 1691 789 forti-

136 826 359 882 tudinem.
411 824 504 880 liis
541 825 712 894 plagis
757 826 881 881 εαξΙί
935 825 1257 893 includere,
1300 828 1417 883 haec
1469 837 1521 883 te
1550 843 1687 897 qua-

135 921 291 991 driga,
340 918 491 973 velut
537 919 781 988 aurigam
824 919 1067 984 Christi,
1124 919 1191 975 ad
1242 930 1443 975 metam
1474 920 1686 976 concita

134 1017 255 1069 lerat.
297 1012 435 1068 Nihil
483 1012 588 1067 hoc
632 1011 822 1067 monili
865 1013 1176 1081 pretiosius,
1226 1013 1360 1069 nihil
1403 1014 1503 1071 hac
1532 1030 1687 1085 gem-

135 1122 302 1161 marum
322 1106 587 1161 varietate
607 1105 916 1160 distinctius
948 1123 960 1159 :
989 1122 1054 1161 ex
1088 1106 1233 1161 omni
1268 1116 1419 1176 parte
1448 1116 1471 1144 α
1506 1107 1687 1163 decori

134 1212 173 1258 et
196 1210 501 1258 ornamento
545 1201 642 1257 tibi
694 1202 805 1256 sint
829 1211 883 1258 et
916 1202 1181 1260 tutamini.
1231 1202 1686 1275 Philosophorum

135 1294 359 1349 sententia
404 1303 511 1362 est,
564 1292 669 1349 sibi
718 1291 930 1348 haerere
957 1295 1227 1349 virtutes:
1261 1293 1570 1364 etapostoli
1600 1294 1690 1350 Ja-

134 1389 258 1455 cobi,
284 1388 368 1443 cui
396 1402 505 1444 una
535 1387 803 1456 defuerit,
835 1403 1025 1443 omnes
1050 1388 1263 1444 deesse.
1290 1388 1357 1443 Et
1388 1389 1529 1443 sicut
1556 1404 1690 1459 qua-

139 1492 238 1538 tuor
266 1492 377 1539 sunt
407 1480 437 1520 δ
470 1484 725 1547 virtutes,
768 1483 963 1553 quibus
996 1498 1293 1553 pugnamus
1325 1490 1381 1537 et
1410 1483 1638 1552 tegimur
1672 1501 1684 1536 :

137 1576 201 1629 sic
228 1584 440 1646 quatuor
466 1575 595 1630 vitia
628 1584 778 1640 sunt,
823 1575 1016 1644 quibus
1045 1576 1113 1629 ab
1138 1574 1297 1630 hoste
1330 1575 1685 1644 percutimur,

135 1668 350 1736 stultitia,
394 1667 671 1738 iniquitas,
721 1669 963 1733 luxuria,
1011 1669 1244 1725 formido
1283 1685 1296 1723 :
1344 1669 1442 1725 sed
1486 1669 1687 1725 malitia

134 1760 261 1815 linem
284 1776 383 1817 non
412 1759 597 1817 habet.
630 1760 887 1831 Cognata:
908 1776 1121 1832 quoque
1152 1761 1258 1816 sibi
1288 1770 1412 1817 sunt
1433 1762 1679 1827 virtutes,

132 1852 356 1907 rectitude
398 1861 456 1909 et
498 1852 822 1923 simplicitas
866 1871 879 1907 :

131 1957 313 2017 queunt.
358 1947 605 2017 Simplex
636 1956 693 2003 et
730 1947 949 2003 humilis
979 1956 1033 2003 et
1074 1947 1307 2004 rusticus
1347 1949 1439 2019 qui
1484 1963 1683 2004 arcana

128 2042 368 2111 sapientiae
403 2041 872 2114 comprehendere
904 2044 1128 2113 nequit,
1171 2043 1217 2098 si
1261 2052 1437 2099 tamen
1471 2045 1683 2113 sapien-

130 2142 216 2187 tum
246 2135 485 2204 exempla
531 2136 764 2190 vivendo
797 2143 1057 2204 sectetur,
1087 2135 1211 2205 jure
1238 2135 1380 2192 inter
1408 2136 1682 2206 sapientes

127 2228 584 2283 munumerabitur.
627 2228 815 2284 Melius
860 2237 944 2284 est
989 2228 1132 2285 enim
1182 2243 1343 2298 parva
1385 2228 1524 2283 bona
1557 2243 1680 2283 curn

127 2316 348 2375 t-haritate
370 2320 552 2376 facere
581 2322 698 2377 sine
721 2322 968 2391 scientia,
993 2336 1151 2392 quam
1184 2321 1396 2390 magnis
1421 2321 1682 2392 ell‘ulgere

126 2410 373 2471 virtutibus
400 2430 527 2471 cum
560 2416 899 2473 admixtione
924 2416 1233 2472 discordim.
1266 2416 1501 2471 Excelsa
1530 2432 1681 2472 nam-

126 2520 209 2573 que
228 2509 570 2576 periculosius
590 2518 738 2566 stant
767 2526 786 2565 :
810 2520 864 2567 et
888 2510 1046 2566 citius
1076 2518 1338 2566 corruunt
1364 2525 1485 2580 qua:
1511 2510 1681 2565 subli—

122 2598 209 2654 mia
226 2613 359 2655 sunt.

181 2692 278 2750 Sed
310 2695 657 2765 perspicuum
686 2705 768 2751 est
801 2710 1017 2751 omnem
1057 2702 1395 2762 creaturam,
1430 2695 1679 2763 quamvis

118 2792 168 2847 ad
194 2790 569 2863 perfectionem
592 2792 805 2847 venerit
836 2833 853 2856 ,
887 2800 1064 2845 tamen
1099 2789 1340 2859 indigere
1372 2788 1680 2843 misericor-

116 2886 182 2941 dia
210 2887 323 2953 Dei,
351 2895 404 2941 et
428 2887 648 2956 plenam
677 2884 1067 2952 perfectionem
1100 2898 1165 2939 ex
1196 2882 1363 2954 gratia
1403 2871 1499 2937 Dei
1519 2922 1535 2948 ,
1569 2895 1678 2936 nou

116 2996 167 3037 ex
189 2981 366 3038 merito
389 2980 695 3053 possidere.
726 2979 871 3035 Nihil
901 2980 979 3035 sic
1006 2979 1187 3050 placet
1217 2978 1327 3034 Deo
1356 2977 1498 3032 sicut
1542 2976 1677 3031 sim-

116 3076 296 3147 plicitas
321 3086 375 3133 et
399 3077 735 3133 innocentia.
764 3073 921 3132 Unde
963 3073 1196 3145 Spiritus
1232 3081 1451 3127 sanctus
1494 3070 1546 3125 in
1576 3085 1675 3126 vo-

112 3172 317 3229 latilibus
356 3189 465 3229 non
512 3170 762 3243 apparuit
785 3175 814 3239 ,‘
852 3170 957 3226 nisi
1008 3170 1060 3224 in
1108 3167 1400 3236 columba,
1450 3174 1676 3238 propter

110 3267 519 3339 simplicitatem:
574 3268 629 3323 in
676 3265 1117 3338 quadrupedibus
1162 3265 1214 3318 in
1264 3278 1396 3327 ove,
1445 3269 1669 3331 prepter

108 3360 566 3417 mansuetudinem.
600 3360 735 3416 Illud
761 3374 975 3432 quoque
1002 3357 1094 3414 tibi
1125 3357 1401 3412 vitandum
1434 3364 1520 3411 est
1542 3370 1671 3410 cau-

107 3452 229 3518 tius,
274 3470 343 3511 ne
380 3469 539 3509 vanae
582 3452 770 3523 glorise
815 3451 1011 3508 ardore
1056 3450 1309 3516 capiaris.
1356 3448 1488 3504 Cum
1536 3447 1670 3502 facis

106 3545 496 3620 eleetnosynam,
539 3546 682 3603 Deus
708 3546 858 3601 solus
886 3544 1083 3600 videat.
1117 3542 1251 3599 Cum
1279 3542 1513 3613 jejunus,
1546 3541 1668 3596 lecta

104 3639 158 3694 sit
186 3640 337 3697 iacies
377 3651 467 3695 tua
489 3685 503 3707 ,
552 3656 621 3696 ne
650 3639 716 3695 ad
761 3648 814 3695 te
845 3638 1001 3693 obvia
1035 3634 1476 3708 prmtereuntium
1510 3635 1668 3689 turba

104 3735 347 3801 mnsistat,
375 3743 431 3791 et
457 3733 629 3805 digito
647 3733 1061 3789 demonstreris.
1086 3731 1197 3787 Nec
1218 3731 1352 3786 satis
1381 3730 1669 3799 religiosus

100 3824 217 3880 telis
237 3826 436 3891 videri,
456 3826 573 3881 'nec
602 3826 721 3895 plus
754 3823 974 3879 humilis
999 3838 1160 3893 quam
1188 3837 1411 3878 necesse
1441 3828 1527 3876 est
1555 3836 1570 3875 :
1601 3836 1670 3875 ne

72 3912 293 3984 gloriam
320 3917 603 3989 fugiendo,
637 3930 872 3987 quaeras.
906 3915 1098 3971 Plures
1127 3916 1271 3969 enim
1306 3911 1667 3982 paupertatis,

98 4007 459 4065 ltissicordiae
508 4024 573 4064 ae
618 4007 811 4078 jejunii
858 4007 1092 4062 arbitros
1137 4004 1513 4067 declinantes,
1564 4000 1668 4055 hoc

96 4096 195 4166 ipso
218 4101 431 4175 placere
462 4102 711 4170 cupiunt,
752 4100 893 4171 quod
931 4100 1146 4169 placere
1178 4102 1537 4153 contemnunt
1568 4112 1580 4148 :
1614 4102 1670 4148 et

94 4190 263 4249 mirum
299 4195 355 4250 in
386 4193 611 4249 modum
647 4193 763 4247 laus
790 4192 915 4247 dum
944 4191 1165 4257 vitatur,
1212 4189 1505 4259 appetitur.
1549 4187 1669 4241 Ca:-

93 4282 203 4339 lcris
233 4284 758 4355 perturbationibus,
794 4284 988 4355 quibus
1020 4298 1175 4338 mens
1208 4281 1443 4337 hominis
1472 4279 1668 4351 gaudet

89 4383 133 4428 ει
156 4379 433 4449 aegrescit,
463 4386 727 4448 spcratet
749 4376 968 4441 metuit,
1003 4374 1188 4445 plures
1226 4374 1443 4430 invenio
1487 4382 1665 4429 extra-

89 4482 219 4527 neos.
264 4471 380 4529 Hoc
408 4473 543 4528 vitio
573 4472 729 4541 pauci
777 4470 1067 4527 admodum
1095 4478 1222 4524 sunt
1254 4469 1347 4539 qui
1368 4469 1663 4524 caruerint.

142 4561 301 4634 Igitur
323 4580 429 4620 non
460 4580 674 4635 qumras
702 4563 928 4635 gloriam
964 4583 977 4620 :
1019 4570 1076 4618 et
1108 4577 1230 4618 cum
1259 4561 1519 4632 inglorius
1549 4560 1663 4615 fue-

86 4655 166 4725 ris,
204 4674 319 4715 non
346 4658 580 4716 dolebis.
612 4659 715 4726 Qui
746 4658 893 4713 enim
922 4657 1085 4713 verba
1120 4656 1450 4727 increpantis
1482 4655 1660 4710 humi-

82 4744 189 4806 liter
212 4752 445 4825 recipit,
476 4752 588 4824 jam
633 4753 992 4824 propinquam
1027 4751 1189 4808 habet
1216 4750 1432 4807 veniam
1477 4761 1659 4807 reatus

80 4848 444 4921 Μίδεω.
492 4847 729 4905 Gravius
772 4854 858 4903 est
904 4846 1049 4904 enim
1102 4846 1365 4917 perlicere
1412 4845 1612 4900 malum
1643 4886 1658 4907 ,

76 4950 223 5005 ω-
258 4942 462 4999 facere.
494 4941 612 4998 Non
642 4949 726 4997 est
750 4950 935 4997 tamen
982 4948 1144 4996 tantae
1183 4939 1402 4995 virtutis
1440 4940 1510 4994 ab
1536 4939 1659 4993 aliis

74 5024 257 5091 fleta.
288 5032 543 5105 iniuriam
591 5033 869 5090 sustinere
894 5078 908 5103 ,
958 5042 1175 5103 quanta:
1215 5032 1405 5103 gratim
1444 5030 1657 5087 Domini

72 5132 183 5189 est,
230 5125 423 5181 mitan
464 5134 628 5197 atque
660 5125 1008 5197 tranquillum
1054 5124 1307 5194 injuriam
1340 5123 1520 5180 facere
1550 5140 1655 5179 non

76 5226 245 5281 mae.
268 5214 459 5289 Neque
480 5233 612 5275 vero
636 5229 688 5273 te
714 5233 931 5284 moneo,
960 5232 1028 5273 ne
1049 5217 1117 5273 de
1144 5216 1348 5272 divitiis
1379 5215 1655 5287 glorieris,

74 5320 133 5362 ne
154 5307 229 5367 de
246 5312 474 5383 generis
500 5312 785 5368 nobilitate
808 5321 859 5366 te
883 5311 1077 5381 jactes,
1104 5325 1174 5366 ne
1201 5319 1253 5367 te
1279 5308 1495 5364 caeteris
1525 5325 1661 5378 prm-

70 5398 220 5458 εσυ.
249 5401 381 5461 Scio
408 5404 769 5461 humilitatem
802 5413 950 5459 tuam
985 5420 999 5455 :
1031 5404 1147 5459 seio
1174 5417 1238 5458 ex
1263 5402 1461 5457 an‘ectu
1490 5410 1541 5457 te
1570 5401 1657 5456 di-

68 5505 221 5555 cur:
262 5495 521 5567 Domine,
553 5516 657 5554 non
688 5508 765 5552 est
801 5498 1089 5554 exaltatum
1128 5514 1215 5551 cor
1245 5513 1412 5551 meum
1444 5515 1462 5552 :
1496 5514 1658 5568 neque

68 5586 177 5647 dati
200 5604 327 5648 εισι
351 5595 492 5650 oculi
514 5594 615 5648 mei
637 5592 808 5657 (Psal.
835 5592 1020 5665 cxxx).
1044 5593 1432 5649 Stultissimum
1457 5596 1656 5665 quippe

128 5738 151 5763 ⁸
192 5734 333 5799 Aput
375 5732 650 5795 Ruheum,
683 5743 845 5800 atque
887 5732 1055 5793 alios,
1096 5732 1375 5798 decoratis,
1409 5733 1651 5803 cingcris,

66 5814 219 5888 Ἢ
240 5806 555 5888 ρξοιεθρτὶδ,
582 5813 627 5858 et
661 5815 981 5887 ornamento,
1012 5814 1117 5857 etc.
1215 5878 1224 5888 ι
1322 5877 1332 5888 ,
1433 5878 1443 5888 _
1541 5878 1550 5888 ι
1583 5878 1594 5888 ο

120 5878 151 5917 ⁸
174 5873 433 5951 Ibidem}
471 5886 591 5935 sunt
621 5888 766 5933 scuta
792 5878 1059 5949 virtutum,
1090 5877 1388 5951 prudentia,
1413 5878 1653 5949 justitia,

1793 544 2064 601 industria
2106 550 2258 618 quasi
2306 550 2552 606 confecta
2583 552 2803 622 jejnniis
2826 594 2840 619 ,
2873 553 3048 608 tenuis
3095 570 3199 610 non
3234 556 3303 609 sit
3339 563 3397 611 et

1790 637 2070 696 deficiens.
2100 640 2239 698 Sunt
2262 645 2461 714 quippe
2492 646 2737 699 nonnulli
2766 646 3198 703 exterminantes
3223 647 3389 703 facies

1790 746 1939 798 suas,
1968 742 2026 788 ttt
2049 745 2347 805 appareant
2370 737 2677 791 horninibus
2697 737 3014 808 jejunantes
3040 756 3053 793 :
3082 741 3173 811 qui
3203 741 3388 797 statim

1791 838 1914 879 cum
1948 826 2185 895 aliquem
2216 827 2486 896 viderint,
2533 831 2889 901 ingemiscunt
2914 873 2929 899 ,
2963 831 3257 889 demittunt
3299 848 3391 891 su-

1793 918 2102 988 percilium,
2128 932 2181 977 et
2208 932 2396 989 aperta
2426 922 2581 989 facie,
2612 925 2697 978 vix
2726 925 2961 982 liberant
2983 943 3145 982 unum
3171 918 3388 986 oculum

1791 1011 1856 1065 ad
1887 1011 2198 1068 videndum.
2230 1014 2410 1070 Vestis
2460 1016 2600 1085 pulla
2628 1058 2642 1082 ,
2689 1018 2961 1089 cingulum
2992 1035 3241 1077 sacceum
3266 1064 3282 1090 ,
3337 1031 3394 1079 et

1791 1104 2023 1161 sordidis
2055 1108 2307 1163 manibus
2339 1109 2695 1182 pedibusque,
2729 1123 2921 1168 venter
2947 1116 3116 1183 solus,
3153 1116 3275 1187 quia
3307 1115 3387 1171 vi-

1792 1197 1911 1251 deri
1944 1214 2049 1253 non
2080 1209 2286 1270 potest,
2322 1212 2516 1257 aestuat
2550 1204 2689 1259 cibo.
2741 1204 2837 1259 llis
2877 1207 3120 1273 quotidie
3152 1210 3391 1278 psalmus

1790 1289 1883 1346 ille
1912 1301 2161 1347 cantatur
2193 1312 2206 1348 :
2240 1293 2380 1349 Deus
2412 1296 2683 1367 dissipavit
2710 1314 2827 1352 ossa
2858 1298 3126 1354 hominum
3154 1302 3249 1355 sibi
3276 1302 3392 1374 pla-

1790 1386 2014 1439 centium
2055 1385 2251 1459 (Psal.
2283 1390 2413 1457 ut).
2456 1389 2760 1445 Tristitiam
2795 1393 3096 1460 simulant,
3139 1405 3193 1449 et
3236 1396 3390 1466 quasi

1793 1477 1949 1548 longa
1972 1478 2174 1549 jejunia
2207 1480 2420 1537 furtivis
2451 1484 2690 1539 noctium
2723 1487 2861 1540 cibis
2905 1490 3252 1555 protrahunt.
3285 1489 3389 1544 Pu-

1791 1570 1881 1626 det
1910 1573 2116 1642 reliqua
2142 1576 2344 1644 dicere,
2384 1592 2453 1630 ne
2472 1576 2658 1631 videar
2682 1579 2858 1647 potius
2882 1579 3061 1636 invehi
3083 1598 3243 1652 quant
3271 1597 3389 1637 mo-

1792 1680 1941 1720 nere.
1969 1663 2161 1721 Omnia
2195 1668 2311 1723 haec
2336 1678 2654 1740 argumenta
2686 1680 2813 1725 sunt
2836 1671 3064 1728 diaboli.

1864 1758 2083 1814 Imitare
2114 1761 2275 1830 igitur
2299 1777 2421 1817 eum
2445 1764 2641 1833 potius,
2673 1762 2830 1835 cujus
2860 1766 3035 1836 pallor
3056 1782 3123 1823 ex
3138 1768 3388 1839 jejuniis,

926 1868 1026 1909 nec
1070 1852 1139 1907 ab
1169 1854 1399 1909 invicem
1444 1855 1681 1924 separari
1716 1848 1764 1908 B
1791 1851 2154 1925 eleemosynaa
2191 1854 2243 1909 in
2276 1871 2567 1927 pauperes,
2596 1858 2919 1930 obsequium
2954 1861 3010 1916 in
3034 1876 3222 1918 servos
3252 1864 3346 1919 Dei
3378 1904 3395 1931 ,

1790 1945 2064 2001 humilitas
2107 1956 2159 2003 et
2187 1949 2367 2004 cordis
2400 1960 2451 2004 et
2481 1951 2735 2017 vestium,
2780 1968 2844 2007 ac
2878 1954 2930 2008 in
2965 1956 3178 2011 cunctis
3201 1970 3387 2013 sermo

1786 2038 2121 2095 moderatus.
2176 2041 2358 2098 Trade
2411 2059 2626 2113 quoque
2689 2054 2742 2102 te
2796 2046 2909 2115 illi,
2985 2048 3143 2118 cujus
3202 2065 3391 2106 sermo

1784 2138 1840 2187 et
1884 2132 2099 2190 habitus
2145 2144 2200 2191 et
2229 2135 2472 2191 incessus
2493 2178 2508 2203 ,
2543 2136 2789 2194 doctrina
2834 2140 3096 2196 virtutum
3128 2153 3235 2198 est.
3267 2143 3388 2200 Non

1784 2227 2163 2283 cothurnatum
2199 2228 2419 2285 allectos
2459 2231 2827 2302 eloquentiam
2863 2250 2876 2289 :
2926 2248 3028 2289 nec
3069 2250 3222 2292 more
3257 2252 3389 2306 pue-

1783 2337 1988 2391 rorum,
2022 2333 2241 2394 argutas
2260 2326 2613 2381 sententiolas
2635 2325 2689 2381 in
2720 2326 2979 2383 clausulis
3009 2341 3209 2385 strues.

1856 2416 1983 2471 Haec
2016 2419 2341 2488 praeteriens
2365 2419 2541 2489 tetigi,
2577 2429 2634 2473 ut
2657 2421 2889 2476 eruditis
2913 2432 3206 2478 contentus
3234 2423 3385 2480 auri-

1784 2507 1906 2573 bus,
1940 2523 2047 2563 non
2076 2524 2410 2580 magnopere
2437 2525 2595 2567 cures
2615 2512 2747 2583 quid
2776 2512 3151 2583 imperitorum
3203 2515 3273 2572 de
3302 2518 3386 2572 in-

1781 2601 1943 2671 genio
1972 2610 2063 2657 tuo
2089 2604 2386 2658 rumusculi
2408 2604 2655 2674 jactitcnt
2681 2624 2694 2660 :
2721 2606 2815 2661 sed
2838 2608 3226 2677 prophetarum
3251 2627 3389 2681 quo-

1784 2691 1914 2748 tidie
1944 2693 2211 2750 medullas
2240 2694 2413 2751 bibas.
2439 2696 2591 2764 Quod
2626 2699 2832 2766 patricii
2857 2702 3077 2771 generis
3100 2703 3242 2759 inter
3265 2719 3384 2758 mo-

1698 2784 1705 2791 ’
1781 2784 1982 2840 nachos
2010 2799 2131 2841 esse
2158 2788 2389 2856 coepisti,
2425 2804 2528 2843 non
2562 2789 2654 2844 tibi
2680 2791 2755 2843 sit
2790 2794 3037 2859 tumoris,
3073 2794 3170 2849 sed
3204 2794 3386 2851 humi-

1780 2877 1947 2934 litatis
1974 2880 2190 2935 oeeasio
2222 2897 2237 2936 :
2263 2892 2283 2919 ε
2316 2890 2377 2936 ιιι
2405 2881 2633 2937 imiteris
2660 2882 2833 2939 filium
2860 2882 3122 2954 hominis,
3153 2888 3243 2958 qui
3269 2904 3378 2944 non

1780 2971 1930 3027 venit
1956 2972 2275 3041 ministrari,
2307 2974 2402 3029 sed
2435 2976 2771 3032 ministrare.
2805 2975 2939 3031 Nam
2972 2990 3176 3049 quanto
3203 2978 3378 3035 humi-

1780 3065 1904 3130 lior,
1937 3073 2087 3122 tanto
2115 3068 2396 3125 sublimior
2421 3084 2481 3125 es
2506 3086 2520 3125 :
2545 3070 2688 3125 lucet
2718 3072 3004 3143 margarita
3028 3072 3079 3127 in
3104 3074 3384 3130 sordibus.

1779 3160 2285 3233 Quantumcumque
2307 3164 2450 3219 enim
2476 3171 2529 3218 te
2550 3163 2842 3233 dejeccris,
2876 3164 3135 3221 humilior
3158 3165 3380 3224 Christo

1695 3237 1744 3302 C
1775 3268 1885 3309 non
1915 3254 2045 3309 eris.
2090 3253 2219 3311 Ideo
2247 3270 2576 3326 quamquam
2612 3255 2743 3311 mihi
2778 3258 3073 3312 multorum
3105 3272 3226 3313 sum
3251 3276 3383 3315 con-

1772 3349 1919 3403 scius
1943 3348 2289 3411 delictorum,
2312 3359 2366 3404 et
2391 3349 2632 3419 qu0tidie
2660 3351 2711 3403 in
2736 3349 2985 3405 oratione
3022 3350 3176 3405 ﬂexis
3206 3368 3381 3424 genu-

1775 3443 1876 3497 bus
1920 3442 2111 3512 loquar
2143 3459 2158 3498 :
2188 3442 2394 3499 Delicta
2429 3444 2723 3514 jucentutis
2762 3460 2888 3499 mea:
2936 3461 2999 3498 ne
3043 3446 3337 3502 memineris
3365 3490 3382 3514 ,

1772 3532 1992 3589 Domine
2016 3534 2249 3605 (Psalm.
2284 3534 2443 3605 xxiv)
2475 3552 2492 3589 :
2524 3542 2707 3589 tamen
2739 3535 2847 3607 [Αἰ.
2879 3520 3047 3606 unde]
3088 3537 3267 3593 sciens
3295 3539 3378 3594 di-

1772 3636 1918 3685 ctum
1952 3629 2020 3683 ab
2040 3628 2298 3697 Apostolo
2330 3646 2343 3681 :
2372 3627 2455 3682 Ne
2485 3628 2702 3698 inﬂatus
2730 3629 2781 3681 in
2809 3630 3051 3701 superbia
3082 3630 3287 3686 incidas
3319 3634 3373 3687 in

1762 3722 2024 3792 judicium
2052 3720 2242 3775 diaboli
2270 3721 2314 3792 (ι
2335 3721 2471 3776 Tim.
2502 3722 2582 3791 nt)
2606 3739 2618 3775 :
2644 3732 2697 3778 et
2722 3723 2773 3776 in
2799 3724 2909 3777 alio
2932 3723 3052 3779 loco
3076 3725 3337 3795 scriptum
3364 3746 3377 3781 :

1774 3816 2027 3887 Superbis
2059 3813 2199 3870 Deus
2217 3817 2411 3870 resistit
2445 3861 2458 3886 ,
2513 3815 2798 3870 humilibus
2823 3826 2995 3870 autem
3034 3818 3124 3871 dat
3154 3819 3375 3888 gratiam

1776 3906 1981 3979 (Iacob.
2028 3925 2101 3976 tv,
2131 3908 2191 3978 6)
2242 3927 2255 3963 :
2306 3909 2439 3963 nihil
2469 3911 2538 3963 ita
2588 3926 2617 3962 a
2667 3909 2893 3978 pueritia
2922 3909 3093 3966 vitare
3148 3922 3375 3967 conatus

1771 4021 1914 4073 sum,
1946 4021 2103 4075 quam
2137 4013 2432 4061 tumentem
2457 4005 2695 4059 animum
2724 4014 2776 4060 et
2808 4014 3049 4060 erectam
3081 4006 3376 4075 cervicem,

1772 4097 1864 4152 Dei
1896 4106 2084 4152 contra
2110 4111 2169 4152 se
2224 4096 2354 4151 odia
2408 4105 2812 4164 proweantem.
2845 4096 2983 4152 Novi
3024 4099 3169 4153 enim
3204 4101 3377 4167 magi-

1770 4199 1941 4245 strum
1970 4189 2258 4263 Dominum
2289 4201 2343 4245 et
2365 4189 2535 4244 Deum
2567 4205 2743 4244 meum
2780 4190 2834 4244 in
2862 4190 3048 4245 carnis
3070 4190 3375 4247 humilitate

1772 4283 1975 4338 dixisse
2007 4301 2018 4338 :
2050 4283 2247 4337 Discite
2272 4300 2304 4336 a
2335 4299 2432 4350 me,
2458 4282 2581 4354 quia
2603 4282 2742 4337 mitis
2765 4300 2882 4337 sum
2907 4293 2953 4337 et
2974 4283 3189 4339 humilis
3220 4288 3375 4340 corde

1772 4375 2006 4448 (Matth.
2039 4372 2155 4447 χι).
2189 4377 2255 4432 Ει
2291 4385 2415 4431 ante
2468 4392 2561 4445 per
2608 4390 2670 4429 os
2701 4376 2870 4429 David
2904 4376 3214 4432 cecinisse:
3250 4376 3368 4432 Me-

1771 4481 1961 4538 mento,
1992 4470 2236 4538 Domine,
2270 4469 2461 4537 David,
2504 4480 2551 4524 et
2581 4471 2747 4525 omnis
2801 4471 3214 4527 mansuetudinis
3259 4476 3374 4544 ejus

1771 4563 1955 4636 (Psal.
1987 4564 2213 4635 cxxxr).
2243 4565 2308 4619 Et
2330 4565 2383 4620 in
2412 4564 2520 4620 alio
2548 4564 2672 4619 loco
2695 4564 2925 4635 legimus
2951 4583 2962 4617 :
2989 4569 3121 4620 Ante
3148 4566 3371 4639 gloriam

1687 4636 1739 4696 D
1766 4657 2076 4712 humiliatur
2104 4674 2194 4711 cor
2224 4657 2321 4711 viri
2352 4672 2371 4709 .'
2402 4666 2450 4709 et
2503 4664 2625 4710 ante
2675 4656 2885 4709 ruinam
2942 4657 3193 4712 elevatur.
3224 4658 3370 4713 Nihil

1769 4752 1936 4815 enim,
1964 4757 2023 4803 ut
2052 4748 2246 4803 crebro
2263 4748 2516 4811 diximus,
2553 4758 2657 4802 tam
2687 4749 3050 4818 periculosum
3079 4760 3183 4815 est,
3207 4766 3368 4821 quam

1767 4841 1953 4913 glorir
1980 4841 2247 4909 cupiditas
2279 4850 2334 4895 ct
2364 4840 2624 4907 jactantia
2650 4848 2704 4895 et
2752 4850 2972 4895 tumens
3000 4842 3215 4896 animus
3242 4855 3368 4896 coit.

1769 4937 1993 4993 scientia
2043 4937 2318 4991 virtutum.
2374 4934 2582 4990 Idcirco
2622 4935 2743 5005 plus
2795 4947 2878 4989 cst
2918 4937 3156 4989 animum
3192 4935 3359 5003 depo-

1768 5031 1941 5085 suisse
1962 5046 2121 5100 quam
2147 5029 2373 5085 cultum.
2409 5028 2695 5083 Difficilius
2718 5030 3052 5098 arrogantia,
3080 5044 3239 5096 quam
3269 5044 3366 5082 au-

1764 5142 1826 5181 ro
1853 5138 2103 5179 caremus
2130 5131 2182 5178 et
2228 5122 2477 5194 gemmis.
2511 5122 2593 5177 Nil
2652 5123 2831 5190 itaque
2864 5119 3085 5190 prodest
3110 5120 3214 5174 vile
3240 5121 3357 5190 pal-

1768 5218 1979 5285 liolutn,
2008 5216 2148 5271 fulva
2176 5216 2376 5279 tunica,
2411 5216 2659 5283 corporis
2685 5215 2921 5273 illmics,
2952 5214 3201 5267 simulata
3232 5231 3362 5284 pan-

1768 5320 1968 5379 pertus,
2010 5311 2053 5364 si
2096 5310 2331 5364 nominis
2362 5309 2677 5375 dignitatem
2712 5305 2964 5375 operibus
3002 5305 3255 5359 destruas
3280 5323 3291 5359 :
3320 5307 3366 5361 si

1769 5406 1908 5459 inter
1949 5404 2138 5459 Sordes
2169 5416 2222 5457 et
2259 5403 2493 5471 impiam
2532 5409 2745 5470 peccata
2780 5415 2886 5453 non
2919 5415 3135 5455 caveas.
3180 5400 3364 5454 Fidele

1767 5513 1998 5567 namque
2037 5498 2401 5553 testimonium
2433 5504 2535 5558 est,
2567 5493 2611 5547 si
2646 5508 2754 5547 non
2796 5492 2957 5548 habet
2987 5507 3177 5546 causas
3212 5506 3363 5545 men-

1768 5591 1952 5647 tiendi.
1984 5588 2079 5645 Cui
2113 5591 2253 5645 enim
2302 5589 2423 5660 plus
2452 5584 2711 5651 creditur,
2748 5584 2814 5638 ab
2845 5599 2910 5639 eo
2955 5584 3072 5650 plus
3102 5580 3361 5651 exigitur.

1766 5734 2145 5805 temperandas
2188 5729 2459 5805 [θ”ίίζθᾴοο
2542 5798 2571 5805 _
2616 5799 2627 5805 -
2682 5798 2699 5805 _
2918 5794 2983 5805 -..
3113 5789 3124 5805 ι
3236 5788 3247 5801 ο
3295 5788 3307 5800 ·

1839 5789 1879 5843 ε’
1909 5806 2024 5868 ΑΙ..
2068 5789 2245 5860 scienti
2296 5800 2499 5856 Filium
2530 5798 2627 5856 Dci
2672 5798 2866 5869 factust
2904 5794 3071 5866 ﬁlium
3105 5789 3355 5847 hominis.

1764 5876 1927 5950 Nam,
1961 5889 2072 5937 ets.
