4002 6300
419 340 526 402 379
1464 326 1523 385 S.
1564 318 1949 383 HIERONYMI
1989 311 2272 409 OPERUM
2309 309 2676 371 MANTISSA.
3611 302 3743 364 580

427 456 673 515 Potentes
712 460 947 525 potenter
975 428 1231 506 tormenta
1265 446 1522 523 patientur
1562 444 1719 517 (Sap.
1766 441 1866 511 vi).
1910 434 2098 495 NecA
2128 441 2389 503 praestare
2434 449 2544 488 non
2604 432 2785 494 laisus.
2832 431 2925 502 qui
2982 437 3189 486 tantum
3246 428 3475 501 donaret
3524 427 3748 487 iratus.

428 552 529 607 sibi
560 550 840 620 quisquam
866 546 932 601 de
954 544 1199 613 corporis
1231 537 1605 595 tantummodo
1627 535 1877 591 castitate
1901 546 2027 599 sup-

434 642 682 714 plaudat:
716 653 837 695 cum
876 637 1035 689 etiam
1070 633 1373 688 convicium
1407 632 1459 685 in
1492 629 1711 685 fratrem
1749 620 2028 679 homicidii

432 737 502 791 sit
533 745 734 788 reatus.
777 729 930 785 Cadit
966 728 1183 798 quidem
1226 724 1481 794 mundus,
1513 732 1568 779 et
1610 719 1798 775 cervix
1846 726 2025 771 erecta

435 842 540 880 non
596 822 849 878 flectitur.
899 820 1137 874 Pereunt
1187 817 1417 885 divitia),
1466 826 1804 883 nequaquam
1851 814 2032 862 cessat

435 917 680 974 avaritia.
711 914 1055 984 Congrcgare
1085 928 1243 983 quant
1268 909 1424 965 multi
1458 907 1733 972 festinant,
1764 919 1880 975 qua:
1910 916 2034 958 rur-

438 1027 530 1068 sus
560 1012 628 1064 ab
658 1009 776 1064 aliis
800 1014 1130 1075 occupentur
1159 1006 1173 1057 ε

1018 1120 1247 1179 CAPUT
1289 1118 1454 1175 XXV.

584 1217 665 1273 De
689 1217 978 1272 humilitate
1000 1212 1216 1280 Christi,
1241 1229 1391 1284 quem
1411 1211 1603 1267 imitari
1629 1209 1890 1266 debemus.

509 1356 759 1412 Christus
798 1363 825 1393 ﬁ
860 1352 1166 1423 baptizatur
1193 1364 1219 1402 a
1250 1364 1430 1408 servo.
1461 1356 1517 1405 et
1541 1363 1570 1402 a
1600 1347 1714 1403 Deo
1743 1346 1913 1403 Filius
1941 1359 2039 1415 ap-

443 1452 678 1522 pellatur
704 1465 717 1501 :
746 1449 884 1502 inter
925 1446 1266 1515 publicanos,
1294 1440 1610 1496 meretrices
1641 1450 1694 1494 et
1722 1448 2040 1510 peccatores

443 1542 510 1598 ad
545 1543 820 1597 lavacrum
850 1539 1016 1604 venit,
1053 1547 1108 1592 et
1141 1534 1381 1591 sanctior
1414 1544 1499 1589 est
1527 1533 1755 1602 baptista
1786 1545 1885 1586 suo
1910 1544 1925 1585 ε
1950 1529 2042 1600 qui

445 1636 514 1692 de
544 1635 683 1692 ctelo
715 1634 859 1689 venit
892 1633 945 1686 in
973 1642 1187 1687 uterum
1216 1649 1227 1684 :
1274 1629 1342 1684 de
1369 1636 1525 1684 utero
1555 1627 1610 1681 in
1657 1640 1901 1695 praesepe
1928 1643 1942 1679 :
1975 1623 2044 1679 de

448 1746 689 1802 praesepe
712 1730 766 1784 in
785 1742 1007 1783 crucem
1032 1744 1046 1779 :
1072 1725 1141 1781 de
1169 1739 1333 1779 cruce
1359 1724 1413 1777 in
1439 1723 1690 1792 sepulcro
1712 1720 1777 1774 ad
1802 1718 2042 1773 inferos:

2129 525 2387 583 Amemus
2411 534 2466 581 et
2491 540 2587 580 nos
2611 525 2911 599 Christum,
2933 523 3159 594 ejusque
3182 538 3397 594 semper
3415 535 3751 591 quan-auius

2130 619 2413 689 amplexus
2440 636 2452 673 :
2482 629 2535 673 et
2565 619 2718 674 facile
2745 618 3019 673 videbitur
3046 632 3208 672 omne
3235 616 3456 671 dtllicile
3481 634 3493 669 :
3538 615 3751 669 brevia

2136 713 2441 783 putabimus
2474 712 2725 767 universa
2757 728 2877 782 qua:
2908 713 3067 781 longa
3098 721 3245 765 sunt.
3278 708 3542 779 Quodque
3571 708 3753 765 beata

2135 805 2229 860 Dei
2265 806 2542 875 genitrixa
2572 789 2829 860 Filio’stto
2856 820 2963 860 non
2986 804 3200 875 didicit,
3233 808 3400 859 ctelos
3436 801 3753 866 fabricare,

2137 899 2358 969 angelos
2387 914 2604 967 creare,
2636 899 2770 953 mira
2812 897 3030 954 deitatis
3076 896 3308 970 insignia
3339 894 3552 964 operari
3581 911 3595 946 :
3644 891 3760 948 sed

2140 1002 2342 1044 tantum
2395 991 2690 1060 humiliari,
2744 1002 3053 1062 catteraque
3095 991 3355 1049 virtutum
3404 989 3761 1049 documenta

2142 1083 2279 1139 intra
2312 1083 2631 1140 humilitatis
2659 1084 2962 1149 custodiam
2994 1098 3313 1155 aggregare.

2713 1217 2942 1273 CAPUT
2967 1216 3161 1274 XXVI.

2486 1336 2565 1391 De
2580 1336 2790 1407 iustitia
2820 1345 2865 1390 et
2890 1335 3008 1389 vita:
3044 1334 3367 1390 rectitudine.

2218 1451 2500 1523 Etjamde
2522 1451 2726 1521 justitia
2757 1451 3114 1516 disseramus,
3146 1465 3264 1523 quae
3294 1457 3380 1507 est
3401 1448 3767 1521 singularum

2149 1561 2327 1600 rerum
2359 1555 2411 1600 et
2447 1561 2801 1619 personarum
2846 1544 3155 1615 :rquissima
3186 1543 3544 1599 distributio:
3580 1557 3767 1613 quam

2150 1638 2271 1707 quis
2292 1637 2565 1702 obtinens,
2588 1648 2641 1691 et
2663 1637 2750 1691 cui
2781 1638 2904 1706 quis
2925 1636 3236 1700 adlucrens,
3263 1636 3430 1693 vitam
3452 1649 3608 1687 suam
3634 1632 3771 1689 dis-

2150 1729 2329 1800 posite
2389 1739 2441 1783 et
2499 1728 2616 1784 sine
2666 1729 2970 1784 turbatione
3018 1738 3339 1799 conservat,
3398 1725 3653 1783 custodit
3710 1723 3770 1793 in

450 1824 519 1879 de
553 1822 739 1878 inferis
776 1822 954 1875 victor
984 1816 1247 1874 remeavit
1285 1818 1349 1870 ad
1382 1817 1568 1871 cmlos.
1599 1814 1878 1869 Imitemur
1917 1826 2048 1881 ergo

2181 1826 2408 1880 unnibus
2436 1824 2738 1896 aequitatem
2772 1841 2783 1876 :
2814 1824 2917 1879 scit
2946 1823 3070 1893 quid
3109 1825 3217 1878 fleo
3244 1822 3459 1890 debeat,
3484 1820 3620 1887 quid
3650 1836 3773 1877 non
3863 1867 3873 1875 .

449 1915 793 1971 Salvatorem
859 1922 1155 1968 nostrum:
1197 1909 1320 1980 quia
1374 1910 1489 1977 ipse
1535 1907 1679 1961 mitis
1726 1915 1781 1961 et
1829 1903 2048 1960 humilis

454 2022 661 2078 paStor,
718 2023 888 2079 agnus
930 2017 984 2060 et
1022 2005 1168 2061 aries
1214 2004 1544 2075 appellatur.
1598 2001 1698 2070 Qui
1743 2016 1839 2071 pro
1892 1999 2049 2053 nobis

454 2100 769 2155 immolatus
798 2107 900 2153 est.
927 2096 1025 2165 Qui
1048 2098 1116 2149 ab
1145 2096 1296 2150 lanae
1316 2096 1570 2148 cornibus
1594 2101 1809 2148 tenetur
1840 2092 1891 2145 in
1922 2106 2051 2144 seno

455 2193 618 2248 tibus.
669 2191 747 2246 Ex
801 2206 908 2262 quo
963 2189 1036 2245 nil
1087 2189 1187 2243 hac
1234 2188 1545 2242 humilitate
1591 2185 1896 2240 sublimius.
1948 2183 2051 2252 Qui

458 2286 779 2342 Bethlehem
798 2286 851 2339 in
877 2285 979 2337 hoc
1000 2298 1167 2350 parvo
1189 2294 1346 2336 terrae
1366 2280 1629 2334 foramine
1644 2279 1904 2335 ctelorum
1925 2290 2055 2330 con-

455 2381 598 2436 ditor
645 2392 804 2434 natus
843 2388 945 2433 est.
982 2376 1080 2432 Hic
1111 2375 1389 2428 involutus
1418 2373 1654 2442 pannis:
1704 2372 1791 2425 hic
1828 2370 1976 2424 visus
2021 2384 2052 2421 a

460 2472 768 2543 pastoribus
801 2487 815 2523 :
853 2468 939 2523 hic
972 2474 1304 2521 monstratus
1341 2480 1369 2517 a
1403 2466 1583 2531 stella,
1623 2462 1711 2517 hic
1742 2462 1997 2516 adoratus
2024 2475 2056 2514 a

462 2569 651 2638 Magis.
698 2568 754 2619 In
794 2563 1066 2634 baptismo
1108 2561 1383 2615 humilitas
1410 2557 1632 2624 Christi,
1664 2568 1846 2611 nostra
1887 2553 2060 2608 subli-

468 2664 651 2717 mitas.
684 2660 833 2715 Illius
854 2674 1013 2724 crux,
1041 2664 1224 2711 nostra
1256 2654 1480 2709 victoria
1508 2670 1519 2706 :
1553 2650 1700 2706 illius
1735 2648 2054 2720 patibulum,

470 2764 659 2810 uoster
688 2750 996 2818 triumphus
1019 2760 1123 2805 est.

545 2846 677 2903 Cum
708 2846 871 2917 igitur
890 2845 1169 2899 lavacrum
1193 2850 1243 2896 et
1276 2840 1451 2897 crucis
1481 2839 1691 2908 signum
1720 2840 1772 2894 in
1798 2836 2063 2893 frontibus

465 2941 679 2997 diemon
710 2939 1009 3011 aspexerit,
1044 2928 1438 2993 eantremiscit.
1482 2936 1583 3004 Qui
1615 2951 1776 2989 aurea
1809 2934 2063 3004 capitolia

470 3053 577 3092 non
608 3035 818 3096 timent,
852 3048 1069 3088 crucem
1097 3031 1306 3084 timent.
1341 3030 1439 3095 Qui
1471 3036 1823 3084 Contemnunt
1852 3040 2065 3097 sceptra

473 3131 696 3203 regalia,
730 3137 784 3182 et
816 3140 1078 3197 purpuras
1103 3124 1399 3189 thsarum,
1436 3132 1490 3176 et
1523 3124 1688 3193 dapes
1734 3119 2071 3176 Christiano-

2151 1916 2384 1988 dcncget
2412 1916 2767 1986 potestatibus
2789 1915 2954 1984 hujus
2976 1913 3157 1969 smculi
3185 1913 3348 1984 :qttid
3371 1913 3471 1969 sibi
3491 1913 3767 1979 retineat,

2153 2013 2279 2083 quid
2317 2013 2565 2082 proximo
2612 2021 2905 2083 competat,
2934 2011 3061 2080 quid
3104 2010 3299 2087 alienis
3339 2008 3633 2083 concedat,
3671 2018 3775 2063 aut

2154 2115 2434 2177 congruat.
2468 2104 2677 2159 Justtnn
2717 2114 2798 2161 est
2829 2104 2974 2159 enim
3009 2104 3173 2160 Deum
3217 2104 3400 2158 colere
3440 2110 3495 2157 et
3519 2102 3777 2173 diligere

2155 2214 2217 2253 cx
2257 2209 2370 2257 toto
2396 2199 2586 2264 corde,
2612 2207 2667 2254 et
2695 2214 2760 2253 ex
2789 2207 2897 2254 tota
2938 2200 3140 2264 anima,
3174 2207 3227 2252 et
3259 2212 3323 2252 ex
3355 2204 3465 2253 tota
3500 2197 3728 2251 virtute
3756 2213 3771 2249 :

2156 2302 2377 2345 sanctos
2402 2300 2457 2345 et
2478 2292 2784 2355 comquales
2805 2291 3098 2357 honorare,
3126 2299 3181 2346 et
3206 2290 3403 2351 tributa
3434 2287 3775 2359 impendere

2161 2383 2524 2454 potestatibus
2560 2401 2570 2436 :
2602 2383 2895 2455 superbum
2926 2399 3029 2437 non
3062 2397 3208 2450 esse,
3242 2382 3337 2439 scd
3369 2382 3536 2452 magis
3565 2382 3774 2437 mitem

2159 2487 2213 2531 ct
2241 2476 2527 2542 humilem,
2554 2477 2836 2545 proximos
2863 2492 3133 2546 tamquam
3167 2490 3228 2529 se
3253 2476 3472 2546 diligere
3506 2474 3777 2528 :alicnos

2160 2583 2210 2627 et
2235 2572 2487 2628 inimicos
2511 2588 2616 2626 non
2644 2571 2892 2641 prosequi
2917 2571 3062 2637 odio,
3086 2569 3179 2625 sed
3207 2584 3430 2623 amore:
3453 2567 3777 2637 subjectum

2132 2644 2287 2722 .essc
2318 2666 2614 2737 prioribus,
2657 2666 2743 2719 vel
2769 2674 2930 2719 aetate
2962 2663 3256 2734 majoribus
3291 2680 3304 2716 :
3336 2662 3457 2729 quia
3490 2670 3546 2716 et
3576 2660 3781 2715 Darni-

2167 2773 2266 2813 nus
2298 2759 2422 2815 dum
2448 2767 2595 2813 esset
2624 2758 2861 2811 omnium
2896 2756 3177 2831 Dominus,
3211 2771 3239 2808 a
3278 2753 3485 2809 Joanne
3515 2752 3611 2823 qui
3650 2766 3779 2806 nea-

2164 2854 2254 2922 jor
2284 2864 2362 2908 est
2398 2853 2449 2906 iu
2483 2853 2625 2907 natis
2658 2850 2968 2918 mulierum,
3000 2852 3125 2918 quia
3168 2850 3316 2920 prior
3356 2849 3450 2903 illo
3482 2850 3534 2902 in
3569 2845 3783 2902 nativi-

2172 2956 2280 3001 tate
2310 2944 2585 3000 hominum
2612 2954 2749 3014 erat,
2784 2944 3083 3014 baptizatur
3106 2961 3119 2997 :
3145 2951 3197 2995 ct
3224 2942 3301 2997 sic
3327 2941 3618 3011 aditnpleri
3646 2956 3780 2999 om-

2173 3053 2296 3094 nem
2343 3038 2607 3109 justitiam
2673 3046 3027 3106 protestatur.
3089 3035 3168 3093 Ex
3204 3022 3329 3089 hac
3383 3032 3782 3089 misericordia

2175 3131 2440 3197 nascitur,
2471 3132 2788 3198 obsequium
2807 3129 3056 3184 deificum
3084 3128 3401 3199 generatur.

473 3242 593 3281 rum
622 3242 634 3277 :
688 3221 880 3277 sordes
913 3231 1092 3275 tamen
1144 3228 1195 3275 et
1220 3219 1421 3290 jejunio
1452 3219 1862 3288 pertimescunt.
1912 3216 2072 3271 Jubet

2252 3225 2309 3279 In
2344 3226 2425 3278 his
2466 3223 2718 3281 omnibus
2747 3226 2837 3294 qui
2885 3221 3193 3295 invenitur,
3251 3236 3355 3277 non
3402 3218 3694 3274 immerito
3728 3216 3785 3271 in

477 3318 620 3373 enim
652 3316 925 3381 Christus,
959 3329 1027 3367 ne
1056 3312 1178 3384 quis
1199 3311 1587 3381 discipulorum
1616 3309 1783 3372 dicat,
1811 3309 1931 3379 quia
1960 3310 2075 3376 ipse

479 3420 566 3467 est
613 3411 889 3475 Christus,
923 3408 1057 3463 Mira
1105 3407 1264 3473 ratio,
1317 3422 1425 3461 non
1474 3406 1585 3461 vult
1631 3404 1934 3475 przcdicari,
1986 3405 2077 3474 qui

481 3503 681 3575 gaudet
704 3501 959 3571 intelligi,
986 3499 1207 3570 agnosci
1228 3510 1391 3564 amat,
1423 3508 1476 3553 et
1499 3498 1613 3554 odit
1635 3498 1851 3553 ostendi
1875 3518 1884 3550 :
1910 3500 2080 3568 magis

480 3595 599 3650 vult
620 3610 680 3649 se
712 3596 989 3648 inventum
1019 3607 1160 3654 esse,
1184 3606 1345 3662 quam
1376 3590 1649 3661 proditum
1673 3609 1685 3643 :
1709 3599 1770 3644 ut
1793 3589 1963 3643 virtus
1986 3604 2082 3643 sua

481 3689 657 3747 illum,
713 3703 818 3739 non
869 3685 1025 3739 favor
1065 3685 1383 3739 ostenderet
1434 3682 1667 3737 alienus.
1719 3682 1852 3748 Qua:
1902 3692 2084 3735 autem

484 3780 663 3850 major
691 3788 867 3848 potest
911 3790 1037 3833 esse
1087 3777 1397 3843 clementia,
1435 3792 1593 3846 quam
1644 3784 1701 3828 ut
1750 3774 1919 3828 Filius
1967 3772 2084 3841 Dei,

491 3875 636 3930 filius
669 3873 907 3927 hominis
948 3878 1286 3931 nasceretur,
1334 3871 1518 3923 decem
1568 3866 1835 3921 mensium
1876 3864 2089 3918 fastidia

489 3967 803 4031 sustineret,
861 3971 1047 4035 partus
1100 3960 1444 4031 etispecmrct
1485 3960 1798 4021 adventum,
1850 3958 2094 4012 involve-

493 4072 644 4115 retur
677 4059 892 4127 pannis,
941 4057 1303 4126 subjiceretur
1352 4055 1689 4121 parentibus,
1728 4070 1823 4122 per
1853 4051 2093 4123 singulas

495 4154 744 4208 adoleret
776 4159 987 4211 aetates,
1022 4158 1075 4203 et
1109 4156 1229 4215 post
1254 4148 1612 4201 contumelias
1644 4161 1857 4211 vocum,
1885 4146 2092 4214 alapas,

496 4252 552 4299 et
600 4244 831 4314 ﬂagella,
865 4240 1044 4296 crucis
1074 4254 1291 4311 quoque
1323 4254 1421 4309 pro
1464 4238 1570 4310 [ΑΙ.
1625 4248 1725 4291 tae.
1777 4235 1896 4309 pro]
1945 4236 2099 4289 nobis

501 4338 659 4393 fieret
689 4336 1064 4401 maledictum,
1111 4342 1169 4388 ut
1202 4348 1298 4387 nos
1339 4348 1367 4384 a
1413 4331 1701 4385 maledicto
1740 4332 1875 4399 legis
1918 4330 2100 4383 absol-

504 4439 675 4485 veret.
708 4428 851 4483 Patri
900 4426 1074 4482 factus
1117 4436 1202 4480 est
1231 4424 1492 4480 ohedieus
1535 4439 1706 4492 usque
1755 4424 1819 4477 ad
1870 4435 2098 4477 mortem

501 4522 677 4596 (Phil.
704 4524 803 4593 tt):
837 4531 897 4577 ut
927 4522 977 4576 id
1010 4537 1177 4591 opere
1228 4520 1500 4589 impleret,
1531 4519 1673 4590 quod
1720 4530 1846 4574 ante
1883 4536 1945 4573 ex
1976 4534 2101 4589 per-

2182 3322 2399 3376 Christo
2446 3319 2645 3373 dicitur
2688 3332 3007 3389 permanere
3062 3334 3074 3369 :
3120 3315 3374 3386 quoniam
3426 3312 3544 3366 hinc
3594 3310 3791 3365 omnia

2185 3415 2302 3486 ipse
2327 3413 2577 3469 Christus
2606 3424 2708 3466 cSt.
2763 3412 2963 3465 Paulus
2995 3427 3092 3464 nos
3139 3411 3407 3480 gloriosas
3437 3406 3715 3462 informat
3739 3412 3797 3461 et

2188 3507 2404 3561 inStrttit
2438 3505 2507 3560 de
2545 3504 2762 3559 Clitile
2789 3548 2803 3574 ,
2835 3504 3024 3557 dicens
3067 3521 3078 3556 :
3115 3503 3215 3568 Qui
3258 3511 3332 3555 est
3362 3505 3533 3570 {actus
3576 3499 3733 3553 nobis
3762 3515 3796 3552 α

2189 3597 2299 3653 Deo
2331 3600 2542 3672 jus-tilia
2570 3639 2584 3663 ,
2613 3606 2658 3650 et
2688 3596 3036 3667 sanctiﬁcatio
3080 3604 3123 3649 et
3157 3595 3437 3665 redemptio
3479 3592 3523 3666 (1
3556 3588 3689 3646 Cor.
3730 3588 3794 3667 t).

2195 3693 2323 3746 llcm
2378 3691 2429 3745 in
2483 3690 2588 3744 alio
2627 3690 2749 3744 loco
2784 3708 2797 3743 :
2834 3690 2935 3756 Qui
2979 3698 3051 3743 est
3100 3685 3457 3741 misericordia
3503 3696 3550 3739 et
3590 3702 3706 3756 pax
3748 3696 3800 3741 et

2193 3787 2420 3848 dilectio,
2461 3800 2618 3856 quam
2642 3770 2822 3839 Graeci
2856 3785 3057 3860 ἀγάπην
3099 3792 3314 3837 vocant.
3360 3779 3584 3851 Iniquus
3642 3779 3798 3835 enim

2195 3881 2238 3933 si
2272 3880 2518 3947 sequitur
2542 3876 2844 3947 justitiam,
2877 3890 3033 3947 ttt'gztl
3080 3876 3436 3946 iniquitatem.
3485 3872 3710 3929 Stultus
3752 3871 3798 3927 si

2199 3979 2461 4042 sequatur
2492 3971 2583 4025 llei
2614 3970 2959 4039 sapientiam,
2991 3980 3149 4040 negat
3178 3966 3461 4022 stultitiam
3497 3984 3508 4020 :
3539 3967 3805 4038 quodque

2200 4064 2467 4133 sapientia
2498 4104 2513 4126 ,
2542 4059 2822 4127 fortitudo,
2853 4061 3240 4130 temperantia,
3267 4068 3320 4112 et
3348 4059 3571 4112 castitas
3618 4058 3804 4123 solum

2206 4148 2429 4227 prodest
2461 4154 2786 4210 habentibus
2836 4171 2849 4207 :
2893 4153 3103 4223 jnstitia
3140 4168 3269 4207 vero
3308 4152 3431 4206 aliis
3480 4160 3536 4205 ct
3583 4149 3809 4207 miseris

2209 4249 2427 4318 prodest
2468 4262 2631 4318 :qttm
2678 4256 2890 4315 patrem
2936 4245 3018 4299 vel
3062 4245 3284 4299 fratrem
3322 4260 3427 4297 non
3470 4242 3667 4309 novit,
3711 4240 3810 4299 scd

2210 4342 2359 4394 novit
2390 4342 2674 4395 veritatem
2710 4358 2722 4392 :
2759 4352 3047 4410 personam
3096 4354 3205 4390 non
3262 4335 3500 4403 accipit,
3545 4347 3599 4391 et
3632 4335 3808 4389 Deum

2212 4434 2471 4486 imitatur.
2508 4430 2713 4485 Discite
2762 4445 2891 4499 ergo
2935 4429 3072 4483 bene
3104 4427 3301 4482 facere.
3336 4427 3522 4483 Virtus
3551 4425 3700 4482 enim
3730 4427 3815 4481 di-

2212 4525 2412 4579 scenda
2452 4533 2556 4578 est.
2590 4523 2700 4578 Nec
2748 4534 2957 4577 natura:
2989 4530 3195 4576 tantum
3246 4522 3445 4575 bonum
3491 4520 3700 4579 sufficit
3746 4520 3815 4576 ad

505 4635 638 4673 sona
672 4619 984 4674 mediatoris
1018 4619 1192 4673 fuerat
1232 4617 1580 4689 deprecatus,
1628 4616 1817 4671 dicens
1848 4635 1860 4672 :
1916 4616 2098 4679 Pnter,
2128 4612 2183 4674 D
2210 4616 2499 4689 justitiam,
2529 4616 2630 4670 nisi
2658 4616 2778 4691 quis
2801 4616 3047 4687 rudiatttr
3081 4615 3333 4686 congruis
3368 4615 3700 4685 disciplinis.
3726 4615 3818 4672 Di-

512 4716 649 4783 t-olo,
683 4714 944 4786 quomodo
970 4723 1017 4768 et
1048 4730 1139 4783 ego
1184 4721 1235 4767 et
1267 4722 1320 4765 tu
1357 4729 1519 4767 unum
1545 4729 1722 4767 sumus
1752 4729 1770 4767 :
1798 4714 1873 4767 ita
1916 4713 2001 4767 isti
2046 4714 2103 4766 in

508 4809 654 4864 nobis
685 4826 845 4863 unum
870 4808 972 4863 sint
1001 4807 1182 4880 (Joan.
1216 4809 1373 4875 xm).

583 4905 726 4975 Ergo
761 4905 885 4974 quia
930 4905 995 4957 ad
1031 4903 1132 4957 hoc
1182 4912 1432 4961 venerat.
1479 4910 1539 4957 ut
1576 4902 1719 4973 quod
1767 4901 2109 4971 impossibile

509 5008 631 5052 erat
674 4997 801 5067 legi,
850 4996 974 5066 quia
1005 5009 1167 5049 nemo
1202 4993 1625 5065 justiﬂcabatur,
1658 4993 1914 5049 ineffabili
1952 4995 2112 5049 mise-

511 5089 742 5144 ricordia
776 5090 1056 5143 vinceret:
1101 5087 1416 5155 publicanos
1459 5096 1514 5140 et
1546 5098 1858 5153 peccatores
1887 5086 1953 5141 ad
1995 5102 2109 5157 pm-

520 5183 803 5236 nitentiam
839 5180 1187 5248 provocabat.
1225 5179 1379 5234 Unde
1422 5194 1618 5232 novum
1664 5186 1719 5231 et
1751 5180 1996 5233 mirabile
2029 5188 2115 5232 est

528 5273 668 5340 apud
711 5288 831 5336 nos,
883 5273 1139 5327 Dominus
1182 5271 1333 5325 solus
1383 5283 1631 5338 petentes
1679 5286 1737 5326 se
1768 5281 1932 5333 amat,
1968 5274 2118 5327 solus

522 5369 774 5422 irascitur
823 5366 923 5421 nisi
956 5375 1193 5436 petatur.
1243 5364 1341 5419 Illo
1371 5364 1515 5419 enim
1566 5375 1811 5435 tempore
1850 5384 1960 5439 quo
1992 5383 2122 5441 Stip—

527 5459 686 5526 plicia
721 5458 1093 5521 merebantur,
1121 5458 1263 5513 Deus
1288 5469 1661 5529 argumentum
1688 5461 2001 5516 salvationis
2029 5477 2121 5516 os-

528 5550 769 5604 tenditur
815 5567 827 5602 :
892 5549 1195 5618 intelligere
1252 5565 1538 5619 possumus
1595 5562 1855 5621 quantum
1917 5558 2121 5610 valeret

614 5742 641 5771 ι
666 5734 759 5803 ,Ex
792 5734 1150 5817 supposititiis
1178 5734 1417 5859 scrigtis,
1446 5749 1675 5809 excepto
1725 5756 1883 5811 quem
1932 5744 2123 5802 lauda-

538 5819 662 5859 mus
703 5805 845 5859 loco.
875 5821 945 5859 ex
976 5816 1138 5859 emat.
1179 5804 1244 5859 ad
1329 5821 1593 5859 amasum.
1647 5823 1898 5859 ωερε-πω
1949 5814 2123 5859 fama

538 5819 662 5860 mus
703 5804 945 5875 loco,”
976 5806 1138 5878 epist.
1179 5804 1244 5862 ad
1284 5804 1598 5881 Damasum,
1647 5804 1901 5885 excerpta
1949 5814 2125 5877 ferme

2214 4713 2413 4768 Scenda
2438 4722 2521 4765 est
2550 4727 2680 4781 ergo
2704 4709 2932 4779 justitia,
2959 4722 3007 4763 et
3032 4712 3420 4785 magistrorum
3443 4709 3667 4771 terenda
3692 4718 3819 4765 sunt

2216 4808 2425 4861 limina.
2458 4804 2751 4861 Saecularis
2782 4814 2961 4881 autem
2992 4802 3180 4875 iudex,
3205 4802 3445 4877 aereptis
3470 4819 3655 4871 munet
3670 4803 3817 4873 ibus,

2218 4899 2545 4953 condemnat
2582 4898 2852 4951 insontem
2880 4938 2895 4962 ,
2925 4907 2979 4951 cl
3011 4912 3161 4951 reum
3196 4896 3411 4952 liberat.
3444 4893 3603 4975 Quod
3651 4897 3821 4955 inter-

2219 4995 2346 5047 dum
2375 4994 2441 5046 de
2472 4993 2732 5048 Ecclesiae
2764 4992 3101 5063 principibus
3138 4992 3243 5046 dici
3279 5001 3480 5063 potest,
3511 4991 3661 5061 quod
3696 5004 3821 5060 pro-

2221 5096 2343 5160 pter
2372 5103 2593 5140 munera
2625 5088 2865 5142 laterent
2893 5087 3063 5156 legem
3094 5105 3104 5139 :
3133 5095 3186 5141 et
3214 5102 3323 5143 non
3351 5083 3657 5157 perducunt
3677 5083 3823 5154 judi-

2229 5182 2369 5235 cium
2405 5181 2469 5236 ad
2500 5180 2686 5234 finem.

2757 5249 2988 5307 CAPUT
3031 5250 3245 5306 XXVII.

2665 5345 2741 5400 De
2780 5346 2900 5415 ﬁde,
2943 5363 3053 5419 spe,
3096 5357 3143 5399 et
3184 5347 3407 5398 timore;

2303 5467 2361 5523 Si
2403 5476 2585 5520 autem
2624 5465 2757 5520 fides
2780 5508 2793 5531 ,
2836 5475 2891 5519 ιιι
2938 5463 3109 5534 inquit
3144 5464 3426 5533 apostolus
3459 5461 3660 5517 Paulus
3685 5506 3700 5530 ,
3732 5458 3827 5515 Est

2232 5563 2515 5617 substantia
2563 5561 2940 5633 sperandarum
2990 5573 3165 5611 rerum
3200 5556 3386 5629 (Hebr.
3440 5572 3492 5610 st
3520 5596 3534 5624 ,
3575 5553 3660 5628 tt),
3697 5568 3827 5624 quas

2231 5748 2410 5804 omnia
2437 5755 2583 5875 simi:
2619 5746 2694 5803 Ita
2718 5755 2771 5803 et
2802 5742 3039 5801 maxima
3064 5756 3191 5815 pars
3219 5740 3337 5813 ejus
3369 5738 3510 5811 quod
3544 5733 3824 5807 subsequi-

2232 5829 2325 5875 tur
2354 5832 2537 5875 canttu
2569 5833 2608 5875 t.

2232 5829 2325 5878 tur
2354 5829 2608 5891 capttutt.

3977 6136 3979 6246 ι
