3918 6294
184 426 269 507 58!
742 416 1026 493 REGULA
1065 412 1548 493 MONACHORUM
1585 411 1679 470 EX
1719 406 2026 468 SCRIPTIS
2064 403 2441 465 HIERONYMI
2476 400 2863 461 COLLECTA.

3354 399 3464 458 382

184 563 446 624 speramus
468 590 483 614 ,
514 555 570 605 et
607 544 775 611 index
803 560 986 615 rerum
1024 558 1161 615 quas
1193 557 1303 607 non
1336 540 1580 599 videmus
1607 557 1622 594 :
1648 551 1761 596 cre-
1794 534 1844 596 Α
1873 532 2125 590 omnibus
2155 532 2330 602 major
2360 538 2462 587 est.
2491 529 2639 586 Inter
2666 536 2865 585 cratera
2888 524 2969 581 sic
3002 524 3200 583 fatetur
3228 522 3463 599 Paulus:

184 646 295 709 dere
336 651 389 698 et
417 640 585 711 littere
612 641 737 712 quis
772 639 934 696 debet
961 682 975 706 ,
1008 637 1150 707 quod
1198 636 1345 703 Deus
1371 650 1435 691 ea
1465 648 1584 705 quae
1629 647 1758 709 pro-

185 736 349 803 mittit,
378 746 572 804 potens
602 742 692 790 est
717 731 1019 803 adimplere
1044 751 1058 786 ;
1084 741 1139 795 et
1166 746 1315 799 spem
1345 744 1498 784 suam
1530 728 1581 782 in
1614 726 1758 783 futu-

183 846 278 887 rum
310 827 611 884 transferre
644 844 658 881 :
690 838 821 881 tune
867 826 1026 896 plena
1075 825 1179 881 title
1224 825 1424 894 poterit
1452 821 1518 875 ad
1552 837 1612 879 ea
1639 836 1760 891 qua:

183 924 420 994 promissa
451 930 601 989 sunt,
631 920 794 976 facile
824 920 1135 986 pervenire.
1162 919 1292 975 Hme
1324 918 1480 977 nobis
1506 916 1758 979 universa

183 1014 452 1073 inuisibilia
481 1024 613 1071 ante
656 1013 848 1069 oculos
874 1013 1046 1083 ponit.
1086 1012 1161 1071 Ad
1195 1013 1335 1071 hanc
1364 1010 1615 1080 ingressi.
1644 1008 1759 1063 dia-

180 1110 266 1167 boli
288 1120 336 1163 et
358 1116 697 1190 potestatum
720 1107 881 1177 hujus
903 1106 1090 1162 mundi
1115 1116 1168 1175 et
1190 1105 1380 1168 birqu
1406 1104 1756 1165 tenebrarum

182 1204 408 1263 universa
441 1201 754 1263 deserimus
788 1216 802 1254 :
835 1200 946 1254 Deo
975 1215 1098 1255 cum
1127 1199 1319 1263 ﬁducia
1363 1198 1755 1268 proximamus.

180 1294 386 1365 Credere
435 1294 587 1353 enim
642 1304 698 1350 et
749 1307 979 1360 sperare
1031 1305 1259 1349 necesse
1315 1299 1400 1355 est
1444 1304 1567 1357 qua:
1617 1288 1758 1346 Deus

179 1386 311 1455 iussit
340 1405 354 1440 :
386 1400 513 1455 cum
543 1401 666 1455 qua:
701 1383 954 1447 diabolus
1001 1382 1347 1453 inseruerat,
1397 1383 1754 1451 almrgamue.

156 1478 157 1483 “
187 1480 337 1539 Fidem
366 1495 502 1553 spes
532 1479 782 1549 sequitur
818 1496 830 1533 :
865 1478 1048 1547 itaque
1078 1477 1147 1533 de
1177 1477 1290 1545 ipsa
1323 1477 1630 1545 loquamur.
1664 1474 1758 1529 Est

182 1570 313 1651 igitur
346 1586 481 1643 spes
528 1570 873 1641 exspectatio
913 1586 1093 1629 rerum
1136 1567 1376 1624 oniniunt
1413 1567 1712 1629 futurarum
1739 1608 1754 1628 ,

179 1680 309 1733 quam
338 1664 398 1719 itt
435 1663 545 1723 ﬁde
597 1663 866 1727 habemus
891 1706 907 1730 ,
935 1680 1037 1734 qua
1071 1662 1368 1723 salvamur,
1413 1660 1581 1725 Paulo
1622 1658 1757 1723 scri-

174 1757 311 1815 bente
346 1756 613 1829 apostolo
647 1775 660 1811 :
705 1758 815 1827 Spe
863 1758 999 1811 enim
1044 1756 1178 1817 salvi
1213 1755 1341 1825 facti
1378 1771 1577 1821 sumus.
1622 1751 1755 1825 Spes

174 1860 318 1911 autem
338 1866 464 1924 qua:
492 1850 719 1925 videtur,
744 1865 847 1913 non
870 1858 942 1903 est
967 1865 1083 1917 spes
1107 1846 1288 1913 (Ilum.
1316 1861 1429 1907 \‘lll,
1456 1844 1570 1916 26).
1598 1844 1751 1913 Quod

1865 626 2080 685 Manent
2123 634 2295 679 autem
2347 625 2448 676 tria
2491 622 2633 689 hac,
2679 620 2846 692 ﬁdes,
2884 635 3040 691 spes,
3102 627 3150 672 et
3199 617 3409 675 dilectio
3440 632 3463 677 ;

1866 720 1972 776 Sed
2000 722 2168 788 maior
2194 719 2275 773 his
2307 716 2515 771 dilectio
2548 723 2619 770 est
2650 714 2689 786 (l
2719 712 2840 768 Cor.
2869 714 3011 780 xm).
3048 711 3145 783 Est
3175 726 3305 779 ergo
3331 709 3465 767 dile-

1862 813 1970 869 ctio
2003 812 2277 869 \‘Ittt‘tllttm
2318 808 2647 869 animorum,
2672 816 2841 875 casta,
2877 816 2931 862 et
2960 804 3199 869 sincera,
3242 812 3297 858 et
3339 804 3460 863 sine

1863 907 2207 971 mmulatione
2237 904 2503 959 Charitas:
2541 901 2939 957 consummatio
2966 900 3207 955 omnium
3234 898 3457 953 manda:

1864 1007 2064 1065 torum,
2086 998 2268 1053 brevis
2286 995 2528 1051 omnium
2556 1002 2949 1065 prmcrptorum
2979 1006 3167 1063 :quam
3196 1005 3319 1046 cum
3340 991 3461 1059 quis

1864 1090 2343 1157 hibtteritmmnia
2371 1088 2581 1143 habet:
2624 1086 2746 1145 sine
2799 1084 2901 1140 hac
2950 1085 3001 1137 in
3048 1084 3171 1139 aliis
3216 1091 3463 1139 remanet

1861 1184 2229 1254 imperfectus.
2258 1182 2326 1237 Et
2351 1191 2409 1237 ut
2430 1187 2729 1250 cognoscat
2749 1185 2933 1231 vestra
2958 1176 3270 1247 prudentia,
3290 1191 3465 1247 quau-

1862 1289 1971 1331 tum
2003 1277 2243 1335 Charitas
2274 1274 2452 1330 valeat
2487 1292 2498 1327 :
2527 1273 2759 1344 legimus
2790 1285 3111 1342 responsum
3157 1270 3368 1325 Domini
3404 1270 3458 1325 in

1861 1372 2155 1444 Evangelio
2175 1370 2427 1433 dicentis,
2452 1384 2577 1423 eum
2615 1368 3042 1433 interrogaretur
3071 1381 3084 1419 :
3118 1361 3317 1438 Diliges
3345 1363 3456 1419 Do-

1859 1466 2056 1521 minum
2090 1463 2254 1525 Deum
2276 1472 2423 1517 tuum
2453 1476 2517 1515 ea:
2539 1467 2645 1537 toto
2669 1458 2824 1514 corde
2851 1467 2959 1526 tuo,
2987 1465 3034 1510 et
3062 1472 3125 1510 ea:
3153 1465 3257 1509 tota
3280 1456 3460 1510 anima

1860 1569 1970 1624 tua,
1997 1565 2044 1611 et
2074 1574 2134 1612 ex
2162 1566 2269 1625 tota
2294 1556 2479 1609 virtute
2501 1564 2630 1607 tua:
2664 1551 2733 1605 Et
2763 1551 2949 1624 diligas
2991 1550 3283 1619 proximam
3315 1556 3459 1600 tuum

1859 1662 2121 1725 tamquam
2148 1652 2367 1723 teipsum
2397 1665 2416 1704 :
2448 1650 2499 1703 in
2526 1648 2604 1703 his
2632 1646 2829 1702 duobus
2864 1644 3135 1717 prwceptis
3161 1641 3347 1714 pendet
3378 1641 3463 1698 lem

1858 1756 1904 1803 et
1934 1747 2198 1817 praphcta:
2222 1743 2437 1815 (Matth.
2474 1757 2613 1805 xxu,
2648 1738 2764 1811 57).

1932 1841 2278 1897 Videsinhac
2309 1839 2424 1895 stula
2458 1838 2711 1892 universa
2738 1835 2872 1905 legis
2898 1842 3153 1889 contenta
3182 1833 3466 1901 pendere?

175 1954 325 2001 autem
357 1944 514 2017 videt
538 1943 692 2013 quis,
726 1942 853 2011 quid
893 1940 1121 2010 Sperat?
1161 1939 1215 1995 Si
1255 1950 1434 2001 autem
1466 1938 1606 2008 quod
1640 1953 1747 2003 non
1781 1930 1826 1990 Β
1855 1934 1995 1988 Vere
2037 1932 2280 2003 quisnu‘s
2322 1930 2460 1984 hanc
2506 1928 2690 1990 habet,
2726 1926 2838 1997 jam
2874 1926 3016 1981 Dens
3060 1934 3127 1980 et‘
3158 1924 3250 1980 Dt-i
3296 1924 3466 1987 Filius

172 2037 419 2105 videmus,
450 2050 761 2106 Speremus,
792 2049 888 2101 per
919 2032 1235 2103 patientiattt
1269 2037 1676 2103 estspectitttius.

230 2132 351 2205 ligo
383 2134 436 2190 in
481 2146 543 2187 se
585 2130 747 2191 habet
783 2129 1070 2192 timorem,
1110 2142 1219 2191 non
1252 2124 1404 2197 illum
1434 2126 1584 2192 cujus
1615 2122 1752 2177 obli-

171 2224 300 2291 visci,
334 2233 584 2294 etqttem
628 2221 775 2278 foras
813 2221 977 2283 debet
1022 2220 1239 2281 mittere
1270 2215 1515 2287 quisquis
1554 2216 1608 2270 in
1650 2214 1757 2275 lide

170 2317 282 2377 vivit
308 2338 323 2372 :
358 2316 459 2375 sed
488 2317 581 2387 qni
609 2329 753 2373 unus
778 2324 861 2370 est
889 2313 958 2367 de
983 2312 1268 2382 spiritibus
1297 2355 1311 2379 ,
1340 2309 1535 2381 quibus
1563 2307 1751 2378 imple-

173 2422 245 2473 tur
264 2410 430 2479 lenus
455 2454 473 2480 ,
507 2410 651 2475 sicut
681 2408 851 2465 Isaias
881 2417 1110 2475 testatur
1141 2424 1152 2458 :
1188 2404 1337 2459 Exiet
1378 2403 1522 2475 virga
1559 2402 1623 2455 de
1666 2416 1755 2454 ra-

171 2504 267 2559 dice
288 2503 460 2566 Iesse,
490 2512 536 2557 et
558 2506 659 2574 ﬂos
681 2503 746 2555 de
768 2502 943 2555 radice
974 2502 1086 2569 ejus
1115 2498 1378 2560 ascendet,
1407 2507 1453 2548 ct
1477 2496 1753 2563 requiescet

169 2614 301 2665 ειμι·
318 2614 443 2661 eum
462 2596 685 2665 spiritus
706 2594 976 2653 srntentiw
998 2603 1044 2647 et
1070 2590 1295 2660 pietatis.
1323 2600 1369 2645 et
1394 2587 1611 2658 replebit
1638 2601 1749 2639 eum

170 2690 363 2763 spirans
396 2690 601 2751 timoris
632 2688 846 2753 Domini
879 2684 1014 2754 (Isa.
1058 2701 1109 2740 st
1136 2727 1149 2751 ,
1187 2685 1263 2753 l).
1313 2682 1468 2738 Illum
1501 2680 1759 2753 spiritum

166 2799 302 2855 quem
346 2782 522 2841 David
566 2781 714 2845 canit
739 2824 756 2852 ,
789 2781 976 2845 dicens
1007 2795 1023 2834 :
1055 2775 1247 2831 Timete
1288 2768 1754 2843 Dominum,jasti

168 2879 263 2947 :sz
286 2876 521 2950 (Psalm.
559 2891 730 2931 xum
756 2918 771 2939 ,
810 2874 923 2940 10).
970 2871 1127 2929 Unde
1158 2881 1213 2931 et
1245 2868 1386 2922 beati
1418 2863 1749 2931 et‘liciuntur,

162 2968 335 3025 eodem
380 2975 735 3040 protestante
766 2976 820 3020 et
852 2967 1069 3027 dicente
1102 2980 1114 3016 :
1148 2961 1341 3015 Beatus
1380 2960 1458 3013 vir
1486 2958 1575 3029 qui
1609 2958 1754 3011 timet

162 3060 427 3123 Dentium
452 3078 473 3115 :
502 3061 656 3121 illum
677 3058 783 3119 diei
812 3059 1067 3119 timorem
1090 3096 1105 3118 ,
1130 3055 1221 3124 qui
1253 3063 1438 3108 castus
1464 3061 1545 3104 est
1572 3056 1627 3102 t-t
1654 3063 1754 3118 pu-

162 3151 319 3219 dicus.
356 3154 631 3221 Quoniam
672 3151 824 3209 timor
853 3148 1067 3220 Domini
1098 3158 1271 3200 castus
1297 3186 1310 3207 ,
1340 3141 1514 3212 inquit
1547 3140 1713 3195 David
1734 3181 1749 3207 ,

161 3255 317 3313 αμα
343 3246 400 3300 in
428 3244 689 3311 naculum
716 3240 896 3311 seaculi
924 3238 1153 3311 (Psalm.
1190 3251 1326 3291 xvm
1347 3277 1360 3293 .
1394 3232 1506 3305 10).

218 3311 358 3410 ειπο
376 3347 467 3394 est
488 3336 691 3406 duplex
718 3335 881 3403 timor
907 3352 918 3388 :
956 3346 1097 3387 unus
1125 3326 1484 3401 appetendns,
1509 3324 1647 3382 alius
1667 3323 1751 3379 fu-
1776 3311 1821 3374 C

162 3429 381 3501 [Rodiis
412 3437 523 3486 est.
559 3429 727 3501 Igitur
762 3423 1103 3501 appetentius
1132 3423 1317 3484 timor,
1362 3418 1658 3474 admonitio
1695 3426 1752 3471 et

156 3524 387 3593 custodia
404 3523 654 3579 omnium
674 3536 852 3591 rerum
865 3564 877 3584 ,
895 3533 1029 3593 quas
1046 3516 1315 3585 credimus
1334 3522 1427 3567 aut
1442 3524 1747 3583 speramus.

156 3614 423 3673 Timemus
444 3617 597 3683 enim
622 3614 915 3685 judicium,
949 3611 1070 3680 quia
1098 3623 1385 3681 Speramus
1418 3623 1432 3658 :
1466 3614 1520 3660 et
1551 3604 1752 3658 metui-

152 3722 263 3767 mus
280 3708 609 3781 hominum,
639 3707 765 3777 quia
787 3706 985 3763 fortem
1010 3704 1161 3757 illum
1181 3700 1422 3772 judicem
1445 3696 1746 3752 credimus.

153 3801 277 3873 Vera
305 3818 552 3877 natoque
582 3802 693 3869 vita
722 3810 806 3869 est
844 3799 1015 3853 Deum
1064 3809 1245 3858 nosse,
1290 3791 1483 3847 timere
1505 3789 1620 3858 ejus
1651 3804 1751 3858 po-

150 3895 388 3969 tentiam,
417 3908 613 3967 amare
665 3892 944 3966 pietatem.
977 3887 1165 3942 Timor
1210 3897 1443 3952 namque
1492 3882 1751 3935 virtutum

148 3994 462 4059 estimates,
497 3984 770 4047 securitas
794 3982 858 4051 ad
893 3981 1103 4050 lapsum
1148 3976 1340 4031 facilis.
1386 3973 1444 4030 Si
1490 3987 1751 4043 pavorem

150 4075 425 4151 meris,
458 4075 737 4137 sollicitus
766 4074 915 4131 eris:
948 4080 1003 4126 ct
1042 4071 1087 4125 si
1131 4070 1402 4124 sollicitus
1433 4066 1625 4129 fut-ris,
1670 4066 1753 4120 leo

146 4168 197 4223 in
220 4171 413 4239 caulas
437 4169 624 4237 ovium
661 4176 873 4233 tuarum
925 4166 1131 4219 intrare
1179 4176 1285 4215 non
1326 4159 1545 4227 poterit.
1598 4156 1754 4226 Quod

146 4260 223 4321 rei
250 4264 319 4339 ad
354 4263 688 4335 prmpasitos
714 4259 1103 4324 Ecclesiarum,
1132 4256 1215 4309 vel
1246 4254 1315 4308 ad
1344 4254 1540 4309 anima:
1567 4261 1753 4307 custo-

144 4356 259 4423 dem
302 4357 583 4435 pertinet.
614 4355 715 4422 Qui
744 4364 932 4408 cautus
977 4358 1062 4405 est
1090 4359 1144 4404 et
1175 4346 1418 4415 timidus,
1466 4354 1648 4414 potest
1687 4343 1753 4397 ad

144 4458 357 4527 lupos
379 4451 563 4513 sitire
592 4456 814 4522 peccata
851 4445 982 4521 :qui
1031 4457 1259 4499 securus
1295 4449 1381 4495 est
1431 4440 1497 4494 de
1542 4438 1754 4508 justitia

140 4553 307 4617 Ἅι
340 4550 622 4619 repugnat
666 4541 778 4596 Deo
830 4556 845 4593 :
896 4538 1148 4607 illiusque
1193 4534 1396 4589 auxilio
1436 4531 1749 4598 destitutus,

138 4624 350 4713 “gis
381 4637 628 4703 hostium
660 4642 827 4705 patet.
860 4631 1163 4701 Numquam
1217 4638 1332 4697 tuta
1381 4635 1466 4681 est
1518 4626 1749 4679 humana

1856 2026 1961 2081 dici
1994 2033 2216 2093 potest:
2250 2040 2315 2077 ex
2349 2023 2450 2076 hac
2487 2020 2611 2076 sola
2658 2019 2855 2087 poterit
2908 2018 3017 2071 Deo
3073 2017 3268 2072 similis
3315 2032 3461 2072 esse.

1854 2117 2170 2181 Considera,
2203 2116 2295 2186 qui
2330 2115 2496 2169 Deum
2532 2112 2707 2182 diligit
2740 2128 2752 2166 :
2786 2110 3041 2179 numquid
3071 2120 3279 2180 sperat,
3306 2126 3463 2164 num-

1853 2213 1981 2282 quid
2015 2213 2188 2275 timet,
2220 2208 2478 2279 numquid
2509 2206 2664 2262 ﬁdit?
2697 2205 2832 2272 Non,
2878 2205 2973 2260 sed
3004 2214 3213 2259 tantum
3258 2204 3455 2273 diligit.

1854 2305 2015 2371 Deus,
2049 2304 2223 2368 inquit
2272 2302 2490 2370 Paulus,
2540 2316 2654 2355 cum
2688 2300 2954 2355 dilexisset
2984 2297 3263 2361 mundum,
3313 2297 3458 2351 misit

1853 2399 2059 2460 unicam
2094 2395 2140 2450 F
2144 2395 2289 2451 ilium
2319 2410 2472 2449 suum
2502 2393 2558 2447 in
2582 2391 2979 2446 similitudinem
3007 2389 3181 2444 carnis
3214 2390 3408 2457 peccati
3439 2404 3460 2444 :

1855 2498 1911 2565 ut
1954 2492 2018 2545 de
2064 2499 2269 2557 peccato
2314 2488 2679 2542 condemnaret
2708 2493 2975 2556 peccatum
3006 2485 3059 2536 in
3089 2499 3247 2537 carne
3272 2481 3456 2553 (Rom.

1854 2601 1979 2648 vm,
2010 2584 2086 2653 5).
2116 2582 2217 2653 Qui
2250 2578 2517 2653 pvmponit
2550 2594 2668 2634 eam
2714 2579 2874 2631 rebus
2907 2574 3183 2641 omnibus,
3230 2574 3455 2630 dicens:

1859 2679 1922 2732 Et
1952 2679 1997 2735 si
2028 2678 2218 2749 linguis
2245 2677 2429 2741 laguar
2454 2673 2725 2729 hominum
2769 2683 2818 2728 et
2865 2670 3195 2743 angelorum,
3227 2669 3457 2723 charito-

1856 2784 1957 2827 tem
1984 2781 2152 2826 autem
2182 2786 2287 2825 non
2314 2769 2537 2824 habeam
2568 2784 2584 2822 :
2613 2770 2784 2837 factus
2810 2781 2927 2819 sum
2952 2764 3087 2818 sicut
3119 2770 3460 2815 a'ramentum

1856 2864 2099 2937 tinniens,
2153 2870 2243 2919 aut
2288 2859 2585 2932 cymbalum
2633 2874 2975 2929 concrepans.
3030 2855 3094 2909 Et
3141 2856 3188 2910 si
3233 2854 3460 2909 habuero

1854 2944 2202 3029 prophetiam,
2246 2963 2293 3009 et
2323 2969 2608 3025 cognovero
2639 2952 2813 3005 omnia
2851 2950 3095 3021 mysteria
3124 2964 3144 3002 :
3177 2957 3222 3001 et
3253 2962 3456 3000 omnem

1856 3050 2119 3119 scientiam
2151 3057 2235 3102 :et
2266 3048 2309 3101 si
2342 3046 2567 3100 habuero
2596 3044 2773 3115 ﬁdem,
2814 3044 2888 3096 ita
2917 3050 2971 3097 ut
3001 3049 3199 3094 montes
3226 3042 3452 3109 transfe-

1853 3162 1993 3200 ram.
2014 3144 2117 3199 etsi
2134 3142 2401 3196 tradidero
2416 3157 2599 3210 corpus
2615 3154 2802 3201 meum,
2817 3137 2887 3189 ita
2909 3144 2963 3188 ut
2986 3134 3221 3195 ardeam,
3238 3130 3457 3185 charito-

1856 3247 1954 3293 tem
1967 3249 2133 3292 autem
2158 3254 2259 3291 non
2295 3235 2530 3299 habeam,
2549 3230 2679 3285 nihil
2699 3246 2833 3286 sum.
2862 3227 3101 3285 Charitas
3125 3228 3459 3298 magnanima

1854 3343 1929 3388 est
1954 3348 1973 3386 :
1996 3330 2221 3385 charitas
2248 3329 2471 3400 benigna
2491 3336 2588 3388 est,
2616 3324 2842 3378 rharitas
2887 3340 2987 3377 non
3018 3319 3325 3386 mnmlatztr,
3356 3335 3460 3373 non

1854 3428 2094 3498 inﬂatur,
2131 3440 2237 3478 non
2288 3423 2395 3494 agit
2426 3435 2722 3492 perperam,
2772 3432 2873 3471 non
2899 3415 3159 3477 irritatur,
3205 3428 3307 3465 non
3338 3427 3458 3463 con-

1855 3520 2052 3592 fundit,
2075 3534 2176 3573 non
2204 3515 2386 3587 quwrit
2416 3530 2530 3583 quae
2559 3529 2655 3566 sua
2686 3522 2824 3568 sunt.
2858 3527 2962 3563 non
3006 3510 3192 3579 cogitat
3239 3506 3455 3570 malum,

1855 3627 1958 3663 non
1987 3610 2174 3681 gaude:
2204 3624 2362 3679 super
2389 3603 2673 3679 injustiiia,
2705 3602 2896 3675 gaudet
2924 3610 3097 3653 autem
3126 3596 3191 3651 de
3222 3597 3453 3651 veritate.

1858 3702 2047 3757 Omnia
2089 3700 2322 3767 sustinet,
2355 3698 2528 3752 omnia
2555 3696 2739 3761 credit,
2772 3693 2946 3750 omnia
2973 3700 3185 3763 sperat:
3218 3690 3457 3742 Charitas

1857 3812 2135 3867 numquam
2163 3795 2357 3848 excidit
2384 3792 2428 3860 (Ι
2461 3790 2583 3847 Cor.
2626 3789 2769 3859 xm).
2803 3787 2947 3843 Nihil
2973 3787 3120 3841 enim
3150 3782 3458 3839 amantibus

1857 3889 2051 3941 durum
2075 3896 2179 3950 est,
2215 3886 2397 3940 nullus
2425 3882 2663 3938 difficilis
2691 3890 2774 3935 est
2800 3880 3139 3949 cupientibus
3164 3877 3336 3932 labor.
3365 3876 3460 3931 So-

1856 3981 1942 4035 lus
1964 3990 2143 4034 tamen
2174 3979 2266 4033 ille
2289 3992 2442 4031 amor
2474 3974 2769 4043 probabilis
2796 3984 2901 4036 εει,
2933 3973 3021 4043 qni
3055 3971 3164 4026 Dco
3196 3982 3249 4025 et
3282 3967 3457 4022 virtu-

1857 4076 1999 4129 tibus
2021 4074 2217 4128 anitnze
2245 4081 2551 4139 coaptatur.
2587 4068 2729 4123 Nihil
2760 4076 2847 4123 est
2888 4067 3030 4121 enim
3065 4062 3207 4134 quod
3241 4080 3345 4117 nun
3372 4070 3454 4116 to-

1856 4167 2016 4232 leret,
2040 4166 2129 4236 qui
2154 4164 2399 4235 perfecte
2426 4162 2626 4233 diligit.
2655 4160 2755 4229 Qui
2780 4170 2961 4215 autem
2981 4154 3323 4211 clementiam
3350 4169 3455 4209 non

1859 4260 2039 4324 habet,
2071 4274 2171 4314 nec
2207 4256 2429 4312 indutus
2475 4262 2561 4309 est
2591 4254 2797 4309 viscera
2849 4248 3239 4307 misericordia:
3284 4260 3341 4303 et
3379 4247 3459 4300 la-

1856 4368 2164 4425 crymarum
2198 4370 2212 4405 :
2245 4350 2491 4417 quamvis
2521 4346 2824 4418 Spiritualis
2869 4345 2958 4409 sit,
3007 4359 3113 4399 non
3146 4341 3461 4412 adimplevit

1856 4445 2031 4517 legem
2059 4442 2281 4499 Christi.
2315 4441 2466 4499 Unde
2516 4441 2739 4509 legitur,
2785 4438 2930 4507 quod
2977 4437 3169 4491 beatus
3216 4434 3459 4488 Joannes

1858 4538 2187 4609 evangelista
2218 4552 2340 4590 cum
2377 4534 2572 4603 Ephesi
2601 4548 2771 4587 senex
2800 4530 2828 4570 δ
2857 4531 2944 4586 vix
2978 4531 3123 4586 inter
3159 4528 3458 4601 discipulo-

1859 4647 1976 4684 rum
2010 4643 2199 4683 manus
2221 4626 2545 4691 deferretur,
2580 4625 2710 4680 nihil
2738 4624 2886 4679 aliud
2918 4640 3013 4695 per
3044 4624 3283 4693 singulas
3312 4621 3462 4675 Solu-

138 4691 463 4825 Ιτηῗτιμεε
516 4738 575 4785 et
612 4734 814 4799 quanto
863 4724 1034 4793 magis
1090 4718 1380 4775 virtutibus
1428 4717 1747 4783 crescimus,

1860 4725 1949 4778 bat
1982 4725 2223 4795 proferre
2251 4722 2509 4776 collectas
2531 4720 2654 4784 nisi,
2690 4716 2877 4771 Filioli
2914 4691 3033 4784 inci,
3073 4691 3276 4788 diligite
3303 4714 3464 4769 alier-

138 4810 284 4897 tsu'q
310 4824 502 4898 magis
533 4823 732 4877 timere
754 4819 1038 4881 debemus,
1069 4830 1136 4869 ne
1160 4814 1229 4866 de
1272 4810 1598 4865 sublimibus
1627 4823 1753 4864 cor-

136 4926 392 4991 m
421 4918 481 4974 Si
512 4917 671 4985 iuxta
698 4913 1087 4974 Ecclesiasten,
1139 4906 1315 4964 Radix
1359 4903 1643 4973 sapientia:
1669 4911 1754 4956 est

363 5012 543 5068 Deum
578 5026 593 5063 :
645 5007 852 5075 fructus
881 5006 1003 5078 quis
1034 5012 1141 5069 est,
1175 5000 1278 5055 nisi
1323 5000 1506 5053 videre
1538 4997 1752 5067 Deum?

136 5102 355 5171 Bm
382 5111 571 5159 mitem
601 5101 800 5172 diligit,
830 5100 919 5168 qui
955 5112 1059 5152 non
1099 5095 1324 5158 invitus,
1374 5102 1465 5145 aut
1513 5090 1753 5146 necessi-

138 5206 270 5271 ιιιο,
304 5208 419 5269 aut
448 5197 627 5267 legum
661 5205 809 5253 metu
860 5192 988 5249 facit
1035 5192 1276 5255 bonum;
1311 5188 1407 5243 sed
1440 5185 1661 5253 idcirco,
1698 5194 1751 5240 ut

138 5290 470 5363 timendam
510 5288 711 5353 bonam
743 5286 925 5356 operis
959 5283 1174 5338 haheat.

695 5376 926 5436 CAPUT
973 5373 1211 5431 XXVIII.

625 5474 705 5529 De
736 5472 987 5527 charitate
1010 5514 1024 5538 ,
1057 5478 1106 5523 et
1140 5484 1287 5537 pace.

203 5572 299 5655 μ
352 5570 694 5635 duritatem
746 5582 891 5623 nunc
939 5564 1230 5625 transitum
1289 5560 1595 5616 faciamus:
1628 5557 1753 5631 quia

200 5707 237 5739 ³
276 5699 473 5756 Antea
498 5694 791 5751 dumtaxat
816 5692 1046 5761 erat,'de
1060 5689 1269 5763 justitia
1284 5696 1565 5758 repugnat,
1584 5685 1761 5741 illius-

136 5784 257 5881 "?
441 5837 567 5893 libri
586 5879 602 5905 ,
633 5844 921 5891 moraretur
952 5850 1113 5904 usque
1151 5832 1218 5905 ad
1250 5832 1490 5905 ultimam
1527 5836 1757 5905 senectu-

144 5918 269 5979 ιρι,
294 5921 354 5966 et
378 5909 489 5971 ris,
538 5901 647 5963 etc.
680 5906 746 5963 Et
785 5908 935 5977 plura
971 5901 1133 5979 mjix,
1151 5903 1387 5979 Tandem
1418 5901 1664 5979 discipuli
1705 5908 1755 5956 et

142 5973 343 6053 Mos
394 5980 488 6052 qni
531 5979 752 6039 aderant
778 5973 931 6038 twdio
962 5976 1156 6049 affecti,
1188 5976 1327 6049 quod
1355 5973 1535 6030 eadem
1553 5985 1753 6043 semper

1855 4827 2051 4870 utrum.
2082 4814 2370 4883 Discipulis
2400 4822 2584 4867 autem
2634 4810 2969 4880 petentibus,
3022 4824 3190 4879 quare
3240 4821 3460 4874 semper

1856 4908 1910 4964 id
1938 4909 2141 4963 diceret
2170 4923 2187 4964 :
2236 4906 2543 4976 respondit,
2570 4905 2692 4976 quia
2729 4914 3059 4972 praeceptum
3112 4900 3323 4955 homini
3352 4908 3459 4963 est,

1856 5009 1911 5057 et
1934 5003 1978 5058 si
2011 5003 2120 5064 tiat,
2152 4999 2325 5055 solum
2355 4998 2581 5054 sufficit.
2621 4998 2728 5053 Sed
2772 4998 3005 5054 obsecro
3053 5010 3120 5050 ne
3174 5006 3195 5033 ε
3229 4994 3459 5058 amicus,

1857 5096 1947 5168 qui
1988 5096 2079 5150 diu
2110 5095 2399 5165 qna‘ritur,
2429 5094 2521 5149 vix
2569 5092 2864 5156 invenitur,
2916 5088 3141 5144 diflicile
3183 5099 3460 5152 servatur,

1857 5193 2061 5263 pariter
2099 5206 2219 5244 cum
2263 5188 2439 5245 Oculis
2486 5191 2788 5243 amittatur.
2842 5184 2972 5240 Nam
3014 5182 3286 5248 amicitia,
3338 5196 3457 5248 quae

1856 5283 2107 5339 desinere
2139 5292 2335 5349 potest,
2384 5295 2678 5351 numquam
2711 5292 2836 5333 vera
2885 5276 3003 5329 fuit.
3044 5276 3179 5329 Vera
3230 5290 3459 5345 namque

1856 5377 2097 5434 amicitia
2119 5375 2227 5448 [Αἰ.
2254 5373 2513 5446 Charitas]
2555 5373 2704 5428 nullo
2733 5372 2924 5434 livore,
2956 5370 3009 5424 in
3050 5378 3257 5439 quanto
3285 5383 3452 5437 auge-

1857 5478 1946 5525 tur
1974 5483 2221 5531 numero,
2260 5479 2411 5523 tanto
2441 5466 2640 5522 crescit
2666 5474 2721 5521 et
2741 5464 2964 5520 robore.

1930 5562 2147 5619 Declina
2179 5562 2341 5635 igitur
2370 5576 2399 5615 a
2432 5560 2595 5627 malo,
2627 5568 2684 5614 et
2708 5556 2791 5613 fac
2821 5557 3024 5614 bonum
3054 5573 3069 5609 :
3112 5555 3323 5623 inquire
3359 5566 3456 5622 pa-

1870 5691 2164 5751 andierant.
2186 5690 2452 5749 dixerunt,
2471 5685 2739 5755 Magister,
2763 5700 2924 5752 quare
2951 5683 3045 5735 hoc
3070 5692 3267 5747 semper
3288 5680 3464 5755 loque-

1865 5763 1981 5817 ris?
2031 5764 2119 5833 qui
2166 5760 2431 5833 respondtt
2474 5753 2686 5829 dignam
2735 5755 2939 5810 Joanne
2982 5754 3305 5819 sententiam,
3342 5753 3465 5820 quia

1864 5845 2207 5905 prtcceptum,
2232 5844 2339 5905 etc.

1940 5916 1962 5945 ε
2003 5894 2170 5963 Iidem
2189 5894 2346 5974 libri,
2376 5920 2439 5960 ne
2466 5902 2715 5970 amicum,
2747 5907 2795 5954 et
2822 5915 2961 5956 meas
2989 5894 3213 5958 amittat.
3282 5970 3285 5971 ν

2914 6140 3018 6155 ..υ-,-
