4002 6300
394 289 503 351 583
958 291 969 303 ‘
1431 283 1490 346 S.
1534 282 1918 342 lllERONYMl
1957 280 2246 343 OPERUM
2285 282 2654 343 MANTISSA.
3587 277 3703 340 384

393 388 533 471 cem,
564 406 979 475 etpersequere
1007 411 1147 455 eam.
1178 396 1291 455 Nisi
1318 396 1600 454 oderimus
1637 396 1861 465 malum,
1893 397 1991 454 bo-
2016 400 2072 462 Α
2095 398 2385 465 calceolos,
2416 413 2518 455 nec
2556 397 2718 454 orbes
2746 395 2911 454 stibio
2940 394 3276 468 fuliginatos.
3322 393 3461 452 Nam
3491 404 3705 467 quanto

397 488 528 554 num
557 509 741 552 amare
769 508 876 549 non
903 506 1220 564 possumus.
1275 491 1415 561 Quin
1466 491 1644 561 potius
1688 488 1992 545 faciendum
2095 488 2318 557 fmdior,
2341 496 2493 545 tanto
2524 488 2824 560 pulchrior.
2858 488 2991 557 Quae
3015 487 3235 544 demum
3266 486 3449 557 plorat
3476 486 3547 542 ad
3575 502 3707 543 cru-

398 600 483 647 est
513 589 736 658 bonum,
792 594 850 642 ut
892 584 1233 642 declinemus
1277 599 1308 639 a
1356 582 1521 639 malo.
1564 582 1675 638 Pax
1705 579 1995 654 quazrenda
2096 597 2237 651 cem,
2267 590 2539 654 unguenta
2568 581 2978 653 parat:qua°.rit
2999 580 3052 636 in
3084 580 3315 647 tumulo,
3342 579 3705 637 hortulanum

403 691 508 750 est,
542 682 805 752 fugiamus
831 679 972 736 bella
1008 697 1021 733 :
1050 693 1150 735 nec
1184 678 1399 734 suffecit
1428 693 1547 733 eam
1579 691 1847 747 quaerere,
1890 673 1998 732 nisi
2097 674 2417 744 interrogat,
2448 674 2479 704 ⁸
2508 673 2681 745 pergit
2705 672 2776 729 ad
2800 672 3100 743 apostolos,
3125 678 3405 743 repertum
3434 672 3693 729 nuntiat:

399 778 675 835 inventam
706 773 1110 845 fugientemque
1157 771 1306 828 omni
1353 770 1536 828 studio
1568 784 1995 841 persequamur:

398 888 512 943 qua:
558 878 832 937 exsuperat
878 883 1077 921 omnem
1119 882 1345 932 sensum,
1374 864 1430 919 in
1460 879 1563 936 qua
1603 862 1869 920 habitatio
1898 860 1995 918 Dei

399 973 505 1027 est,
536 961 798 1034 propheta
839 961 1058 1015 dicente
1092 976 1104 1013 :
1153 956 1221 1012 Et
1263 960 1432 1029 factus
1470 966 1546 1013 est
1588 957 1644 1011 in
1682 971 1809 1026 pace
1855 955 1999 1010 locus

402 1059 516 1128 ejus
538 1051 768 1128 (Psalm.
792 1054 993 1123 Lxxv).
1025 1051 1273 1106 lnfernus
1305 1050 1483 1119 itaque
1524 1048 1665 1104 inter
1692 1046 1889 1103 fratres
1917 1046 2000 1101 di-

403 1146 558 1201 vidit.
588 1144 857 1214 Quidquid
890 1144 1051 1214 igitur
1080 1150 1298 1213 separat
1324 1141 1469 1196 inter
1498 1140 1719 1209 fratres,
1752 1138 2000 1196 infernus

404 1238 669 1294 dicendus
696 1248 800 1293 est.
854 1236 1160 1292 Concordia
1201 1237 1344 1291 enim
1375 1249 1556 1306 parvae
1582 1248 1671 1290 res
1699 1242 1952 1290 crescunt
1982 1251 1996 1288 :

405 1331 486 1387 sic
514 1339 567 1386 et
592 1328 864 1385 discordia
910 1328 1157 1384 maxima:
1188 1327 1518 1383 dilabuntur.
1564 1326 1800 1382 Pulchre
1837 1326 2002 1396 igitur

403 1423 713 1496 persecutio
741 1423 887 1493 pacis
913 1421 1133 1489 dicitur,
1160 1422 1311 1491 juxta
1350 1421 1481 1477 illud
1528 1421 1776 1490 Apostoli
1818 1437 1833 1475 :
1886 1419 2001 1475 Ho-

403 1514 743 1586 spitalitatem
772 1523 1131 1586 persequentes
1176 1513 1355 1583 (Rom.
1414 1513 1561 1583 xu):
1609 1522 1667 1568 ut
1725 1528 1834 1569 non
1890 1513 2002 1570 leni

404 1607 712 1676 usitatoque
738 1622 1011 1674 sermone,
1047 1614 1126 1677 et,
1156 1614 1216 1662 ut
1249 1608 1323 1661 ita
1355 1606 1568 1678 loquar,
1597 1607 1823 1663 summis
1848 1607 2003 1663 labiis

402 1699 645 1769 hospites
678 1699 964 1753 invitemus
998 1716 1011 1752 :
1050 1698 1145 1755 sed
1173 1708 1285 1754 toto
1333 1701 1530 1755 mentis
1575 1700 1776 1757 ardore
1819 1711 2004 1756 tenea-

2096 766 2177 823 illi
2204 766 2471 833 dubitant,
2503 767 2606 822 ista
2630 766 2856 823 conlidit
2886 765 3072 839 (Joan.
3105 763 3227 837 xx).

2169 857 2287 914 Non
2310 858 2457 915 enim
2492 868 2599 914 tam
2628 856 2843 929 peccati
2881 859 3092 914 crimen
3129 858 3394 929 arguitur,
3420 872 3583 929 quam
3608 871 3718 915 ve-

2102 952 2191 1010 lox
2221 955 2511 1010 conversio
2532 955 2586 1008 in
2616 953 2953 1023 poenitentiae
2980 953 3266 1010 celeritate
3295 952 3565 1010 laudatur.
3590 953 3717 1011 Nec

2102 1046 2247 1101 Deus
2286 1055 2509 1118 cogeret
2561 1046 2847 1117 poenitere,
2901 1047 2947 1102 si
2978 1061 3085 1102 non
3128 1057 3278 1102 esset
3312 1046 3717 1115 paenitentibus

2101 1138 2313 1195 veniam
2349 1152 2729 1195 concessurus.
2761 1138 2904 1195 Nihil
2929 1139 3075 1195 enim
3105 1146 3214 1193 tam
3257 1148 3520 1211 repugnat
3563 1139 3715 1208 Deo,

2100 1249 2261 1305 quam
2291 1247 2387 1289 cor
2412 1234 2777 1304 impaenitens.
2807 1233 2922 1290 Hoc
2948 1234 3121 1290 solum
3162 1234 3371 1290 crimen
3412 1241 3518 1299 est,
3559 1231 3721 1305 quod

2108 1329 2325 1384 veniam
2353 1327 2612 1399 consequi
2642 1342 2749 1383 non
2779 1334 2999 1399 potest:
3034 1326 3309 1397 praecipue
3336 1326 3464 1398 quia
3487 1339 3595 1381 non
3625 1326 3724 1381 in-

2101 1422 2303 1493 iustus,
2329 1429 2389 1478 ut
2410 1430 2635 1493 pr0pter
2657 1421 2826 1477 multa
2858 1420 2999 1476 mala
3032 1436 3331 1493 paucorum
3354 1420 3723 1477 obliviscatur

2107 1517 2412 1573 bonorum:
2458 1516 2628 1572 immo
2691 1515 2759 1572 de
2806 1515 2950 1571 nulla
2997 1529 3061 1571 re
3102 1515 3181 1571 sic
3226 1515 3481 1570 irascitur
3524 1514 3720 1582 Deus,

2107 1609 2382 1681 quomodo
2413 1607 2461 1664 si
2486 1616 2739 1677 peccator
2766 1607 3067 1677 superbiat,
3102 1615 3157 1664 et
3182 1615 3399 1663 erectus
3424 1614 3481 1663 et
3498 1607 3725 1678 rigidus

2108 1718 2216 1758 non
2253 1702 2505 1759 flectatur
2533 1702 2587 1757 in
2611 1701 2802 1758 ﬂetum
2846 1714 2948 1757 nec
2996 1701 3433 1757 misericordiam
3471 1702 3729 1773 postulet

405 1805 553 1859 mus,
581 1791 736 1861 quasi
764 1795 1072 1848 auferentes
1102 1805 1287 1848 secum
1329 1791 1396 1848 de
1427 1792 1577 1849 lucro
1615 1803 1806 1849 nostro
1841 1802 2002 1867 atque
2031 1803 2082 1865 Β
2108 1811 2207 1868 pro
2234 1795 2473 1852 delicto:
2501 1793 2756 1864 Nihilque
2786 1792 2867 1851 sic
2893 1792 3121 1849 offendit
3152 1794 3348 1859 Deum,
3397 1792 3539 1848 sicut
3580 1806 3722 1849 ere-

408 1882 752 1953 compendio.

981 1954 1212 2011 CAPUT
1255 1954 1446 2012 XXIX.

655 2046 734 2101 De
756 2046 977 2115 inﬁrmis
999 2055 1047 2101 et
1076 2051 1394 2119 pauperibus
1425 2050 1739 2104 recreandis.

477 2159 535 2217 Si
567 2158 687 2230 quis
728 2165 958 2229 cmpcrlt
1009 2172 1298 2232 aegrotare,
1351 2163 1709 2219 transferatur
1758 2162 1827 2219 ad
1874 2177 2006 2220 exe-

405 2253 558 2309 dram
586 2253 834 2308 latiorem
864 2269 877 2306 :
910 2263 965 2309 et
985 2262 1354 2310 tanto-senum
1388 2256 1693 2311 ministerio
1714 2256 2007 2329 confovea-

406 2354 517 2415 tur,
546 2355 606 2402 ut
634 2362 735 2402 nec
763 2346 988 2403 delicias
1019 2348 1258 2414 urbium,
1292 2363 1393 2403 nec
1428 2350 1615 2405 matris
1644 2359 1852 2421 quaerat
1875 2350 2007 2407 affe-

406 2451 573 2496 ctum.
606 2440 685 2495 Ne
713 2441 872 2495 liccat
901 2440 1081 2495 dicere
1110 2442 1359 2513 cuiquam
1390 2460 1403 2496 :
1452 2444 1689 2499 tunicam
1736 2453 1793 2501 et
1817 2461 2005 2515 sagum

407 2542 664 2603 textaque
695 2532 876 2601 juncis
928 2541 1098 2588 strata
1143 2549 1251 2589 non
1298 2534 1494 2592 habeo.
1556 2536 1630 2591 lta
1690 2551 2008 2594 (economus

410 2628 666 2683 universa
689 2626 1022 2692 moderetur,
1055 2638 1111 2681 ut
1133 2643 1290 2683 nemo
1316 2630 1442 2699 quid
1467 2629 1703 2700 postulet
1735 2629 1839 2702 [ΑΙ.
1877 2632 2004 2686 add.

412 2733 573 2775 nemo
614 2718 743 2792 non]
777 2719 991 2775 habeat.
1021 2719 1239 2777 Servias
1270 2722 1550 2789 fratribus,
1584 2724 1858 2792 hospitum
1890 2725 2005 2779 lava

410 2811 602 2884 pedes,
634 2813 963 2882 pauperibus
992 2821 1048 2869 et
1074 2812 1333 2871 fratribus
1355 2815 1640 2886 refrigeria
1670 2816 1865 2873 exhibe
1896 2816 2005 2889 [ΑΙ.

425 2911 531 2960 tae.
601 2903 865 2977 exhibe]:
920 2914 1193 2976 sumptum
1240 2921 1403 2961 manu
1454 2909 1677 2979 propria
1722 2909 2005 2966 distribue.

414 2996 679 3065 Quoniam
709 2998 969 3067 quidquid
998 2998 1197 3055 habent
1238 3000 1444 3068 clerici,
1488 3016 1782 3073 pauperum
1815 3012 1919 3069 est,
1957 3010 2012 3058 et

411 3090 604 3145 domus
632 3106 818 3145 eorum
847 3091 1097 3148 omnibus
1132 3092 1336 3148 debent
1359 3108 1480 3150 esse
1507 3109 1843 3150 communes.
1879 3098 2013 3152 Sus-

2106 1898 2194 1946 cta
2224 1888 2409 1945 cervix
2446 1896 2567 1959 post
2591 1894 2835 1957 peccata,
2864 1895 2922 1942 et
2948 1900 3018 1942 ex
3044 1884 3439 1957 desperatione
3459 1894 3725 1942 contem-

2110 1990 2255 2053 ptus.
2279 1980 2434 2037 Unde
2457 1989 2513 2036 et
2534 1995 2636 2036 vos
2657 1995 2767 2035 non
2813 1977 3123 2049 desperetis
3166 1978 3383 2034 veniam
3437 1978 3731 2034 scelerum

2110 2072 2482 2144 magnitudine
2517 2089 2532 2126 :
2566 2072 2691 2143 quia
2734 2085 2932 2141 magna
2968 2078 3206 2140 peccata
3253 2083 3450 2141 magna
3498 2069 3730 2126 delebit

2111 2163 2430 2236 pmriitentia
2462 2161 2571 2237 [AL
2618 2159 3037 2233 misericordia].
3066 2159 3204 2217 Nam
3246 2160 3396 2217 Deus
3439 2174 3549 2215 non
3594 2160 3732 2217 vult

2111 2258 2312 2315 inferre
2341 2255 2628 2327 supplicia,
2657 2255 2753 2311 sed
2799 2266 3007 2311 terrere
3044 2267 3333 2325 passuros.
3382 2252 3618 2324 Ipseque
3651 2253 3730 2309 ad

2112 2353 2490 2425 pceuitentiam
2522 2359 2807 2422 provocat,
2855 2363 2926 2405 ne
2964 2347 3128 2404 faciat
3168 2346 3313 2419 quod
3344 2348 3730 2404 comminatus

2112 2453 2217 2503 εει.

2180 2538 2500 2593 Dremonum
2532 2535 2676 2591 enim
2707 2533 2892 2589 nullus
2932 2540 3019 2589 est
3046 2532 3138 2604 qui
3164 2537 3377 2603 parcat.
3409 2528 3618 2587 Omnes
3652 2530 3732 2587 ad

2115 2631 2354 2703 prazdam
2383 2629 2561 2686 festini
2604 2628 2826 2685 venient
2858 2644 2874 2682 :
2906 2636 3033 2683 ante
3062 2624 3257 2681 faciem
3288 2624 3532 2695 ipsorum
3583 2639 3735 2680 ven-

2114 2734 2224 2779 tus.
2260 2723 2327 2777 Et
2357 2721 2619 2793 quidquid
2646 2719 2981 2791 aspexerint,
3013 2716 3277 2789 quidquid
3305 2715 3479 2771 vultui
3509 2730 3722 2772 eorum

2112 2815 2331 2869 obvium
2380 2812 2567 2880 fuerit,
2612 2826 2776 2868 urere
2813 2808 3209 2867 desiderabunt
3236 2817 3291 2863 et
3318 2807 3574 2878 perdere.
3606 2807 3731 2865 Sed

2112 2922 2213 2963 nec
2234 2906 2519 2977 quisquam
2552 2920 2651 2975 per
2677 2904 2994 2975 patientiam
3038 2902 3302 2957 bonitatis
3333 2900 3448 2968 Dei,
3476 2900 3548 2955 de
3580 2914 3730 2970 pec-

2112 3009 2363 3056 catorum
2415 3014 2642 3054 suorum
2691 2997 3017 3069 impunitate
3044 2991 3364 3063 contendat,
3411 3007 3511 3049 nec
3562 2994 3729 3049 illum

2114 3108 2221 3148 non
2243 3092 2479 3148 aestimet
2499 3091 2786 3156 offensum,
2811 3091 2933 3161 quia
2958 3087 3195 3146 necdum
3219 3095 3476 3155 expertus
3491 3086 3725 3141 iratum.

415 3184 649 3251 ceptioni
692 3187 835 3238 cnim
867 3185 1279 3256 peregrinorum
1317 3197 1373 3241 et
1410 3189 1682 3259 hospitum
1721 3190 2007 3261 invigilare
2035 3197 2079 3259 ε
2112 3185 2284 3240 Immo
2316 3200 2508 3256 magna
2540 3192 2629 3241 est
2653 3185 2759 3251 ira,
2786 3184 3004 3254 quando
3037 3184 3391 3255 peccantibus
3424 3197 3532 3238 non
3563 3181 3723 3236 iras-

412 3276 633 3330 debent.

490 3369 657 3425 Docet
699 3369 958 3426 Salomon
1008 3372 1397 3429 misericordiae
1444 3374 1701 3445 operibus
1745 3375 2005 3431 insisten-

413 3459 539 3515 dum
568 3479 580 3513 :
617 3477 718 3517 nec
748 3464 947 3518 nostris
981 3464 1253 3520 tidendum
1286 3466 1513 3533 viribus,
1545 3466 1641 3522 sed
1670 3482 1700 3522 a
1748 3468 1859 3524 Deo
1885 3482 2008 3524 esse

413 3555 674 3610 auxilium
707 3557 1079 3626 flagitandum.
1115 3559 1222 3615 Sed
1263 3570 1381 3615 esto
1417 3560 1560 3631 quod
1610 3563 1842 3634 aequeris
1873 3578 2008 3633 pau-

417 3647 654 3715 peribus,
691 3648 908 3718 inopum
940 3649 1164 3707 cellulas
1190 3652 1478 3723 dignanter
1504 3654 1764 3720 introeas,
1812 3672 2004 3711 manus

416 3738 677 3793 debilium
706 3741 802 3805 sis,
836 3758 1027 3812 aquam
1062 3753 1266 3813 portes,
1303 3746 1447 3815 ligna
1490 3746 1771 3814 concidas,
1826 3746 2005 3802 focum

424 3845 708 3889 cxxtruas:
753 3835 847 3891 sed
879 3837 969 3891 ubi
1003 3837 1258 3892 vincula?
1300 3839 1387 3893 ubi
1420 3839 1633 3910 διαριυῖ
1673 3841 1761 3894 ubi
1814 3841 2008 3910 sputa?

414 3928 511 3984 ubi
539 3928 780 4001 flagella,
817 3929 907 3983 ubi
935 3930 1267 3998 patibulum?
1300 3931 1388 3986 ubi
1422 3934 1599 3987 mors?
1630 3931 1698 3988 Et
1737 3949 1857 3988 cum
1891 3933 2008 3989 hzcc

415 4022 622 4084 omnia,
653 4034 774 4092 quin
801 4022 912 4075 dixi
945 4024 1156 4091 feceris,
1182 4025 1249 4079 ab
1279 4025 1573 4079 Eustochio
1597 4026 1869 4096 Paulaque
1892 4027 2010 4082 vin-

414 4114 577 4166 ceris.
615 4112 739 4167 ΙΙωο
783 4112 925 4179 dico,
957 4129 1064 4169 non
1109 4114 1250 4184 quod
1295 4115 1363 4170 de
1411 4116 1608 4171 ardore
1656 4118 1856 4173 mentis
1903 4126 2007 4172 tua:

413 4205 703 4274 quidquam
728 4204 991 4275 dubitem,
1034 4206 1128 4263 sed
1154 4208 1298 4278 quod
1330 4216 1641 4264 currentem
1675 4210 1957 4281 impellam
1989 4228 2005 4267 :

413 4304 469 4351 et
492 4297 690 4353 acriter
718 4296 993 4354 dimicanti
1023 4297 1296 4356 fervorem
1324 4314 1572 4372 augeam.

991 4434 1216 4494 CAPUT
1257 4435 1427 4493 XXX.

682 4543 761 4600 De
803 4550 1101 4620 paenitentia
1136 4560 1182 4604 et
1222 4552 1580 4606 misericordia
1624 4550 1743 4609 Dei.

487 4659 706 4729 Arripe,
731 4678 933 4732 quarso,
967 4666 1334 4728 occasionem.
1370 4678 1421 4722 et
1457 4667 1540 4723 fac
1573 4670 1641 4725 de
1681 4670 2012 4727 necessitate

412 4751 688 4808 virtutem.
737 4754 855 4810 Non
884 4766 1199 4827 quaeruntur
1244 4760 1299 4814 in
1330 4758 1656 4817 Christianis
1698 4763 1869 4833 initia,
1914 4765 2035 4820 sed

409 4844 550 4902 finis.
582 4845 779 4902 Paulus
837 4849 978 4905 male
1023 4853 1221 4919 capit,
1267 4852 1365 4908 sed
1421 4854 1799 4925 hcncﬂinivit.
1859 4858 2013 4913 Jud:e

409 4938 696 4996 laudantur
720 4940 898 5007 initia,
951 4943 1045 4999 sed
1091 4943 1212 4999 ﬁnis
1247 4946 1551 5014 proditione
1597 4950 1904 5006 damnatur.
1945 4951 2014 5008 Et

407 5032 533 5086 licet
566 5034 703 5088 Deus
734 5049 842 5089 non
864 5034 996 5091 velit
1024 5047 1258 5091 mortem
1292 5042 1616 5108 peccatoris,
1652 5042 1746 5096 sed
1782 5050 1837 5095 ut
1867 5057 2002 5098 con-

407 5136 652 5181 vertatur
694 5138 749 5182 et
802 5128 987 5185 vivat:
1038 5139 1217 5187 tamen
1262 5134 1472 5203 tepidos
1515 5135 1661 5205 odit,
1715 5146 1769 5192 et
1814 5139 1924 5193 cito
1953 5141 2003 5195 ci

405 5233 666 5274 nauseam
697 5220 919 5277 faciunt.
943 5223 1151 5295 Cuique
1174 5226 1295 5295 plus
1327 5227 1636 5294 dimittitur,
1667 5231 1785 5299 [dus
1805 5230 2001 5301 diligit.

410 5313 564 5371 Unde
613 5317 871 5371 meretrix
920 5316 1012 5373 illa
1058 5318 1259 5374 Christi
1302 5319 1555 5376 dilectrix
1602 5323 1656 5377 in
1709 5323 2006 5396 Evangelia

405 5406 697 5476 baptizata,
738 5407 1017 5479 lacrymis,
1066 5420 1121 5465 et
1149 5411 1323 5480 crine,
1357 5429 1464 5482 quo
1507 5415 1703 5469 multos
1740 5426 1867 5473 ante
1916 5433 2007 5474 ce—

412 5508 583 5569 perat,
622 5499 788 5569 pedes
819 5499 1034 5557 Domini
1066 5510 1302 5574 tergens,
1335 5504 1539 5560 salvata
1567 5514 1652 5562 est
1687 5506 1841 5579 (Luc.
1885 5509 2003 5582 vn).

405 5591 521 5648 Noli
550 5591 768 5664 quidem
799 5591 985 5648 habuit
1012 5594 1316 5667 crispantes
1346 5599 1556 5665 mitras,
1590 5614 1691 5656 nec
1714 5599 2010 5657 stridentes

415 5857 419 5860 ν
482 5799 510 5828 ⁸
549 5791 769 5852 Addunt
792 5762 918 5867 alii,
942 5794 1224 5853 Dominum
1250 5798 1634 5873 recognoscitis.

2110 3281 2253 3335 citur
2285 3280 2447 3335 Deus.
2483 3278 2641 3336 Unde
2669 3280 2722 3333 in
2779 3278 3069 3335 Ezechiele
3110 3278 3181 3334 ad
3209 3277 3514 3336 Jerusalem
3542 3294 3555 3330 :
3588 3272 3731 3329 Iam

2110 3388 2212 3427 non
2243 3373 2439 3427 irascar
2468 3371 2577 3437 tibi,
2610 3371 2753 3425 zelus
2796 3378 2916 3427 tuus
2945 3373 3151 3427 recessit
3176 3389 3209 3426 a
3236 3387 3336 3425 me.
3373 3369 3481 3426 Sed
3514 3384 3727 3425 revera

2111 3467 2254 3523 Deus
2285 3466 2590 3521 hominibus
2618 3480 2724 3520 non
2755 3464 3028 3529 irascitur,
3057 3465 3155 3521 sed
3185 3464 3334 3520 vitiis
3363 3481 3378 3517 :
3416 3476 3539 3533 qua:
3584 3476 3724 3517 cum

2110 3561 2167 3617 in
2201 3560 2417 3615 homine
2449 3575 2554 3614 non
2584 3558 2808 3623 fuerint,
2841 3573 3185 3629 nequaquam
3213 3557 3391 3629 punit.

2183 3654 2358 3710 Habet
2378 3664 2558 3709 autem
2587 3654 2665 3708 ira
2691 3653 2788 3708 Dei
2809 3668 3120 3721 mensuras,
3141 3662 3401 3722 quantum
3425 3660 3483 3707 et
3505 3661 3728 3721 quanto

2110 3758 2378 3819 tempore,
2410 3759 2465 3803 et
2493 3747 2559 3802 ob
2603 3761 2741 3817 quas
2786 3760 2999 3815 causas,
3052 3753 3109 3800 et
3150 3745 3345 3816 quibus
3399 3743 3725 3800 inferatur:

2105 3842 2259 3913 juxta
2289 3841 2415 3895 illud
2445 3839 2589 3911 quod
2621 3839 2881 3910 scriptum
2909 3848 2993 3893 est
3025 3856 3038 3892 :
3072 3837 3279 3893 Cibabis
3310 3853 3404 3891 nos
3449 3852 3584 3907 pane
3631 3837 3725 3892 (a-

2112 3951 2405 4007 rrymarunt
2434 3936 2490 3987 in
2521 3948 2786 3987 mensura.
2845 3931 3273 3987 Misericordiam
3319 3931 3485 4002 igitur
3513 3945 3544 3983 a
3594 3929 3721 3985 Deo

2111 4027 2483 4098 consequitur,
2516 4025 2695 4097 quise
2723 4033 2872 4096 putat
2907 4039 3031 4080 esse
3076 4026 3356 4080 miserum.
3389 4022 3523 4079 Nam
3571 4023 3731 4079 Deus

2110 4120 2200 4191 qui
2247 4104 2413 4173 nullis
2453 4117 2658 4172 viribus
2689 4116 2933 4187 superari
2980 4125 3179 4187 potest,
3230 4114 3502 4187 publicani
3536 4126 3728 4171 tamen

2112 4212 2363 4284 precibus
2394 4210 2648 4264 vincitur.
2689 4209 2901 4275 Quanto
2944 4224 3073 4279 ergo
3123 4218 3374 4279 tempore
3423 4216 3476 4263 te
3527 4223 3732 4263 errare

2112 4304 2288 4371 nosti,
2321 4312 2521 4375 quanto
2546 4311 2789 4372 tempore
2812 4301 3084 4371 deliquisti
3114 4317 3128 4355 :
3158 4311 3306 4356 tanto
3340 4309 3587 4372 tempore
3614 4300 3726 4356 hu-

2110 4398 2261 4454 milia
2291 4396 2522 4466 teipsum
2557 4396 2705 4450 Deo:
2755 4402 2810 4449 et
2852 4392 3155 4449 satisfacito
3181 4393 3232 4449 ei
3278 4393 3331 4448 in
3364 4391 3728 4449 confessione

2110 4490 2466 4563 pmnitentim.
2495 4488 2755 4557 Quoniam
2803 4489 2896 4559 qui
2943 4494 3197 4560 peccator
3226 4497 3309 4543 est
3340 4488 3518 4558 aliqua
3552 4487 3733 4545 sorde

2035 4597 2088 4657 Ῑ)
2117 4585 2433 4647 maculatus,
2467 4582 2533 4636 de
2565 4581 2803 4637 Ecclesia
2828 4578 3028 4635 Christi
3065 4596 3173 4636 non
3201 4589 3382 4651 potest
3410 4570 3724 4651 appellari,

2117 4692 2217 4732 nec
2241 4675 2456 4730 Christo
2485 4673 2760 4743 subjectus
2788 4673 2913 4727 dici.
2938 4670 3266 4744 lgitur‘quia
3296 4671 3617 4727 erravimus
3632 4671 3731 4743 ju-

2117 4784 2304 4832 venes,
2334 4769 2694 4822 emendemur
2724 4780 2905 4832 senes,
2932 4765 3224 4836 iungamus
3245 4764 3503 4837 gemitus,
3557 4772 3616 4820 et
3646 4765 3731 4819 la-

2117 4876 2331 4934 crymas
2372 4858 2711 4928 copulemus,
2744 4858 2959 4927 culpam
3004 4857 3328 4927 simpliciter
3373 4855 3725 4913 conﬁtendo.

2117 4950 2249 5010 Nam
2292 4952 2383 5022 qui
2427 4961 2548 5022 post
2576 4952 2784 5019 lapsum
2834 4959 3182 5021 peccatorum
3212 4949 3278 5003 ad
3307 4963 3493 5004 veram
3539 4950 3730 5020 paeni-

2119 5045 2347 5101 tentiam
2388 5058 2446 5099 sc
2494 5042 2810 5097 convertit:
2854 5041 2961 5096 cito
3009 5040 3478 5097 a‘misericordire
3530 5038 3727 5110 judice

2113 5140 2325 5196 veniam
2377 5136 2728 5207 impetrabit:
2762 5135 3018 5205 quoniam
3064 5134 3205 5206 apud
3238 5135 3407 5191 Deum
3450 5148 3561 5189 non
3605 5142 3724 5189 tam

2113 5231 2255 5287 valet
2286 5245 2539 5286 mensura
2569 5228 2849 5299 temporis,
2901 5242 3059 5300 quam
3092 5227 3297 5285 doloris
3328 5246 3341 5282 :
3395 5241 3497 5284 nec
3542 5226 3719 5283 absti-

2113 5322 2293 5379 nentia
2331 5331 2538 5376 tantum
2588 5321 2873 5387 ciborum,
2925 5330 3186 5390 quantum
3228 5318 3585 5377 mortificatio
3635 5320 3720 5377 vi-

2114 5416 2333 5471 tiorum.
3252 5400 3259 5403 ⁷

2188 5506 2395 5563 Sedet
2442 5520 2696 5577 magnum
2744 5515 3024 5577 peccatum
3079 5506 3289 5579 magnis
3338 5498 3719 5578 diuturniSque

2117 5599 2446 5658 cruciatibus
2494 5600 2681 5667 luitur,
2712 5601 2978 5672 culpaque
3007 5599 3143 5673 legis
3191 5600 3477 5672 praesentis
3506 5600 3717 5674 suppli-
