3918 6294
171 283 245 351 383

873 278 1183 348 REGULE
1222 278 1706 346 MONACIIORUM
1750 280 2194 347 APPROBATIO
2232 276 2521 347 MARTINI
2564 284 2631 346 ν.

3322 284 3428 349 386

167 413 228 465 cio
248 413 585 478 compensata
617 404 708 463 sit.
739 408 802 463 Et
830 407 911 465 sic
937 423 1189 479 magnum
1220 416 1501 477 peccatum
1528 421 1717 477 magna
1747 408 1800 467 Α
1825 402 1869 459 si
1898 404 2166 473 imperitus
2187 422 2303 459 sum
2344 422 2600 474 sermone,
2638 401 2809 476 inquit
2848 399 3165 476 Apostolus,
3209 406 3301 459 sed
3327 421 3429 461 non

167 504 330 574 indiget
359 502 759 558 misericordia.
794 504 1060 558 Conclusit
1084 503 1228 559 enim
1261 501 1403 557 Deus
1431 502 1600 555 omnia
1626 498 1718 553 sub

165 607 353 669 pacato,
392 604 446 649 ut
490 599 727 652 omnibus
767 598 1071 652 misereatur
1103 596 1290 669 (Rom.
1334 612 1409 661 x1,
1453 592 1718 667 52).,Sed

163 690 322 744 frustra
352 703 487 744 voce
518 686 645 761 [ΑΙ.
675 688 1028 761 paenitentia]
1064 688 1380 755 assumitur,
1431 688 1476 742 si
1508 702 1719 757 perma—

162 789 260 839 nent
286 796 464 851 opera.
498 781 609 840 Sed
639 798 710 839 ne
736 783 941 838 diutius
967 782 1302 851 pertraham,
1331 780 1527 837 habeto
1552 796 1716 850 pauca

162 891 232 946 pro
268 874 506 944 pluribus
540 894 555 929 :
587 876 642 930 in
692 876 891 947 quibus
924 891 1031 930 non
1076 886 1185 929 tam
1240 874 1374 930 ordo
1417 872 1713 944 qumitur,

162 983 279 1039 quam
309 966 606 1037 profectus.
646 969 759 1039 Age
803 983 959 1038 ergo,
1011 979 1066 1023 tu
1097 983 1253 1035 cave,
1287 981 1467 1029 curre,
1498 964 1714 1020 festina.

162 1066 259 1132 Age,
304 1069 357 1115 ut
403 1062 459 1116 in
510 1061 613 1117 hac
664 1061 1053 1132 Spiritualitate
1100 1058 1358 1130 proﬁcias
1392 1077 1402 1111 :
1434 1055 1599 1121 Cave,
1650 1072 1719 1111 ne

161 1160 263 1233 quod
286 1161 548 1231 accepisti
594 1162 822 1232 bonum,
866 1160 1116 1217 incautus
1144 1168 1199 1215 et
1228 1159 1505 1229 negligens
1537 1166 1718 1212 custos

161 1257 328 1312 amittas
357 1275 371 1310 :
398 1255 600 1324 Curre,
630 1264 691 1311 ut
721 1272 827 1312 non
858 1256 1104 1326 negligas
1135 1272 1149 1309 :
1176 1255 1391 1310 Festina
1415 1295 1430 1319 ,
1468 1260 1527 1307 ut
1561 1252 1706 1307 cele-

164 1350 243 1404 rius
260 1348 700 1416 comprehendas.
729 1347 861 1403 Nam
912 1348 1146 1418 coepisse
1183 1346 1475 1400 multorum
1511 1340 1716 1398 est:ad

163 1441 319 1495 culmen
349 1440 663 1511 pervenisse
701 1455 1021 1511 paucorum.
1069 1438 1293 1494 Tribuat
1316 1437 1410 1491 tibi
1434 1435 1710 1503 Christus,

166 1541 210 1587 ut
227 1532 406 1600 audias,
434 1541 491 1588 et
526 1540 728 1602 taceas,
763 1540 818 1589 et
846 1531 1137 1603 intelligas,
1170 1539 1228 1586 et
1256 1528 1335 1586 sic
1366 1528 1623 1599 loquaris.

671 1664 904 1723 CAPUT
942 1662 1140 1721 XXXI.

508 1778 666 1835 Finis
702 1779 1016 1835 concludens
1054 1778 1308 1853 regulam;

207 1894 255 1950 Et
277 1893 531 1967 quoniam
567 1894 639 1950 ita
673 1910 732 1952 se
756 1905 946 1952 natura
979 1894 1164 1963 habet,
1198 1904 1255 1950 ut
1294 1909 1479 1950 amara
1513 1893 1583 1949 sit
1613 1909 1708 1951 vc-

155 1991 269 2058 ritas,
312 1999 368 2045 et
412 1986 615 2045 blanda
651 1990 783 2045 vitia
831 1991 1234 2057 existimentur,
1286 2000 1344 2044 ut
1394 1988 1595 2045 Paulus
1633 1989 1709 2043 ait

153 2080 384 2148 aposmlus
415 2098 429 2135 :
462 2078 714 2135 Inimicus
753 2079 894 2136 vobis
951 2084 1123 2153 factus
1178 2098 1291 2135 sum
1326 2097 1501 2135 verum
1534 2080 1708 2135 dicens

156 2171 321 2243 (Colat.
354 2190 435 2241 Iv,
470 2173 569 2247 6);
602 2173 747 2230 unde
777 2184 831 2229 et
877 2176 1001 2245 quia
1048 2174 1353 2231 Salvatoris
1398 2174 1529 2229 dura
1560 2174 1710 2231 vide-

152 2267 304 2322 bantur
363 2268 623 2338 eloquia,
687 2268 906 2339 plurimi
954 2268 1352 2339 discipulorum
1412 2279 1708 2323 retrorsum

152 2360 358 2415 abierunt
390 2379 403 2413 :
437 2376 548 2415 non
584 2357 779 2416 mirum
808 2370 921 2427 est,
971 2360 1018 2417 si
1049 2370 1108 2416 et
1138 2375 1237 2415 nos
1286 2359 1389 2431 ipsi
1440 2360 1586 2415 vitiis
1618 2360 1710 2416 dc-

152 2453 405 2523 trahentes,
432 2452 764 2509 offendimus
796 2452 1083 2523 plurimos.
1115 2452 1371 2523 Disposui
1403 2461 1581 2507 tamen
1612 2467 1708 2507 ua-

150 2559 236 2599 sum
276 2561 460 2603 secare
506 2546 769 2603 fetentem
805 2565 816 2600 :
854 2547 1045 2602 timeat
1090 2546 1182 2616 qui
1233 2556 1545 2601 strumosus
1598 2555 1703 2601 est.

150 2637 253 2705 Quid
278 2648 451 2696 tamen
478 2639 548 2694 ad
579 2648 630 2695 te
657 2631 751 2710 qui
780 2638 1036 2709 intelligis
1061 2647 1112 2693 te
1143 2639 1520 2694 innocentem?
1541 2636 1711 2693 Nemo

148 2730 467 2798 reprehendat
506 2730 653 2801 quod
695 2730 905 2801 aliquos
943 2739 1038 2785 aut
1076 2729 1379 2797 laudamus,
1407 2736 1499 2783 aut
1527 2729 1710 2799 carpi-

148 2834 399 2885 mus;cum
434 2830 494 2879 et
522 2823 578 2877 in
617 2823 909 2894 arguendis
942 2820 1102 2877 malis
1130 2821 1200 2877 sit
1227 2821 1505 2892 correptio
1533 2828 1711 2875 .cmte-

146 2926 305 2981 rerum,
334 2923 390 2970 et
421 2916 477 2969 in
517 2914 740 2986 optimis
785 2913 1148 2984 prmdicandis
1191 2914 1318 2969 boni
1356 2912 1421 2967 ad
1452 2914 1711 2967 virtutum

142 3003 279 3058 studia
302 3004 669 3061 concitentur.
700 3004 810 3059 Nos
839 3005 1005 3071 enim,
1055 3015 1112 3060 ut
1147 3004 1320 3067 scitis,
1353 3003 1709 3060 Hebraeorum

144 3096 333 3154 lectione
356 3098 597 3165 detenti,
639 3100 690 3152 in
716 3098 903 3152 Latina
947 3099 1130 3169 lingua
1160 3097 1461 3167 rubiginem
1495 3096 1713 3152 induxi-

1822 498 2033 551 scientia
2064 496 2145 569 (ll
2174 495 2292 555 Cor.
2319 513 2392 563 XI,
2429 497 2523 568 6).
2559 496 2641 552 Illi
2665 510 2959 569 utrumque
2990 512 3094 552 non
3133 496 3342 566 deerat,
3371 506 3428 555 ct

1822 606 1986 644 unum
2032 590 2311 646 humiliter
2356 591 2642 647 renuebat.
2674 590 2842 646 Nobis
2889 601 3183 663 utrumque
3231 591 3425 648 deest:

1822 684 1948 754 quia
1973 692 2026 738 et
2048 684 2192 755 quod
2216 686 2363 755 pueri
2390 686 2675 755 plausibile
2701 687 3084 754 habueramus,
3115 687 3428 747 amisimus:

1824 791 1922 831 nec
1966 776 2249 832 scientiam
2300 793 2461 847 quam
2492 778 2833 846 volebamus,
2881 778 3165 835 consecuti
3212 795 3421 849 sumus,

1816 867 1975 937 juxta
2013 867 2367 941 Esopianam
2402 869 2642 926 rabulam
2676 886 2691 927 :
2724 871 2852 927 dum
2897 886 3093 942 magna
3124 881 3424 941 sectamur,

1822 967 1985 1021 etiam
2020 967 2225 1021 minora
2260 966 2557 1037 perdimus.

1892 1058 2012 1113 Non
2043 1060 2514 1130 prolongabuntur
2538 1060 2678 1115 ultra
2704 1075 2983 1118 sermones
3006 1061 3110 1118 mei
3136 1076 3429 1133 quoscum-

1821 1166 1925 1222 que
1958 1151 2170 1222 loquor.
2218 1153 2290 1207 Ea
2322 1162 2543 1223 propter
2579 1169 2799 1223 moneo,
2834 1162 2889 1209 et
2917 1154 3053 1209 flens
3090 1169 3423 1227 gemensque

1820 1251 2120 1306 contestor,
2158 1252 2213 1298 ut
2244 1244 2369 1300 dum
2403 1246 2561 1313 hujus
2596 1245 2783 1301 mundi
2815 1244 2954 1300 viam
2987 1248 3283 1313 currimus,
3313 1264 3421 1303 non

1822 1335 2034 1392 duabus
2067 1337 2293 1405 tunicis,
2325 1337 2374 1393 id
2408 1348 2513 1405 est,
2548 1338 2755 1409 duplici
2782 1339 2965 1394 animo
2993 1338 3113 1411 [Αἰ.
3147 1338 3290 1412 ﬁde]
3322 1355 3420 1397 vc-

1821 1430 2051 1485 stiamur
2097 1446 2112 1487 :
2153 1446 2263 1485 non
2310 1430 2805 1485 calceamentorum
2857 1430 3105 1502 pedibus,
3158 1430 3419 1487 videlicet

1820 1528 2077 1595 Operihus
2126 1541 2530 1597 praegravemur
2569 1543 2582 1581 :
2626 1540 2731 1581 non
2779 1525 3096 1581 divitiarum
3140 1542 3306 1582 onera
3354 1526 3421 1582 ad

1819 1628 2021 1674 terram
2055 1629 2304 1690 premant
2334 1637 2348 1673 :
2374 1635 2480 1675 non
2513 1620 2701 1690 virgae,
2741 1619 2847 1676 hoc
2884 1631 2988 1687 est,
3024 1608 3282 1691 potentia:
3323 1636 3425 1676 sa:-

1820 1715 2046 1784 cularis,
2081 1724 2354 1785 qumratur
2396 1715 2661 1770 auxilium
2700 1734 2713 1771 :
2750 1730 2857 1771 non
2903 1716 3103 1785 pariter
3143 1715 3423 1772 Christum

1745 1801 1792 1862 Β
1819 1807 2049 1862 velimus
2080 1808 2279 1863 habere
2303 1816 2357 1862 et
2386 1809 2642 1863 szeculum
2675 1825 2688 1862 :
2713 1808 2806 1863 sed
2840 1825 2937 1880 pro
2960 1810 3219 1867 brevibus
3249 1820 3305 1867 et
3332 1826 3426 1866 ca-

1813 1898 1965 1953 ducis
1994 1906 2194 1953 aeterna
2246 1900 2564 1955 succedant.
2614 1900 2719 1956 Sed
2765 1909 2819 1955 et
2851 1916 3044 1972 precor
3085 1902 3176 1971 qui
3225 1901 3414 1958 ﬁdeles

1812 1991 1964 2057 estis,
2006 1998 2061 2045 ut
2093 1993 2164 2045 ita
2207 1992 2371 2046 vitam
2415 2002 2657 2047 nostram
2699 2004 2755 2049 et
2789 1995 3262 2051 conversationem
3305 2010 3423 2051 ser-

1810 2084 1971 2146 velis,
2002 2099 2069 2138 ne
2102 2084 2152 2137 in
2186 2083 2300 2153 ipsa
2332 2084 2415 2139 vel
2464 2083 2569 2153 ipsi
2616 2085 2933 2141 scandalum
2982 2087 3291 2157 patiamini,
3322 2087 3410 2143 vel

1812 2174 1932 2229 aliis
1958 2174 2275 2230 scandalum
2308 2174 2518 2230 faciatis
2552 2192 2564 2228 :
2592 2176 2685 2231 sed
2714 2177 2783 2230 sit
2806 2177 2857 2231 in
2890 2176 3045 2232 vobis
3083 2180 3422 2234 sumrni'slu-

1813 2266 1908 2333 dii,
1939 2282 2270 2337 surumzeque
2302 2266 2530 2321 cautela:
2558 2283 2572 2321 :
2603 2282 2669 2322 ne
2695 2268 2815 2338 quis
2840 2269 2891 2323 in
2928 2268 3065 2323 hane
3100 2279 3417 2325 sanctorum

1814 2359 2296 2429 congregationem
2342 2359 2575 2427 pollutus
2617 2358 2894 2415 introeat:
2928 2375 2997 2415 ne
3034 2360 3277 2430 quisquis
3325 2361 3418 2416 Je-

1813 2452 2031 2508 bnszeus
2076 2451 2281 2506 habitet
2328 2452 2378 2505 in
2412 2452 2587 2508 vobis.
2648 2452 2909 2508 Dominus
2954 2453 3111 2509 Jesus
3161 2464 3413 2509 conterat

1817 2542 2072 2599 Satanam
2107 2545 2207 2597 sub
2244 2542 2471 2612 pedibus
2503 2548 2701 2600 vestris
2734 2560 2745 2597 :
2781 2554 2836 2599 et
2871 2546 3170 2601 incolumes
3218 2561 3334 2609 vos,
3365 2555 3419 2602 et

1817 2638 2026 2708 prolixa
2057 2647 2217 2692 (etate
2258 2637 2538 2704 ﬂorentes,
2579 2639 2830 2693 Christus
2875 2639 3015 2694 Deus
3048 2652 3232 2694 noster
3266 2652 3414 2695 tuea-

1819 2739 1904 2782 tur
1927 2729 2291 2798 omnipotens.
2328 2728 2434 2784 Sed
2466 2737 2519 2784 et
2559 2727 2799 2799 Spiritus
2836 2741 3058 2785 sanctus
3088 2733 3245 2786 nobis
3277 2748 3419 2802 pra:-

1816 2828 1965 2875 stare
1999 2821 2281 2889 dignetur,
2317 2830 2376 2875 ut
2406 2822 2459 2875 iu
2493 2821 2594 2876 hoc
2637 2822 2837 2877 sreculo
2867 2822 3098 2879 factores
3132 2826 3420 2881 mandato-

1818 2929 1936 2969 rum
1970 2927 2195 2967 suorum
2229 2913 2430 2977 effecti,
2466 2914 2518 2967 in
2552 2914 2714 2983 hujus
2747 2916 2870 2970 vita:
2899 2931 3070 2985 agone
3108 2917 3339 2985 probati,
3367 2925 3422 2971 ct

1819 3007 2007 3062 ﬁdeles
2045 3007 2248 3061 inventi
2281 3007 2656 3076 spiritualihus
2697 3008 2962 3063 fructibus
2993 3010 3227 3077 dilatati,
3261 3017 3285 3045 ⁸
3328 3024 3423 3064 su-

1819 3100 2006 3170 pernis
2050 3114 2362 3154 mereamur
2407 3100 2625 3169 adjungi
2671 3102 3052 3157 concentibus.
3099 3100 3201 3172 Ipsi
3239 3102 3417 3172 gloria

141 3204 235 3244 mus
255 3208 268 3246 :
288 3192 559 3247 intentum
584 3200 642 3245 ut
666 3190 1011 3261 loquentibus
1032 3205 1248 3261 quoque
1271 3189 1468 3244 stridor
1491 3189 1708 3260 quidam
1740 3196 1784 3260 ο
1817 3201 1872 3247 et
1902 3192 2186 3262 imperium
2220 3206 2341 3246 cum
2368 3193 2557 3247 eodem
2577 3191 2782 3265 Spiritu
2806 3204 2996 3250 sancto
3021 3195 3073 3249 in
3096 3204 3287 3250 cuncta
3312 3209 3423 3251 sae-

142 3296 222 3337 non
248 3284 471 3340 Latinus
498 3287 875 3354 interstrcpat.
904 3283 1061 3341 Unde
1100 3283 1319 3355 ignosce
1347 3282 1609 3339 ariditati.
1640 3281 1709 3336 Et

1819 3285 1939 3341 cula
1968 3285 2317 3341 smculorum.
2361 3285 2559 3343 Amen.

191 3427 213 3459 ⁸
242 3418 572 3489 Eratantea,
617 3421 697 3475 Itis
732 3420 1109 3476 continentibus
1150 3436 1438 3477 mereamur
1463 3421 1683 3492 adjungi
1705 3436 1725 3475 :
1754 3420 1875 3494 ipsi,
1903 3430 2012 3478 etc.

3006 3582 3393 3608 —-—-—_‘

484 3680 1101 3767 APPENDIX
1172 3682 1333 3765 AD
1410 3681 2007 3767 REGULAM
2081 3684 3032 3776 PRIECEDENTEM.

1586 3836 1938 3857 ἡ

344 3978 649 4038 ΗΑΒΤΙΝΙ
680 3978 724 4035 ν
774 3979 836 4034 Ρ.
867 3978 941 4035 Μ.
974 3976 1433 4036 APPROBATIO.
1518 4034 1519 4037 η

188 4066 433 4129 lhrtinus
481 4071 775 4143 cpiscopus
816 4087 1008 4127 servus
1052 4087 1337 4128 servorum
1376 4071 1470 4127 Dei
1509 4070 1710 4129 dilecto

132 4162 223 4219 filio
258 4164 412 4237 Lupo
466 4165 537 4221 de
570 4164 793 4220 Olmeto
823 4206 838 4232 ,
888 4165 1181 4235 praapOsito
1226 4166 1467 4235 generali
1501 4164 1710 4221 ordinis

132 4259 497 4316 monachorum
531 4258 592 4315 S.
628 4259 979 4331 Hieronymi,
1006 4260 1240 4316 salutem
1262 4269 1319 4317 et
1354 4260 1708 4331 apostolicam

128 4346 568 4409 benedictionem.

192 4444 241 4501 Ι.
276 4443 369 4501 Pia
393 4462 503 4503 nos
533 4448 756 4516 excitat,
790 4456 846 4504 et
873 4447 1081 4504 inducit
1112 4447 1349 4513 alfectio,
1392 4456 1451 4503 ut
1480 4448 1713 4504 sincerae

126 4534 404 4596 devotionis
451 4542 815 4611 propositum,
868 4557 978 4612 quo
1027 4541 1241 4611 gloriosi
1286 4541 1346 4597 S.
1398 4540 1710 4612 llieronymi
1750 4562 1751 4565 η

129 4628 413 4687 doctrinam
459 4642 515 4687 et
558 4634 727 4686 vitam
763 4632 1111 4687 mouaehalcs
1142 4632 1340 4686 imitari
1371 4632 1711 4702 contempla-

1814 3995 1975 4050 quem
2029 3981 2149 4052 ipse
2188 3982 2249 4039 S.
2300 3983 2663 4058 Hieronymus
2704 4001 2824 4043 cum
2872 3989 2988 4046 suis
3039 3994 3318 4050 monachis
3364 4004 3421 4053 et

1816 4072 2073 4131 fratribus
2094 4076 2401 4147 professum
2422 4078 2612 4146 fuisse,
2641 4089 2697 4135 et
2724 4081 2777 4135 in
2800 4085 3070 4138 communi
3097 4085 3420 4147 observasse

1815 4168 2164 4239 perhibetur,
2197 4173 2404 4243 vivere,
2435 4183 2492 4230 et
2533 4182 2592 4229 ut
2621 4190 2819 4232 nomen
2869 4178 3143 4248 gerebatis
3172 4182 3417 4250 ejusdem

1817 4262 2016 4329 sancti,
2057 4264 2140 4320 sic
2178 4265 2298 4335 ejus
2328 4267 2516 4335 vitam,
2551 4269 2814 4339 regulam,
2844 4279 2900 4326 et
2929 4285 3095 4341 opera
3139 4273 3421 4333 desidera-

1816 4353 1957 4410 hatis
1984 4354 2205 4414 imitari.
2237 4358 2353 4415 Nos
2395 4368 2523 4415 tunc
2554 4360 2861 4430 huiusmodi
2906 4367 3243 4435 propositum
3286 4384 3423 4427 con-

1816 4445 2063 4517 dignum,
2096 4459 2150 4504 et
2180 4450 2378 4507 rationi
2410 4468 2716 4509 consonum
2752 4470 3119 4527 recensentes,
3158 4462 3249 4515 tibi
3280 4464 3423 4520 inter

1816 4548 2035 4607 cetera,
2062 4550 2119 4596 ut
2156 4544 2395 4612 regulam
2431 4544 2646 4601 vivendi
2690 4547 2743 4602 in
2773 4552 3137 4620 monasteriis,
3191 4558 3243 4610 in
3286 4575 3421 4627 qua-

1814 4632 1938 4687 dam
1978 4635 2204 4704 epistola
2260 4636 2327 4692 ad
2372 4639 2725 4696 Eustochium
2757 4650 2811 4699 et
2855 4646 3144 4715 moniales,
3176 4666 3297 4721 qua:
3336 4651 3420 4708 in-

128 4720 253 4780 tione
284 4724 517 4791 studes,
558 4725 773 4780 assidua
816 4726 1055 4793 paternis
1080 4724 1359 4780 alTeCtibus
1392 4740 1724 4796 prosequen-
1751 4703 1801 4763 Β
1827 4726 1960 4795 cipit
2000 4703 2025 4780 :7
2060 4726 2347 4797 Tcpescens
2394 4732 2448 4784 in
2486 4733 2726 4787 membris
2770 4735 3055 4805 proclivum
3097 4703 3307 4812 corpus,

130 4820 223 4880 tes,
274 4818 425 4873 votis
471 4816 581 4873 tuis
616 4817 776 4886 justis
803 4826 857 4872 et
884 4818 1153 4883 honestis,
1180 4831 1275 4886 per
1299 4832 1422 4887 quae
1456 4818 1722 4888 regularis

124 4914 167 4960 ει
199 4910 551 4977 malis
578 4911 950 4976 observantia,
982 4910 1082 4965 sub
1121 4926 1224 4980 qua
1256 4910 1490 4965 Sanctus
1520 4912 1635 4979 ipse
1664 4910 1717 4967 in

126 4994 435 5058 tumulo
464 5016 563 5057 sua
601 5000 796 5057 devota
829 5002 1093 5057 altissimo
1123 4999 1438 5056 exhibuisse
1465 5016 1718 5071 compro-

127 5088 263 5151 δεῖν
284 5092 592 5165 obsequia,
622 5095 679 5150 in
704 5094 804 5149 Dei
832 5094 1079 5150 Ecclesia
1110 5095 1419 5165 prepagari,
1444 5094 1717 5168 digneque

122 5188 351 5244 venerari
397 5189 616 5258 valeat,
658 5190 951 5260 benignum
987 5200 1042 5245 et
1079 5190 1403 5246 benevolum
1430 5192 1711 5261 impertia-

124 5290 223 5336 m
242 5294 578 5339 mensum.

176 5370 227 5427 ἓ.
265 5373 504 5430 Dudum
534 5373 805 5445 siquidem
829 5375 971 5432 inter
996 5373 1099 5431 alia
1122 5375 1189 5430 ad
1214 5384 1458 5433 nostram
1487 5376 1713 5435 audien-

124 5462 567 5540 liaperducto,
608 5468 752 5538 quod
781 5477 857 5535 tu,
891 5477 947 5524 et
989 5470 1234 5541 plerique
1278 5470 1371 5526 alii
1427 5470 1622 5528 fratres
1651 5473 1711 5529 S.

126 5556 431 5636 Hieronymi
480 5563 848 5621 communiter
902 5564 1233 5634 nuncupati,
1278 5565 1380 5620 sub
1426 5566 1611 5637 regula
1660 5568 1716 5624 S.

129 5652 401 5725 Διευύηὶ
454 5651 733 5721 viventes,
768 5655 888 5710 zelo
934 5656 1239 5711 devotionis
1278 5660 1514 5723 accensi,
1559 5668 1613 5715 et
1656 5660 1726 5716 ob

128 5742 319 5818 in“.
346 5748 518 5805 ,τίω
554 5748 802 5805 melioris
850 5751 1055 5806 arctius
1092 5758 1150 5806 et
1188 5752 1518 5821 perfectius,
1567 5768 1729 5825 quam

131 5837 299 5915 tanta
314 5839 572 5902 dictaret
595 5839 924 5923 bujusmodi,
944 5854 998 5904 et
1017 5843 1073 5901 in
1090 5858 1222 5904 vero
1240 5853 1384 5906 statu
1402 5846 1736 5930 monachali,

1826 4818 2086 4872 asseritur
2114 4819 2344 4887 directa,
2390 4830 2726 4891 contentam,
2759 4836 2810 4881 et
2852 4830 3217 4901 designatum,
3256 4851 3415 4903 quam

1822 4908 1999 4964 dictus
2031 4909 2090 4966 S.
2125 4911 2487 4985 Hieronymus
2531 4924 2657 4972 tunc
2697 4933 2725 4971 a
2770 4919 3047 4993 plerisque
3092 4925 3235 4979 inter
3283 4926 3419 4984 alias

1822 5017 1953 5057 suas
2000 5003 2262 5074 epistolas
2305 5007 2543 5064 edidisse
2580 5018 2636 5066 et
2674 5015 3064 5084 conscripsisse
3111 5016 3413 5090 dicebatur,

1819 5098 2274 5169 quandocumque
2294 5099 2388 5156 tibi
2408 5101 2684 5160 videretur
2701 5105 2752 5161 in
2769 5108 3004 5177 regulam
3023 5111 3413 5171 monachorum

1821 5192 2184 5249 Eremitarum
2216 5194 2457 5265 ejusdem
2488 5196 2704 5265 Sancti,
2730 5201 2781 5255 in
2814 5202 2991 5255 locum
3024 5202 3187 5260 dicta:
3214 5208 3414 5277 regulae

1821 5286 1879 5341 S.
1912 5284 2198 5354 Augustini
2240 5289 2520 5358 suscipere
2563 5307 2752 5361 posses
2777 5334 2792 5357 ,
2832 5293 3045 5363 plenam
3077 5310 3132 5354 et
3164 5299 3411 5370 liberam,

1821 5394 1919 5449 per
1940 5380 2074 5436 alias
2092 5388 2306 5437 nostras
2338 5382 2567 5450 litteras,
2585 5400 2715 5455 quas
2737 5395 2791 5441 et
2812 5401 2999 5445 earum
3024 5400 3241 5450 tenores
3272 5411 3417 5465 prse-

1823 5473 2072 5529 sentibus
2099 5473 2287 5530 haberi
2326 5476 2574 5532 volumus
2599 5493 2695 5549 pro
2721 5485 3012 5550 expressis.
3047 5488 3415 5545 concessimus

1827 5565 2140 5623 facultatem
2161 5586 2175 5623 :
2193 5584 2289 5639 pro
2304 5569 2430 5625 utin
2444 5569 2648 5627 eisdem
2663 5566 2853 5631 litteris
2868 5578 3075 5646 plenius
3087 5581 3416 5642 continetur.

1904 5664 1960 5719 '5.
2000 5659 2134 5718 Cum
2183 5672 2366 5719 autem
2424 5665 2564 5721 sicut
2602 5666 2838 5725 exhibita
2884 5674 3043 5730 nobis
3095 5692 3285 5746 nuper,
3321 5696 3425 5751 pro

1834 5764 1990 5827 parte
2019 5765 2108 5813 tua
2140 5756 2330 5828 petitio
2359 5758 2698 5829 continebat,
2736 5778 2763 5817 a
2793 5767 3065 5824 nonnullis
3092 5780 3339 5831 vertatur
3370 5777 3428 5841 in

1838 5848 2089 5927 dubium,
2120 5865 2189 5911 an
2229 5848 2349 5927 ipse
2378 5850 2436 5914 S.
2480 5851 2843 5933 Hieronymus
2888 5859 3089 5924 dictam
3138 5864 3429 5944 epistolam
