3918 6294
482 212 590 272 3S7
1532 214 1592 273 S.
1632 210 2020 276 lllERONYMI

2131 214 2343 276 'ERUM
2380 216 2745 278 MANTISSA.
3595 232 3678 295 333

480 329 744 397 ediderit;
779 339 942 401 tuque
973 341 1257 401 propterea
1288 329 1501 385 vivendi
1535 348 1779 388 normam
1815 336 1868 389 in
1896 350 1983 399 ea,
2015 343 2070 388 ιιι
2098 336 2151 395 Α
2177 351 2335 405 quant
2385 337 2625 405 regulam
2668 335 2973 407 huiusmodi
3024 334 3325 408 tradideris,
3365 343 3684 418 ptthlicareris,

479 422 769 495 praefertur
811 426 1098 490 traditant,
1139 441 1235 495 pro
1266 425 1488 480 statutis
1522 424 1801 482 dumtaxat
1833 427 2073 499 ejusdem
2179 439 2236 483 ut
2270 428 2576 498 prtefcrtur,
2607 445 2672 484 ex
2708 438 2838 485 tunc
2872 440 2950 495 ιιι,
2983 430 3211 500 priores,
3244 435 3485 505 monachi,
3516 439 3689 509 fratres,

478 519 705 585 ordinis,
740 528 796 574 et
825 535 929 574 non
981 519 1219 589 regulam
1272 520 1533 575 hactenus
1589 522 1921 589 sust'eperis,
1976 520 2072 576 sed
2178 530 2232 575 ct
2265 536 2508 589 perStintB
2554 522 2797 592 pr;t:dieti
2838 522 3065 585 ordinis.
3107 524 3384 582 secundum
3428 529 3551 585 illam
3589 544 3685 590 tota

479 612 654 665 stabili
697 611 876 690 potius
932 611 1281 666 fundamento
1332 629 1431 681 pro
1481 612 1824 669 institutione
1876 617 2076 681 reguhu
2180 614 2491 684 print-ipalia
2529 616 2808 685 religionis
2841 614 3146 686 huiusmodi
3185 620 3450 688 emittere,
3495 627 3691 693 proliteri

475 705 716 773 ejusdem
750 706 935 760 Sancti
971 706 1194 775 provide
1227 722 1324 776 per
1352 717 1403 761 te
1431 716 1709 777 suscepto,
1749 724 1815 762 ex
1845 708 2078 762 diversis
2183 719 2239 764 et
2271 710 2452 765 vivere
2476 711 2793 769 tetteantini.

474 796 724 865 epistolis
754 804 810 851 et
855 794 1174 852 tractatihus
1208 814 1304 868 per
1343 797 1547 853 dictum
1592 801 1649 855 S.
1685 800 2073 872 Hieronymum
2251 803 2303 857 7.
2349 802 2563 872 Vosque
2591 811 2646 858 et
2683 817 2866 857 mores
2902 811 3118 860 vestros
3165 811 3265 858 tam
3312 805 3473 862 eidem
3517 784 3699 879 regula,

475 889 658 954 editis,
688 901 737 945 et
772 906 867 959 per
900 892 1197 947 Ecclesiattt
1229 892 1565 963 approbatis,
1601 897 1855 949 nonnulla
1889 912 2073 950 veram
2176 912 2337 967 quant
2366 896 2529 951 etiam
2563 895 2705 951 illius
2736 894 3022 961 doctrina),
3054 904 3109 952 et
3140 897 3385 953 ittStitutis
3428 899 3475 953 itt
3511 900 3697 970 quadam

472 982 753 1059 religionis
785 985 1118 1052 doctrinam,
1160 988 1436 1057 vitamque
1478 990 1879 1058 monachalem,
1913 1007 2073 1061 quam
2178 989 2407 1060 cpistola
2435 1006 2530 1059 per
2568 1002 2816 1045 sanctum
2847 990 3137 1045 Eusebium
3167 989 3469 1061 discipulum
3504 992 3703 1061 ejusdem

471 1074 614 1131 idem
644 1076 877 1133 Sanctus
903 1094 1025 1134 cum
1052 1080 1165 1134 suis
1194 1080 1477 1136 monachis
1508 1093 1561 1137 et
1597 1082 1857 1138 fratribus
1882 1084 1935 1138 in
1959 1086 2077 1153 eius
2178 1085 2350 1139 sancti
2380 1082 2695 1154 Hieronymi
2726 1083 2790 1136 ad
2828 1083 3117 1136 Damasum
3159 1083 3456 1152 episc0pnm
3486 1083 3707 1141 Parmen-

468 1167 573 1223 vita
606 1170 657 1224 in
706 1171 1012 1236 communi,
1044 1187 1155 1239 quo
1188 1171 1253 1228 ad
1301 1187 1362 1227 ea
1411 1191 1531 1243 qua:
1585 1174 1910 1245 principalia
1945 1185 2077 1231 sunt
2178 1191 2292 1232 sem
2318 1188 2372 1231 et
2398 1174 2751 1232 Theodorum
2782 1175 3085 1231 [totttanum
3118 1186 3435 1243 senatorem,
3460 1176 3523 1233 de
3546 1174 3638 1232 vita
3666 1186 3709 1236 et

468 1272 663 1330 status,
698 1275 751 1319 et
781 1265 910 1319 vitm
940 1264 1300 1332 tnonacltalis,
1347 1282 1445 1339 per
1472 1268 1638 1323 multa
1686 1280 1741 1324 et
1782 1286 1957 1341 usque
2005 1270 2074 1326 ad
2176 1270 2420 1326 doctrina
2444 1270 2749 1342 religionis,
2769 1285 2832 1326 ac
2848 1270 3021 1334 obitu,
3043 1277 3096 1327 et
3118 1271 3555 1342 tttiraculiSipsius
3574 1273 3709 1327 sancti

468 1353 647 1409 obitus
675 1354 760 1409 sui
808 1366 1055 1425 tempora
1086 1357 1420 1423 observavit,
1455 1371 1507 1415 et
1534 1359 1755 1432 aliquos
1804 1363 1946 1417 alios
1978 1364 2077 1419 ob-
2177 1356 2493 1435 Hieronymi
2519 1363 2787 1418 destinata
2816 1354 3108 1429 contentis,
3153 1378 3360 1418 necnon
3386 1380 3473 1434 per
3500 1363 3713 1420 eumdem

469 1464 690 1505 servare
725 1450 955 1519 monuit,
989 1453 1327 1508 continentia
1373 1455 1706 1522 extraxeris,
1738 1458 2077 1527 compilave—
2178 1455 2235 1511 S.
2272 1454 2657 1526 Hieronymum
2687 1454 2814 1510 dum
2849 1456 2900 1511 itt
2936 1457 3196 1510 extremis
3227 1467 3406 1526 ageret
3434 1454 3537 1511 Suis
3563 1471 3717 1511 mona-

468 1542 567 1609 ris,
604 1551 661 1597 et
687 1541 836 1597 velut
863 1536 1112 1599 inuitum
1139 1561 1339 1616 corpus
1367 1547 1470 1601 sub
1501 1547 1668 1603 certis
1704 1549 1878 1604 titulis
1914 1550 2074 1605 redu-
2177 1547 2293 1602 chis
2321 1564 2423 1618 pro
2473 1546 2820 1602 observantia
2867 1546 3129 1618 regulari,
3174 1554 3229 1602 et
3272 1546 3390 1601 vitae
3432 1548 3717 1618 integritate,

466 1637 637 1704 xeris,
683 1636 785 1692 sub
830 1637 1026 1709 quibus
1068 1648 1147 1704 lu,
1194 1650 1249 1695 et
1294 1639 1539 1712 plerique
1587 1642 1679 1696 alii
1720 1643 1967 1698 monachi
2020 1653 2074 1698 et
2178 1640 2654 1709 sanctimoniaque
2686 1640 2914 1707 relictis,
2944 1642 3289 1697 contormare
3319 1641 3566 1697 debeatis.

465 1729 664 1784 fratres
704 1729 837 1785 dicti
884 1732 1113 1798 ordinis,
1171 1731 1453 1789 Altissimo
1501 1733 1867 1802 concedente,
1921 1735 2073 1793 vobis
2106 1720 2153 1783 Β
2252 1734 2305 1787 8.
2360 1733 2427 1787 Et
2479 1734 2832 1789 nihilominus
2881 1750 2949 1789 ne
3001 1733 3308 1804 huiusmodi
3357 1734 3528 1803 regula
3566 1749 3646 1802 per
3681 1745 3722 1789 te

465 1824 628 1877 etiam
657 1838 823 1895 super
868 1823 970 1880 hoc
1001 1826 1281 1894 apostolici
1316 1825 1516 1882 favoris
1564 1827 1895 1900 suffragante
1934 1846 2072 1897 prte-
2176 1824 2520 1894 suscipienda
2548 1866 2562 1888 ,
2614 1834 2669 1879 et
2715 1824 2837 1879 aliis
2890 1824 3177 1881 monachis
3225 1824 3476 1880 tradenda
3512 1826 3722 1894 cuiquam

463 1916 624 1978 sidio,
657 1918 725 1973 de
751 1928 949 1975 cmtero
972 1919 1192 1991 degere,
1224 1929 1278 1975 et
1313 1908 1653 1991 permanere,
1688 1937 1753 1977 ac
1784 1923 1875 1977 illa
1906 1923 1958 1978 in
1985 1940 2010 1978 r

2173 1916 2395 1971 nimium
2432 1917 2611 1985 gravis
2645 1918 2925 1987 appareat,
2966 1927 3061 1971 aut
3093 1931 3326 1972 onerosa
3349 1958 3363 1984 ,
3397 1917 3653 1983 volumus,
3677 1927 3720 1971 ct

461 2011 638 2080 gulam
665 2009 941 2083 suscipere
975 2013 1276 2082 proponitis
1304 2024 1358 2068 et
1385 2014 1545 2069 etiam
1574 2012 1859 2070 affectetis.
2168 2010 2359 2066 eadem
2405 2010 2503 2064 tibi
2542 2009 2867 2066 auctoritate
2906 2010 3292 2074 concedimus,
3330 2012 3468 2081 quod
3515 2012 3725 2082 priores,

532 2106 591 2161 Δ.
635 2106 736 2160 Pro
762 2115 1028 2175 partettta
1052 2107 1210 2162 nobis
1233 2106 1630 2163 fuitltumiiiter
1676 2108 2064 2180 supplicatum,
2170 2105 2442 2165 monachi.
2479 2103 2704 2173 fratres,
2752 2115 2805 2159 et
2850 2120 3097 2174 persome
3131 2104 3426 2176 prazdicttr,
3470 2114 3556 2158 aut
3581 2104 3645 2157 illi
3676 2118 3729 2158 ex

463 2206 521 2253 ttt
546 2214 642 2266 per
674 2207 725 2253 te
756 2209 1025 2264 extracta,
1056 2206 1113 2254 et
1142 2200 1455 2268 compilata,
1489 2200 1541 2254 in
1573 2200 1791 2254 modum
1825 2202 2063 2268 vivendi,
2168 2200 2270 2265 eis,
2306 2198 2393 2268 qui
2428 2198 2667 2268 regulam
2702 2198 3011 2267 huiusmodi
3043 2200 3384 2267 susceperint
3413 2240 3426 2260 ,
3459 2197 3593 2251 illam
3615 2241 3628 2265 ,
3655 2202 3732 2250 aut

461 2302 511 2346 et
547 2296 771 2347 formam
802 2292 1003 2361 regula:
1046 2292 1384 2360 huiusmodi,
1430 2292 1523 2347 tibi
1566 2302 1621 2348 et
1655 2295 2065 2350 successitrihus
2169 2292 2433 2357 instituta,
2469 2304 2524 2347 et
2571 2290 2875 2347 doctrinam
2926 2292 2979 2346 itt
3027 2291 3263 2362 epistola
3311 2290 3547 2360 ejusdem
3583 2289 3730 2344 Sancti

459 2385 568 2440 tuis
615 2387 941 2455 prmpositis,
975 2401 1039 2440 ac
1080 2387 1356 2449 omnibus,
1392 2395 1446 2440 et
1484 2386 1714 2453 singulis
1757 2386 2060 2455 prioribus,
2165 2383 2425 2447 Eusebii,
2462 2380 2546 2439 vel
2593 2384 2769 2454 aliqua
2810 2395 3069 2439 contenta
3105 2387 3157 2439 itt
3204 2384 3417 2439 eisdem
3444 2382 3734 2453 quandoque

462 2477 765 2544 monachis,
818 2478 1095 2544 fratribus,
1132 2489 1182 2532 et
1230 2477 1478 2547 personis
1505 2476 1636 2531 dit-ti
1678 2479 1893 2532 ordinis
1923 2494 2060 2547 prte-
2166 2474 2398 2528 humana
2444 2476 2773 2545 fragilitate,
2815 2488 2906 2530 aut
2958 2477 3281 2533 inﬁrmitate
3332 2484 3610 2540 causante,
3646 2476 3732 2533 seu

464 2572 728 2637 Sentibus,
765 2581 821 2627 et
856 2571 1071 2639 futuris,
1115 2570 1208 2642 qui
1239 2570 1292 2626 itt
1326 2572 1422 2625 illi)
1452 2572 1656 2635 vivere,
1688 2581 1744 2627 et
1786 2573 2062 2628 Altissimo
2163 2566 2300 2621 alias
2347 2576 2452 2621 tam
2494 2572 2685 2622 exacte
2727 2579 2891 2638 prout
2932 2570 3171 2624 traditur
3233 2570 3286 2625 itt
3334 2569 3537 2626 eisdem
3580 2568 3739 2627 obser-

463 2664 713 2721 fatttttlari
746 2666 1018 2719 voluerint
1055 2669 1106 2720 in
1149 2666 1326 2720 locum
1360 2666 1520 2721 diem:
1553 2666 1753 2731 regula:
1796 2667 1853 2723 S,
1882 2671 2062 2738 Aug"-
2163 2673 2292 2715 vare
2347 2661 2716 2731 nequiverint,
2768 2678 2874 2715 non
2919 2669 3209 2732 propterea
3266 2660 3515 2717 mortalis
3563 2660 3736 2730 peccati

458 2761 582 2816 stini
629 2760 984 2831 suscipiendi,
1032 2775 1094 2815 ac
1121 2759 1324 2815 dictum
1356 2760 1605 2815 ordinem
1643 2759 1702 2815 S.
1746 2760 2058 2832 Hieronymi
2163 2758 2382 2811 vinculo
2410 2759 2520 2812 sint
2548 2757 2717 2829 ligati,
2743 2758 2839 2814 sed
2874 2775 2968 2829 per
2995 2774 3122 2814 suos
3156 2759 3481 2828 superiores
3507 2756 3741 2827 corporali

458 2852 742 2925 promendi
774 2862 1121 2923 potestatem,
1146 2868 1209 2907 ac
1236 2852 1508 2906 licentiam
1533 2852 1838 2909 concedere
1870 2854 1936 2908 de
1960 2855 2056 2910 be-
2161 2848 2445 2904 dumtaxat
2491 2865 2646 2918 uena
2672 2894 2688 2917 ,
2722 2866 2822 2920 qua
2867 2853 3119 2921 congruit
3177 2852 3541 2922 precedatnr,
3582 2850 3740 2919 eisque

458 2947 721 3016 nignitate
755 2946 1049 3016 apos:o'ica
1081 2946 1448 3015 dignarentur.
2161 2957 2263 3013 pro
2292 2958 2543 3010 exceSsu,
2578 2953 2634 2999 et
2673 2946 3141 3013 transgressione,
3180 2963 3248 3002 ac
3282 2962 3384 3017 pro
3418 2946 3575 3001 modo
3601 2946 3746 3013 (‘ttlpm

529 3041 582 3095 5.
624 3040 733 3094 Nos
762 3041 928 3108 igitur
949 3038 1319 3106 hujuscemodi
1349 3038 1652 3108 regularem
1684 3048 1738 3093 et
1766 3038 2056 3094 monacha—
2097 3108 2121 3111 _
2162 3034 2367 3106 iniungi
2399 3036 2579 3091 Valeat
2612 3037 2925 3105 paenitentia
2961 3038 3224 3095 salutaris
3249 3083 3266 3109 ,
3297 3055 3464 3111 quant
3498 3036 3746 3092 humiliter

454 3131 561 3188 lem
592 3130 998 3186 observantiam
1020 3129 1147 3184 dicti
1180 3129 1235 3185 S.
1276 3129 1589 3201 Hieronymi
1620 3130 1967 3199 laudabilem,
1999 3143 2055 3188 et
2080 3108 2127 3172 Ο
2159 3131 2434 3199 suscipere
2460 3142 2515 3185 et
2542 3131 2844 3202 adimplere
2868 3140 3183 3188 teneantur.

457 3226 509 3277 in
544 3224 648 3277 vita
682 3225 801 3291 ejus
830 3240 925 3294 per
947 3226 1118 3293 ipsum
1146 3224 1490 3279 observatam
1522 3225 1715 3280 merito
1748 3227 2049 3295 laudantes,
2229 3224 2284 3279 9.
2319 3224 2579 3295 Quodque
2610 3237 2688 3291 tu,
2722 3235 2776 3281 et
2807 3242 3165 3283 successuros
3212 3228 3293 3282 tui
3330 3227 3605 3298 praepositi
3636 3221 3743 3278 dicti

455 3327 511 3372 ct
548 3317 932 3386 approbantes,
962 3317 1213 3387 illamque
1240 3316 1291 3370 in
1328 3317 1421 3371 Dei
1446 3316 1687 3375 Ecclesia
1718 3318 1769 3373 itt
1802 3320 2050 3374 ordinem
2154 3317 2364 3372 Ordinis
2397 3319 2784 3373 tttonachorum
2816 3318 2939 3373 illos
2965 3336 3029 3374 ex
3062 3322 3377 3389 prioribus,
3412 3319 3683 3375 monachis
3704 3326 3749 3371 et

458 3408 831 3464 monachalem
862 3409 1061 3469 attolli,
1098 3418 1151 3462 et
1178 3408 1456 3463 observari
1504 3410 1732 3464 intensis
1768 3406 2051 3466 desideriis
2154 3409 2415 3466 fratribus
2438 3411 2713 3480 pra'dictis
2736 3412 2826 3481 qui
2857 3412 3105 3468 ordinem
3139 3414 3328 3482 ipsum
3354 3413 3471 3483 iam
3502 3413 3602 3467 sub
3625 3411 3745 3466 dicta

456 3502 792 3569 affer-tantes,
845 3517 1052 3557 necnon
1097 3503 1185 3572 pio
1226 3513 1281 3557 et
1333 3506 1551 3559 sincero
1597 3512 1703 3559 tua:
1739 3503 2051 3560 devotionis
2154 3506 2340 3576 regula
2368 3506 2427 3560 S.
2461 3507 2745 3576 Augusdni
2782 3506 3012 3576 professi
3046 3518 3175 3563 sunt
3202 3550 3219 3571 ,
3263 3523 3333 3563 ac
3376 3517 3602 3578 propter
3627 3505 3758 3561 infir-

454 3601 730 3671 proposito
772 3607 923 3671 grato
955 3609 1340 3655 concurrentes
1378 3614 1629 3663 assensu,
1671 3598 2047 3669 hujuscemodi
2152 3600 2394 3651 tnitatem
2427 3596 2759 3666 huiusmodi,
2789 3614 2884 3653 seu
2912 3599 3100 3666 quavis
3132 3600 3249 3653 alia
3288 3599 3360 3655 de
3391 3615 3555 3656 cau5a
3584 3598 3646 3652 ad
3673 3598 3757 3651 oh-

453 3710 670 3765 quoque
721 3692 1209 3763 supplicationibus
1251 3692 1526 3759 inclinati,
1574 3693 1889 3749 discretioni
1940 3706 2046 3750 tua:
2148 3686 3178 3761 3?|'V31!dllﬂlltiljlhll]0dil‘t‘gtilﬁms.
3223 3674 3560 3764 Hieronymi
3594 3690 3761 3744 scim-7

450 3789 786 3856 doctrinam,
818 3797 872 3841 et
905 3786 1149 3840 instituta
1179 3788 1515 3842 monachalia
1542 3789 1784 3857 ejusdem
1822 3789 1875 3843 S.
1917 3790 2045 3844 Hie-
2148 3792 2400 3853 petentes
2415 3786 2708 3851 senserint,
2728 3793 2820 3839 aut
2841 3785 2976 3839 alias
2993 3800 3116 3840 eam
3145 3796 3456 3856 acceptare
3481 3784 3757 3846 noluerim,

450 3880 695 3952 ronymi,
728 3890 884 3949 prout
923 3894 1018 3948 per
1057 3890 1107 3933 te
1139 3879 1365 3933 Domino
1399 3878 1701 3947 inspirante
1737 3897 1802 3934 ex
1837 3880 2042 3936 eisdem
2147 3886 2205 3931 ut
2227 3880 2328 3932 sub
2360 3878 2486 3942 illis,
2519 3879 2725 3947 regula,
2758 3878 3128 3941 observantia,
3163 3889 3225 3934 et
3255 3877 3593 3935 obedientia
3618 3891 3760 3947 regn-

448 3972 714 4041 epismlis,
750 3984 801 4026 et
828 3972 1169 4032 tractatibus,
1198 3978 1254 4024 nt
1280 3971 1650 4040 ptmntittitnr,
1686 3982 1791 4026 neu
1822 3972 2045 4027 mutatis
2146 3970 2347 4025 laribus
2370 4012 2384 4034 ,
2426 3968 2530 4023 sub
2569 3971 2762 4036 quibus
2793 3985 2888 4025 eos
2922 3982 2974 4024 ιιι
3016 3970 3307 4027 hactenus
3341 3969 3542 4027 texisti
3570 4016 3583 4038 ,
3607 3979 3659 4026 et
3682 3984 3766 4039 gn-

446 4065 733 4119 ‘sententiis
764 4073 1029 4130 extracta,
1061 4064 1349 4133 compilata
1380 4074 1434 4119 et
1480 4064 1703 4120 reducta
1735 4075 1880 4128 sunt,
1923 4066 2042 4122 loco
2142 4060 2384 4117 hernasu
2413 4101 2426 4125 ,
2470 4062 2631 4116 etiam
2669 4063 2739 4117 de
2779 4071 2981 4117 caueto
3031 4076 3239 4132 regere
3267 4105 3283 4129 ,
3328 4076 3390 4118 et
3437 4064 3682 4135 metu!
3711 4075 3764 4125 εν

448 4155 651 4224 regulae
678 4154 737 4209 S.
779 4153 1066 4223 Augustini
1100 4161 1155 4206 et
1192 4164 1514 4208 statutorum
1549 4155 1600 4208 itt
1644 4156 1875 4223 epistola
1898 4166 2042 4210 con;
2143 4157 2354 4226 ipsique
2378 4157 2429 4210 in
2475 4156 2586 4210 illis
2610 4170 2914 4223 remanere,
2946 4164 3002 4211 et
3026 4153 3342 4212 A-ltlssitno
3374 4154 3652 4211 famulari.

448 4258 742 4309 tentur-nm,
775 4245 1084 4313 huiusmodi
1112 4243 1166 4297 in
1200 4248 1438 4313 regulam
1474 4246 1848 4302 ntottachalent
1887 4246 2036 4301 ordi-
2225 4252 2313 4307 lt).
2336 4250 2475 4306 Cum
2503 4251 2583 4306 eis
2612 4258 2845 4322 quoque,
2880 4254 3126 4306 acetiam
3164 4250 3321 4317 illis,
3353 4251 3450 4322 qui
3483 4247 3770 4305 secundum

447 4339 532 4395 nis
570 4338 960 4393 monachorum
1002 4338 1363 4392 Erentitarutn
1416 4337 1546 4392 dicti
1582 4332 1639 4393 S.
1678 4338 2034 4410 Hieronymi,
2141 4344 2315 4411 ipsum
2363 4345 2602 4413 regulam
2652 4347 2711 4400 δ,
2757 4345 3108 4415 Hieronymi,
3158 4354 3223 4399 et
3276 4354 3341 4399 ut
3389 4340 3686 4414 prmfertur
3720 4342 3769 4394 in

444 4434 600 4501 ettius
642 4442 693 4485 tu
725 4431 841 4501 ipse
881 4433 1157 4501 professus
1204 4432 1414 4490 existis.
1466 4431 1721 4501 illamque
1768 4432 1930 4485 vitam
1980 4432 2032 4486 in
2061 4497 2107 4507 _
2144 4449 2419 4504 posterum
2453 4448 2552 4506 pro
2580 4446 2828 4506 tempore
2853 4436 3287 4506 prtifltehttntur,
3321 4453 3469 4493 casu
3502 4438 3689 4507 aliqua
3712 4431 3774 4488 de

444 4527 693 4582 ordinem
735 4526 1043 4593 huiusmodi
1086 4523 1443 4595 siiscipiettt‘li,
1489 4537 1551 4576 ac
1580 4524 1752 4593 ipsam
1786 4527 2026 4594 regulam
2061 4497 2114 4558 Β
2143 4534 2433 4602 prmntissis
2456 4576 2470 4601 ,
2502 4542 2593 4585 attt
2623 4531 2725 4585 alia
2771 4530 3075 4585 rationalii
3118 4546 3304 4587 causa
3338 4575 3354 4597 ,
3402 4533 3479 4588 de
3513 4546 3620 4602 qua
3664 4527 3775 4592 til‘i.

443 4619 688 4689 eiusdem
732 4619 936 4680 Sancti,
987 4617 1280 4686 prioribus,
1315 4617 1613 4683 monachis,
1668 4618 1946 4684 fratribus,
1976 4630 2030 4675 et
2137 4638 2235 4678 seu
2288 4624 2393 4678 illis
2447 4623 2737 4687 videbitur,
2788 4622 3149 4689 subsistente,
3211 4636 3402 4691 super
3442 4622 3682 4693 singulis
3727 4619 3776 4673 itt

444 4711 691 4785 personis
721 4707 992 4779 prmdictis
1020 4709 1117 4763 sub
1142 4724 1203 4762 ea
1230 4710 1413 4763 vivere
1448 4710 1811 4779 cupientibus.
2135 4716 2326 4770 eadem
2379 4716 2562 4784 regula
2610 4714 2668 4768 Β.
2709 4713 3022 4785 Iiieronynti
3064 4725 3223 4769 conte
3247 4716 3373 4771 tttis
3396 4757 3413 4779 ,
3455 4715 3782 4771 auctoritate

510 4807 564 4862 6.
606 4808 749 4872 Quos
781 4805 967 4869 etiam,
994 4819 1058 4856 ac
1086 4811 1139 4857 te
1165 4818 1192 4857 a
1219 4804 1373 4859 dicta:
1401 4804 1598 4875 regule
1626 4805 1684 4859 S.
1714 4804 2022 4876 Augustini,
2136 4810 2416 4879 prmdicta,
2463 4824 2559 4877 per
2607 4822 2738 4873 vos,
2780 4808 2863 4861 vri
2907 4808 3043 4862 alios
3088 4808 3489 4879 dispensare;
3521 4818 3619 4865 aut
3656 4805 3783 4862 alias

438 4906 495 4957 et
523 4907 849 4955 statutortttn
886 4911 982 4966 per
1029 4905 1077 4951 te
1102 4895 1255 4965 juxta
1298 4898 1495 4951 dictant
1538 4898 1820 4966 epistolam
1861 4895 2025 4970 Tcpe-
2134 4917 2323 4958 eorum
2359 4903 2656 4957 animarum
2686 4903 3785 4972 saluti,prouteXpedienslueriuatn-

436 5004 582 5050 arena
611 4999 1015 5062 susceptorum,
1046 4989 1171 5044 licet
1195 4990 1519 5045 auctoritate
1541 4990 1689 5045 sedis
1711 4992 2026 5058 apu3tolicze
2130 4997 2310 5052 sulere
2332 5007 2386 5051 et
2416 4996 2578 5052 etiam
2606 4997 2893 5065 providere
2919 4997 3177 5062 valeatis,
3206 5006 3400 5069 super
3430 4992 3644 5070 qdiitus
3694 4993 3787 5051 tibi

435 5089 900 5151 cotitirtnatorum,
932 5083 1304 5147 observantia,
1333 5097 1397 5135 ex
1438 5090 1563 5136 tunc
1600 5085 1816 5151 penitus
1864 5084 2026 5137 ahso-
2129 5096 2187 5145 et
2206 5089 2615 5145 successoribus
2647 5088 2781 5159 ipsis
2808 5089 2969 5143 etiam
3000 5090 3230 5160 plenam
3257 5133 3275 5161 ,
3313 5101 3377 5147 et
3411 5082 3663 5149 liberam
3699 5089 3791 5145 ha-

436 5184 581 5238 lutos
617 5198 736 5237 esse
777 5180 1048 5249 volumus,
1080 5188 1134 5234 et
1176 5177 1521 5233 decernimus
1561 5193 1659 5247 per
1698 5187 2018 5247 praesentes,
2126 5197 2249 5237 rum
2277 5182 2418 5237 serie
2442 5182 2793 5237 cencedimtts
2825 5180 3171 5237 facultatem.

433 5276 595 5331 etiam
628 5276 729 5329 sub
754 5273 950 5336 modis,
986 5282 1042 5327 et
1070 5270 1258 5325 formis
1289 5270 1343 5324 itt
1374 5268 1529 5323 dictis
1559 5269 1754 5323 litteris
1791 5284 2022 5339 expres-
2202 5276 2290 5331 11.
2344 5275 2702 5331 Decernintus
2760 5274 2981 5345 insuper
3035 5275 3409 5332 auctoritate
3473 5274 3791 5348 prmdicta,

430 5370 531 5435 sis,
566 5368 660 5422 tibi
693 5368 851 5421 etiam
886 5381 993 5435 quo
1023 5364 1085 5419 ad
1115 5368 1213 5418 hoc
1236 5361 1543 5432 siiﬂ'ragari,
1578 5371 1630 5415 et
1659 5361 1797 5417 alias
1835 5363 1886 5416 in
1917 5376 2017 5417 suo
2125 5362 2271 5440 quod
2312 5367 2621 5438 huiusmodi
2661 5369 2845 5438 regula
2878 5374 3167 5438 postquam
3211 5380 3328 5437 per
3362 5380 3423 5426 te
3455 5369 3706 5437 tradita,
3736 5374 3791 5422 ct

426 5466 624 5521 robore
671 5473 990 5532 permanere
1020 5460 1264 5514 volumus
1291 5456 1687 5511 observandam
1738 5457 2011 5521 tradendi,
2124 5463 2391 5534 publicata
2420 5462 2599 5525 fuerit,
2632 5472 2690 5517 ut
2719 5460 3023 5532 praefertur,
3055 5460 3241 5519 robur
3276 5466 3560 5523 obtineat
3592 5476 3795 5536 πετρο-

425 5564 481 5618 εῑ
506 5557 840 5633 publicandi,
866 5556 1076 5627 plenam
1108 5565 1164 5610 et
1195 5553 1419 5609 liberam
1452 5552 1777 5606 auctoritate
1797 5550 2015 5621 aposto-
2123 5563 2229 5609 tua:
2277 5554 2567 5616 firmitatis,
2599 5561 2656 5608 et
2698 5554 2768 5609 ab
2803 5552 3080 5621 omnibus,
3121 5553 3230 5621 qui
3270 5557 3619 5612 secundum
3666 5567 3791 5613 eam

425 5655 527 5711 lica
563 5662 749 5710 tenore
771 5650 1137 5723 praesentium,
1171 5645 1523 5703 concedimus
1554 5645 1885 5709 facultatem,
1913 5661 2013 5700 vo-
2120 5656 2245 5702 vota
2291 5652 2482 5702 corum
2531 5646 2849 5718 principalia
2897 5653 3090 5716 sponte
3120 5648 3419 5713 profiteri
3464 5649 3795 5714 valuerint,

416 5746 620 5823 lentes,
642 5744 1052 5811 «auctoritate
1072 5741 1295 5830 pra-tata
1324 5742 1655 5814 statuentes,
1682 5736 1827 5816 quod
1856 5746 2009 5816 post-

2111 5741 2273 5819 iam
2314 5741 2459 5803 ittius
2498 5741 2895 5803 continentiam
2934 5753 2991 5803 et
3030 5737 3318 5806 eiectum
3378 5744 3800 5808 inuiolatum
