3918 6294
149 244 237 304 389

883 246 1187 311 REGULIE
1227 251 1710 314 MONACllORUM
1757 248 2194 318 APPROBATIO
2249 258 2537 322 MARTINI
2589 262 2655 323 ν.

3306 271 3413 333 390

149 363 458 419 observetur.
489 360 608 420 Non
642 366 988 424 ubst-uitibus
1018 374 1318 442 prmmissis
1343 422 1357 439 ,
1401 392 1460 429 ac
1491 375 1711 431 Consti-
1743 379 1790 436 Α
1821 389 1873 432 et
1920 383 2283 449 approbantes
2310 427 2323 447 ,
2368 384 2628 459 illamque
2679 389 2729 443 in
2765 390 2857 445 Dei
2891 389 3135 449 Ecclesia
3172 392 3225 447 in
3267 393 3414 449 ordi-

149 455 415 509 tutionihus
450 460 804 527 Apostolicis,
838 478 935 515 nec
968 480 1074 517 non
1105 467 1359 522 Omnibus
1388 469 1476 532 iis,
1510 485 1628 538 qua-
1658 469 1710 522 in

149 552 281 604 dic'is
310 552 440 605 inter
459 551 504 605 is
533 569 638 605 non
666 554 886 610 obstare
909 557 1204 626 voluimus,
1234 562 1555 631 cat-terisque
1578 577 1711 615 con-

149 642 302 696 trariis
329 643 786 717 quibuscumque.

206 736 280 788 l2.
312 735 449 789 Nulli
483 751 614 807 ergo
646 739 925 796 hominum
962 743 1124 799 liccat
1158 744 1295 801 hanc
1337 750 1585 817 paginam
1620 766 1716 803 no-

149 838 253 882 stra!
268 828 693 893 constitutionis,
709 837 919 900 statuti,
935 836 1247 902 voluntatis,
1268 846 1320 893 et
1338 842 1715 896 concessionis

151 918 414 992 infringere
441 965 456 988 ,
499 925 580 977 vel
609 927 657 978 ei
690 943 823 980 ausu
868 931 1156 985 temerario
1186 933 1476 987 contraire.
1510 933 1564 988 Si
1596 936 1716 1003 quis

149 1023 296 1069 autem
348 1017 447 1069 hoc
481 1026 753 1074 attentare
806 1024 1240 1093 prii-sumpserit.
1290 1025 1713 1095 indignationem

153 1111 516 1179 omnipotentis
549 1110 667 1178 Dei,
692 1124 747 1168 et
777 1114 1052 1170 beatorum
1080 1117 1223 1173 Petri
1246 1130 1301 1174 et
1324 1119 1471 1174 Pauli
1500 1129 1718 1191 aposto—

151 1199 293 1255 lorum
319 1203 439 1270 ejus
462 1218 521 1258 se
546 1207 759 1260 noverit
784 1208 1148 1264 incursurum.
1169 1212 1353 1264 Datum
1374 1213 1553 1265 nonne
1577 1212 1717 1283 apud

152 1306 338 1349 sanctos
366 1297 675 1366 apostolos,
717 1298 894 1355 idibus
922 1300 1128 1367 Martii,
1160 1304 1509 1374 pontificatus
1540 1304 1716 1363 nostri

151 1400 266 1443 anno
283 1382 630 1446 duodecimo.

160 1525 439 1583 EIUSDEM
491 1529 778 1588 MARTINI
828 1523 897 1586 ν’
918 1533 978 1588 Ρ.
1024 1534 1093 1589 Μ.
1153 1534 1377 1592 BULLA
1415 1539 1716 1596 ALTERA.

208 1662 455 1719 Martinus
484 1665 774 1736 episc0pus
805 1682 995 1723 servus
1037 1683 1323 1728 servorum
1357 1672 1475 1741 Dei,
1500 1674 1566 1729 ad
1599 1691 1723 1746 per-

151 1766 335 1826 petuam
369 1758 448 1812 rei
480 1763 820 1814 memoriam.

210 1850 253 1905 i.
276 1851 337 1906 Et
362 1851 405 1905 si
441 1868 539 1922 pro
567 1865 884 1909 cunctorum
917 1856 1113 1912 Citriin
1135 1858 1371 1914 fidelium
1398 1878 1563 1933 super
1590 1865 1708 1934 qui-

152 1942 231 1998 bus
258 1960 441 1999 curam
476 1948 812 2016 apostolatus
843 1951 1007 2003 officii
1041 1954 1277 2021 gerimus
1309 1964 1451 2008 statu
1484 1955 1719 2010 salubri-

153 2048 219 2091 ter
259 2037 585 2109 dirigendi),
640 2052 691 2096 ct
734 2044 1044 2112 ampliando
1098 2046 1325 2101 libenter
1365 2049 1719 2106 adhibeamus

151 2130 507 2188 sollicitudinis
562 2136 760 2190 nostra:
806 2148 1029 2207 partes:
1076 2139 1197 2195 illos
1238 2151 1415 2196 tamen
1465 2142 1725 2199 alfeetuo-

150 2223 255 2277 siori
283 2225 471 2279 studio
513 2231 895 2297 prosequimur
925 2230 1227 2297 charitatis,
1276 2235 1390 2304 qui,
1438 2237 1726 2295 mundanis

152 2312 353 2395 altject‘s
396 2316 701 2388 illecebris,
734 2321 786 2375 in
820 2322 1134 2379 humilitatis
1165 2327 1360 2395 spiritu
1400 2330 1587 2385 sedulo
1619 2332 1728 2385 vir-

152 2392 297 2463 tutum
346 2409 583 2464 Doinino
614 2411 968 2469 famulantur.
1018 2412 1175 2472 Unde
1198 2392 1277 2473 tea
1319 2434 1437 2489 qum
1473 2436 1569 2490 pro
1610 2423 1728 2476 illo.

154 2515 250 2554 mm
268 2501 370 2557 sub
396 2517 529 2557 vera
557 2503 835 2573 religionis
864 2508 1211 2563 observantia
1243 2511 1572 2567 stabilienda
1603 2530 1728 2585 pro-

149 2596 304 2664 posito
362 2600 594 2669 provide
650 2617 936 2657 emanasse
991 2605 1401 2675 cetnperimns,
1462 2620 1516 2662 ut
1572 2611 1725 2665 firma

153 2689 440 2764 iilibataque
473 2698 830 2765 permaneant
856 2698 1087 2753 libenter
1110 2701 1407 2770 apostolico
1431 2704 1729 2761 munimine

156 2774 476 2841 roboramus.
1408 2784 1413 2789 i

211 2876 259 2930 9.
284 2878 472 2949 Nuper
513 2880 784 2951 siquidem
830 2898 928 2953 pro
970 2894 1119 2954 parte
1151 2885 1333 2940 dilecti
1373 2886 1465 2942 lilii
1504 2872 1633 2958 Lupi
1664 2888 1731 2945 de

154 2971 364 3039 Oimeto,
397 2973 614 3029 ordinis
649 2978 1039 3032 monachorum
1066 2980 1432 3036 Eremitatum
1454 2984 1509 3038 S.
1545 2983 1731 3037 lliero-

154 3064 277 3133 nymi
317 3066 602 3135 generalis
640 3069 919 3137 przepositi
965 3069 1119 3124 nobis
1152 3073 1396 3141 exposito
1423 3116 1436 3139 ,
1465 3074 1607 3143 quod
1632 3076 1731 3128 du-

1820 487 1942 526 nern
1979 475 2353 530 mooaehalem
2383 481 2589 547 attolli,
2618 492 2670 536 et
2700 482 2978 538 olnerwri
3021 485 3248 539 intensis
3274 484 3416 540 desi-

1818 565 1983 621 deriis
2006 568 2340 639 affectantes,
2366 572 2538 627 eidem
2562 574 2712 644 Lupo
2734 576 3055 639 doctrinam,
3085 588 3136 632 et
3170 579 3415 634 instituta

1821 660 2157 713 numacltalia
2186 660 2428 730 ejusdem
2463 664 2520 719 S.
2566 667 2874 737 Hieronymi
2925 684 2990 723 ex
3050 670 3255 724 eisdem
3298 670 3416 741 epi-

1820 751 2009 815 stolis,
2060 765 2111 807 et
2155 755 2491 822 tractatibus,
2541 772 2697 827 prout
2745 777 2839 828 per
2870 762 3041 832 ipsum
3082 762 3293 833 Lupum
3325 779 3420 819 ex.

1824 852 2013 910 tracta,
2071 848 2359 914 compilata
2391 894 2404 917 ,
2445 860 2498 905 et
2543 854 2765 909 reducta
2813 856 3024 910 fuerant
3070 858 3190 913 loco
3221 858 3420 928 regula

1820 935 1875 989 S.
1920 940 2202 1007 Augustini
2242 941 2291 993 in
2340 944 2581 1011 regulam
2625 948 2998 1003 monachalcm
3030 951 3240 1005 ordinis
3299 967 3418 1007 mo-

1822 1029 2119 1084 nachorum
2153 1034 2503 1090 eretnitarum
2538 1040 2666 1093 dicti
2705 1040 2764 1096 S.
2797 1042 3106 1114 llierOuymi
3137 1089 3149 1111 ,
3181 1054 3236 1099 et
3268 1045 3414 1115 ejus-

1822 1118 1941 1173 dem
1998 1118 2054 1178 S.
2110 1125 2273 1178 vitam
2330 1127 2606 1194 pratfatam
2656 1131 2707 1183 in
2758 1134 3002 1188 ordinent
3044 1135 3413 1205 hujuscemodi

1822 1210 2175 1282 suscipiendi,
2205 1231 2267 1268 ac
2300 1216 2473 1280 ipsam
2510 1222 2752 1290 regulam
2779 1224 2906 1279 dicti
2930 1229 3097 1281 sancti
3126 1229 3417 1297 prioribus,

1825 1303 2110 1360 monachis
2138 1351 2151 1375 ,
2202 1307 2463 1365 fratribus
2487 1353 2501 1377 ,
2541 1324 2595 1368 et
2634 1318 2883 1385 personis
2925 1319 3193 1388 praedictis
3219 1323 3319 1377 sub
3351 1338 3414 1377 ea

1823 1396 2010 1453 vivere
2032 1398 2397 1469 eripientibus,
2428 1420 2565 1474 quos
2596 1406 2756 1461 etiam
2790 1423 2852 1463 ac
2882 1424 2978 1479 per
3007 1411 3178 1480 ipsum
3208 1412 3418 1485 Lupum

1823 1501 2106 1560 postquam
2133 1498 2430 1549 secundum
2456 1497 2699 1553 eamdem
2731 1503 2971 1570 regulam
3002 1514 3123 1558 v0ta
3151 1522 3248 1558 sua
3274 1506 3423 1575 prin-

1828 1581 2018 1652 cipalia
2070 1585 2377 1642 amisissent
2418 1606 2446 1643 a
2476 1590 2632 1645 dieue
2680 1594 2883 1664 regula:
2924 1596 3096 1650 sancti
3136 1598 3423 1667 Augustini

1826 1676 2168 1733 observantia
2198 1696 2261 1734 ex
2291 1690 2418 1737 tunc
2449 1684 2657 1754 penitus
2686 1685 2962 1742 absolutos
2993 1704 3118 1746 esse
3150 1691 3417 1759 volumus,

1745 1774 1796 1837 Β
1824 1764 2242 1826 ρι’άείξτθνίιηυδ
2273 1773 2668 1831 observandam
2702 1778 2985 1849 tradendi,
3020 1793 3071 1835 et
3107 1783 3418 1851 publicandi

1830 1862 2069 1931 plenam,
2102 1878 2156 1919 et
2210 1866 2431 1922 liberam
2478 1886 2573 1938 per
2608 1872 2742 1928 alias
2774 1884 2985 1929 nostras
3021 1876 3247 1944 litteras,
3282 1893 3420 1949 quas

1831 1972 2016 2010 earum
2063 1969 2251 2015 tenore
2294 1964 2653 2029 pra'sentibus
2699 1966 2881 2021 haberi
2914 1968 3164 2023 volumus
3196 1985 3294 2039 pro
3325 1987 3417 2025 ex-

1831 2050 2061 2119 pressis,
2095 2056 2469 2110 concessimus
2506 2058 2838 2123 facultatem,
2868 2078 2932 2115 ac.
2958 2077 3056 2132 per
3086 2064 3303 2119 easdem
3338 2067 3425 2119 lit-

1830 2152 1971 2195 teras
1999 2143 2292 2208 voluimus,
2317 2148 2459 2217 quod
2489 2159 2767 2219 postquam
2805 2152 2943 2206 idem
2976 2154 3159 2220 Lupus
3182 2156 3420 2226 regulam

1830 2232 2143 2304 imjnsmodi
2171 2238 2499 2307 tradidisset,
2524 2242 2873 2311 publicasset,
2909 2256 2965 2299 ut
2996 2246 3311 2315 praefertur,
3341 2264 3412 2304 ex

1835 2338 1962 2383 tunc
1994 2328 2128 2398 ipse,
2159 2346 2222 2386 ac
2255 2334 2485 2402 priores,
2522 2335 2794 2400 monachi,
2827 2334 3045 2406 fratres,
3079 2354 3145 2393 ac
3174 2356 3423 2406 persona:

1833 2423 2070 2492 praedicti
2104 2426 2313 2480 ordinis
2343 2426 2639 2482 secundum
2666 2428 2811 2482 illam
2835 2440 2959 2484 vota
2982 2445 3079 2485 sna
3103 2432 3422 2505 principalia

1833 2516 2112 2587 religionis
2152 2517 2459 2588 hnjusmodi
2501 2519 2786 2587 emittere,
2829 2525 3110 2591 profiteri.
3149 2535 3204 2578 et
3239 2527 3425 2582 vivere

1837 2619 2155 2665 tenercn'ur
2179 2654 2193 2677 ,
2225 2613 2451 2682 ipsaque
2483 2616 2665 2684 regula
2708 2615 2785 2669 sic
2835 2616 3029 2671 tradita
3075 2627 3128 2674 et
3158 2619 3428 2689 publicata

1836 2704 2004 2757 robur
2028 2704 2238 2758 obtinet
2270 2720 2350 2772 per
2367 2716 2542 2776 pcttttc
2567 2702 2860 2762 firmitatis.

1908 2796 1962 2850 ὅ.
2023 2796 2155 2850 Cum
2208 2806 2388 2852 autem
2438 2800 2576 2853 sicut
2626 2801 2861 2855 exhibita
2914 2802 3069 2857 nobis
3117 2820 3293 2875 nuper
3334 2820 3439 2875 pro,

1843 2902 1995 2960 parte
2042 2889 2287 2958 ejusdem
2334 2889 2469 2960 Lupi
2528 2893 2718 2961 petitio
2763 2892 3100 2962 continebat,
3147 2897 3275 2951 licet
3316 2901 3431 2967 ipse

1836 2981 2177 3051 postmodum
2218 2982 2283 3036 ad
2332 2983 2621 3037 salutarem
2665 2984 2794 3039 dicti
2827 2984 3039 3041 ordinis
3088 2991 3427 3044 monacbalis

1838 3075 2255 3141 institutionem,
2290 3075 2517 3147 ejusque
2557 3076 2910 3146 Soliditatem,
2943 3094 2997 3137 et
3036 3083 3430 3140 incrementum

152 3156 258 3212 dum
290 3161 427 3230 ipse,
475 3169 530 3215 et
561 3160 806 3232 plerique
850 3163 941 3217 alii
982 3166 1316 3232 professores
1353 3167 1563 3222 ordinis
1592 3169 1737 3236 ejus-
1765 3167 1811 3230 C
1846 3166 2069 3235 provide
2102 3168 2414 3238 intendens,
2450 3169 2724 3239 prmfatam
2749 3172 2914 3226 vitam
2944 3172 3073 3228 dicti
3104 3179 3272 3229 saneti
3309 3176 3433 3232 ilic-

151 3250 258 3307 dem
297 3257 478 3309 sancti
521 3255 842 3326 Hieronymi
872 3259 972 3311 sub
1017 3257 1200 3327 regula
1241 3262 1733 3330 sancti'Angustini

152 3354 261 3400 tunc
294 3348 513 3401 vivente
553 3348 667 3399 zi-lo
694 3347 1004 3403 devotionis
1032 3351 1245 3404 accensi
1278 3352 1346 3406 ob
1390 3351 1734 3422 frngcmvittc

152 3440 371 3493 melioris
393 3484 410 3507 ,
456 3441 661 3495 arctius
689 3451 741 3495 ct
774 3443 1064 3510 perfectius
1095 3460 1253 3513 quam
1294 3447 1475 3516 regula
1507 3449 1738 3505 dictaret

154 3529 475 3601 huiusmodi,
516 3535 651 3589 etin
698 3548 827 3589 vero
855 3544 996 3590 statu
1044 3538 1371 3607 monachali,
1424 3557 1582 3609 quem
1625 3543 1738 3611 ipse

154 3634 351 3680 sanctus
379 3626 752 3696 Hieronymus
776 3644 897 3682 cum
930 3630 1041 3682 suis
1074 3632 1375 3695 monachis,
1400 3644 1448 3686 ct
1484 3632 1739 3690 fratribus

154 3720 445 3787 professum
484 3720 653 3774 fni-se
682 3766 694 3787 ,
724 3733 776 3775 et
815 3724 865 3775 in
898 3724 1176 3777 communi
1205 3726 1525 3781 observasse
1558 3731 1741 3797 perhi-

153 3810 314 3883 betur,
349 3816 568 3878 vivere,
599 3824 733 3868 etut
758 3831 952 3870 nomen
978 3818 1243 3883 gerebant
1273 3819 1512 3888 ejusdem
1542 3824 1739 3891 sancti,

152 3902 219 3957 sic
240 3904 355 3974 ejus
384 3905 558 3959 vitam
589 3947 602 3969 ,
636 3908 900 3975 regulam,
935 3917 989 3963 et
1018 3924 1182 3975 Opera
1212 3910 1594 3968 desiderabant
1621 3914 1742 3969 imi-

152 3984 269 4051 an:
300 3998 520 4052 Idcirco
543 3998 609 4050 ad
637 3996 946 4066 hujusmodi
969 4000 1177 4055 Ordinis
1209 4002 1399 4056 stabile
1424 4005 1595 4073 potiu~
1624 4003 1743 4059 fano

152 4086 507 4158 Meritum,
559 4106 658 4161 pro
701 4091 1047 4148 institutione
1100 4097 1300 4166 regulae
1352 4099 1739 4155 mOilliChOIllTli

146 4183 501 4237 uenularum
530 4182 740 4237 ordinis
770 4183 897 4238 dicti
925 4186 1097 4240 sancti
1129 4182 1440 4260 liieroaymi
1469 4207 1532 4244 ex
1563 4193 1740 4247 diver-

149 4271 219 4327 Ιίς
258 4274 561 4343 epistolis,
610 4285 664 4329 ct
717 4277 1038 4333 "aetatibus
1089 4294 1184 4348 per
1239 4282 1442 4336 dictum
1496 4295 1742 4340 sanctum

148 4361 539 4439 Hieronymum
590 4368 782 4431 editis,
818 4379 871 4423 et
924 4385 1022 4438 per
1073 4370 1369 4427 Ecclesiam
1410 4377 1743 4445 approbatis,

148 4460 403 4514 “nulla
440 4472 629 4513 veram
656 4460 929 4530 religionis
960 4461 1282 4529 doctrinam,
1320 4467 1595 4537 vitamque
1628 4486 1745 4522 tnu-

1841 3259 2051 3329 ronymi
2090 3259 2460 3313 monachalem
2490 3261 2545 3313 in
2575 3262 2822 3316 ordinem
2855 3263 3183 3333 bujnsmodi,
3206 3268 3433 3340 ejusque

1839 3348 2166 3414 doctrinam,
2212 3361 2262 3403 et
2318 3352 2556 3405 instituta
2588 3355 2921 3409 monachalia
2948 3398 2962 3422 ,
3004 3369 3167 3427 prout
3214 3377 3278 3414 ex
3314 3365 3436 3431 cpi-

1842 3441 2031 3506 stolis,
2089 3452 2142 3497 et
2195 3430 2529 3498 tractatbus
2559 3447 2829 3513 pra‘dictis
2877 3465 2970 3517 per
3006 3450 3180 3520 ipsum
3230 3430 3438 3523 Lupum

1842 3541 2103 3597 extracta,
2133 3537 2417 3602 cotnpilala
2442 3578 2455 3597 ,
2501 3546 2554 3591 et
2583 3537 2801 3593 reducta
2832 3540 3051 3597 fuerunt
3079 3589 3092 3611 ,
3137 3557 3191 3597 ut
3223 3545 3440 3615 pracfer-

1845 3634 1969 3694 tnr,
2006 3626 2270 3682 dit-tarum
2321 3629 2619 3684 litterarum
2655 3634 2836 3702 vigore
2882 3636 2999 3689 loco
3028 3638 3187 3692 dicta:
3230 3641 3434 3709 regula:

1843 3720 2015 3773 sancti
2062 3720 2346 3790 Augustini
2398 3723 2450 3776 in
2498 3724 2739 3793 regulam
2782 3729 2991 3782 ordinis
3037 3731 3428 3787 mOnach'nrum

1847 3811 2206 3866 Eremitarum
2237 3816 2593 3882 a~snmpserit
2622 3858 2635 3880 ,
2665 3828 2717 3871 et
2750 3820 3019 3883 erexerit,
3055 3833 3216 3890 atque
3244 3838 3431 3877 susce-

1848 3904 1984 3973 perit
2010 3949 2024 3973 ,
2058 3903 2339 3973 ipSamque
2368 3908 2605 3974 regulam
2635 3909 2906 3976 piioribus
2930 3954 2943 3977 ,
2976 3913 3254 3965 nionachis
3283 3953 3298 3979 ,
3331 3916 3365 3968 ft
3380 3929 3438 3967 a-

1847 3999 2041 4062 tribns,
2076 4008 2124 4052 et
2160 3998 2408 4065 personis
2435 3999 2645 4054 ordinis
2691 3998 2998 4070 linjustnodi
3030 4004 3131 4056 sub
3161 4016 3224 4059 ea
3255 4002 3438 4064 vivere

1845 4090 2189 4159 cupientibus
2228 4090 2380 4159 juxta
2431 4092 2571 4149 illius
2618 4094 3008 4149 continentiam
3057 4092 3441 4155 ittvittlaliiﬁtet‘

1847 4184 2242 4240 observandam
2280 4185 2563 4240 tradiderit
2588 4228 2603 4253 ,
2638 4188 3028 4254 publicaverit,
3068 4205 3130 4244 ac
3160 4192 3439 4249 obschari

1846 4278 2177 4342 decreverit,
2208 4281 2418 4349 ipsique
2448 4282 2679 4347 priores,
2709 4296 2833 4335 mon
2858 4283 2984 4344 tetri,
3010 4296 3058 4338 et
3097 4284 3296 4341 fratres
3319 4280 3440 4361 vota

1848 4386 1943 4427 Sua
1972 4371 2287 4442 principalia
2318 4374 2614 4428 secondum
2646 4376 2886 4441 regulam
2918 4376 3224 4445 ltujn~modi
3257 4380 3306 4432 in
3338 4396 3447 4434 ma-

1851 4464 2011 4518 nibus
2055 4465 2185 4520 dtcti
2220 4465 2350 4534 Lupi
2404 4469 2633 4535 professi
2670 4470 2884 4533 fuerint,
2921 4471 3118 4539 illaque
3144 4470 3212 4527 de
3244 4484 3444 4530 catero

146 4551 433 4609 uatem
453 4597 470 4621 ,
501 4566 665 4621 quam
700 4554 839 4607 idem
869 4566 1096 4609 sanctus
1128 4570 1249 4611 cum
1294 4560 1406 4612 suis
1439 4561 1739 4625 monachis,
1768 4562 1823 4623 Ι)
1852 4565 2064 4610 utentes
2090 4559 2384 4611 scentulum
2417 4573 2535 4611 eam
2570 4572 2848 4629 regantur,
2878 4572 2927 4615 et
2962 4567 3356 4635 gubernentur,
3382 4580 3446 4622 ac

144 4650 195 4702 6
218 4646 495 4705 ηειτιιιηε
526 4651 583 4705 in
621 4652 739 4721 ejus
768 4653 875 4707 vita
911 4653 962 4708 in
995 4657 1268 4710 communi
1300 4660 1474 4728 quoad
1509 4678 1593 4727 ea,
1626 4679 1745 4733 quae

142 4738 473 4811 Wlia
532 4754 660 4798 sunt
713 4754 925 4812 status,
983 4756 1038 4801 et
1094 4748 1219 4802 vitre
1273 4754 1609 4807 monacltalis
1654 4772 1750 4824 per

145 4833 331 4902 nulla,
360 4846 425 4891 et
454 4851 632 4906 usque
658 4841 721 4891 ad
747 4838 829 4892 sui
853 4840 1033 4893 obitus
1059 4847 1301 4911 tempora
1333 4843 1665 4911 observavit,
1694 4858 1748 4901 et

144 4926 353 4999 me
386 4930 532 4984 alios
565 4930 865 4987 observare
909 4935 1148 4999 monuit,
1187 4938 1518 4992 continentia
1566 4939 1747 5011 Lupus

138 5016 253 5091 ﬁt
301 5028 660 5089 extraxerat,
712 5023 1140 5095 compilaverat,
1178 5038 1231 5081 et
1274 5029 1424 5083 velut
1474 5030 1524 5084 in
1581 5048 1744 5087 unum

140 5112 345 5187 ητις
374 5116 483 5172 sub
509 5122 679 5171 certis
706 5118 878 5173 titulis
908 5118 1218 5188 reduxerat,
1255 5122 1354 5177 sub
1385 5124 1580 5193 quibus
1610 5126 1743 5198 ipse,

144 5206 197 5260 ει
218 5207 483 5279 plerique
516 5207 609 5262 alii
643 5210 896 5265 monachi
926 5251 939 5275 ,
986 5219 1041 5264 et
1069 5211 1265 5268 fratres
1289 5214 1416 5269 dicti
1448 5216 1656 5271 ordinis
1682 5236 1749 5275 ex

142 5298 349 5358 “in
381 5308 551 5356 antea
581 5302 804 5373 degere,
837 5314 891 5358 et
922 5319 1267 5373 permanere,
1298 5323 1362 5361 ac
1394 5308 1484 5362 illa
1517 5309 1569 5363 in
1600 5327 1752 5382 regu-

142 5388 249 5449 In
270 5391 577 5461 suscipere
619 5396 1019 5465 praponeltant,
1055 5408 1106 5453 et
1137 5399 1485 5456 affectabam.
1516 5401 1625 5458 Nos
1657 5405 1752 5475 igi-

138 5484 233 5544 It‘
270 5484 607 5560 Injmmodi
654 5493 992 5561 prepositutn
1039 5492 1404 5563 condignum.
1452 5505 1507 5551 et
1559 5501 1754 5555 rationi

144 5568 460 5637 munt
504 5593 899 5651 recensentes,
948 5585 1260 5654 hujusmodi
1306 5589 1648 5659 regularem,
1700 5601 1754 5647 et

142 5666 536 5731 “ﬁdem
566 5674 977 5734 observantiam
1012 5681 1308 5750 peripsum
1343 5695 1591 5737 sanetum
1637 5684 1759 5741 Ilie-

140 5756 453 5853 W
480 5768 537 5827 in
566 5767 672 5829 vita
704 5770 822 5847 ejus
851 5772 1191 5832 observatam
1222 5774 1415 5833 merito
1448 5773 1755 5851 laudantes,

1860 4652 1970 4719 ipsa
2020 4649 2071 4703 in
2118 4650 2360 4721 regulam
2390 4667 2575 4706 eorum
2610 4662 2881 4721 tamquam
2915 4670 3099 4710 veram
3139 4656 3443 4714 doctrinam

1854 4755 2223 4810 monacbalcm
2267 4758 2437 4809 sancti
2470 4755 2785 4828 Hieronymi
2825 4757 3129 4824 laudantes,
3162 4769 3214 4815 et
3244 4777 3444 4831 appro-

1853 4856 2043 4912 bantes
2083 4866 2469 4924 acceptarunt,
2513 4870 2565 4911 et
2604 4860 2901 4913 secundum
2944 4876 3098 4928 eam,
3130 4862 3294 4916 etiam
3330 4879 3446 4919 mo-

1856 4960 2088 5014 naSteria
2137 4958 2381 5029 ejusdem
2429 4959 2636 5015 ordinis
2683 4961 3073 5017 monachorum
3124 4973 3340 5033 tegunt,
3391 4976 3449 5022 et

1854 5062 2177 5133 gubernant.

1930 5163 1985 5218 4.
2020 5164 2166 5220 idem
2198 5175 2374 5221 tamen
2398 5164 2581 5237 Lupus
2605 5168 3060 5238 assumptionem,
3085 5167 3446 5240 creetionem,

1860 5266 2264 5336 susceptionem
2293 5309 2308 5332 ,
2347 5269 2693 5325 traditionem
2717 5312 2733 5337 ,
2769 5268 3189 5340 publicationem
3217 5313 3232 5339 ,
3282 5284 3333 5327 et
3361 5273 3457 5330 de-

1861 5377 2093 5430 cretum,
2125 5369 2341 5438 aliaque
2389 5370 2665 5439 permissa
2712 5385 2780 5425 ex
2809 5373 2976 5427 certis
3031 5376 3216 5429 causis
3244 5374 3458 5431 dubitat

1860 5471 2068 5528 viribus
2113 5486 2223 5526 non
2267 5486 2427 5541 posse
2458 5474 2756 5527 subsistere
2790 5488 2801 5524 :
2833 5487 2934 5543 pro
2963 5482 3119 5544 parte
3148 5476 3277 5531 dicti
3315 5476 3456 5547 Lupi

1860 5577 2019 5633 nobis
2068 5575 2166 5630 fuit
2217 5575 2487 5630 humiliter
2537 5575 2898 5645 suppl:eatum
2945 5586 3005 5632 ut
3052 5580 3408 5648 aswinptioni
3438 5626 3453 5651 ,

1860 5679 2155 5745 erectioni,
2206 5676 2570 5748 susceptioni,
2615 5677 2899 5733 traditioai
2925 5722 2939 5747 ,
2980 5692 3034 5734 et
3068 5680 3455 5750 publicationi,

1861 5797 1927 5845 ae
1956 5782 2077 5842 aliis
2120 5782 2418 5860 prmiuissis
2448 5796 2547 5862 pro
2580 5780 2803 5841 illorum
2831 5780 3188 5843 subsistentia
3227 5774 3460 5869 firmiori
