3918 6294
503 272 603 337 39!

1554 273 1611 336 S.
1657 271 2044 341 ΙΙΙΕΗΟΝΫΜῙ
2084 281 2097 337 4

2206 276 2369 340 IRUM
2409 273 2459 338 Μ
2469 273 2773 338 ᾹΝΠΞΞᾹ.
3580 288 3677 360 {591

506 397 674 451 robur
702 392 1014 468 apostolica)
1043 390 1473 452 conﬁrmationis
1501 396 1738 467 adjicere
1766 399 1833 454 de
1862 400 2102 471 lienigni-
2133 403 2180 460 Α
2212 396 2417 453 nantlas
2467 395 2833 451 conscientias
2862 389 3223 466 professorum
3259 393 3403 470 hujus
3436 404 3619 475 ordinis,
3642 421 3684 467 et

507 497 618 544 tate
649 490 946 560 apostolica
975 490 1342 559 dignarctnnr.

576 583 629 637 5.
679 581 785 637 Nos
837 582 999 652 igitur
1038 581 1131 652 qui
1177 580 1460 651 religionis
1517 582 1994 653 propagationem,
2048 593 2105 640 et

507 673 678 730 divini
709 673 887 728 cultus
920 681 1273 743 augmentum
1316 672 1517 729 nostris
1543 674 1727 744 vigere
1769 674 2107 747 temporibus

507 769 734 823 intensis
763 767 1057 823 desideriis
1086 767 1408 823 aﬂectamus
1432 810 1446 837 ,
1482 767 1791 838 hujusmodi
1825 770 2106 841 supplica-

506 860 743 915 tionibus
770 860 1048 927 inclinati,
1074 860 1500 930 assumptionem
1522 900 1538 926 ,
1570 860 1902 916 erectionem
1928 902 1943 926 ,
1986 876 2107 917 sus-

506 955 834 1025 ceptionem,
882 954 1254 1019 traditionem,
1299 960 1351 1009 et
1392 952 1838 1023 publicationem,
1893 961 1950 1011 et
2001 953 2105 1009 alia

506 1046 810 1117 prtemissa,
839 1047 1122 1117 ipsamque
1146 1046 1413 1116 regulam,
1439 1053 1602 1116 prout
1646 1045 1874 1101 inferius
1903 1045 2107 1102 descri-

504 1141 681 1209 betur,
720 1155 782 1196 ac
811 1141 1013 1207 omnia,
1048 1149 1103 1195 et
1138 1140 1344 1209 singula
1390 1140 1443 1194 in
1465 1154 1527 1194 ea
1575 1148 1854 1205 contenta,
1887 1153 1949 1194 ac
1980 1137 2107 1193 inde

503 1243 709 1303 secuta,
738 1243 853 1289 rata
883 1233 1170 1296 habentes,
1193 1240 1249 1287 et
1275 1240 1463 1302 grata,
1498 1247 1565 1286 ex
1606 1232 1935 1287 auctoritate
1979 1246 2109 1301 apo-

509 1327 698 1382 stolica
728 1342 795 1382 ex
824 1334 1007 1381 nostra
1033 1336 1179 1381 certa
1202 1324 1426 1380 scientia
1446 1322 1851 1391 conﬁrmamus,
1882 1335 1936 1379 et
1965 1340 2105 1394 pra:-

510 1420 682 1474 sentis
737 1420 923 1489 scripti
976 1417 1279 1488 patrocinio
1334 1417 1760 1485 communimus,
1793 1417 2107 1487 sttpplentes

512 1528 706 1568 omnes
766 1512 1052 1579 defectus,
1108 1513 1153 1567 si
1206 1511 1297 1582 qui
1354 1510 1545 1566 forsan
1598 1511 1997 1566 intervenerint
2050 1510 2105 1566 in

507 1604 740 1661 eisdem.

575 1697 631 1754 6.
678 1698 994 1753 Statuentes
1036 1696 1429 1763 nihilominus,
1467 1680 1533 1753 et
1563 1696 1725 1752 etiam
1766 1695 2101 1762 ordinantes,

2213 509 2311 563 pro
2346 494 2585 561 ip-orum
2636 490 2824 559 majori
2859 492 3038 559 quiete
3085 491 3384 560 animorum,
3410 499 3524 566 quod
3558 503 3685 573 siqui

2214 582 2583 653 professorum
2619 581 2929 652 hujusmodi
2960 582 3156 637 dictam
3202 585 3437 655 regulam,
3460 603 3537 643 seu
3557 592 3692 663 aliqua

2208 676 2281 731 de
2322 675 2596 731 contentis
2635 675 2688 731 in
2718 690 2801 742 ea,
2835 675 3067 730 humana
3096 674 3392 745 fragilitate,
3419 690 3495 735 aut
3519 682 3693 740 inﬁrmi-

2209 777 2318 824 tate
2360 778 2620 824 causante
2639 808 2654 834 ,
2685 783 2784 823 seu
2810 767 2943 823 alias
2990 776 3097 822 tam
3128 780 3327 836 exacte,
3354 782 3498 842 prout
3520 777 3698 835 traditur

2208 860 2262 917 in
2290 861 2521 928 eisdem,
2552 876 2662 916 non
2694 861 3126 931 observaverint,
3144 876 3248 916 non
3277 873 3527 934 prepterea
3546 880 3701 926 morta-

2208 953 2276 1009 lis
2303 956 2509 1025 peccati
2536 955 2751 1009 vinculo
2781 955 2890 1009 sint
2921 954 3107 1025 ligati,
3136 954 3229 1010 sed
3253 970 3341 1025 per
3365 972 3477 1013 suos
3504 965 3699 1031 superio-

2212 1062 2303 1102 res
2342 1062 2441 1118 pro
2477 1062 2666 1103 eorum
2690 1089 2704 1113 ,
2740 1055 2795 1101 et
2826 1046 3284 1116 transgressione,
3313 1061 3373 1101 ac
3412 1048 3551 1104 modo
3574 1052 3706 1121 culpae

2207 1138 2412 1209 injungi
2436 1138 2613 1194 valeat
2642 1138 2958 1208 paenitentia
2989 1136 3262 1205 salutaris,
3302 1153 3445 1208 quam
3488 1142 3708 1212 suscipere

2208 1244 2266 1289 et
2298 1231 2599 1301 adimplere
2621 1240 2929 1287 teneantur.
2955 1229 3073 1285 Non
3096 1230 3420 1286 obstantibus
3439 1233 3706 1303 apostolicis,

2209 1342 2274 1383 ac
2319 1326 2561 1395 prmdicti
2587 1367 2601 1391 ,
2646 1332 2703 1381 et
2748 1324 2975 1379 aliorum
3002 1338 3446 1394 quorumcumque
3489 1326 3709 1392 ordinum,

2209 1420 2449 1483 statutis,
2475 1428 2531 1473 et
2554 1416 3039 1473 consuetudinibus
3063 1456 3080 1483 ,
3110 1416 3271 1471 etiam
3294 1414 3598 1485 juramento,
3620 1433 3718 1475 con~

2209 1510 2518 1567 ﬁrmatione
2564 1510 2880 1579 apostolica,
2922 1508 3007 1564 vel
3035 1523 3365 1579 quacumque
3402 1507 3620 1565 ﬁrmitate
3638 1510 3716 1566 alia

2209 1602 2500 1669 roboretis,
2530 1601 2848 1671 exterisque
2877 1600 3169 1656 contrariis
3192 1600 3604 1671 quibuscumque.

2282 1698 2337 1753 8.
2391 1697 2572 1753 Tenor
2602 1710 2735 1750 vero
2777 1695 3001 1765 Regula:
3051 1693 3355 1763 hujusmodi
3405 1694 3467 1750 de
3506 1695 3643 1750 verbo
3673 1697 3722 1750 ad

501 1792 649 1862 quod
695 1792 762 1846 de
790 1801 991 1846 cretero
1033 1791 1215 1862 Lupus
1260 1789 1376 1861 ipse
1416 1832 1431 1859 ,
1486 1793 1713 1861 ejusque
1758 1804 2103 1846 successores
2134 1788 2182 1849 B
2209 1789 2433 1845 verbum
2463 1787 2731 1858 sequitur,
2751 1796 2805 1842 et
2829 1795 2913 1841 est
2937 1784 3335 1841 taliszlt'ratres
3357 1785 3631 1853 charissimi,
3651 1802 3724 1839 non

503 1884 805 1955 praepositi,
836 1884 1118 1955 generales
1140 1928 1157 1956 ,
1188 1884 1430 1955 priores,
1464 1883 1749 1949 monachi,
1794 1884 2018 1949 fratres,
2049 1893 2103 1939 ct

507 1973 872 2043 professores,
907 1990 971 2029 ac
1000 1984 1320 2041 conventus,
1347 1984 1404 2029 et
1432 1974 1761 2029 monasteria
1804 1974 1933 2029 dicti
1957 1972 2104 2029 ordi-

502 2067 588 2119 nis
636 2064 1026 2121 monachorum
1073 2066 1430 2121 Eremitarum
1507 2065 1566 2121 S.
1607 2064 1946 2136 Hieronymi,
1976 2080 2101 2136 quae.

504 2174 648 2214 nunc
672 2166 818 2223 sunt,
835 2165 1061 2213 etcrunt
1084 2158 1135 2213 in
1162 2157 1831 2229 posterum,proﬁteanlur
1848 2168 1971 2213 vota
2000 2172 2100 2215 sua

504 2252 608 2307 tria
640 2252 967 2324 principalia
1000 2251 1299 2321 religionis,
1332 2266 1396 2307 ac
1418 2252 1580 2305 etiam
1607 2260 1884 2321 regantur,
1917 2259 1972 2304 et
1994 2266 2096 2319 gu-

502 2344 802 2400 bernentur
838 2358 935 2414 per
970 2343 1173 2397 dictum
1215 2341 1459 2412 Lupum,
1483 2341 1709 2411 ejusque
1743 2354 2093 2396 successores

501 2435 826 2509 praepositos
848 2479 861 2501 ,
894 2452 959 2491 ac
980 2437 1165 2493 vivere
1200 2444 1486 2492 teneantur
1526 2436 1822 2492 secundum
1855 2437 2099 2508 regulam

505 2533 849 2603 hujusmodi,
882 2532 1106 2603 ejusque
1144 2532 1534 2587 continentiam
1560 2575 1575 2601 ,
1620 2542 1676 2586 et
1709 2530 1961 2587 effectum
1988 2574 2003 2597 ,
2038 2544 2101 2585 ac

501 2625 673 2694 ipsius
702 2624 1139 2696 susceptionem,
1172 2624 1550 2687 traditionem,
1580 2632 1635 2679 et
1675 2621 2101 2693 publicationem

504 2718 762 2790 przefatas
785 2764 800 2789 ,
842 2718 1052 2788 aliaque
1082 2717 1325 2773 instituta
1354 2715 1564 2772 ordinis
1590 2715 1900 2787 hujusmodi
1930 2729 2095 2785 regu-

500 2813 659 2869 laria.

572 2906 627 2961 7.
662 2904 918 2961 Volumus
958 2904 1216 2976 insuper,
1246 2912 1409 2975 atque
1451 2901 1801 2959 concedimus
1831 2900 1895 2956 ad
1938 2916 2089 2959 sere-

2208 1896 2337 1950 qzteo
2356 1896 2509 1951 quem
2531 1888 2697 1932 mente
2718 1878 2927 1949 concepi
2950 1894 3037 1933 ore
3061 1877 3297 1947 proferre
3318 1893 3591 1947 sermonem,
3617 1886 3723 1944 etc;

2210 1975 2262 2028 in
2299 1974 2402 2027 ﬁne
2436 1986 2566 2027 vero
2593 1970 2834 2041 ejusdem
2865 1969 3136 2025 subditur.

2281 2067 2333 2119 9.
2369 2062 2509 2118 Nulli
2532 2078 2664 2134 ergo
2692 2063 2916 2118 omnino
2947 2062 3232 2118 hominum
3269 2061 3424 2118 liceat
3461 2060 3585 2117 hanc
3614 2060 3729 2132 pagi-

2208 2175 2332 2215 nam
2382 2167 2581 2213 nostrm
2613 2158 3067 2223 conﬁrmationis,
3094 2157 3542 2225 communitionis,
3569 2158 3733 2228 suppli-

2205 2251 2455 2317 cationis,
2484 2251 2696 2318 statuti,
2729 2250 3111 2319 ordinationis,
3140 2252 3455 2318 voluntatis,
3480 2258 3529 2305 et
3554 2263 3733 2305 conces-

2202 2346 2374 2401 sionis
2402 2344 2719 2415 infringere,
2752 2343 2837 2401 vel
2860 2345 2908 2399 ei
2938 2359 3071 2399 ausu
3100 2345 3395 2402 temerario
3423 2342 3672 2400 contraire.
3693 2341 3737 2397 Si

2203 2440 2326 2512 quis
2354 2451 2533 2496 autem
2577 2443 2678 2494 hoc
2722 2448 2992 2495 attentare
3022 2439 3449 2510 praesumpserit,
3476 2435 3739 2506 indignatio-

2204 2550 2327 2590 nem
2361 2529 2752 2603 omnipotentis
2794 2530 2912 2592 Dei,
2959 2538 3017 2586 et
3052 2531 3347 2586 beatorum
3374 2527 3517 2584 Petri
3547 2535 3597 2583 et
3628 2524 3742 2581 Pauli

2205 2625 2573 2695 apostolorum
2606 2623 2724 2693 ejus
2746 2637 2807 2678 se
2830 2621 3045 2678 noverit
3074 2618 3577 2677 incursurum.Dat.
3600 2616 3743 2671 Romte

2210 2718 2352 2788 apud
2376 2718 2606 2774 Sanctos
2626 2715 2918 2785 Apostolos
2944 2724 3099 2771 sexto
3128 2713 3257 2771 idus
3276 2712 3428 2779 Julii,
3454 2710 3746 2784 pontiﬁcatus

2203 2811 2375 2868 nostri
2405 2826 2548 2866 anno
2578 2808 2795 2865 decimo
2824 2807 3010 2864 tertio.

506 3027 3739 3062 Μ

1028 3169 1800 3301 REGULA
1887 3157 3259 3304 MONACHARUM.

495 3478 727 3555 Indigna
774 3495 1009 3554 prorsus,
1041 3493 1156 3551 quae
1208 3472 1530 3550 Hieronymo
1578 3475 1893 3551 ajﬁgerelur,
1946 3472 2110 3528 doctis
2152 3472 2426 3542 probisque
2481 3471 2778 3527 hominibus
2818 3471 2928 3528 visa
2968 3482 3063 3529 est.
3096 3471 3251 3530 Sane
3281 3489 3446 3547 neque
3489 3479 3589 3543 est,
3616 3466 3769 3542 in'qtto

1628 3567 2067 3625 consarcinatoris
2098 3564 2423 3636 diligentiam
2454 3563 2655 3621 laudes.
2784 3557 2963 3567 "mm

1811 3673 2217 3747 PROCEM
2233 3672 2473 3744 [UM.

1980 3833 2323 3867 ----τ

562 3958 877 4031 Tepeseens
919 3958 972 4013 in
1011 3954 1273 4014 membris
1311 3953 1613 4026 proclivum
1644 3963 1842 4021 corpus
1879 3947 1947 4004 ad
1976 3956 2091 4003 ter-
2122 3944 2167 4010 C
2200 3952 2481 4017 promptus
2509 3951 2624 4013 est,
2666 3953 3109 4015 praesumptuose
3140 3955 3203 4003 et
3243 3962 3360 4004 non
3405 3946 3591 4003 timide
3627 3941 3785 3999 εωδυο

488 4068 606 4109 ram
636 4068 702 4109 ex
736 4068 839 4124 qua
877 4051 1053 4119 exiit,
1100 4044 1323 4121 jamque
1366 4062 1561 4118 rugosa
1596 4046 1781 4100 fronte
1816 4057 2004 4098 senem
2040 4049 2096 4096 et

489 4154 700 4199 natura:
733 4159 873 4214 pene
906 4152 1219 4213 portentum
1250 4162 1263 4195 :
1297 4149 1501 4205 vester,
1540 4137 1871 4208 prmdilectte
1898 4137 1949 4190 in
1986 4134 2094 4189 Do-

490 4239 642 4293 mino
675 4237 824 4303 ﬁliae,
849 4245 903 4290 et
925 4235 1170 4290 Dominae
1192 4233 1397 4288 Christi
1426 4233 1663 4301 virgines
1684 4228 2092 4296 sacratissimm,

492 4327 851 4383 Eustochium
890 4337 945 4381 et
978 4327 1225 4394 reliquae,
1258 4323 1325 4377 ad
1357 4324 1493 4393 Agni
1526 4335 1693 4377 novas
1720 4320 1959 4389 nuptias,
1992 4319 2093 4373 sub

494 4418 857 4485 obedientiae,
893 4417 1201 4489 pudicitiae,
1237 4414 1610 4486 paupertatis,
1647 4421 1704 4469 et
1733 4412 2017 4483 religionis
2043 4413 2092 4465 in

492 4512 656 4565 domo
691 4512 901 4566 Domini
931 4510 1184 4565 adunatm
1221 4510 1539 4579 proposito,
1576 4507 1803 4561 nimium
1834 4504 2095 4559 sollicitat

492 4603 595 4673 pia:
636 4602 943 4657 devmionis
977 4603 1028 4656 in
1061 4602 1345 4656 charitatis
1384 4600 1580 4655 affectu
1606 4641 1623 4666 ,
1661 4609 1717 4653 ut
1763 4597 2090 4653 tretnulcnta

491 4709 687 4748 manus
718 4708 833 4748 sua:
858 4709 1150 4764 parumper
1172 4694 1463 4749 vetustatis
1492 4692 1680 4759 oblita,
1709 4691 1821 4745 Deo
1848 4690 2088 4757 vivendi,

492 4803 598 4841 non
640 4786 841 4841 mundo
875 4805 886 4839 :
918 4787 1165 4856 spiritui,
1212 4803 1318 4841 non
1350 4785 1541 4840 carni:
1589 4794 1643 4839 et
1676 4784 1818 4855 quod
1861 4782 2090 4837 arduum

488 4891 592 4947 εει,
629 4896 736 4935 non
771 4880 876 4936 sibi
918 4879 1043 4949 ipsi,
1093 4894 1337 4935 normam
1376 4890 1427 4934 et
1467 4879 1734 4949 regulam,
1775 4893 1842 4931 ex
1887 4874 2091 4929 Christi

489 4982 543 5027 et
570 4973 950 5043 apostolorum
984 4972 1092 5026 vita
1124 4973 1407 5027 collectam
1436 4989 1451 5025 :
1481 4987 1548 5026 ex
1579 4980 1890 5025 sanctorum
1923 4970 2088 5025 etiam

491 5074 706 5133 patrum
740 5065 1219 5129 anachoretarum,
1244 5078 1383 5133 quos
1410 5078 1505 5132 per
1530 5072 1739 5132 septem
1768 5077 1939 5116 annos
1966 5076 2088 5117 creo

494 5171 706 5211 morum
741 5167 895 5211 antra
929 5157 1302 5220 circumiens,
1337 5171 1443 5208 non
1482 5156 1601 5208 sine
1646 5153 2006 5207 admiratione
2037 5160 2092 5207 et

489 5249 879 5305 informatione
941 5250 1165 5320 reperi,
1217 5247 1622 5303 observationis
1675 5255 1729 5301 et
1775 5245 2090 5300 imitationis

2202 4038 2438 4093 lttnlibus
2468 4037 2520 4092 in
2552 4038 2639 4092 via
2672 4037 2795 4102 Dei;
2832 4040 2883 4092 in
2916 4053 3018 4109 qua
3053 4047 3135 4094 tot
3166 4041 3357 4096 latent
3397 4039 3653 4101 adversa,
3681 4042 3791 4108 quot

2200 4140 2474 4185 momenta
2527 4138 2653 4185 sunt
2697 4132 3041 4199 temporum!
3086 4131 3371 4204 Exposcit
3405 4144 3586 4190 vestra
3622 4130 3789 4202 pietas.

2200 4234 2256 4280 ut
2285 4226 2496 4293 depicta
2536 4223 2638 4280 sibi
2678 4226 2918 4296 pericula
2944 4268 2960 4293 ,
2993 4235 3049 4282 et
3074 4229 3329 4283 fomenta
3357 4227 3588 4285 remedii
3622 4223 3797 4298 procli-
3844 4238 3845 4259 ξ

2199 4334 2296 4373 vus
2336 4334 2553 4389 semper
2576 4320 2641 4374 ad
2675 4320 2877 4375 malum
2908 4336 2936 4375 a
2970 4320 3294 4391 primordio
3320 4323 3630 4394 juventutis
3655 4320 3799 4377 ratio-
3844 4346 3845 4379 δ

2199 4411 2338 4465 nalis
2359 4420 2415 4466 et
2439 4411 2690 4466 animalis
2712 4413 2931 4469 animus
2953 4428 3198 4471 cernens
3222 4416 3524 4488 gradiatur
3547 4431 3643 4486 per
3680 4419 3795 4466 tuta.

2195 4504 2240 4559 Ο
2279 4504 2517 4574 prudens
2562 4504 2876 4572 consilium,
2921 4515 2979 4561 ut
3019 4522 3124 4575 pro
3167 4524 3324 4565 voce
3366 4509 3729 4577 scripturam:
3760 4512 3805 4556 ct
3844 4524 3845 4553 ξ

2199 4612 2293 4665 pro
2324 4596 2557 4651 faciliter
2580 4598 2903 4664 transeunti,
2934 4597 3028 4652 diu
3054 4614 3401 4656 mansurum
3426 4591 3805 4656 commuteth

2191 4688 2332 4757 jnsta
2381 4698 2436 4742 et
2465 4698 2651 4744 sancta
2680 4689 2993 4746 exhortatio
3015 4730 3031 4759 ,
3060 4698 3117 4747 et
3144 4692 3438 4765 perdigna
3469 4685 3811 4748 exauditionis

2196 4781 2490 4836 beneﬁcio!

2269 4872 2395 4941 Sed,
2426 4872 2751 4942 prcedilectm
2776 4871 2928 4939 ﬁliae,
2950 4882 3006 4930 et
3032 4875 3079 4930 si
3097 4874 3331 4944 justum
3365 4885 3425 4932 et
3458 4882 3701 4931 sanctum
3724 4876 3815 4933 est.

2195 4965 2337 5036 quod
2361 4966 2546 5035 petitis
2576 4981 2602 5018 a
2632 4976 2784 5036 patre
2817 4985 2829 5019 :
2861 4966 3035 5037 patris
3069 4976 3266 5022 tamen
3302 4976 3480 5036 negat
3510 4976 3673 5033 aetas,
3704 4973 3813 5032 pm“

2197 5058 2345 5112 hibet
2404 5057 2808 5125 insufﬁcientia,
2842 5058 2968 5115 licet
2997 5059 3223 5130 ingerat
3275 5060 3568 5117 charitas.
3605 5057 3821 5126 Stupent

2194 5150 2336 5204 oculi
2370 5149 2701 5219 palpitantes
2724 5150 2775 5205 in
2801 5151 3062 5220 tenebris,
3096 5152 3306 5209 horret
3331 5163 3559 5210 naturae
3582 5144 3819 5223 phrenesi

2197 5244 2514 5298 inconstans
2549 5259 2742 5300 manus
2785 5260 3045 5316 peragere
3085 5245 3411 5315 juvenilia.
3465 5247 3730 5302 Hortatur
3758 5250 3829 5294 ts-

488 5343 655 5412 digno
684 5342 1179 5398 commendandam
1222 5341 1522 5412 praeconio,
1558 5340 1609 5393 in
1646 5339 1902 5410 praesenti
1937 5338 2085 5393 libel-
2117 5340 2165 5399 D
2195 5352 2318 5391 men
2366 5351 2586 5405 semper
2632 5335 2921 5392 charitatis
2959 5337 3141 5405 ardor,
3194 5354 3274 5393 ne
3320 5345 3595 5408 parcatur
3637 5329 3825 5391 labori.

490 5434 545 5487 lo
581 5434 809 5489 edoceat
841 5434 1025 5489 ofﬁcio
1048 5434 1267 5497 calami,
1293 5444 1510 5503 paratas
1542 5439 1752 5487 mentes
1780 5432 1845 5486 ad
1870 5431 2091 5498 bonum,

485 5526 653 5583 veluti
694 5527 876 5597 lingua
902 5527 1220 5596 jamdudum
1246 5525 1459 5581 solebat
1490 5538 1622 5579 voce
1651 5538 1757 5578 non
1791 5531 2029 5578 mortua.
2052 5524 2096 5579 Ο

486 5607 613 5672 felix
648 5618 890 5681 aﬁectio,
928 5632 961 5672 ο
989 5616 1326 5671 desiderium
1360 5616 1413 5671 in
1448 5616 1681 5669 Domitio
1710 5613 2100 5670 commendan-

484 5711 610 5763 dum
638 5729 651 5765 :
687 5721 746 5767 ut
776 5725 897 5781 quae
926 5709 1225 5765 deficiente
1245 5750 1258 5776 ,
1297 5725 1393 5778 per
1423 5708 1637 5764 senium
1668 5717 1723 5762 et
1752 5720 2096 5761 communem

480 5800 658 5863 aetatis
686 5801 850 5861 ﬁnem
898 5802 1079 5880 lingua
1110 5801 1391 5877 doctoris,
1423 5800 1494 5860 de
1546 5815 1679 5859 casu
1722 5798 1959 5870 timetis,
2005 5798 2097 5873 qui

2200 5430 2341 5483 unde
2373 5436 2555 5483 tantus
2601 5428 2874 5500 colligitur
2913 5428 3119 5485 fructus
3158 5447 3173 5481 :
3212 5446 3400 5500 quem
3436 5446 3553 5487 non
3596 5438 3825 5501 putarem

2200 5519 2251 5574 in
2282 5520 2439 5575 vobis
2478 5535 2726 5591 carpere,
2758 5536 2882 5591 quae
2917 5522 3227 5592 Scripturis
3277 5522 3357 5578 de
3392 5521 3619 5579 Domini
3650 5518 3829 5573 volun-

2204 5623 2312 5669 tate
2341 5612 2536 5669 melius
2566 5613 2698 5669 estis
2727 5612 2956 5682 edoctae,
2992 5624 3048 5669 ut
3080 5614 3486 5672 blandimenti
3524 5612 3727 5686 aliquid
3752 5609 3827 5664 τι.

2204 5714 2342 5773 tear,
2373 5706 2500 5761 licet
2530 5706 2776 5761 veritatis
2799 5748 2814 5773 ,
2846 5707 2952 5763 nisi
2996 5705 3063 5761 ad
3112 5706 3267 5763 alias
3319 5707 3701 5764 succedentes
3740 5714 3829 5773 per

2206 5806 2453 5881 tempora
2494 5797 2903 5862 informandum
2948 5801 3276 5862 traheretur
3306 5810 3507 5865 tantus
3534 5803 3627 5863 hic
3662 5797 3825 5858 labor.
