3918 6294
183 379 255 445 393

1278 363 1565 426 REGULA
1604 357 2115 423 MONACHARUM.

3236 356 3349 418 394

179 500 318 554 Vincat
340 489 471 566 igitur
493 485 718 547 duellum
751 482 857 542 hoc
884 482 1125 541 Charitas
1156 501 1171 540 :
1205 498 1325 556 qua:
1355 484 1532 555 ipsum
1562 482 1646 539 in-
1673 486 1729 545 Α
1751 480 1854 538 bus
1882 481 2236 545 auxiliantur,
2260 477 2365 535 sibi
2388 478 2620 535 invicem
2647 475 3029 537 administrant
3054 478 3277 551 pietatis
3299 488 3354 534 et

180 589 408 647 vincibilem
434 583 561 653 vicit,
586 593 640 637 ut
666 579 991 637 immortalis
1020 590 1324 636 moreretur
1354 595 1454 651 pro
1471 577 1650 634 nobis.

1756 574 2043 631 charitatis
2072 574 2355 641 obsequia.
2391 573 2501 629 Sed
2532 582 2681 629 certe
2708 573 2754 627 si
2786 574 2983 629 fratres
3010 582 3105 629 aut
3135 586 3353 629 sorores

182 686 321 741 Verum
345 681 508 737 frustra
531 676 639 731 hzec
664 684 915 745 speratur
934 673 1163 729 victoria
1193 673 1248 728 in
1274 681 1417 728 tanta
1448 672 1656 742 impos—
1753 668 1919 724 simul
1949 668 2003 722 in
2034 683 2200 723 unum
2242 683 2348 722 non
2379 666 2629 722 habitent
2666 686 2677 719 :
2708 683 2817 724 non
2843 667 2955 738 jam
2986 667 3216 735 bonum,
3248 664 3347 723 sed

180 778 363 834 sibilitate
398 782 597 837 naturte,
656 768 762 824 nisi
808 767 1024 824 devotae
1080 766 1359 823 orationes
1420 764 1653 820 filiarum

178 871 329 928 adsint:
355 868 521 939 quibus
547 864 684 921 Deus
708 863 886 934 paruit
917 862 972 918 in
999 871 1210 918 tantum
1237 861 1307 917 ab
1331 860 1572 931 antiquo,
1596 866 1656 913 ut

180 964 291 1022 etiam
312 978 410 1019 eum
436 959 709 1033 paeniteret
728 972 920 1014 eorum
963 972 1085 1028 quae
1112 954 1361 1026 primitus
1397 953 1655 1011 minando

180 1057 467 1131 spoponderat,
494 1050 735 1126 quamvis
754 1050 1033 1124 paenitere
1060 1066 1169 1107 non
1200 1050 1390 1123 possit.

578 1189 809 1247 CAPUT
847 1188 1138 1247 PRIMUM.

370 1307 439 1366 De
462 1308 717 1365 Charitate
754 1317 805 1364 et
847 1307 1057 1365 Unitate
1094 1308 1367 1365 seruanda.

234 1426 321 1496 Quis
344 1434 498 1481 autem
545 1424 597 1480 in
639 1422 977 1480 monasterio
1016 1422 1332 1480 constitutis
1379 1420 1659 1479 sororibus

192 1521 324 1592 primus
338 1520 390 1576 sit
408 1518 734 1591 arripiendus
756 1518 951 1575 modus
982 1518 1098 1574 Deo
1123 1517 1339 1574 vivendi
1368 1526 1423 1573 et
1448 1517 1657 1589 regula,

189 1613 379 1685 ipsesolus
401 1612 632 1669 Christus
660 1612 822 1684 hujus
852 1613 1123 1685 propositi
1160 1612 1411 1682 inceptor
1445 1620 1501 1667 et
1532 1611 1663 1667 doc-

187 1717 251 1771 tor,
270 1708 306 1761 in
326 1706 456 1763 unius
484 1706 844 1777 responsione
873 1706 1099 1762 instruit
1129 1705 1445 1761 universos:
1472 1703 1536 1761 Si
1562 1705 1660 1769 vis,

184 1798 296 1869 inquit
313 1798 422 1854 idem
455 1799 708 1870 magister
733 1798 853 1854 hinc
882 1799 1110 1884 petenti,
1134 1798 1203 1853 ad
1242 1798 1401 1852 vitam
1437 1795 1661 1869 ingredi,

1756 764 1957 819 malum
1985 772 2091 820 est.
2122 761 2267 818 Nihil
2300 761 2497 815 bonum
2525 761 2780 819 divisum.

1829 859 2004 914 Omne
2026 859 2190 913 etiam
2220 853 2523 912 secundum
2548 854 2910 927 philosophos
2939 853 2993 911 in
3018 864 3225 913 tantum
3254 854 3351 911 ha-

1756 949 1853 1008 bet
1879 950 2163 1015 bonitatis,
2194 948 2249 1003 in
2285 955 2547 1015 quantum
2576 946 2801 1002 unitatis
2843 950 3083 1005 attinens
3120 964 3233 1004 sua:
3262 964 3357 1003 na-

1758 1058 1921 1105 turae.
1964 1044 2125 1114 Quod
2155 1045 2203 1101 si
2234 1044 2504 1116 singulum
2533 1059 2701 1098 unum
2749 1042 2805 1098 in
2852 1052 2963 1099 tota
3008 1044 3196 1098 mundi
3242 1058 3358 1097 ma-

1760 1141 1924 1199 china
1950 1154 2050 1211 per
2074 1154 2135 1194 se
2161 1146 2408 1194 creatum
2432 1146 2519 1192 est
2546 1136 2746 1192 bonum
2776 1156 2790 1189 :
2819 1152 2925 1191 non
2950 1144 3132 1193 tamen
3155 1145 3239 1192 est
3263 1152 3363 1207 0p-

1762 1236 1978 1303 timum,
2030 1231 2139 1288 nisi
2182 1231 2399 1289 caeteris
2443 1246 2667 1286 nexum.
2699 1230 2993 1301 Propterea
3040 1232 3095 1285 in
3137 1228 3361 1287 exordio

1762 1325 1954 1383 mundi
1984 1326 2124 1382 vidit
2152 1327 2313 1393 Deus,
2353 1324 2500 1397 quod
2536 1335 2731 1381 cuncta
2759 1341 2882 1395 quae
2916 1324 3162 1394 fecerat,
3203 1333 3363 1380 erant

1763 1422 1927 1478 valde
1948 1422 2110 1476 bona.
2156 1420 2386 1489 Idcirco,
2432 1420 2795 1485 eharissimm,
2833 1421 2886 1475 in
2910 1420 3219 1491 apostolica
3250 1420 3361 1474 vita

1764 1516 1919 1573 vobis
1941 1515 2011 1572 de
2033 1515 2238 1572 saeculo
2267 1515 2517 1570 adunatis
2539 1530 2636 1586 per
2664 1530 2925 1585 corpora,
2948 1516 3024 1571 sit
3049 1529 3144 1569 cor
3168 1529 3359 1579 unum,

1766 1618 1823 1665 et
1870 1610 2051 1664 anima
2099 1624 2208 1664 una
2251 1609 2305 1665 in
2340 1609 2595 1675 Domino,
2630 1608 2777 1664 velut
2808 1608 2876 1663 de
2908 1608 3173 1677 apostolis
3204 1616 3258 1662 et
3297 1606 3367 1662 de

1768 1706 1903 1777 ipsis
1961 1706 2282 1778 apostolicis
2332 1706 2467 1761 viris
2515 1705 2572 1760 in
2620 1704 2844 1761 Actibus
2885 1718 3078 1759 eorum
3129 1703 3367 1773 legitur:

1770 1800 2133 1857 Multitudinis
2160 1803 2293 1856 enim
2325 1800 2645 1857 credentium
2675 1807 2785 1855 erat
2813 1816 2903 1853 cor
2929 1815 3093 1853 unum
3120 1807 3168 1853 et
3196 1798 3372 1851 anima

183 1908 272 1945 terra
288 1892 503 1945 mandata.
518 1891 673 1959 Quod
692 1891 739 1947 si
763 1890 902 1947 forte
920 1899 1196 1962 quaeratur
1220 1906 1339 1961 quae
1366 1890 1495 1958 sint,
1518 1888 1664 1945 illico
1695 1884 1746 1946 B
1772 1913 1879 1951 una
1910 1896 1967 1951 in
2006 1896 2262 1952 Domino.
2296 1895 2455 1953 Nulla
2486 1896 2595 1950 vita
2634 1911 2736 1967 pro
2766 1903 2921 1950 certo
2965 1904 3049 1949 est
3096 1892 3366 1961 deterior,

178 1986 226 2039 sic
234 1984 527 2055 percunctanti
539 1985 791 2056 exposuit
808 2005 819 2040 :
832 1983 1027 2056 Diliges
1042 1983 1322 2038 Dominum
1337 1982 1503 2037 Deum
1517 1992 1662 2036 tuum

180 2094 215 2131 α
235 2088 309 2132 toto
322 2080 469 2148 corde,
493 2086 683 2147 mente,
709 2089 757 2134 et
783 2078 978 2135 viribus
1002 2079 1126 2148 tuis,
1151 2087 1199 2133 et
1224 2078 1340 2151 plus
1361 2094 1514 2149 quam
1536 2076 1666 2148 teip-

180 2186 276 2226 διαί
291 2181 329 2226 et
337 2173 600 2242 proximum
619 2183 769 2227 tuum
786 2173 918 2226 sicut
932 2173 1153 2244 teipsum
1170 2168 1386 2243 (Matth.
1400 2186 1457 2236 v,
1469 2166 1586 2241 45).
1605 2168 1667 2224 ln

179 2262 231 2317 his
247 2264 405 2321 duobus
424 2265 705 2336 praeceptis
726 2264 925 2336 pendet
947 2263 1211 2335 quidquid
1233 2274 1318 2320 est
1339 2264 1495 2334 legis,
1510 2261 1667 2334 quid-

182 2354 263 2425 quid
280 2357 404 2412 etiam
430 2359 709 2429 propheta:
739 2366 795 2413 et
820 2358 994 2413 sancti
1026 2358 1127 2413 viri
1157 2356 1485 2427 perscrutati
1515 2363 1667 2412 sunt.

223 2445 269 2502 Et
284 2449 501 2521 attendite
524 2451 790 2518 sollicite,
818 2464 1028 2521 quaeso,
1056 2448 1418 2517 charissima,
1442 2466 1562 2522 quae
1588 2450 1673 2506 in-

181 2541 277 2611 gredi
306 2559 389 2600 non
416 2544 585 2602 solum
626 2546 763 2601 totis
794 2544 1082 2601 atl‘ectibus
1119 2545 1320 2616 cupitis
1363 2544 1433 2601 ad
1476 2546 1669 2611 vitam,
1708 2594 1711 2599 .

183 2651 263 2705 qua
290 2654 383 2695 tere
419 2642 523 2697 vita
567 2652 658 2699 est
702 2643 858 2713 (nam
899 2642 1207 2699 viventibus
1239 2643 1294 2697 in
1325 2642 1530 2697 mundo
1560 2642 1672 2697 vita

188 2744 263 2785 non
276 2735 427 2802 est,sed
456 2737 655 2809 mors),
680 2736 779 2792 sed
803 2736 917 2807 jam
948 2736 1042 2793 Dei
1070 2736 1271 2792 auxilio
1298 2737 1429 2792 estis
1460 2737 1563 2792 iter
1594 2736 1676 2791 in-

196 2837 341 2891 trata,
360 2830 478 2898 quod
505 2831 631 2886 sine
661 2830 958 2901 praeceptis
981 2829 1272 2885 charitatis
1305 2844 1414 2885 non
1439 2828 1678 2901 ingredi-

189 2922 476 2993 turqtn'squam
506 2923 575 2979 ad
624 2924 745 2980 Deo
772 2924 1089 2980 vivendum.
1122 2924 1353 2993 Propter
1384 2923 1489 2978 hoc
1529 2924 1677 2979 enim

182 3014 370 3081 apostolus
388 3015 582 3073 Paulus
612 3033 727 3073 non
750 3018 1016 3089 gloriatur
1038 3016 1094 3071 in
1126 3016 1326 3088 linguis
1356 3014 1679 3086 angelorum

181 3113 214 3157 et
240 3104 488 3178 hominum,
520 3126 637 3166 non
670 3111 731 3166 in
777 3110 1091 3183 cognitione
1122 3111 1510 3183 mysteriorum
1558 3110 1679 3178 Dei,

181 3213 244 3253 non
265 3200 303 3257 in
325 3206 496 3274 spiritu
523 3205 836 3277 prophetiae
861 3247 875 3272 ,
908 3222 1017 3261 non
1049 3205 1105 3261 in
1137 3204 1533 3276 aSperitatibus
1556 3220 1681 3260 car—

1770 2006 1935 2061 quam
1971 1990 2137 2046 simul
2164 1990 2364 2061 degere
2402 2005 2634 2061 corpore
2668 2000 2723 2046 et
2766 2005 2875 2046 non
2906 2000 3109 2046 mente.
3142 1988 3210 2045 Et
3241 2003 3373 2044 vere

1769 2083 2017 2141 infelices
2060 2094 2210 2153 sunt,
2260 2084 2459 2156 quibus
2497 2098 2608 2140 non
2653 2084 2797 2139 inest
2834 2098 2970 2151 una,
3004 2080 3102 2139 sed
3148 2081 3363 2138 diversa

1771 2178 2042 2236 voluntas.

1845 2272 1928 2329 Sit
1955 2274 2140 2345 itaque
2158 2273 2316 2330 vobis
2346 2288 2564 2344 semper
2586 2288 2725 2330 unus
2752 2272 2997 2340 affectus,
3031 2286 3139 2327 una
3168 2273 3368 2327 volun.

1774 2375 1881 2434 tas,
1907 2382 2014 2422 una
2044 2367 2382 2434 fraternitas,
2418 2382 2522 2422 una
2560 2368 2844 2439 proportio
2876 2382 3114 2433 morum,
3138 2381 3247 2421 uua
3288 2366 3375 2435 ju-

1775 2457 2051 2526 cunditas,
2081 2475 2187 2515 una
2220 2459 2441 2515 tristitia
2468 2477 2483 2514 :
2516 2474 2587 2514 ne
2617 2459 2763 2529 quod
2794 2460 2984 2516 alterae
3017 2460 3224 2531 placet,
3256 2459 3370 2513 dis-

1778 2552 1979 2623 pliceat
2028 2551 2258 2607 alterae:
2286 2567 2395 2623 quo
2442 2551 2645 2624 gaudet
2695 2553 2888 2622 altera,
2937 2552 3189 2608 tristetur
3217 2562 3271 2608 et
3299 2552 3381 2607 al-

1778 2653 1921 2702 tera.
1954 2646 2023 2701 Et
2051 2645 2131 2701 sic
2171 2644 2376 2701 habere
2407 2646 2659 2714 poteritis
2692 2647 2981 2717 religionis
3010 2647 3380 2718 propositum,

1779 2742 1829 2797 si
1873 2739 2157 2795 unanimes
2201 2740 2254 2793 in
2287 2739 2455 2795 domo
2488 2740 2582 2795 Dei
2614 2739 2897 2796 habitetis.
2948 2740 3075 2795 Ilzee
3114 2755 3243 2795 vera
3272 2740 3382 2795 vita

1782 2833 1902 2903 Dei,
1938 2849 2047 2889 non
2074 2831 2279 2887 diaboli
2304 2850 2317 2885 :
2344 2848 2477 2888 vere
2508 2834 2931 2901 monasterium,
2964 2849 3073 2890 non
3103 2833 3379 2889 infernus:

1781 2942 1914 2987 vere
1940 2927 2046 2985 vita
2074 2927 2357 2999 religiosa,
2390 2942 2501 2984 non
2530 2926 2823 2986 diabolica.

2410 3062 2638 3123 CAPUT
2673 3064 2760 3123 II.‘

2064 3180 2146 3239 De
2174 3200 2276 3241 non
2307 3183 2544 3240 habendo
2576 3184 2777 3257 aliquid
2808 3184 3099 3259 praprium.

188 3293 342 3363 Iason
373 3300 524 3357 etiam
562 3302 619 3357 in
653 3302 1132 3375 eleemosynarum
1172 3302 1455 3373 operibus,
1491 3316 1683 3373 quam-
1707 3286 1754 3352 C
1860 3299 2003 3358 Ante
2046 3302 2248 3359 mentis
2273 3310 2471 3359 vestrae
2514 3303 2703 3359 oculos
2747 3320 2968 3376 semper
3006 3307 3385 3378 evangelicum

190 3399 275 3453 tu
308 3392 365 3448 ad
405 3395 587 3452 omnia
630 3399 813 3468 pietas
852 3395 1069 3465 valeat,
1104 3394 1399 3452 dummodo
1443 3393 1681 3452 Charitas

192 3482 384 3543 adesit.

220 3575 302 3635 Hac
322 3582 490 3655 itaque
518 3586 649 3644 sola
682 3584 866 3644 reddit
906 3585 1181 3644 hominem
1215 3586 1326 3643 Deo
1354 3587 1639 3643 viventem
1662 3624 1677 3653 ,

178 3662 530 3752 btreligiosos,
565 3680 693 3737 haec
738 3679 1040 3736 monachos
1080 3678 1245 3736 facit:
1276 3679 1396 3736 sine
1428 3681 1530 3735 hac
1559 3694 1681 3734 mo-

174 3767 334 3822 nasteria
375 3782 497 3828 sunt
540 3782 785 3840 tartara,
828 3771 1168 3828 habitatores
1216 3783 1341 3828 sunt
1380 3772 1681 3828 daemones.

172 3848 259 3910 Cum
280 3859 357 3918 hac
374 3880 500 3922 vero
523 3878 666 3923 sunt
694 3867 986 3939 paradisus
1016 3868 1069 3922 in
1098 3869 1294 3923 terris:
1319 3876 1373 3922 et
1396 3868 1448 3922 in
1482 3868 1561 3922 eis
1590 3866 1687 3922 de-

167 3960 293 4016 ιωιαε
312 3969 423 4016 sunt
446 3962 661 4034 angeli.
694 3961 957 4032 Ideoque,
981 3960 1117 4016 mihi
1141 3960 1353 4015 dilecta:
1385 3960 1532 4025 filim,
1556 3959 1687 4014 licet

170 4035 367 4112 Milvus
392 4063 683 4112 macerent
726 4054 966 4125 jejunia,
1001 4052 1213 4123 abjecta
1244 4060 1299 4107 et
1329 4051 1481 4122 nigra
1515 4055 1685 4106 vestis

169 4129 537 4219 mulonga
565 4148 894 4204 ofﬁciorum
918 4156 1214 4216 et0perum
1237 4152 1453 4201 texatur
1474 4143 1682 4199 series:

165 4224 318 4288 situlus
335 4236 468 4295 desit
496 4241 775 4306 charitas,
808 4240 877 4295 ad
910 4239 1155 4295 infimum
1196 4237 1437 4295 nondum
1469 4237 1687 4308 religio-

163 4319 409 4392 ‘i‘Sﬂdum
437 4342 788 4404 perventum
815 4339 922 4388 est.
957 4331 1277 4403 Pr0pterea,
1305 4331 1645 4387 charissima:
1665 4375 1683 4401 ,

161 4404 563 4492 “incipiendum
593 4436 689 4483 est
719 4426 845 4495 iter,
888 4423 956 4479 ad
985 4426 1305 4496 apostolicae
1338 4423 1687 4497 perfectionis

156 4508 317 4576 Ma

197 4600 238 4656 Si
257 4620 367 4665 vero
388 4613 629 4671 relativa
659 4624 750 4671 est
778 4614 1037 4683 charitas,
1065 4623 1120 4671 et
1150 4614 1217 4671 ad
1248 4630 1417 4670 unum
1448 4629 1556 4670 non
1587 4629 1687 4685 po-

1787 3394 1925 3453 illud
1953 3406 2216 3468 appareat
2244 3395 2587 3452 stolidissimi
2610 3397 2712 3452 viri
2745 3396 2891 3454 illius
2915 3400 3228 3471 exemplum
3254 3421 3267 3457 :
3296 3404 3387 3471 qui

1787 3491 2083 3549 aedificium
2127 3508 2289 3549 suum
2319 3491 2466 3563 quod
2494 3506 2844 3562 summopere
2876 3492 3100 3562 fecerat,
3133 3496 3388 3567 ingruen-

1788 3585 1936 3642 tibus
1963 3584 2302 3652 ﬂumint‘bus,
2335 3583 2591 3641 flantibus
2618 3586 2824 3653 ventis,
2855 3597 2911 3642 et
2940 3587 3207 3642 imbribus
3233 3588 3395 3643 inun~

1787 3680 2042 3737 dantibus
2082 3680 2416 3751 pluviarum,
2457 3688 2631 3735 totum
2674 3678 2856 3735 amisit
2903 3681 2956 3735 in
2988 3696 3179 3736 casura
3215 3699 3228 3735 :
3262 3696 3399 3751 quo-

1790 3777 1936 3829 niam
1965 3773 2290 3829 aadiﬁcatum
2322 3782 2441 3830 erat
2467 3775 2523 3828 in
2551 3773 2767 3828 sabulo.
2801 3772 2911 3829 Nec
2940 3774 3158 3840 mirum,
3184 3773 3396 3829 charis-

1790 3869 1943 3924 sima:
1967 3887 1983 3936 ;
2009 3870 2221 3924 firmum
2259 3870 2405 3924 enim
2430 3868 2559 3937 quid
2586 3878 2678 3922 aut
2713 3867 2942 3936 stabile,
2974 3868 3027 3921 in
3070 3866 3257 3922 mobili
3299 3867 3391 3922 diu

1790 3980 2012 4020 manere
2050 3979 2157 4019 non
2189 3970 2388 4033 potest.
2434 3958 2691 4016 Edificat
2725 3960 2907 4014 fatuus
2948 3959 3039 4015 ille
3087 3960 3142 4015 in
3174 3960 3390 4027 sabulo,

1790 4060 1881 4129 qui
1911 4058 1965 4113 in
1995 4058 2103 4113 vita
2139 4056 2438 4127 apostolica
2473 4062 2529 4110 et
2570 4052 2853 4124 religionis
2878 4053 3159 4124 proposito
3188 4054 3391 4124 appetit

1792 4152 2119 4221 temporales
2143 4151 2384 4207 divitias.
2418 4150 2519 4205 Hic
2560 4147 2845 4215 attendite,
2878 4148 3029 4215 ﬁlim,
3062 4148 3393 4220 diligenter:

1790 4247 1883 4303 hic
1932 4246 2234 4319 periculum
2282 4261 2445 4303 omne
2493 4254 2601 4312 est,
2648 4245 2737 4301 hic
2785 4242 3060 4312 interitus,
3107 4243 3198 4303 hic
3244 4258 3396 4302 mors

1790 4350 2018 4400 ωῐθΐηῧ.

1863 4436 1965 4505 Qui
1990 4436 2102 4507 jam
2133 4435 2589 4491 renuntiaverunt
2618 4430 2870 4487 omnibus
2902 4446 3020 4501 qua:
3060 4431 3386 4503 possident:

1792 4530 1908 4603 qui,
1940 4530 2145 4585 relictis
2186 4529 2442 4585 omnibus
2478 4541 2597 4595 quae
2648 4524 2922 4579 habebant
2964 4525 3019 4579 in
3066 4525 3291 4593 saeculo,
3328 4525 3398 4580 ad

1792 4624 2072 4681 Christum
2100 4622 2427 4678 imitandum
2452 4617 2866 4690 pauperculum,
2892 4616 2984 4687 qui
3011 4615 3102 4671 ubi
3126 4630 3287 4687 caput
3309 4632 3400 4673 re-

156 4696 217 4748 ⁸⁵(
236 4705 425 4774 Proprie
452 4707 701 4764 dilectio
730 4708 977 4765 fraterna
1022 4707 1135 4763 dici
1164 4725 1178 4762 :
1228 4707 1434 4763 idcirco
1465 4716 1549 4764 est
1594 4723 1680 4763 ne-

1796 4720 2001 4784 clinet,
2032 4733 2139 4773 non
2170 4717 2367 4783 habet.
2394 4723 2785 4772 concurrentes
2823 4728 2894 4768 ex
2924 4722 3053 4767 voto
3076 4754 3090 4780 ,
3123 4712 3226 4768 sub
3251 4711 3403 4782 jura-

159 4796 254 4875 ἔδει
272 4800 398 4867 quod
420 4803 617 4872 plures
641 4804 784 4871 sint,
806 4805 898 4875 qui
926 4820 987 4860 se
1014 4813 1205 4859 mutuo
1231 4819 1297 4859 ex
1321 4802 1590 4859 charitate
1610 4802 1693 4857 dl-

154 4872 283 4955 ξιιι,
301 4905 353 4947 ut
373 4893 594 4952 dicatur
614 4897 777 4967 juxta
809 4872 1129 4969 prophetam
1158 4916 1171 4950 :
1204 4894 1410 4950 Bonum
1430 4904 1477 4949 et
1495 4898 1692 4967 jucun-

154 4974 306 5038 ά-ιαι
341 4989 579 5048 habitare
625 4993 825 5063 fratres
864 4996 919 5047 in
967 5009 1127 5047 unum
1166 4990 1344 5063 (Psal.
1375 5006 1579 5056 cxxxu,
1610 4989 1689 5060 1).

150 5062 251 5137 0N
280 5084 403 5139 satis
442 5086 739 5158 approbat
773 5086 1053 5157 Sapientia
1089 5062 1278 5141 dicens
1318 5102 1334 5140 :
1380 5082 1573 5139 Frater
1601 5084 1694 5155 qui

150 5158 464 5243 Minatur
486 5197 521 5234 a
553 5181 752 5251 fratre,
776 5181 923 5251 quasi
950 5181 1133 5235 civitas
1157 5180 1307 5249 ﬁrma
1330 5178 1511 5251 (Prov.
1538 5195 1687 5248 xvttt,

150 5252 220 5329 ul-
259 5264 319 5325 Et
362 5272 567 5330 iterum
599 5293 613 5328 :
666 5273 735 5329 Si
779 5276 973 5346 fuerint
1002 5275 1107 5329 duo
1137 5276 1312 5341 simul,
1348 5273 1591 5345 favebunt
1637 5290 1693 5328 se

150 5362 306 5415 Iino:
333 5367 421 5420 sed
446 5368 495 5422 si
537 5383 697 5423 unus
726 5370 998 5439 gradiatur
1026 5379 1074 5424 et
1101 5367 1281 5437 cadat,
1313 5383 1390 5423 va:
1414 5368 1533 5435 soli,
1564 5383 1693 5439 quo-

148 5442 239 5503 εἰ·
266 5457 630 5517 sublevantem
673 5476 779 5515 ηοη
824 5462 975 5517 habet
1001 5461 1230 5533 (Eccles.
1264 5459 1693 5531 ιν,10).Ρτορ-

152 5536 249 5597 κει
276 5549 657 5611 solitariorum
715 5554 820 5610 vita
868 5570 1029 5626 quam
1076 5555 1213 5611 satis
1257 5563 1519 5625 expertus
1547 5568 1691 5623 sum,

150 5634 542 5705 Minima
565 5656 667 5705 est
691 5656 748 5703 et
765 5647 933 5705 ardua
962 5668 975 5704 :
998 5657 1055 5705 et
1079 5650 1127 5705 si
1153 5649 1297 5706 bona
1325 5658 1383 5704 et
1408 5649 1698 5720 quamplu-

146 5720 329 5794 illico
351 5744 561 5813 vicina,
598 5760 727 5800 non
754 5753 936 5801 tamen
968 5760 1125 5818 teque
1160 5760 1356 5801 secura
1393 5756 1496 5813 est,
1529 5755 1587 5800 ut
1623 5746 1698 5801 si-

148 5826 594 5921 yhhitantiutn
628 5840 698 5897 in
730 5842 946 5899 vinculo
975 5842 1289 5899 dilectionis
1326 5851 1385 5900 et
1413 5842 1699 5898 charitatis

156 5916 303 5987 Ιοιῒιιο
328 5934 428 6005 Qui
458 5937 575 5997 sibi
616 5936 860 5993 invicem
894 5954 993 6011 per
1028 5947 1363 6000 tentamcnta
1392 5938 1695 5999 deficienti-

598 6032 892 6098 PATROL.
930 6032 1146 6099 XXX.

1800 4812 1968 4870 menti
1987 4809 2384 4882 pollicitatione
2406 4807 2795 4878 promiserunt,
2822 4805 2957 4858 nihil
2975 4804 3301 4874 temporale,
3317 4805 3401 4858 ni-

1801 4906 1878 4962 hil
1891 4913 2169 4961 terrenum
2185 4912 2385 4973 prteter
2400 4900 2674 4956 Christum
2688 4899 2891 4965 solum,
2908 4914 3016 4953 non
3037 4897 3211 4952 solum
3227 4899 3400 4967 possi-

1799 4998 1952 5065 dere,
1978 4995 2073 5052 sed
2086 5011 2188 5051 nec
2201 4996 2368 5051 etiam
2391 5004 2671 5064 appetere,
2687 5008 2809 5064 qum
2832 4994 2941 5062 jam
2963 4992 3301 5058 dimiserunt,
3322 5001 3404 5047 te—

1802 5107 1934 5149 nere
1958 5090 2047 5146 vel
2065 5103 2314 5161 quaerere
2344 5086 2569 5143 debent.
2588 5086 2722 5141 liinc
2742 5084 2993 5141 Christus
3013 5084 3273 5154 apostolis
3293 5101 3407 5141 non

1803 5197 2024 5262 portare
2051 5186 2355 5251 sacculum,
2383 5199 2558 5255 neque
2584 5198 2798 5255 peram,
2830 5196 3003 5251 neque
3049 5194 3124 5235 tes
3165 5181 3218 5235 in
3252 5183 3409 5239 zonis

1806 5281 2034 5339 mandat
2056 5298 2069 5335 :
2093 5291 2154 5336 ut
2180 5295 2252 5335 ex
2270 5282 2379 5335 hoc
2395 5277 2705 5347 intelligant
2734 5289 2922 5330 eorum
2941 5274 3069 5328 vita:
3087 5284 3409 5344 sectatores,

1804 5374 1952 5447 quod
1971 5373 2105 5431 nihil
2123 5372 2406 5445 proprium
2420 5371 2475 5427 in
2494 5366 2845 5427 monasteriis
2859 5365 2989 5422 licet
3012 5366 3238 5424 habere.
3252 5368 3415 5423 Certe

1807 5484 1918 5526 non
1949 5468 2211 5535 tunicam,
2246 5465 2356 5522 nisi
2380 5481 2503 5537 qua:
2526 5480 2594 5519 ex
2624 5461 2955 5518 necessitate
2988 5470 3271 5533 portatur:
3305 5477 3417 5519 non

1807 5561 2064 5632 caligant,
2092 5576 2195 5615 nec
2219 5558 2371 5614 aliud
2400 5557 2683 5613 minimum
2705 5554 2982 5627 quodque.

1892 5656 2094 5711 Verum
2125 5662 2181 5710 et
2208 5652 2256 5709 si
2284 5650 2539 5707 Christus
2575 5658 2631 5705 et
2674 5649 2907 5720 apostoli
2939 5648 3121 5721 aliqua
3152 5664 3273 5720 qua:
3316 5649 3426 5705 sibi

1814 5751 2126 5815 dabuntur,
2158 5757 2382 5819 propter
2412 5744 2800 5801 necessitatem
2834 5743 3117 5809 tenebant.
3150 5742 3285 5798 nulli
3316 5744 3433 5799 sin-

1812 5844 2073 5916 gulorum
2103 5840 2299 5896 licebat
2319 5836 2529 5909 aliquid
2569 5853 2638 5894 ex
2670 5837 2755 5893 his
2802 5835 3124 5906 contingere
3158 5848 3439 5907 tamquam

1817 5952 2020 5997 suum:
2056 5932 2150 5995 sed
2185 5929 2463 6007 pessimus
2506 5930 2598 5988 illc
2647 5928 2901 6001 proditor
2950 5940 3111 6007 atque
3142 5931 3325 6009 ⁸ιειιτο,
3357 5932 3439 5992 [ρ.

2855 6022 2929 6087 13
