3918 6294
520 298 627 356 395

1559 292 1616 349 S.
1659 289 2045 348 HIERONYMI
2084 287 2367 349 OPERUM
2410 293 2772 354 MANTISSA.

3633 314 3721 377 398

520 432 650 471 rens
678 412 909 481 loculos,
938 409 1119 466 omnia
1146 408 1393 480 portabat
1420 406 1473 462 in
1498 407 1577 463 eis
1601 407 1771 463 veluti
1799 406 1962 461 totius
1985 420 2116 458 con-
2143 409 2187 465 Α
2219 406 2318 469 sic,
2354 407 2547 476 quibus
2588 408 2674 464 hic
2707 409 2921 478 pietatis
2956 409 3227 482 iniunctus
3257 422 3333 469 est
3375 416 3525 484 labor,
3562 431 3610 477 ut
3639 427 3728 483 sin-

525 508 860 579 gregationis
889 500 1240 560 communia:
1274 509 1328 557 et
1357 502 1607 557 minisrer
1643 502 1972 565 communis,
2008 500 2118 552 sin-

522 601 773 669 gulorum
810 593 1228 652 necessitatibus
1255 591 1601 665 providebat.
1633 591 1701 647 Et
1724 606 1789 645 ex
1815 591 1917 644 hoc
1940 588 2118 645 edocti

523 689 756 763 apostoli
798 699 854 743 et
904 686 1094 742 ﬁdeles
1139 688 1262 757 post
1302 684 1510 740 Christi
1554 683 1933 739 ascensionem
1982 680 2118 734 nihil

523 787 749 840 omnino
786 797 942 836 suum
984 795 1107 835 esse
1148 778 1407 835 dicebant
1438 794 1451 830 :
1496 776 1586 830 sed
1632 785 1779 831 erant
1809 774 1915 827 illis
1944 772 2118 826 omnia

518 878 858 933 communia:
906 884 953 930 et
993 873 1212 946 singulis
1261 866 1586 926 dividebatur
1640 879 1796 942 prout
1842 870 2119 935 unicuique

522 991 652 1040 ομιιε
682 979 810 1025 erat.
845 970 936 1024 Sic
973 978 1029 1024 et
1072 983 1199 1029 vos,
1238 965 1573 1021 eirarissimae
1611 962 1757 1029 ﬁlim,
1792 971 1846 1017 et
1880 962 1925 1016 si
1957 959 2119 1015 liceat

522 1054 728 1121 habere
750 1058 949 1134 aliquid
980 1061 1305 1132 temporale,
1331 1069 1389 1114 ut
1410 1059 1613 1113 victum
1642 1065 1697 1111 et
1717 1063 2113 1125 tegumentum,

519 1174 639 1228 qure
687 1157 792 1212 duo
826 1156 981 1227 plene
1027 1154 1309 1211 sufficiunt
1339 1149 1651 1207 Christiano
1682 1168 1693 1200 :
1742 1147 1893 1203 nihil.
1924 1148 2115 1200 horrrm

518 1249 749 1320 alicujus
798 1250 867 1305 sit
918 1258 1201 1313 vestrum,
1251 1244 1345 1301 sed
1403 1257 1693 1299 commune
1737 1240 2117 1310 quodcumque

519 1347 685 1402 etiam
738 1343 982 1399 minimis
1028 1341 1281 1414 puellulis
1324 1338 1627 1410 quibusque
1661 1334 2016 1391 distribuatur
2062 1342 2117 1386 ut

517 1438 695 1495 decet;

1132 1554 1365 1611 CAPUT
1410 1552 1501 1608 Ill.

520 1677 598 1732 De
619 1676 855 1749 eligendo
886 1672 1175 1797 sororesbad
1196 1668 1550 1750 recipiendum
1571 1675 1619 1721 et
1649 1663 2113 1720 administrandum

1117 1759 1214 1797 ona
1237 1750 1556 1795 monasterii.

1117 1759 1214 1798 ona
1237 1750 1556 1795 monasterii.

600 1905 785 1974 Itaque
820 1903 1067 1958 obtestor
1091 1916 1188 1955 vos
1216 1912 1407 1954 omnes
1436 1906 1489 1952 et
1512 1894 1753 1966 singulas
1784 1904 1965 1949 coram
2013 1892 2123 1946 Deo

521 2010 575 2053 ct
604 1999 823 2053 Christo
848 1996 996 2063 Jcsu,
1028 1997 1114 2065 qui
1136 1993 1474 2065 judicaturus
1502 1999 1585 2045 est
1612 2001 1823 2053 omnes,
1848 1994 1909 2039 ut
1930 2000 2121 2040 aurum

524 2104 577 2148 ct
604 2098 910 2163 argentum,
945 2096 1105 2160 atque
1132 2088 1242 2142 cito
1274 2085 1543 2140 transiens
1566 2080 1815 2152 pecunia,
1847 2080 1991 2133 nulla
2028 2093 2123 2133 cor

527 2200 767 2244 vestrum
797 2187 1006 2240 ratione
1034 2182 1261 2237 scducat
1292 2198 1305 2232 :
1339 2188 1398 2233 ut
1427 2178 1631 2231 nitatur
1660 2175 1839 2244 aliqua
1880 2181 2117 2227 vestrum

519 2298 641 2339 cum
684 2281 889 2335 Ananizr
939 2285 993 2332 et
1036 2272 1299 2345 Sappirira
1342 2270 1562 2327 mentiri
1613 2267 1837 2337 Spiritui
1887 2275 2112 2331 saneto,

522 2387 680 2443 quem
714 2371 846 2425 nihil
881 2368 1052 2423 latet:
1100 2363 1386 2420 retinendo
1428 2359 1567 2431 apud
1610 2374 1671 2414 se
1707 2357 1910 2428 aliquid
1950 2372 2119 2427 quan-

520 2474 869 2533 tumcumque
890 2462 1168 2515 rrrinimum
1192 2454 1513 2525 temporale,
1538 2452 1676 2507 ultra
1703 2466 1762 2505 ea
1787 2466 1905 2520 qua:
1928 2467 1994 2503 ex
2023 2465 2118 2503 ne-

524 2562 779 2613 cessitate
810 2563 1094 2627 portantur
1124 2568 1138 2608 :
1170 2564 1271 2606 nec
1298 2558 1479 2604 tamen
1512 2547 1634 2614 hoc,
1668 2544 1771 2600 nisi
1800 2542 1869 2600 de
1897 2540 2113 2599 licentia

516 2652 824 2705 abbatissa}.

587 2744 817 2811 Semper
851 2750 1039 2796 eorum
1073 2736 1266 2793 mortis
1300 2733 1565 2806 judicium
1596 2732 1843 2789 terribile
1871 2746 1968 2788 vos
2003 2738 2115 2787 ter-

518 2846 655 2891 rrat.
709 2834 840 2891 Nam
866 2818 1072 2903 legitur
1099 2830 1241 2901 quod
1274 2845 1339 2885 ex
1366 2844 1551 2884 eorum
1598 2838 1792 2893 morte,
1836 2828 2003 2898 factus
2040 2835 2115 2880 est

512 2934 664 2983 timor
694 2944 914 2999 magnus
936 2928 989 2979 in
1020 2925 1261 2978 universa
1286 2920 1520 2976 Ecclesia
1550 2936 1569 2973 :
1596 2928 1650 2975 et
1679 2934 1873 2975 omnes
1894 2919 1984 2989 qui
2016 2932 2111 2972 au-

514 3022 751 3083 rlierunt,
787 3019 1109 3072 timuerunt.
1144 3014 1330 3069 Nudus
1358 3012 1517 3068 Jesns
1550 3012 1723 3065 nudas
1751 3012 1943 3081 quaerit
1975 3010 2110 3063 arni-

512 3129 604 3168 cas
632 3121 686 3168 et
710 3126 962 3181 sponsas.
996 3108 1151 3175 Quod
1191 3109 1235 3162 si
1273 3108 1448 3176 ipsum
1492 3107 1643 3176 sequi
1678 3102 1980 3172 temporale
2010 3103 2106 3157 ali-

2219 497 2361 567 gulis
2392 500 2694 566 mensibus,
2730 511 2823 555 aut
2862 499 3215 560 hebdomadis
3243 506 3345 562 sive
3372 509 3537 567 diebus
3568 530 3729 584 par-aue

2220 591 2351 656 sint,
2384 601 2491 646 tam
2524 594 2592 648 de
2620 594 2703 649 his
2732 610 2854 665 qute
2887 598 3231 665 proveniunt,
3264 616 3411 670 quam
3450 602 3511 658 de
3547 604 3616 661 itis
3640 624 3733 679 qua:

2220 686 2610 753 expenduntur
2634 686 2684 739 in
2708 687 2947 757 capitulo
2971 706 3154 744 coram
3180 691 3429 747 abbatissa
3452 706 3499 749 et
3516 711 3733 755 conventu

2218 790 2470 831 sororum
2503 775 2777 849 sigillatim
2812 781 3040 837 reddere
3072 784 3351 840 rationem.
3384 786 3522 855 Quod
3551 792 3625 843 liat
3659 794 3740 847 sal-

2221 876 2328 921 tem
2362 870 2533 924 semel
2567 873 2616 923 iu
2647 887 2866 939 mense,
2896 888 2965 928 ne
3005 882 3061 930 et
3091 876 3220 945 ipsa:
3249 878 3381 949 apud
3422 895 3610 936 sorores
3642 882 3736 940 iurti

2218 960 2326 1014 sint
2375 970 2646 1031 suSpectae
2686 973 2784 1019 :et
2837 965 2918 1020 eis
2958 980 3027 1021 ex
3082 968 3420 1039 negligentia,
3466 974 3587 1029 male
3624 990 3744 1032 exse-

2220 1057 2422 1128 quendi
2453 1057 2679 1113 materia
2712 1058 2890 1114 detur.

2836 1168 3065 1228 CAPUT
3094 1171 3182 1228 IV.

2413 1282 2488 1336 De
2512 1282 2893 1340 Communitate
2922 1296 2969 1341 et
3002 1284 3338 1344 Humanitate
3358 1293 3599 1349 servanda.

2292 1418 2414 1490 Sie,
2458 1421 2567 1490 sic,
2616 1422 2714 1479 Dei
2746 1438 2983 1495 spousm,
3040 1438 3300 1498 sponsum
3328 1429 3503 1485 Jesum
3533 1434 3754 1507 'astringite

2216 1515 2491 1567 mentibus
2542 1508 2762 1569 mundis
2812 1530 2841 1569 a
2871 1516 3219 1573 terrenarum
3273 1522 3620 1592 contagione:
3656 1532 3757 1595 quo-

2220 1607 2366 1661 niam
2395 1622 2579 1663 secum
2624 1611 2679 1663 in
2719 1609 3053 1667 habitatione
3093 1612 3226 1668 nihil
3253 1616 3455 1683 patitur
3499 1629 3602 1671 esse
3627 1627 3755 1675 terre-

2217 1710 2367 1755 num.
2396 1699 2508 1767 Sic,
2538 1702 2639 1767 sic,
2666 1703 2980 1772 apostolicae
3022 1707 3258 1775 feminae,
3307 1706 3546 1777 projicite
3571 1726 3691 1779 peras
3713 1724 3756 1768 et

2149 1793 2471 1860 Bsacculos
2509 1810 2524 1849 :
2569 1806 2627 1849 ut
2676 1808 2854 1866 neque
2894 1798 3167 1868 marsupia
3217 1814 3283 1853 ex
3316 1802 3481 1855 latere
3532 1802 3759 1871 pendeant,

2227 1896 2401 1954 neque
2430 1901 2564 1955 opus
2595 1887 2667 1941 sit
2696 1886 2940 1944 clavibus
2973 1908 2985 1943 :
3018 1900 3075 1945 ut
3097 1893 3212 1959 jam
3235 1906 3306 1947 ex
3338 1892 3470 1963 ipsis
3498 1906 3767 1951 monstretur

2224 1980 2551 2034 exteriorum
2590 1980 2840 2048 indiciis,
2868 1982 3007 2053 quod
3039 1983 3171 2039 nihil
3204 1980 3441 2039 habetur
3478 1988 3771 2043 intrinsecum

2227 2083 2429 2141 praeter
2454 2072 2637 2128 .iesum
2670 2092 2684 2131 :
2716 2075 2859 2146 quod
2894 2076 3028 2131 nihil
3053 2084 3137 2133 est
3164 2080 3437 2148 clausum,
3461 2082 3594 2153 qrrod
3618 2094 3689 2138 est
3706 2082 3774 2137 de-

2222 2165 2394 2222 ditum
2430 2170 2616 2225 rtsibns
2658 2173 2921 2226 omnium.
2955 2172 3299 2230 Vestimenta
3330 2172 3560 2247 duplicia
3590 2186 3697 2231 sunt
3728 2194 3775 2231 ex

2222 2262 2517 2335 Evangelia
2548 2267 2816 2335 prohibita
2856 2268 3009 2323 vobis
3035 2286 3049 2322 :
3086 2277 3144 2323 ut
3179 2269 3412 2324 discatis
3435 2285 3494 2323 ea
3524 2264 3679 2325 Solum
3703 2269 3777 2324 ltu-

2221 2357 2370 2423 bere,
2404 2374 2523 2429 qua:
2554 2370 2759 2415 naturae
2794 2368 2999 2416 tantum
3033 2364 3374 2420 subveniunt
3424 2381 3438 2419 :
3481 2376 3534 2420 et
3574 2382 3669 2421 non
3694 2382 3781 2436 qua

2220 2451 2459 2505 nutriant
2485 2453 2680 2507 tineas.
2702 2453 2758 2508 Si
2789 2468 2891 2524 qna
2923 2468 3056 2510 vero
3087 2465 3411 2527 supersunt,
3447 2473 3550 2511 uno
3578 2454 3784 2512 claudan-

2217 2553 2307 2598 tur
2337 2546 2389 2599 in
2423 2546 2545 2601 loco
2578 2564 2589 2600 :
2619 2556 2675 2601 ut
2697 2560 2764 2603 ex
2790 2549 2874 2605 his
2905 2564 3277 2622 quaecumque
3304 2566 3468 2607 soror
3493 2560 3640 2623 eget,
3676 2550 3789 2605 indui

2215 2640 2408 2707 possit.

2285 2733 2441 2789 Nulla
2481 2744 2734 2807 umquam
2772 2738 2827 2793 in
2855 2739 3098 2796 vestibus
3124 2742 3483 2810 pretiositas,
3526 2736 3663 2796 nulla
3705 2754 3795 2793 me-

2212 2825 2441 2891 lioritas,
2482 2828 2710 2884 alteram
2748 2830 3041 2899 dominam,
3086 2834 3328 2888 alteram
3380 2836 3625 2890 ancillam
3652 2842 3794 2887 osten-

2209 2923 2289 2971 tet
2339 2939 2350 2971 :
2399 2918 2494 2973 sed
2548 2921 2601 2974 in
2652 2922 2904 2977 omnibus
2948 2925 3239 2994 (equalitas
3297 2929 3538 2994 existat,
3587 2942 3696 2998 quze
3732 2925 3797 2978 uni

2212 3023 2413 3079 sponso
2458 3020 2671 3081 nuptae,
2722 3018 2993 3070 cornruuni
3038 3027 3165 3072 voto
3223 3020 3500 3087 professa:
3540 3027 3678 3075 sum.
3712 3016 3797 3071 Non

2204 3114 2442 3175 qurerat,
2496 3106 2755 3177 obsecro,
2815 3112 2919 3167 ﬁlia
2967 3114 3111 3184 regis
3159 3116 3297 3171 lilia.-
3359 3110 3553 3173 militis
3603 3114 3807 3187 pra‘erni-

516 3207 644 3276 quid
673 3214 934 3275 appetens
960 3217 1054 3258 seu
1082 3199 1400 3257 desiderans
1427 3199 1565 3253 forte
1594 3195 1860 3265 volueris,
1892 3208 2113 3251 onerata
2142 3195 2187 3259 C
2221 3214 2348 3253 nere
2413 3202 2624 3270 pompis
2670 3207 2901 3258 terrenis
2923 3250 2937 3271 ,
2997 3208 3047 3259 iu
3098 3207 3317 3265 Christi
3367 3220 3421 3265 et
3474 3212 3804 3281 apustoiorunr

512 3297 813 3365 gravedine
840 3295 1044 3349 nudum
1074 3293 1223 3363 sequi
1249 3308 1355 3347 non
1387 3290 1612 3363 poteris.
1649 3290 1785 3344 llinc
1816 3289 1952 3343 beati
1985 3305 2115 3360 pau-

517 3408 661 3465 peres
689 3390 944 3445 dicuntur
989 3389 1178 3461 spiritu
1212 3405 1229 3442 :
1263 3397 1317 3441 ut
1348 3398 1413 3440 ex
1456 3385 1559 3439 hoc
1592 3384 1795 3439 sciatur
1822 3382 1966 3453 quod
2004 3398 2113 3437 non

510 3485 711 3538 sufﬁcit
740 3492 937 3537 cuncta
967 3481 1289 3551 temporalia
1328 3481 1380 3533 in
1413 3477 1617 3533 mundo
1658 3472 2016 3547 relinquendo
2046 3477 2113 3529 art

514 3575 829 3633 monasterii
876 3582 1253 3645 paupertatem
1286 3571 1579 3636 accedere,
1625 3573 1670 3625 si
1705 3584 1863 3625 mens
1914 3570 2113 3625 misera

513 3670 717 3740 appetit
738 3684 860 3738 qua:
882 3668 1121 3738 reliquit.
1144 3666 1310 3736 Magis
1339 3667 1482 3720 enim
1505 3665 1945 3736 contemplantur
1967 3664 2112 3719 oeuli

511 3762 727 3818 Domini
757 3760 1009 3816 aii‘eetum
1038 3773 1202 3830 quam
1240 3772 1487 3813 censrnu.
1540 3756 1731 3812 Melius
1758 3767 1844 3813 est
1883 3758 2028 3813 enim
2056 3759 2109 3811 in

509 3861 716 3917 sarculo
762 3874 882 3915 eum
939 3859 1156 3914 caeteris
1198 3856 1499 3921 divitibus,
1554 3856 1761 3912 divitiis
1813 3857 2107 3923 insistere,

510 3966 671 4023 quam
697 3952 752 4007 in
783 3952 1115 4006 monasterio
1141 3958 1349 4020 pauper
1381 3949 1525 4018 ipsas
1546 3957 1825 4020 appetere.

589 4045 816 4113 Propter
844 4042 988 4112 quod
1016 4042 1163 4106 volo,
1196 4041 1409 4107 hortor,
1442 4051 1494 4097 et
1526 4056 1723 4097 moneo
1749 4058 1866 4111 vos,
1901 4042 2109 4097 charis-

511 4140 686 4204 sirute,
720 4145 777 4191 ut
814 4136 930 4190 htec
969 4145 1234 4205 perpetuo
1264 4135 1316 4188 in
1348 4143 1531 4191 vestro
1560 4138 1893 4191 nronasterio
1921 4137 2108 4191 obser-

508 4229 654 4281 vatio
685 4237 901 4281 maneat
928 4244 941 4277 :
973 4227 1120 4295 quod
1155 4226 1305 4279 nulla
1336 4228 1543 4281 scilicet
1579 4228 1801 4282 omnino
1842 4239 2065 4299 tangere
2087 4273 2100 4295 ,

508 4330 599 4372 aut
629 4318 935 4389 aliqualiter
966 4318 1206 4373 retinere
1248 4317 1446 4372 audeat
1491 4333 1585 4386 per
1616 4318 1803 4373 horam
1834 4334 2055 4375 censum
2086 4362 2101 4387 ,

512 4421 605 4465 aut.
631 4410 873 4477 obolum,
908 4419 999 4463 aut
1029 4408 1235 4479 aliquid
1269 4418 1765 4481 quantumcumque
1795 4412 2100 4479 minimum,

509 4519 833 4575 quamquam
872 4518 903 4558 a
951 4512 1124 4558 matre
1162 4512 1255 4556 aut
1307 4517 1497 4558 sorore
1524 4503 1787 4558 mittatur.
1824 4503 2105 4576 Eligantur

2218 3292 2514 3347 consortio.
2554 3293 2671 3350 Non
2714 3299 2857 3351 enim
2892 3298 3052 3355 Petro
3095 3301 3194 3357 vili
3243 3304 3523 3373 piscatori
3556 3302 3811 3375 ,Bartholo-

2217 3399 2389 3440 mmus
2418 3388 2613 3443 nobilis
2645 3393 2995 3461 anteponitur
3020 3412 3045 3446 a
3076 3396 3312 3452 Christo
3356 3415 3371 3451 :
3403 3399 3576 3453 immo
3600 3396 3809 3468 piscatori

2216 3480 2383 3534 totius
2414 3483 2600 3537 mundi
2629 3487 2958 3541 monarclrize
2994 3488 3235 3544 traditur
3262 3494 3639 3563 principatus.
3667 3484 3817 3558 Digni-

2214 3577 2415 3632 tatibus
2460 3582 2639 3634 carnis
2683 3581 2981 3650 Spirituaiis
3011 3583 3121 3639 vita
3177 3594 3301 3641 non
3349 3589 3531 3658 eget:
3576 3597 3623 3641 et
3663 3584 3809 3639 carnis

2214 3671 2413 3725 arrhas
2431 3670 2677 3727 Christus
2698 3674 2751 3728 in
2775 3686 2874 3729 suo
2896 3691 3001 3731 non
3025 3679 3230 3747 qumrit
3254 3680 3562 3752 cenjugio.
3578 3679 3634 3735 ln
3650 3675 3817 3735 mulo

2214 3764 2420 3819 nubant
2444 3764 2666 3834 paribus
2700 3768 2824 3821 lilia:
2866 3780 3073 3839 regum,
3114 3769 3251 3827 illita
3302 3774 3562 3829 militum
3612 3767 3821 3842 praerni-

2210 3858 2424 3911 rrentias
2447 3869 2689 3927 quaerant
2718 3867 2775 3914 et
2796 3863 3052 3917 honores.
3082 3856 3143 3916 In
3170 3866 3551 3922 monasterio
3572 3878 3698 3920 vero
3716 3856 3833 3916 obli-

2211 3960 2281 4004 ta:
2300 3951 2482 4022 populi
2508 3953 2592 4007 srri
2614 3964 2670 4007 et
2691 3954 2885 4009 domus
2907 3972 3043 4025 suae,
3062 3956 3116 4012 in
3142 3950 3409 4016 Domino
3432 3963 3617 4017 solum
3636 3959 3833 4027 gloriam

2208 4053 2460 4113 qurerant
2504 4062 2519 4098 :
2562 4057 2613 4100 et
2653 4048 2949 4115 exsultent,
2994 4052 3139 4120 quod
3182 4051 3262 4107 de
3296 4056 3521 4125 majori
3563 4053 3843 4126 praecipitio

2208 4138 2409 4192 montis
2437 4148 2564 4192 sunt
2592 4140 2658 4193 ad
2684 4141 2852 4195 vitam
2884 4144 3248 4213 apostolicum
3289 4158 3571 4219 srrmptm.

2280 4230 2516 4301 PrOptcr
2546 4232 2688 4301 quod
2722 4234 2992 4289 admoneo
3020 4250 3144 4305 vos,
3178 4237 3356 4307 ﬁlim,
3406 4246 3472 4297 u‘t
3511 4250 3871 4310 qumeumqner

2200 4324 2383 4377 ol‘licia
2415 4324 2573 4380 vobis
2594 4326 2789 4381 domus
2812 4332 2841 4381 a
2874 4339 3047 4383 matre
3079 4336 3438 4389 monasterii
3487 4338 3765 4405 imposita,
3796 4331 3849 4386 li-

2202 4414 2355 4469 benti
2384 4419 2566 4472 animo
2593 4418 2858 4489 cxpieatis
2885 4439 2899 4475 ε
2933 4419 3174 4477 Hilarem
3224 4428 3390 4481 enim
3423 4429 3677 4484 datorem
3704 4424 3871 4496 diligit.

2210 4506 2346 4563 Deus
2378 4508 2447 4578 (ll
2490 4510 2613 4564 Cor.
2645 4527 2735 4578 rx,
2781 4514 2861 4583 7).
2907 4513 3016 4569 Nec
3046 4522 3549 4576 verecundentur
3583 4522 3637 4575 in
3677 4519 3856 4573 vildrus

509 4613 596 4654 aut
619 4602 769 4670 juxta
796 4599 1163 4668 apostolorum
1189 4599 1353 4653 ritum
1372 4601 1642 4654 communi
1668 4609 1793 4655 voto
1815 4600 2102 4656 abbatissre
2131 4603 2182 4665 D
2210 4602 2444 4668 nobiles,
2493 4618 2593 4659 nec
2628 4600 2715 4659 illa
2750 4612 3027 4670 recusent,
3054 4608 3151 4663 sed
3198 4612 3473 4669 audiant
3513 4617 3825 4685 sapientem
3844 4624 3871 4662 ει

505 4703 561 4747 ιιι
587 4702 908 4747 ezeterarum
937 4691 1163 4760 singulis
1190 4692 1347 4746 annis
1376 4710 1387 4744 :
1416 4702 1509 4747 aut
1537 4694 1581 4748 si
1610 4692 1809 4749 decens
1832 4693 2101 4749 videbitur

502 4798 557 4840 nt
590 4786 738 4849 utile,
779 4784 1173 4839 confirmentur
1197 4788 1318 4840 duae
1346 4796 1438 4841 aut
1468 4787 1653 4858 plures
1677 4802 1745 4843 ex
1780 4788 2055 4844 Sororibus
2083 4832 2097 4853 ,

503 4880 630 4933 boni
662 4878 988 4944 testimonii,
1038 4878 1215 4948 plenae
1249 4879 1449 4949 Spiritu
1486 4890 1675 4937 saneto
1704 4890 1761 4938 et
1788 4883 2051 4951 sapientia
2084 4901 2095 4937 :

501 4975 697 5041 quibus
725 4971 1039 5043 injungatur
1061 4971 1164 5026 hoc
1186 4987 1344 5041 opus,
1376 4981 1436 5027 ut
1464 4989 1836 5045 quoscumque
1868 4990 2097 5045 proven-

500 5078 585 5121 tus
612 5078 717 5121 tam
743 5066 935 5121 domus
964 5080 1125 5136 quam
1162 5066 1495 5135 singularum
1522 5081 1770 5123 sororum
1803 5069 2091 5138 recipiant,

500 5169 552 5211 ct
581 5174 647 5212 ex
678 5159 762 5214 Iris
778 5159 1060 5214 sororibus
1089 5158 1404 5221 necessaria
1432 5158 1665 5213 ﬁdeliter
1688 5159 2086 5216 administrent.

568 5251 805 5304 Caveant
826 5266 1042 5320 quoque
1074 5263 1143 5303 ne
1173 5258 1268 5303 aut
1290 5265 1357 5303 ex
1389 5251 1650 5319 parcitate
1676 5267 1922 5307 rrrurmur
1945 5296 1958 5321 ,
2001 5263 2095 5307 aut

494 5358 562 5397 ex
594 5342 925 5397 abundantia
977 5354 1157 5398 tumor
1200 5342 1255 5397 in
1302 5344 1582 5400 sororibus
1629 5346 1826 5401 habeat
1862 5346 2087 5403 locum:

491 5436 586 5489 sed
623 5435 767 5503 juxta
795 5434 1163 5501 apostolorum
1203 5436 1393 5503 vitam,
1429 5453 1538 5493 non
1572 5439 1694 5506 plus
1720 5441 1971 5510 cuiquam
1998 5453 2089 5497 aut

493 5530 671 5583 rninrrs
703 5528 973 5583 tribuatur
1010 5528 1198 5599 :juxta
1225 5530 1368 5601 quod
1411 5531 1583 5603 exigit
1612 5536 1930 5601 necessitas,
1979 5553 2085 5593 non

487 5624 766 5687 voluntas,
800 5620 1067 5675 tribuatur
1097 5638 1113 5675 :
1147 5631 1331 5677 utnon
1353 5623 1463 5694 jam
1493 5624 1666 5681 altera
1696 5626 1765 5681 sit
1794 5641 1980 5697 egens,
2010 5631 2087 5683 al-

490 5731 606 5771 tera
647 5714 932 5771 abundans
977 5733 991 5771 :
1021 5715 1119 5771 sed
1150 5731 1484 5788 unaquaeque
1515 5734 1581 5775 ex
1614 5719 1921 5791 provisione
1952 5736 2084 5777 con-

487 5807 699 5866 decenti
723 5817 1009 5866 moveatur
1030 5806 1095 5865 ad
1120 5807 1214 5865 Dei
1242 5808 1477 5868 laudem.
1508 5810 1835 5870 Provideant
1866 5815 2085 5888 insuper

880 5978 907 5985 -ν

2210 4695 2416 4759 Q-ranto
2445 4697 2614 4763 major
2652 4714 2723 4765 es,
2765 4697 2981 4753 humilia
3024 4708 3075 4754 te
3116 4702 3171 4754 in
3208 4706 3517 4762 omnibus.
3556 4706 3792 4761 Audiam
3816 4714 3863 4757 et

2198 4785 2481 4843 Christum
2505 4790 2633 4857 quid
2661 4792 2925 4860 apostolis
2955 4792 3023 4847 de
3060 4793 3413 4863 Irujnsmodi
3451 4801 3689 4871 pompis
3713 4797 3767 4854 in
3790 4796 3871 4850 ιιι-η

2200 4881 2331 4934 tima
2355 4897 2509 4937 creua
2542 4882 2773 4937 humana
2805 4896 2985 4940 mente
3006 4886 3492 4956 disceptanribus
3521 4892 3871 4961 deiiniveritr

2200 4974 2366 5045 lieges
2399 4979 2628 5047 gentium
2657 4978 2999 5033 dominantur
3024 4996 3203 5034 eorum
3254 5000 3278 5036 :
3325 4996 3388 5040 et
3430 4988 3530 5057 qui
3574 4994 3872 5058 potestatem

2205 5067 2391 5119 habent
2418 5085 2574 5139 super
2613 5086 2720 5135 eos,
2766 5071 2980 5140 beneﬁci
3022 5084 3332 5131 vocantur.
3390 5076 3523 5134 Vos
3558 5088 3742 5134 autem
3782 5088 3872 5143 non

2200 5161 2275 5213 sic
2305 5178 2318 5215 :
2348 5161 2438 5214 sed
2464 5164 2549 5233 qui
2572 5167 2740 5236 major
2760 5175 2834 5217 est
2859 5165 2914 5218 in
2936 5165 3098 5233 vobis,
3126 5166 3227 5235 ﬁat
3255 5172 3420 5226 sicut
3455 5158 3648 5228 minor
3682 5193 3695 5228 :
3725 5182 3772 5227 et
3798 5166 3872 5243 qui

2199 5268 2479 5322 praecessor
2501 5264 2600 5320 est,
2625 5257 2759 5309 sicut
2777 5256 3096 5311 ministratur
3117 5257 3293 5327 (Luc.
3333 5278 3499 5329 ειη,
3521 5265 3652 5337 25).
3682 5264 3872 5333 Verani

2198 5360 2269 5400 ne
2297 5346 2541 5402 doctoris
2568 5346 2839 5416 doctrina,
2871 5365 2935 5404 ex
2964 5354 3257 5407 contraria
3292 5361 3675 5427 operatione
3712 5358 3872 5413 Viles

2194 5446 2286 5493 eat
2316 5458 2328 5492 :
2362 5441 2543 5494 statim
2589 5440 2859 5497 subiniert
2898 5458 2965 5497 ex
3012 5443 3415 5506 similitudine
3448 5454 3721 5523 quadam
3767 5454 3872 5506 euri

2196 5535 2629 5606 interrogatione
2659 5537 2990 5593 concludens
3021 5556 3033 5590 :
3070 5537 3217 5593 Nam
3251 5544 3397 5610 quis
3425 5551 3626 5621 major
3654 5556 3734 5601 est
3764 5562 3782 5603 :
3808 5532 3871 5611 qui

2189 5630 2462 5696 recumbit,
2492 5646 2557 5682 an
2588 5630 2677 5700 qui
2698 5631 2999 5685 ministrat?
3023 5630 3223 5685 Nonne
3254 5640 3366 5704 qui
3404 5644 3699 5694 recumbit
3726 5643 3753 5693 1’
3781 5639 3872 5709 Egi

2190 5731 2365 5775 autem
2391 5722 2445 5776 in
2473 5722 2642 5776 medio
2666 5726 2821 5778 vestri
2851 5740 2986 5791 sum,
3020 5726 3150 5778 sicut
3182 5728 3300 5789 qui
3333 5732 3653 5787 ministrat
3690 5730 3842 5807 (Ibid
3856 5744 3871 5784 ,ί

2190 5816 2307 5891 27).
2330 5817 2629 5877 Erubescat
2653 5818 2921 5894 siquidem
2947 5829 3155 5879 stercus
3181 5822 3609 5901 vilissimum,
3637 5841 3696 5888 et
3718 5834 3872 5903 vapol
