3918 6294
128 278 203 338 597
432 352 441 355 _
1304 280 1587 340 REGULA
1628 277 2134 340 MONACHARUM.

3264 296 3372 356 398

123 409 169 462 ad
190 406 432 461 modicum
464 420 689 478 parcus,
720 406 956 463 humana
986 418 1141 462 mens
1177 417 1238 460 se
1272 402 1537 458 extollere
1568 418 1581 455 :
1619 409 1674 457 et
1699 402 1753 465 Α
1778 411 1969 475 gentes
1991 419 2089 475 pro
2112 402 2256 460 victu
2280 406 2547 477 captando
2568 406 2852 477 vilissimo,
2876 419 2931 467 et
2950 413 3044 469 vix
3070 414 3211 471 raris
3234 416 3369 472 fabis

123 500 266 555 domus
291 496 468 554 ofﬁcia
496 500 768 570 abnuens,
801 514 832 555 a
856 500 1073 555 caeteris
1095 496 1375 554 sororibus
1396 495 1499 552 sibi
1528 494 1667 551 velle

122 592 282 649 serviri.
333 591 468 647 Nam
524 591 814 664 Christus,
871 594 1028 665 cujus
1078 592 1485 667 generationem
1544 590 1666 664 quis

123 702 326 743 enarrare
356 701 463 742 non
512 696 723 758 potest,
754 702 862 746 non
891 686 1044 745 venit
1083 686 1403 756 ministrari,
1436 684 1531 742 sed
1563 684 1664 739 mi-

123 785 317 837 nistrare.
367 782 433 836 Et
473 782 529 837 in
574 783 763 841 ultima
809 799 966 841 creua
1004 782 1395 856 discipulorum
1440 779 1665 838 abluens

123 878 259 953 pedes,
288 876 387 933 hoc
411 878 526 935 suis
548 877 769 951 reliquit
794 876 1122 936 humilitatis
1149 877 1479 949 exemplum.

691 1014 923 1082 CAPUT
950 1015 1017 1073 V:
1061 1018 1081 1063 θ

258 1111 330 1173 De
355 1111 595 1177 Simonia
622 1112 837 1171 uitanda
858 1113 913 1169 in
935 1109 1232 1186 recipiendo
1255 1123 1481 1169 sorores.

164 1253 516 1310 Detestabilem
556 1250 816 1311 heresim
857 1250 1105 1309 simoniae
1129 1292 1145 1320 ,
1188 1264 1349 1323 quam
1385 1243 1666 1306 communi

122 1353 330 1421 pravitate
347 1349 545 1405 diaboli
570 1349 833 1405 moniales
852 1356 1084 1404 assuetae
1106 1346 1477 1412 committunt,
1499 1343 1663 1399 etiam

122 1447 165 1501 in
179 1443 330 1499 auditu
350 1442 575 1499 horreat
600 1452 786 1500 vestra
811 1443 1066 1500 societas.
1098 1442 1250 1498 Hiezi
1276 1454 1461 1511 poena,
1491 1445 1548 1495 et
1574 1436 1665 1494 Si-

126 1539 264 1594 monis
285 1553 360 1593 ros
385 1547 593 1594 terreat
623 1537 889 1609 pravitas.
924 1536 1041 1593 Vox
1070 1536 1219 1594 Petri
1244 1534 1450 1592 Christi
1476 1531 1667 1590 vicarii

122 1635 171 1690 ad
192 1636 457 1702 Simonem,
505 1648 806 1705 numquam
841 1633 911 1690 de
948 1633 1148 1690 vestris
1189 1639 1354 1689 exeat
1396 1628 1663 1685 auribus:

120 1726 297 1781 Pecunia
322 1736 406 1780 tua
435 1735 605 1782 tecum
629 1728 697 1781 sit
726 1727 782 1781 in
818 1726 1182 1797 perditionem.
1216 1722 1502 1779 Existimas
1528 1720 1665 1776 enim

120 1824 253 1875 deum
279 1818 377 1874 Dei
412 1820 596 1875 haberi
632 1820 854 1893 pecunia
882 1836 903 1876 :
930 1820 1141 1875 Donum
1172 1816 1277 1874 Dei
1316 1826 1392 1875 est
1432 1816 1662 1889 Spiritus
1686 1814 1768 1891 ΒΞ

122 1924 267 1970 mrtuu
300 1913 502 1987 (Actor.
523 1930 641 1982 vttt,
677 1914 792 1986 20).
823 1914 1141 1970 Communis
1169 1920 1533 1970 mercatorum
1565 1911 1665 1967 ha-

118 2007 179 2062 bet
198 2021 331 2073 usus,
363 2016 421 2062 ut
446 2007 695 2064 venditio
723 2016 1092 2064 commutetur
1116 2006 1173 2063 in
1202 2005 1425 2062 melius.
1452 2005 1666 2062 Asserit

120 2102 262 2173 quippe
308 2102 667 2173 simoniacus,
720 2102 1009 2174 pecuniam
1048 2117 1172 2159 esse
1225 2101 1663 2173 praestantiorem

119 2194 216 2249 dono
234 2194 347 2262 Dei,
375 2210 499 2250 cum
524 2195 669 2252 idem
700 2196 755 2251 in
785 2196 961 2269 ipsam
985 2202 1304 2251 commutat.
1337 2192 1421 2250 Ad
1449 2207 1547 2249 vos
1573 2208 1667 2249 ve-

121 2292 271 2346 nientes
295 2306 537 2356 sorores,
571 2290 641 2347 ad
668 2299 889 2347 sanctas
915 2288 1122 2347 Christi
1153 2290 1418 2362 suscipite
1447 2290 1663 2362 nuptias

121 2384 273 2452 gratis:
310 2393 668 2455 praeponatur
701 2385 967 2440 sanctitas
1003 2385 1247 2455 pecuniae
1288 2401 1305 2441 :
1344 2384 1664 2456 exquiratur

120 2476 277 2532 bonitas
300 2477 422 2533 vita
460 2495 476 2533 :
527 2492 636 2534 non
665 2477 1008 2550 generositas
1053 2478 1256 2545 carnis,
1303 2492 1413 2533 non
1450 2476 1663 2532 utilitas

120 2568 276 2624 mundi.
298 2569 453 2625 Nulla
478 2571 710 2626 omnino
732 2570 934 2643 pactio,
959 2570 1111 2625 nulla
1135 2569 1340 2641 Opinio,
1368 2583 1488 2640 qua:
1508 2584 1664 2625 men-

118 2663 173 2715 tis
188 2664 431 2731 puritatem
454 2664 773 2736 perturbat,
798 2664 1118 2735 praeveniat.
1142 2663 1368 2718 Beatum
1391 2661 1664 2732 sapientia

122 2753 297 2823 clamat,
326 2757 401 2829 qui
422 2758 641 2814 excutit
667 2773 885 2814 manum
916 2758 984 2813 ab
1009 2754 1159 2811 omni
1189 2769 1417 2810 munere
1442 2772 1456 2810 :
1487 2762 1543 2809 et
1569 2754 1664 2824 qui

122 2858 221 2915 post
236 2864 393 2906 aurum
430 2867 551 2907 non
598 2851 749 2921 abiit,
802 2866 905 2908 nec
938 2858 1123 2923 sperat
1160 2849 1215 2906 in
1258 2847 1507 2925 pecunia,
1537 2847 1663 2920 quae

114 2939 323 3027 suinenit
341 2944 633 3015 judicium.

164 3032 210 3089 Si
234 3050 319 3107 qua
347 3053 607 3095 sororum
638 3039 876 3113 inopiam
909 3054 977 3099 ex
1014 3054 1115 3098 sua
1158 3038 1489 3098 abundantia
1532 3051 1663 3108 sup-

122 3126 525 3199 i‘mdesiderat,
545 3134 701 3206 juxta
729 3136 1095 3206 apostolicum
1126 3136 1313 3203 ritum,
1338 3134 1518 3191 omnia
1538 3148 1662 3205 quae

1774 506 1834 553 et
1872 496 2019 569 rapis
2067 514 2192 555 cum
2238 500 2361 555 rudi
2401 510 2455 557 et
2494 502 2805 561 hordeaceo
2844 522 2986 577 pauc
3031 519 3370 568 saturantur.

1771 592 1907 650 Cum
1940 609 2070 651 vero
2101 596 2168 651 ad
2193 593 2395 653 Christi
2432 614 2676 656 mensam
2710 602 2997 671 accedunt,
3028 614 3083 661 et
3121 607 3368 663 militiam

1772 686 1974 744 Christi
1997 690 2322 761 suscipiunt,
2350 707 2462 748 suae
2487 694 2744 765 egestatis
2761 696 2939 766 obliti,
2970 698 3202 756 lautiora
3223 718 3372 773 qua:-

1772 789 1901 837 runt
1924 797 2087 854 quam
2115 783 2338 852 milites,
2368 786 2459 858 qui
2482 794 2608 843 sunt
2631 790 2833 845 assueti
2856 791 3177 862 magniﬁcis.
3221 801 3229 818 '

1844 874 1973 931 Haec
1991 876 2155 947 igitur
2175 877 2427 934 omniain
2445 878 2645 936 Christi
2669 890 2727 937 et
2745 884 3040 953 apostolica
3056 884 3166 941 vita
3187 885 3367 944 locum

1773 981 1884 1024 non
1930 967 2187 1026 habeant.
2218 969 2422 1029 Omnes
2451 988 2519 1031 ex
2559 975 2868 1033 ministerio
2897 978 3007 1034 sint
3052 990 3326 1038 contenta:
3350 1027 3367 1052 ,

1771 1068 1843 1117 ne
1867 1077 1934 1118 ex
1959 1068 2391 1124 murmuratione
2411 1080 2665 1139 pereant.
2694 1069 2752 1128 Si
2779 1074 3119 1132 abundanter
3143 1077 3246 1133 sibi
3276 1080 3372 1134 tri-

1770 1153 1943 1211 buant
1986 1157 2431 1218 administrantes
2473 1181 2489 1219 :
2536 1165 2803 1239 recipiant
2837 1168 3107 1239 siquidem
3159 1182 3371 1230 natura:

1771 1252 2083 1308 necessaria
2117 1272 2131 1309 :
2178 1257 2564 1314 necessitatum
2609 1260 2808 1317 limites
2846 1277 2956 1319 non
2992 1265 3280 1323 excedant.
3312 1269 3371 1326 Si

1772 1359 1906 1401 vero
1934 1346 2232 1417 modicum,
2269 1350 2443 1408 discat
2465 1367 2587 1409 cum
2612 1353 2878 1425 Apostolo
2907 1361 3117 1416 servire
3143 1362 3370 1419 Domino

1769 1440 1828 1496 in
1860 1441 2001 1497 fame
2023 1450 2075 1497 et
2098 1444 2150 1498 in
2178 1446 2289 1511 siti,
2318 1456 2375 1502 et
2404 1448 2457 1503 in
2484 1460 2724 1521 egestate
2750 1453 3011 1511 nuditatis
3031 1465 3083 1511 et
3106 1456 3323 1529 frigoris
3355 1476 3368 1512 :

1772 1533 1845 1588 ita
1877 1543 1936 1589 ut
1964 1546 2183 1607 accepta
2213 1553 2379 1596 cruce
2423 1543 2700 1613 gradiatur
2729 1556 2854 1617 post
2891 1546 3169 1619 Christum
3209 1550 3371 1609 abne-

1770 1640 1905 1701 gans
1929 1632 2298 1704 semetipsam.

2402 1749 2631 1810 CAPUT
2659 1753 2749 1810 Vl.

2074 1862 2156 1923 De
2179 1864 2481 1929 Obedientia
2505 1869 2795 1927 exhibenda
2816 1869 3069 1943 praelatis.

1769 1981 1803 2043 ἒ
1842 1996 1979 2061 Volo
2002 2012 2179 2063 autem
2221 2022 2320 2064 vos
2349 2015 2591 2065 mortuas
2621 2010 2820 2065 saeculo
2844 2051 2859 2075 ,
2896 2012 3046 2067 vitiis
3072 2020 3130 2069 et
3173 2029 3376 2071 concu-

1766 2097 2054 2169 piscentiis
2081 2140 2096 2166 ,
2122 2114 2345 2156 carnem
2374 2101 2693 2172 cruciﬁgere
2734 2119 2853 2157 cum
2879 2103 3095 2159 Christo
3125 2123 3138 2159 :
3171 2115 3226 2161 et
3254 2124 3375 2177 quae

1766 2188 1878 2260 jam
1908 2201 2194 2261 cmperunt
2223 2194 2446 2265 proprio
2468 2209 2591 2251 sese
2620 2204 2750 2251 voto
2775 2207 3018 2257 castrare
3047 2200 3150 2255 sub
3176 2216 3374 2270 perpe-

1770 2291 1882 2337 tuae
1904 2283 2232 2355 virginitatis
2252 2296 2306 2342 et
2328 2288 2597 2344 castitatis
2620 2291 2936 2360 proposito:
2964 2292 3017 2346 in
3043 2297 3376 2349 monasterio

1768 2377 1920 2432 velut
1946 2378 1998 2433 in
2026 2378 2229 2435 duritia
2259 2381 2456 2451 lapidis
2477 2428 2492 2452 ,
2530 2382 2648 2438 fore
2675 2399 2796 2439 cum
2826 2384 3046 2439 Christo
3087 2387 3329 2456 sepultas
3360 2405 3374 2442 :

1771 2476 1935 2539 atque
1958 2469 2113 2540 juxta
2155 2472 2438 2530 decretum
2472 2476 2667 2530 summi
2692 2484 2819 2547 post
2844 2474 3122 2532 Christum
3155 2478 3377 2548 pontiﬁ-

1764 2562 1852 2617 cis
1874 2563 2026 2620 ‘Petri
2051 2607 2068 2634 ,
2091 2565 2185 2637 qui
2214 2565 2419 2638 ligandi
2448 2567 2809 2639 solvendique
2836 2576 2985 2625 tenet
3015 2571 3378 2643 principatum

1770 2655 2092 2727 a,Domino,
2139 2660 2639 2716 resuscitandarum
2683 2662 2738 2716 in
2776 2661 2948 2733 gloria
2986 2676 3110 2717 cum
3163 2662 3383 2718 Christo

1771 2747 1854 2803 sic
1880 2748 2170 2806 devotione
2195 2750 2444 2809 ﬁrmetur
2472 2766 2716 2809 vesnum
2748 2756 3086 2826 propositum
3106 2797 3121 2825 ,
3157 2766 3215 2810 ut
3245 2757 3381 2812 fides

1769 2851 1828 2897 et
1871 2857 1998 2913 spes
2030 2849 2105 2900 stt
2135 2854 2247 2900 tota
2296 2847 2351 2901 in
2398 2847 2531 2903 Deo.
2561 2847 2840 2919 Castigent
2888 2848 3096 2904 animas
3141 2848 3197 2905 in
3247 2850 3381 2905 obe-

1770 2933 1979 2990 dientia
2024 2936 2305 2993 charitatis
2337 2947 2392 2994 et
2426 2938 2808 3008 fraternitatis,
2841 2955 3027 2998 amore
3058 2941 3295 3013 simplici
3325 2954 3381 2999 ct

1764 3031 1941 3087 corde
1966 3032 2201 3090 invicem
2231 3050 2292 3091 se
2320 3036 2609 3107 diligentes
2642 3039 2927 3095 attentius.

1845 3124 2013 3194 Nihil,
2035 3136 2095 3182 ut
2124 3135 2278 3200 puto,
2310 3128 2547 3197 stultius,
2583 3130 2718 3186 nihil
2759 3130 3181 3204 intolerabilius,
3215 3148 3379 3204 quam

120 3221 230 3280 habet
253 3228 297 3283 in
316 3230 528 3284 saeculo
552 3238 681 3287 ante
706 3244 960 3286 sororum
985 3230 1154 3301 pedes
1178 3239 1344 3302 ponar
1366 3248 1389 3297 ;
1419 3238 1475 3285 et
1498 3242 1667 3284 cunc-
1697 3217 1745 3287 C
1773 3224 2098 3296 peregrinos
2125 3233 2180 3279 et
2205 3225 2445 3282 advenas
2478 3227 2775 3298 praecipere
2806 3227 3015 3283 civibus
3043 3246 3059 3284 :
3086 3237 3142 3285 et
3168 3230 3220 3284 in
3254 3230 3375 3286 loco

130 3314 268 3395 ιὶῑφι
286 3320 533 3379 habebat
557 3322 611 3378 in
637 3323 870 3392 saeculo,
900 3325 1226 3381 reuuntians
1252 3323 1545 3390 intratura,
1570 3322 1665 3378 ﬁat

128 3408 220 3463 sint
236 3426 318 3469 Ita
348 3429 422 3469 ex
459 3413 707 3471 minimis
746 3423 852 3473 :et
883 3416 1105 3473 sublato
1129 3415 1378 3477 dominio
1414 3429 1539 3470 cum
1581 3413 1665 3468 af-

122 3495 227 3571 Ῐεα,
247 3507 430 3562 omnia
456 3521 589 3579 quae
616 3514 924 3581 portantur,
952 3508 1142 3565 electis
1177 3505 1661 3564 administratrici-

114 3588 179 3647 δα
194 3596 364 3656 domus
384 3601 770 3679 przebeantur,
797 3609 862 3657 ut
883 3616 952 3658 ex
978 3601 1065 3658 his
1092 3601 1332 3659 tribuant
1351 3610 1512 3673 prout
1537 3601 1661 3657 uni-

106 3686 247 3757 ἀέξω
278 3710 417 3765 opus
466 3703 576 3750 est.
619 3694 732 3751 Nec
779 3704 1088 3753 murmuret
1114 3696 1360 3767 quidem,
1391 3711 1512 3765 qua:
1556 3709 1659 3750 sua

100 3787 369 3841 macria
403 3786 675 3855 tradidit,
705 3785 753 3841 si
786 3784 892 3842 sibi
920 3801 1029 3845 non
1058 3785 1255 3858 majori
1302 3796 1521 3857 sumptu
1560 3786 1657 3842 ad-

92 3870 372 3933 liuﬂretur
391 3894 565 3953 quam
599 3878 817 3934 czeteris
837 3918 855 3948 ,
885 3894 1014 3953 quae
1042 3894 1109 3935 ex
1134 3888 1461 3953 paupertate
1490 3893 1657 3937 vene-

86 3976 203 4021 mt.
222 3968 321 4029 Nec
348 3974 685 4043 extollatur,
712 3984 767 4031 et
785 3975 1006 4031 cervice
1027 3986 1211 4032 erecta
1234 3990 1390 4033 more
1414 3975 1654 4034 femineo

80 4056 367 4137 impropcret
393 4068 629 4123 caeteris
649 4109 666 4136 ,
716 4081 777 4125 se
806 4077 1017 4129 tantum
1049 4084 1117 4125 ex
1151 4069 1266 4126 suis
1296 4068 1653 4127 facultatibus

78 4158 321 4219 attulisse:
348 4165 483 4235 plus
515 4163 661 4219 enim
690 4164 871 4220 attulit
904 4179 1063 4223 soror
1091 4165 1449 4237 paupercula,
1487 4164 1534 4221 si
1558 4165 1650 4221 in-

78 4250 285 4321 rediens
302 4255 571 4313 aﬂectum
598 4255 835 4313 habendi
861 4255 1073 4314 dimisit
1096 4298 1112 4325 ,
1139 4272 1303 4327 quam
1326 4273 1451 4330 quae
1478 4256 1651 4321 multa

78 4342 261 4404 larens
308 4351 459 4408 dona
490 4395 509 4422 ,
566 4350 880 4421 superbiam
931 4351 1075 4407 tulit.
1130 4351 1412 4409 Glorietur
1461 4363 1649 4415 autem

78 4441 230 4511 Mitis,
252 4448 529 4517 quoniam
556 4445 764 4502 divitia:
788 4461 914 4519 quae
939 4445 1115 4503 solitae
1140 4454 1271 4503 sunt
1298 4460 1651 4517 possessores

78 4536 366 4609 minitare
393 4541 456 4596 in
491 4548 726 4596 mortem
752 4586 768 4612 ,
801 4556 910 4596 non
941 4540 1345 4612 przevaluerunt
1376 4542 1646 4599 adversus

1772 3335 1883 3376 non
1909 3320 2076 3376 solito
2104 3336 2164 3377 se
2187 3321 2480 3378 ostendere
2508 3320 2834 3378 directorem
2868 3322 3100 3393 itineris,
3123 3324 3264 3379 etde
3289 3340 3379 3380 se-

1771 3414 1945 3481 mitis,
1969 3423 2025 3470 et
2044 3412 2113 3469 de
2134 3416 2425 3471 securitate
2450 3415 2683 3484 itineris,
2718 3424 2773 3472 et
2801 3417 2869 3472 de
2896 3417 3162 3473 brevitate
3187 3419 3381 3473 trami-

1771 3508 1868 3573 tis,
1890 3506 2044 3577 juxta
2074 3507 2375 3563 voluntatis
2401 3507 2611 3564 libitum
2638 3509 2779 3565 velle
2805 3510 3026 3567 docere.
3050 3509 3383 3568 Monstrare-

1770 3607 1864 3657 tur
1898 3600 2103 3673 quippe
2138 3609 2454 3673 portentum
2496 3604 2900 3675 navigatoribus
2943 3622 2958 3660 :
3001 3612 3057 3661 et
3096 3620 3196 3677 pro
3228 3615 3381 3661 certo

1770 3711 2070 3765 numquam
2110 3695 2390 3753 veniretur
2424 3696 2492 3754 ad
2530 3710 2768 3769 portum,
2800 3700 2847 3755 si
2890 3700 2959 3755 de
2994 3699 3294 3757 directione
3324 3710 3379 3757 et

1770 3790 2168 3862 gubernatione
2190 3791 2411 3862 navigii,
2432 3794 2758 3865 quicumque
2779 3793 3077 3865 remigator
3099 3794 3384 3850 ordinaret

1776 3884 1848 3939 ad
1877 3892 2084 3940 votum.
2110 3884 2228 3940 Non
2252 3884 2466 3953 civitas,
2490 3901 2598 3941 non
2623 3902 2871 3959 regnum,
2894 3902 3003 3941 non
3032 3886 3254 3943 minima
3280 3888 3377 3944 do-

1768 3978 2027 4035 muncula
2064 3978 2155 4035 diu
2185 3986 2435 4037 maneret
2459 3980 2515 4035 in
2536 3995 2667 4036 rure
2696 3998 2708 4035 :
2737 3979 2781 4036 si
2813 3979 2966 4050 cujus
2986 3980 3251 4038 voluntati
3271 3998 3372 4056 pa-

1771 4082 2008 4146 reretur,
2040 4072 2275 4131 deesset.

1842 4167 2077 4239 Propter
2106 4168 2249 4242 quod
2279 4169 2394 4241 ipse
2423 4184 2563 4245 papa
2587 4167 2804 4239 Petrus,
2831 4170 2923 4242 qui
2947 4169 3227 4246 religionis
3244 4188 3375 4246 apo-

1762 4260 1983 4317 stolicae
2004 4260 2171 4317 vitam
2202 4261 2425 4319 volebat
2451 4264 2742 4333 instruere,
2778 4264 2917 4319 sicut
2942 4279 2973 4320 a
3000 4265 3262 4335 magistro
3289 4266 3373 4321 di-

1760 4354 1985 4413 dicerat
2012 4373 2026 4411 :
2053 4365 2114 4413 ut
2136 4356 2309 4431 magis
2334 4357 2672 4437 intelligatur
2692 4358 2924 4431 qualiter
2942 4360 3123 4417 anima
3145 4363 3377 4435 castige-

1767 4457 1862 4507 tur
1899 4452 1955 4507 in
1998 4451 2309 4509 obedientia
2352 4452 2638 4509 charitatis
2677 4461 2734 4509 et
2770 4454 3128 4512 fraternitatis
3164 4471 3375 4525 amore,

1758 4545 2002 4616 exponit
2024 4545 2263 4615 apertius
2295 4563 2309 4600 :
2346 4544 2560 4615 Omnes,
2582 4544 2779 4617 inquit,
2805 4546 3165 4619 honoriﬁcate,
3190 4551 3378 4620 frater-

78 4642 179 4689 m:
197 4646 250 4691 et
268 4652 400 4710 quae
422 4637 707 4695 communi
727 4652 831 4693 usu
847 4644 974 4694 sunt
993 4637 1172 4704 make,
1196 4651 1265 4692 ex
1281 4636 1648 4696 subveutione
1673 4640 1731 4708 D
1756 4640 1989 4693 nitatem
2026 4638 2250 4711 diligite,
2292 4637 2460 4694 Deum
2492 4640 2689 4710 timete,
2734 4656 2906 4711 regem
2946 4640 3291 4713 honoriﬁcate
3333 4644 3379 4716 (l

78 4736 261 4785 nam
293 4733 409 4788 sibi
445 4731 611 4786 facta:
643 4739 771 4787 sunt
799 4730 979 4787 bonae.
1007 4729 1259 4801 Alioquin
1289 4730 1487 4787 melius
1512 4731 1649 4787 fuisa

78 4820 229 4879 Inibi
254 4840 389 4881 cum
424 4838 603 4897 parva
625 4838 811 4897 poena,
836 4838 960 4880 cum
985 4822 1102 4879 suis
1125 4822 1331 4881 divitiis
1352 4824 1404 4879 in
1430 4825 1642 4881 mundo

78 4920 391 4979 Modo
422 4918 678 4975 damnari
704 4960 720 4985 ,
750 4932 914 4991 quam
957 4918 1105 4990 ipsas
1130 4916 1492 4989 relinquendo
1517 4934 1642 4976 mo-

78 5012 267 5082 Nerio,
300 5023 520 5073 exorta
548 5013 830 5087 superbia,
864 5012 935 5071 ad
979 5011 1252 5071 infernum
1280 5028 1405 5071 cum
1432 5013 1633 5087 majori

78 5110 171 5187 μ
190 5108 420 5168 deduci.

78 5186 463 5287 labentur
491 5207 656 5266 etiam
684 5221 999 5284 pauperes:
1045 5221 1166 5285 qum
1208 5222 1279 5274 ex
1306 5210 1639 5287 paupertate

77 5282 533 5360 “subremioni
551 5303 748 5362 domus
770 5282 1458 5379 potuerunt—contribuere,
1482 5309 1631 5367 sicut

78 5382 227 5451 ηιξ.
270 5394 348 5451 Et
402 5396 621 5468 gratias
664 5398 776 5459 Deo
821 5400 875 5456 in
923 5399 1231 5459 humilitate
1273 5402 1576 5459 retribuant
1602 5418 1624 5459 :

78 5482 285 5559 ﬂaua
332 5490 510 5561 prius
543 5490 601 5545 in
635 5491 840 5553 mundo
866 5493 1054 5552 vivere
1090 5511 1201 5552 non
1248 5504 1524 5566 poterant,
1555 5509 1635 5553 ext

158 5578 197 5633 is
218 5581 530 5640 laboribus
558 5583 760 5641 habent
786 5602 908 5658 qua:
935 5587 1040 5644 sibi
1069 5588 1370 5660 sufﬁciunt,
1398 5590 1542 5647 sicut
1570 5595 1642 5646 et~

236 5679 456 5739 litum
491 5679 706 5752 quidem
730 5680 799 5739 de
819 5681 1023 5740 infelici
1048 5684 1363 5743 conditione
1388 5685 1637 5757 pluriumt

149 5766 294 5831 ὼ.
319 5773 493 5829 Sunt
517 5774 661 5830 enim
686 5776 932 5833 nonnulli
960 5777 1103 5835 viles
1127 5787 1183 5836 et
1207 5779 1406 5851 abjecti
1438 5782 1490 5838 in
1522 5794 1627 5836 sae-

178 5870 258 5941 ui
299 5867 662 5947 quaidianis
699 5871 980 5933 laboribus
1008 5889 1071 5936 se
1098 5873 1244 5934 ultra
1285 5874 1433 5937 vires
1485 5875 1636 5935 uilli-ﬁ

78 5568 236 5796 Ξ

78 5796 273 6049 μ

1765 4730 1919 4791 Petr.
1951 4747 1991 4787 tt
2015 4775 2033 4801 ,
2064 4731 2180 4813 l7).
2213 4732 2283 4787 Et
2308 4747 2380 4787 ne
2408 4732 2777 4790 excusationis
2803 4734 3095 4805 arripiatur
3118 4747 3331 4794 scutum
3360 4754 3377 4794 :

1757 4828 1871 4887 sub
1900 4827 2216 4901 particulari
2245 4828 2469 4884 nomine
2508 4829 2915 4901 praeeminentis
2944 4830 3253 4902 dignitatis,
3284 4847 3377 4903 ge-

1762 4922 2029 4979 neraliter
2046 4920 2211 4977 infert
2238 4920 2527 4979 omnibus:
2555 4921 2724 4992 Servi,
2755 4924 2974 4995 subditi,
3001 4924 3198 4996 inquit,
3219 4934 3381 4981 estote

1769 5018 1827 5074 in
1855 5017 1997 5075 omni
2027 5018 2208 5072 timore
2240 5016 2468 5073 dominis
2496 5014 2690 5091 (Ibid.,
2722 5016 2841 5091 18).
2871 5020 2940 5076 Ει
2972 5034 3043 5076 ne
3076 5020 3289 5091 praelati
3316 5021 3377 5078 in

1771 5113 2021 5173 medium
2045 5110 2379 5183 perducatur
2403 5112 2651 5185 pravitas
2667 5154 2683 5180 ,
2707 5127 2829 5185 quae
2848 5113 3165 5184 plerumque
3190 5113 3381 5171 subdi-

1770 5209 1846 5266 tis
1865 5215 2089 5281 praestat
2107 5219 2327 5263 causam
2346 5207 2531 5278 magni
2550 5221 2708 5264 casus
2733 5223 2749 5262 :
2774 5205 2901 5265 Non
2924 5214 3150 5277 tantum,
3172 5207 3370 5280 inquit,

1773 5304 1920 5361 bonis
1942 5312 1989 5358 et
2023 5300 2293 5371 modestis,
2328 5300 2420 5356 sed
2447 5300 2600 5357 etiam
2628 5299 2874 5373 dgscolis.
2902 5297 3105 5357 Verum
3134 5316 3204 5358 ne
3234 5302 3377 5359 forte

1771 5398 2023 5457 videatur
2041 5410 2207 5470 grave
2226 5395 2479 5453 humanae
2497 5394 2761 5452 voluntati
2782 5408 2843 5453 se
2866 5393 3159 5469 abuegare,
3176 5407 3232 5454 et
3251 5411 3376 5455 cru-

1772 5507 1893 5551 cem
1926 5491 2120 5549 tollere
2146 5506 2162 5547 :
2187 5487 2513 5547 obedientia:
2534 5486 2795 5559 proponit
2820 5488 3101 5558 meritum,
3122 5503 3229 5561 quo
3253 5502 3375 5544 om-

1771 5589 1861 5647 nis
1883 5586 2036 5645 labor
2057 5586 2336 5645 dulcescat
2358 5585 2521 5643 etiam
2542 5582 2743 5655 gravis.
2773 5581 2920 5653 Hac,
2942 5584 3136 5655 inquit,
3161 5592 3237 5638 est
3256 5599 3377 5655 gra-

1777 5684 1871 5739 tia.
1896 5681 1941 5738 Ο
1968 5680 2100 5738 felix
2130 5689 2186 5739 et
2212 5679 2490 5739 abundans
2519 5676 2722 5750 gratia!
2747 5675 2808 5734 In
2830 5676 3140 5735 obedientia
3165 5691 3379 5735 summa

1745 5784 1749 5787 '
1775 5778 2038 5834 virtutum
2078 5775 2263 5834 clausa
2295 5781 2399 5831 est.
2431 5770 2566 5830 Nam
2594 5769 2831 5845 simplici
2865 5785 3058 5840 gressu
3099 5769 3376 5830 hominem

1758 5871 1929 5941 ducit
1956 5870 2024 5931 ad
2046 5868 2322 5932 Christum
2354 5885 2369 5927 :
2400 5877 2458 5929 et
2486 5881 2597 5927 non
2624 5866 2798 5929 solum
2821 5878 2978 5928 mens
2998 5874 3290 5927 excusatur
3313 5865 3385 5927 ad
