3918 6294
530 343 639 406 399

1568 343 1628 402 S.
1669 337 2057 400 HIERONYMI
2093 337 2384 400 OPERUM
2424 340 2794 401 MANTISSA.
3673 342 3762 406 400

534 448 870 520 reddendam
901 460 1013 517 Deo
1034 458 1303 517 rationem
1335 460 1404 517 de
1426 460 1658 517 subditis
1684 479 1697 516 :
1726 461 1820 517 sed
1842 476 1942 517 nec
1962 460 2126 517 etiam
2153 462 2210 524 Α
2232 459 2287 515 in
2309 470 2569 517 aeternum
2591 469 2681 516 :ut
2710 468 2983 529 tamquam
3010 454 3302 530 peregrinae
3322 468 3375 517 et
3403 456 3605 519 advenre
3625 463 3769 521 absti-

535 557 808 628 obligatur
836 554 1068 612 reddere
1093 557 1162 611 de
1192 570 1251 612 se
1277 555 1416 627 ipsa.
1450 555 1495 612 Ο
1523 571 1734 613 summa
1756 556 2001 625 libertas,
2024 570 2128 627 qua

536 651 755 708 obtenta
785 650 878 707 vix
906 650 1080 721 possit
1109 649 1272 706 homo
1302 665 1550 721 peccare.

1140 788 1369 849 CAPUT
1410 790 1519 848 VII.

960 903 1065 978 [De
1093 907 1342 978 regimine
1366 906 1670 965 Abbatissaz.

610 1025 848 1081 Attende
887 1023 1199 1095 diligenter,
1231 1023 1305 1078 mi
1332 1023 1550 1080 domina
1580 1022 1897 1079 charissima
1928 1022 2129 1079 Eusto-

538 1118 740 1187 chium,
770 1134 930 1191 quam
961 1118 1142 1190 gravis
1168 1118 1466 1189 imponitur
1485 1119 1697 1175 sarcina
1718 1117 1962 1174 humeris
1982 1118 2087 1174 tuis
2111 1135 2127 1170 :

532 1233 655 1289 qua:
685 1217 754 1272 de
773 1216 1114 1272 subditarum
1137 1214 1446 1284 animabus,
1470 1216 1540 1271 de
1559 1230 1811 1286 corpore,
1836 1213 1905 1271 de
1924 1214 2128 1283 verbis,

531 1309 603 1364 de
642 1308 887 1363 moribus
914 1307 1176 1379 obligaris
1204 1307 1347 1379 apud
1376 1307 1615 1363 divinum
1647 1323 1875 1364 examen
1898 1305 2131 1363 reddere

530 1402 819 1458 rationem.
846 1401 1013 1467 Cave,
1046 1415 1254 1471 quaeso,
1281 1416 1351 1456 ne
1374 1399 1444 1456 de
1472 1410 1523 1456 te
1545 1401 1707 1457 etiam
1733 1400 1866 1456 levis
1890 1396 2130 1468 suspicio

531 1495 586 1549 in
619 1494 763 1550 malo
783 1494 955 1565 possit
973 1492 1105 1549 oriri
1131 1511 1144 1548 :
1171 1508 1240 1548 ne
1262 1493 1570 1563 dispergas,
1597 1507 1733 1563 quas
1754 1492 1970 1548 conaris
1991 1490 2129 1547 edu-

525 1603 671 1643 cere.
697 1586 790 1644 Sic
814 1585 1087 1655 ordinata,
1111 1587 1191 1642 sic
1211 1586 1409 1641 rationi
1430 1585 1735 1641 conformia
1756 1584 2007 1641 mandata
2032 1599 2128 1640 so-

525 1680 741 1736 roribus
782 1680 1069 1751 proferas,
1110 1687 1169 1733 ut
1213 1679 1377 1735 etiam
1421 1678 1731 1749 depravatte
1771 1677 2129 1748 superbaaque

524 1785 736 1831 mentes
763 1775 1071 1831 animentur
1098 1773 1164 1829 ad
1188 1774 1516 1829 obedientia:
1537 1773 1783 1830 semitas.
1810 1772 1902 1830 Sic
1925 1772 2125 1840 dulcis,

2231 555 2408 610 neatis
2432 570 2528 609 vos
2549 554 2616 609 ab
2638 551 2890 608 omnibus
2919 548 3203 607 desideriis
3226 552 3540 625 carnalibus,
3562 574 3670 628 quia
3686 559 3770 614 mi-

2230 649 2392 705 litant
2428 648 2687 703 adversus
2730 646 2965 701 animam
3008 661 3023 701 :
3061 644 3410 715 subjicientes
3444 663 3537 704 vos
3574 649 3622 706 in
3646 653 3772 709 omni

2228 740 2541 797 obedientia
2580 747 2635 796 et
2664 738 2880 809 timore,
2912 744 2969 794 et
2994 738 3296 794 reverentia
3325 740 3613 811 praeposita:
3637 744 3775 800 matri

2230 845 2429 893 vestrae
2478 854 2491 888 :
2536 844 2595 891 ut
2630 834 2743 906 jam
2787 834 3012 890 omnino
3055 832 3190 889 nihil
3229 833 3372 890 aliud
3398 834 3529 891 velle
3551 835 3632 893 vel
3656 838 3777 895 nolle

2230 930 2391 986 alicui
2430 928 2609 998 liceat,
2654 929 2763 984 nisi
2794 943 2915 1001 qua:
2951 926 3223 984 abbatissa
3253 927 3443 985 domus
3478 929 3780 987 mandaverit

2231 1021 2480 1078 facienda
2508 1040 2522 1075 :
2555 1021 2692 1078 nihil
2718 1036 2903 1093 grave,
2937 1020 3073 1076 nihil
3105 1021 3448 1092 importabile
3472 1022 3717 1091 videatur,
3742 1025 3780 1081 si

2226 1117 2383 1189 jussu
2428 1118 2664 1190 propriae
2709 1133 2819 1173 non
2855 1116 3153 1174 concordet
3192 1117 3472 1173 voluntati.
3512 1116 3646 1174 Vere
3668 1118 3782 1175 obe-

2230 1208 2409 1279 diens,
2440 1217 2496 1264 et
2523 1210 2614 1281 qui
2657 1225 2753 1280 pro
2779 1208 2997 1265 Christo
3021 1218 3173 1266 caret
3199 1210 3347 1266 omni
3376 1208 3596 1267 arbitrio
3617 1209 3784 1267 volun-

2232 1302 2384 1368 tatis,
2413 1300 2548 1355 nihil
2580 1301 2731 1357 novit
2757 1299 3000 1372 difﬁcile,
3031 1300 3169 1357 nihil
3197 1301 3474 1373 injustam.

2302 1394 2653 1462 Mementote,
2697 1395 3048 1465 charissimae,
3096 1398 3353 1469 quoniam
3396 1398 3610 1457 Christo
3636 1400 3686 1458 in
3711 1417 3786 1460 ve-

2231 1495 2362 1542 strae
2406 1486 2684 1559 religionis
2728 1489 3009 1560 ingressu,
3040 1487 3327 1546 dimisistis
3364 1506 3577 1549 omnem
3602 1494 3785 1550 valendi

2229 1592 2285 1637 et
2314 1581 2530 1637 nolendi
2557 1582 2849 1653 licentiam,
2879 1585 2984 1641 nisi
3013 1600 3135 1656 quae
3159 1586 3279 1657 ejus
3301 1588 3448 1644 vices
3467 1600 3702 1661 gerentes
3720 1605 3789 1647 or-

2230 1672 2480 1730 dinarent
2508 1673 2576 1731 de
2600 1677 2777 1732 vobis.
2808 1677 3053 1735 Obeditis
3078 1680 3222 1736 enim
3248 1680 3469 1738 Christo
3489 1681 3785 1757 ﬁrmissime,

2230 1780 2352 1822 cum
2393 1770 2701 1840 prtepositte
2744 1770 2905 1826 matri
2943 1772 3099 1829 vobis
3142 1789 3339 1843 parere
3379 1775 3627 1833 studetis.
3666 1776 3790 1832 Tunc

525 1869 603 1924 sic
631 1868 779 1925 mitis
808 1869 879 1924 sit
902 1882 1107 1935 sermo,
1136 1875 1195 1922 ut
1232 1867 1449 1923 duritiae
1471 1866 1712 1922 furorem
1744 1880 1853 1922 non
1876 1867 2123 1934 suscitet,
2156 1852 2206 1918 Β
2231 1861 2379 1917 enim
2419 1876 2622 1933 sponso
2666 1862 2912 1933 Christo,
2959 1869 3049 1922 cui
3079 1865 3429 1939 desponsatze
3459 1868 3616 1925 ﬁdem
3649 1876 3788 1926 totam

524 1959 622 2016 sed
662 1960 872 2032 frangat
903 1969 1174 2016 exortum.
1207 1960 1299 2015 Sic
1336 1975 1464 2030 erga
1507 1958 1919 2027 inobedientes,
1952 1959 2125 2016 virilis

520 2063 579 2110 et
606 2063 865 2115 constans
889 2054 962 2110 sit
996 2055 1205 2109 animus
1235 2071 1247 2109 :
1279 2062 1338 2109 ut
1361 2052 1538 2109 omnis
1565 2052 1846 2110 muliebris
1867 2052 2126 2110 mollities

526 2146 772 2217 discedat
797 2162 829 2203 e
848 2147 1050 2203 medio.

590 2242 932 2299 Excidantur
962 2244 1018 2299 in
1046 2250 1201 2300 ortus
1232 2243 1533 2315 primordio
1552 2258 1769 2314 vepres,
1801 2258 1870 2299 ne
1894 2242 2125 2299 nimium

520 2347 943 2407 excrescentes,
1000 2339 1244 2409 germina
1303 2339 1573 2394 seminum
1631 2337 1921 2395 suil'ocent.
1980 2337 2125 2393 Nihil

515 2433 721 2503 quippe
753 2434 804 2486 in
832 2441 1045 2486 rectore
1073 2430 1435 2500 periculosius
1464 2440 1569 2498 est,
1594 2446 1757 2501 quam
1781 2446 1920 2486 vana
1944 2430 2125 2486 humi-

515 2524 640 2580 litas
683 2523 751 2578 ad
790 2523 1195 2578 correctionem
1238 2538 1367 2593 erga
1410 2525 1681 2594 superbos
1723 2534 2123 2595 protervosque

416 2666 429 2677 ,
525 2616 797 2671 subditos.
822 2614 1167 2686 Singularum
1198 2630 1447 2671 sororum
1479 2615 1787 2672 voluntates
1814 2616 1869 2672 in
1899 2631 1960 2672 re
1979 2615 2127 2672 difﬁ-

517 2707 609 2763 cili
646 2706 1029 2778 pertractanda
1070 2722 1287 2778 semper
1327 2707 1483 2764 avide
1520 2708 1708 2771 audias
1744 2726 1758 2761 :
1792 2723 1894 2765 nec
1941 2717 2124 2765 tamen

519 2802 910 2873 cujuscumque
967 2801 1231 2857 voluntati
1286 2801 1558 2858 innitaris.
1617 2801 2004 2857 Verumtamen
2073 2803 2121 2857 si

519 2894 814 2965 quidquam
846 2894 977 2949 utile
1018 2897 1279 2965 prodatur
1326 2911 1339 2948 :
1392 2910 1497 2949 non
1541 2894 1852 2950 attendatur
1891 2909 2121 2966 persona

525 3004 649 3058 quae
690 2987 934 3058 protulit.
975 2986 1147 3057 Elegit
1182 2986 1317 3040 enim
1351 2985 1491 3041 Deus
1531 2988 1743 3055 inﬁrma
1787 2989 1968 3043 mundi
2008 3007 2021 3041 :
2062 2998 2122 3043 ut

516 3078 675 3150 fortia
700 3094 918 3149 qumque
949 3079 1235 3147 confundat
1262 3076 1307 3149 (Ι
1333 3076 1454 3132 Cor.
1482 3094 1500 3133 ι
1529 3078 1685 3149 ,ζ27).
1711 3079 1880 3134 Tuam
1908 3096 2040 3135 vero
2065 3079 2121 3136 in

516 3172 684 3228 rebus
710 3171 968 3240 gerendis
995 3169 1379 3225 communibus
1404 3186 1513 3225 non
1545 3180 1751 3226 tantum
1781 3172 2119 3227 voluntatem

521 3265 777 3335 exquiras
799 3274 854 3321 et
880 3275 1064 3320 teneas
1089 3281 1105 3317 :
1132 3262 1239 3317 nisi
1260 3262 1435 3332 major
1458 3278 1583 3332 pars
1602 3262 1961 3319 discretarum
1984 3263 2123 3318 ﬁlia-
2149 3250 2198 3317 C

520 3374 643 3414 rum
674 3356 728 3412 id
747 3357 1023 3412 communi
1053 3364 1183 3409 voto
1212 3353 1503 3410 collaudet.
1530 3353 1901 3425 Superbarum
1933 3356 2118 3410 insen-

517 3463 870 3521 satarumque
912 3448 1177 3504 mentium
1214 3458 1333 3518 est,
1369 3464 1470 3504 suo
1512 3456 1725 3503 tantum
1756 3449 1835 3504 uti
1862 3449 2116 3505 consilio.

520 3546 643 3603 Non
695 3545 951 3602 audiatur
1007 3544 1327 3616 cujusquam
1380 3543 1633 3601 voluntas
1676 3545 1777 3600 sub
1826 3545 2120 3601 verborum

522 3652 805 3695 murmure
852 3645 909 3693 et
954 3637 1073 3692 loco
1118 3634 1436 3692 abscondito
1486 3654 1498 3689 :
1544 3636 1642 3691 sed
1692 3637 1868 3706 palam
1912 3634 2121 3692 cunctis

2230 1956 2461 2013 vovistis
2504 1974 2519 2012 :
2564 1969 2764 2029 praeter
2791 1976 2951 2031 quem
2988 1962 3197 2018 nullum
3226 1964 3377 2022 ultra
3404 1973 3687 2021 amatorem
3712 1963 3791 2020 ad-

2234 2052 2450 2109 mittere
2477 2053 2530 2107 in
2562 2052 2968 2125 disponsatione
3002 2056 3229 2127 jurastis
3281 2077 3295 2115 :
3341 2060 3512 2131 magis
3554 2060 3793 2131 placentes

2227 2144 2383 2213 estis,
2416 2144 2684 2218 citiusque
2709 2148 2998 2205 meremini
3028 2150 3151 2208 duci
3175 2151 3243 2207 ad
3277 2151 3599 2223 thalamum,
3622 2135 3794 2208 utcum

2234 2239 2385 2295 omni
2407 2240 2748 2311 jucunditate
2776 2244 3026 2302 dulcibus
3046 2246 3398 2318 amplexibus
3419 2246 3793 2320 astringamiui:

2237 2349 2361 2389 cum
2394 2336 2510 2406 ejus
2540 2337 2854 2397 studueritis
2884 2341 2942 2395 in
2966 2340 3165 2397 vicaria
3195 2357 3396 2413 parere
3422 2342 3693 2399 mandatis.
3721 2340 3798 2397 Vi-

2230 2427 2365 2484 carii
2405 2430 2555 2485 enim
2597 2433 2773 2488 honor
2801 2433 3070 2491 redundat
3106 2435 3165 2492 in
3210 2435 3410 2493 Deum.
3452 2437 3542 2495 Sic
3568 2436 3699 2508 jubet
3722 2435 3798 2490 lex

2229 2522 2488 2594 conjugii,
2521 2532 2583 2579 ut
2609 2539 2809 2596 Sponsa
2837 2528 2941 2583 sub
2970 2528 3091 2600 lege
3131 2530 3204 2585 sit
3237 2534 3456 2602 sponsi.
3484 2530 3800 2588 Emulamini

2226 2632 2448 2690 semper
2499 2619 2642 2675 inter
2687 2636 2784 2678 vos
2828 2624 2928 2679 hac
2966 2622 3066 2680 Dei
3110 2625 3473 2684 aemulatione
3521 2643 3538 2683 :
3581 2625 3800 2683 certatim

2227 2711 2531 2770 adinvicem
2576 2714 2750 2771 altera
2790 2725 3020 2773 conetur
3055 2719 3330 2778 excedere
3358 2721 3589 2779 alteram
3616 2720 3666 2777 in
3692 2719 3804 2775 obe-

2228 2805 2455 2861 dientia.
2497 2806 2613 2863 Non
2651 2808 2815 2880 igitur
2850 2819 2933 2867 est
2970 2814 3396 2881 monasterium,
3424 2829 3536 2871 non
3565 2810 3800 2883 religiosi,

2226 2914 2338 2954 non
2362 2898 2635 2967 monachi,
2660 2902 2752 2958 ubi
2771 2902 2999 2960 subditis
3021 2904 3336 2963 obedientia
3369 2907 3529 2964 deest
3544 2920 3667 2979 erga
3688 2918 3801 2977 pra-

2227 2993 2419 3049 latum.
2446 2992 2818 3053 Destructioni
2838 3007 2923 3055 est
2940 3013 3140 3071 corpus
3159 3002 3509 3074 expositum,
3523 3016 3643 3059 cum
3662 2995 3805 3056 ment-

2225 3084 2323 3141 bra
2354 3086 2667 3144 discordant
2692 3104 2723 3145 a
2753 3091 2949 3161 capite.

2842 3226 3073 3286 CAPUT
3121 3227 3214 3285 1X.

2225 3337 2304 3394 De
2341 3341 2653 3399 correctione
2684 3343 2925 3414 facienda
2953 3354 3000 3397 et
3026 3344 3257 3416 generali
3301 3344 3638 3403 accusatione
3661 3340 3807 3400 crimi-

2747 3432 2868 3469 num
2894 3416 2950 3470 in
2977 3426 3121 3471 sexta
3148 3418 3304 3489 feria.

2298 3530 2634 3601 Contumax,
2666 3540 3093 3605 prmsumptuosa
3134 3550 3197 3591 ac
3228 3538 3479 3608 superba
3526 3534 3740 3605 mulier,
3765 3532 3807 3587 in

2226 3636 2419 3682 sancto
2462 3636 2644 3683 vestro
2684 3628 2982 3697 consortio,
3022 3645 3145 3699 quae
3180 3630 3529 3704 dedignatur
3560 3647 3680 3689 esse
3706 3626 3809 3684 sub-

517 3730 880 3803 praescntibus
910 3746 1034 3786 cum
1065 3730 1213 3785 omni
1240 3729 1505 3785 charitate
1535 3730 1696 3786 liceat
1736 3729 1917 3786 dicere
1945 3739 1999 3787 et
2023 3746 2121 3786 au-
2219 3718 2387 3791 ,ἱθοων
2440 3738 2504 3778 30
2547 3723 2660 3778 δαῖε
2704 3721 2893 3779 litibus
2938 3732 2995 3780 οι
3034 3724 3227 3797 iurgiis
3268 3728 3611 3784 Scandalum
3650 3723 3820 3799 prtem

518 3824 658 3881 dire.

598 3919 655 3975 Si
679 3918 965 3991 conceptui
990 3918 1211 3990 proprio
1233 3914 1407 3989 major
1429 3934 1554 3990 pars
1577 3932 1823 3974 sororum
1849 3917 2077 3976 dissidet
2101 3936 2117 3974 :

525 4026 636 4069 non
666 4012 803 4068 velis
833 4012 947 4067 sola
988 4010 1238 4067 omnibus
1266 4012 1561 4068 contraire.
1595 4009 1654 4066 In
1684 4012 2009 4068 exercendis
2038 4012 2122 4067 fu-

518 4121 636 4171 ror,
660 4104 867 4173 odium,
894 4104 1117 4171 invidia,
1143 4120 1241 4159 seu
1269 4103 1473 4159 derisio
1503 4104 1581 4159 sic
1606 4105 1822 4175 penitus
1851 4104 2117 4172 discedat,

518 4207 579 4252 ut
608 4214 714 4251 non
745 4196 849 4251 nisi
879 4211 1017 4266 pax,
1048 4193 1315 4261 Charitas,
1348 4210 1525 4263 amor,
1554 4207 1608 4249 et
1637 4196 1961 4252 alterutrum
1993 4212 2123 4266 sup-

517 4292 755 4363 portatio
783 4299 1144 4362 cognoscatur
1171 4307 1185 4344 :
1209 4300 1474 4360 quatenus
1496 4289 1800 4345 ﬁendorum
1826 4291 1976 4345 solus
2000 4290 2127 4360 Spi-

515 4385 659 4440 ritus
699 4390 919 4439 sanctus
962 4392 1151 4437 auctor
1183 4382 1409 4437 meliora
1442 4384 1690 4454 inspiret.
1724 4382 1845 4439 Non
1876 4384 1948 4439 sit
1976 4385 2119 4442 inter

515 4491 614 4531 vos
640 4490 777 4547 quas
804 4475 1043 4530 Charitas
1066 4475 1225 4529 simul
1247 4476 1382 4543 unit,
1408 4474 1682 4531 feminalis
1707 4475 1956 4547 quaedam
1983 4477 2120 4534 abu-

513 4571 601 4625 sio
630 4589 643 4623 :
676 4577 737 4624 ut
764 4568 1006 4639 undique
1032 4549 1313 4624 cachinriis
1344 4580 1399 4625 et
1427 4569 1649 4625 vocibus
1675 4586 1768 4626 aer
1790 4583 2028 4643 resonet,
2059 4583 2113 4630 et

2223 3816 2397 3884 quieti
2451 3831 2748 3880 sororum,
2807 3825 2863 3872 et
2917 3818 2998 3872 eis
3054 3816 3460 3876 inobedientiae
3514 3821 3823 3877 demonstrat

2224 3905 2560 3975 exemplum,
2580 3907 2765 3962 arduis
2788 3907 3103 3979 crebrisque
3120 3909 3287 3979 jejuni
3304 3912 3354 3967 is
3377 3913 3703 3985 castigetur,
3724 3924 3827 3965 cum

2223 3999 2435 4054 resistit
2464 4000 2729 4054 mandatis
2766 3999 3059 4070 impositis.
3093 4001 3150 4056 Si
3177 4001 3397 4073 jejunia
3435 4021 3549 4061 non
3588 4005 3831 4073 castigant

2225 4091 2557 4160 superbiam,
2579 4091 2862 4147 edometur
2890 4093 3225 4159 verberibus,
3250 4097 3627 4155 contumeliis
3656 4105 3709 4154 et
3731 4109 3834 4167 gra-

2225 4186 2382 4241 vibus
2421 4186 2725 4257 disciplinis
2766 4206 2780 4242 :
2820 4188 3010 4258 utjam
3050 4188 3224 4245 discat
3265 4205 3411 4248 cum
3460 4193 3667 4261 Petro,
3707 4187 3833 4263 quod

2225 4279 2332 4335 nisi
2356 4279 2605 4351 prrelato,
2620 4281 2786 4335 immo
2802 4280 3023 4337 Christo
3044 4284 3099 4338 in
3120 4298 3185 4338 eo
3212 4283 3472 4356 obediat,
3492 4296 3705 4358 partem
3729 4298 3836 4341 cum

2224 4372 2445 4429 Christo
2469 4375 2520 4428 in
2552 4389 2723 4445 regno
2751 4373 2952 4430 Christi
2985 4384 3041 4431 et
3071 4376 3165 4431 Dei
3196 4392 3307 4433 non
3340 4380 3579 4436 habebit
3614 4398 3630 4433 :
3658 4392 3834 4449 quam-

2227 4480 2388 4538 quam
2423 4467 2669 4537 imposita
2704 4466 2993 4524 videantur
3022 4480 3305 4538 extranea,
3344 4490 3455 4531 nec
3486 4489 3734 4532 consona
3762 4487 3840 4529 ra-

2227 4558 2386 4614 tioni.
2413 4558 2519 4615 Sed
2542 4559 2590 4614 si
2612 4575 2711 4616 nec
2737 4559 2998 4616 indomita
3021 4563 3268 4632 superbia
3293 4567 3589 4623 studuerit
3610 4566 3838 4626 obedire.

514 4663 852 4718 audientium
882 4676 1043 4718 aures
1074 4677 1186 4732 pra:
1213 4664 1448 4733 strepitu
1480 4671 1788 4720 terreantur
1826 4684 1836 4718 :
1868 4668 1966 4722 sed
1990 4684 2118 4724 cum

2235 4665 2350 4708 cum
2391 4650 2657 4721 apostatis
2698 4653 2904 4724 angelis
2942 4653 3246 4726 expellatur
3277 4674 3290 4710 :
3324 4675 3459 4731 quae
3490 4673 3715 4733 partem
3747 4673 3843 4716 non

517 4755 668 4809 omni
692 4754 958 4809 modestia
980 4762 1209 4823 stantes,
1235 4771 1338 4810 una
1363 4756 1641 4827 loquente,
1666 4772 1878 4816 caetera:
1899 4760 2116 4819 sileant.

514 4847 628 4903 Nec
649 4847 817 4903 altera
837 4846 1065 4902 alteram
1090 4863 1157 4903 ex
1177 4849 1433 4905 aviditate
1451 4851 1709 4922 loquendi
1729 4854 2114 4930 interrumpat,

515 4950 571 4996 et
600 4938 839 5012 praebeat
866 4938 1255 5011 impedimenta
1286 4941 1507 5000 dicenti.

1134 5078 1363 5137 CAPUT
1400 5056 1532 5140 Vm.

616 5211 619 5214 '
654 5193 733 5252 De
758 5196 1043 5253 reverentia
1069 5204 1120 5250 et
1143 5197 1456 5268 subjectione
1478 5213 1605 5269 erga
1629 5199 1962 5258 abbatissam.

587 5311 816 5384 Pr0pter
856 5312 999 5384 quod
1039 5311 1251 5377 hortor,
1296 5327 1493 5369 moneo
1536 5323 1591 5369 et
1630 5330 1728 5371 oro
1758 5330 1875 5386 vos,
1902 5317 2112 5376 charis-

511 5406 663 5461 simre
691 5416 747 5462 et
773 5403 1138 5461 dilectissima:
1170 5405 1291 5461 ﬁlim
1312 5451 1325 5475 ,
1352 5422 1473 5477 quae
1501 5406 1609 5477 jam
1642 5420 1871 5466 mortuae
1900 5412 2033 5469 estis
2054 5423 2112 5470 et

509 5496 739 5569 sepultce
761 5515 883 5556 cum
907 5500 1126 5556 Christo
1150 5517 1164 5557 :
1188 5515 1306 5572 quae
1324 5501 1435 5571 jam
1461 5516 1623 5558 carne
1644 5513 1956 5578 contempta
1983 5519 2113 5564 cum

504 5595 621 5664 ejus
656 5594 848 5663 gloria,
893 5595 1110 5664 cognito
1150 5593 1294 5664 quod
1324 5595 1489 5651 omnia
1520 5611 1644 5652 caro
1676 5602 1888 5669 fenum,
1920 5610 1968 5656 et
1996 5606 2113 5675 ejus

501 5688 672 5756 gloria
700 5689 798 5757 flos
825 5688 933 5759 feni
955 5684 1114 5759 (Isai.
1141 5701 1237 5751 xc,
1268 5686 1350 5755 9),
1377 5690 1443 5743 ad
1473 5690 1765 5748 novitatem
1794 5694 1917 5750 vitae
1943 5695 2112 5765 Spiri-

492 5788 585 5833 tus
612 5779 742 5835 estis
770 5789 972 5836 renata:
1002 5798 1016 5834 :
1054 5794 1160 5834 non
1189 5794 1259 5835 ex
1277 5784 1622 5854 corruptibili
1645 5785 1872 5855 semine,
1900 5788 1994 5847 sed
2021 5789 2108 5846 in-

491 5872 870 5945 corruptibili,
901 5887 999 5944 per
1020 5872 1245 5931 verbum
1273 5873 1368 5932 Dei
1388 5876 1620 5938 viventis
1643 5889 1697 5937 et
1721 5880 2102 5951 permanentia

2224 4744 2447 4800 habebit
2472 4745 2524 4800 in
2565 4758 2749 4816 regno.

2306 4837 2350 4897 0
2381 4839 2563 4895 infelix
2592 4840 2841 4911 superbia
2871 4841 3017 4909 vita},
3048 4852 3104 4899 ut
3132 4858 3231 4915 pro
3255 4843 3577 4917 implendis
3606 4848 3853 4920 volupta-

2226 4933 2375 4991 tibus
2403 4936 2605 5003 carnis,
2631 4936 2906 4993 renuntiet
2934 4936 3242 4993 haereditati
3272 4943 3436 5009 caeli,
3475 4959 3653 5015 quam
3686 4946 3852 5000 fuerat

2227 5038 2538 5084 assecutura
2580 5042 2678 5099 per
2714 5027 3011 5085 Christum.
3056 5030 3303 5088 Nondum
3339 5034 3464 5091 Deo
3497 5037 3691 5094 vivit:
3724 5051 3857 5093 non—

2230 5122 2359 5178 dum
2402 5122 2679 5194 religionis
2720 5124 2967 5179 semitam
3014 5122 3328 5198 Christique
3380 5130 3621 5201 nuptias
3664 5131 3860 5201 attigit,

2229 5229 2353 5289 qum
2392 5231 2500 5273 non
2539 5215 2769 5271 efﬁcitur
2813 5217 2886 5273 ita
2923 5216 3153 5289 simplex
3194 5228 3249 5275 et
3291 5235 3462 5293 pura,
3499 5233 3567 5280 ut
3597 5221 3864 5296 quidquid

2228 5310 2334 5364 sibi
2363 5308 2675 5363 mandatum
2704 5307 2864 5363 fuerit
2892 5324 2988 5379 per
3012 5310 3359 5382 prmpositam
3391 5325 3677 5385 matrem,
3704 5330 3869 5386 ange-

2225 5404 2336 5460 lico
2367 5415 2519 5475 putet
2548 5418 2643 5460 ore
2682 5404 3081 5460 transmissum.
3113 5404 3268 5462 Tunc
3294 5422 3678 5482 unaquaeque
3706 5419 3869 5467 ctete-

2222 5501 2305 5556 ris
2334 5516 2393 5556 se
2424 5500 2721 5557 beatiorem
2748 5500 3045 5569 existimet,
3073 5516 3196 5559 cum
3226 5502 3279 5559 in
3309 5502 3627 5563 laboribus
3658 5521 3872 5581 praepo-

2226 5592 2381 5648 nitur
2410 5594 2656 5665 reliquis.

2303 5687 2420 5742 Non
2470 5688 2672 5759 pudeat
2713 5688 2938 5763 singulis
2967 5687 3319 5747 hebdomadis
3347 5700 3527 5750 sexta
3560 5696 3735 5763 feria,
3769 5708 3875 5767 quo

2225 5782 2314 5839 die
2354 5782 2609 5840 Salvator
2647 5784 2939 5854 opprobria
2977 5794 3034 5842 et
3078 5796 3307 5841 mortem
3350 5800 3469 5854 pro
3522 5787 3768 5845 homine
3809 5787 3876 5843 ab

2221 5876 2445 5937 homine
2486 5878 2728 5950 pertulit,
2771 5892 3205 5951 unamquamque
3246 5890 3552 5949 sororum,
3599 5896 3769 5939 suam
3799 5880 3879 5937 vi-
