3918 6294
134 334 219 393 ιοι
1343 332 1627 393 REGULA
1664 329 2172 395 MONACHARUM.
3294 341 3404 401 402

132 461 221 507 tam
245 460 426 505 coram
451 448 599 507 omni
620 456 765 507 coetu
785 461 1033 508 sororum
1057 449 1329 509 discutere
1347 493 1363 520 ,
1388 461 1442 507 et
1466 450 1533 507 de
1554 466 1704 507 com-
1730 450 1788 513 Α
2423 454 2650 514 CAPUT
2691 455 2786 514 XI.

133 545 289 604 missis
332 552 525 601 contra
561 555 840 618 przecepta
873 553 932 603 et
957 547 1227 619 regulam,
1262 562 1324 605 se
1355 547 1574 619 proprio
1601 561 1700 602 ore

130 639 382 696 criminari
428 654 493 695 ac
520 638 862 712 disciplinam
892 641 1077 697 subire
1103 659 1115 694 :
1146 650 1415 712 quatenus
1445 638 1699 710 stipulata

132 746 262 790 mens
281 732 648 803 cogitationis,
671 733 895 789 stimulo
914 734 1277 791 accusationis
1296 748 1361 789 ac
1380 733 1698 802 verborum,

131 835 295 883 caveat
338 823 642 881 accusanda
686 825 1044 898 pudendaque
1080 826 1444 883 committere.
1483 824 1593 880 Nec
1623 834 1703 878 ta-

133 932 232 973 men
270 924 499 988 propter
529 915 633 973 hoc
674 918 885 974 occulta
913 917 1237 989 cogitamina
1282 919 1529 973 cordium
1577 931 1704 987 pro-

132 1011 331 1079 dantur,
361 1026 466 1068 nec
494 1011 704 1067 occulta
731 1020 975 1083 peccata,
1003 1028 1124 1084 quae
1146 1012 1274 1068 solis
1299 1010 1505 1068 debent
1524 1025 1706 1065 sacer-

134 1104 330 1161 dotibus
358 1104 606 1161 conﬁteri
641 1122 655 1159 :
687 1105 783 1162 sed
814 1105 989 1161 solum
1024 1122 1146 1177 quae
1177 1104 1459 1176 praeceptis
1487 1105 1707 1159 obviant

133 1200 340 1272 publicis
369 1218 385 1258 :
415 1209 472 1257 et
490 1200 740 1270 exempla
768 1199 1031 1272 peccandi
1059 1199 1336 1255 sororibus
1359 1198 1621 1269 praebent.
1646 1197 1706 1254 Si

134 1311 240 1353 vero
261 1294 350 1350 vel
382 1303 595 1350 tumore
618 1293 709 1350 vel
728 1293 1058 1351 verecundia
1079 1292 1316 1365 seipsam
1336 1306 1591 1347 accusare
1612 1305 1708 1347 ne-

134 1388 359 1459 glexerit,
387 1386 551 1443 liceat
575 1386 867 1458 unicuique
894 1386 1181 1458 propalare
1204 1387 1313 1441 tale
1333 1385 1538 1441 crimen
1565 1383 1706 1439 alte-

138 1482 237 1538 rius
267 1500 282 1536 :
318 1491 372 1536 ut
396 1480 707 1537 nullatenus
734 1480 944 1535 radices
974 1478 1341 1535 inobedieutia
1370 1486 1426 1533 et
1454 1475 1706 1546 superbia

143 1575 189 1631 in
212 1584 387 1631 sancto
410 1573 628 1630 hortulo
656 1582 839 1629 vestro
866 1573 1131 1645 arripiant
1155 1590 1263 1629 non
1296 1570 1611 1628 evellendas
1641 1569 1709 1624 de

138 1668 281 1725 facili.
311 1668 509 1724 Verum
538 1668 588 1723 si
624 1669 902 1739 quippiam
927 1669 1079 1739 juxta
1104 1666 1430 1723 feminarum
1462 1664 1705 1731 modum,

137 1779 236 1835 quae
278 1762 416 1819 nihil
462 1766 703 1820 retinere
734 1773 933 1819 norunt
960 1762 1359 1829 absconditum,
1390 1762 1556 1816 immo
1582 1769 1708 1815 ante

136 1857 445 1927 garrulando
467 1858 836 1928 manifestant,
871 1873 1035 1928 quam
1065 1857 1265 1922 sciant,
1296 1855 1500 1926 aliquid
1530 1853 1599 1910 de
1625 1853 1709 1910 his
1739 1845 1788 1906 B

138 1960 261 2007 extra
283 1950 526 2007 caenobii
553 1952 753 2006 limites
782 1952 1101 2022 prodiderit,
1124 1951 1313 2006 subeat
1333 1950 1710 2022 gravissimam

136 2057 330 2113 planam
358 2061 373 2099 :
406 2053 466 2101 ut
492 2044 740 2101 doctrina
769 2045 979 2101 tacendi
1007 2044 1267 2101 doceatur
1294 2044 1350 2100 in
1378 2058 1557 2115 poena.

2143 567 2224 624 De
2246 570 2473 626 vanitate
2494 573 2728 628 scientia:
2751 570 3057 627 mundialis.
3080 567 3098 587 ‘

1873 684 1919 743 Ο
1948 694 2134 743 sancta
2162 687 2407 757 fatuitas,
2437 706 2558 761 quae
2593 700 2751 748 natos
2781 692 2849 748 ad
2892 692 3115 749 labores
3143 691 3398 751 homines

1802 779 1860 836 in
1887 782 2113 849 mundo,
2142 784 2375 839 mereris
2417 785 2771 842 transvehere
2807 786 2875 840 ad
2910 785 3142 856 gloriam
3173 799 3396 858 ereptos

1804 874 1873 932 de
1902 877 2105 946 pmnis!
2133 876 2251 933 Non
2271 879 2411 934 hanc
2434 878 2744 935 fatuitatem
2773 878 3146 935 doctissimam
3171 880 3405 937 Athenis

1805 968 1962 1025 Plato
1991 969 2202 1041 didicit,
2231 987 2340 1027 non
2372 971 2719 1043 Aristoteles,
2752 987 2861 1029 non
2886 973 3262 1045 Anaxagoras,
3291 990 3402 1030 non

1805 1072 2129 1119 caeterorum
2160 1065 2465 1145 stultorum
2490 1065 2678 1121 mundi
2716 1064 3043 1136 sapientium
3082 1067 3240 1122 turba
3271 1082 3404 1145 per-

1808 1154 1971 1228 cepit.
2021 1156 2139 1213 Non
2182 1166 2332 1214 certe
2367 1138 2535 1215 miser
2562 1174 2665 1231 ego
2706 1158 3072 1231 Hieronymus
3124 1138 3403 1215 fatuorum

1807 1250 2132 1321 sapientium
2160 1252 2424 1321 imitator,
2456 1261 2750 1322 antequam
2792 1262 2980 1309 sancta
3011 1252 3250 1309 verbera
3290 1253 3408 1310 luc-

1808 1358 1948 1399 rem.
1979 1344 2317 1416 Quamquam
2345 1355 2409 1403 ut
2431 1361 2583 1404 meas
2613 1348 2868 1403 miserias
2887 1347 3163 1417 detegam,
3191 1363 3279 1403 me
3309 1364 3407 1403 an-

1808 1443 2029 1507 tequam
2068 1438 2386 1495 vicesimum
2430 1455 2630 1496 annum
2660 1441 2839 1496 aetatis
2885 1441 3238 1511 attingerem,
3274 1440 3408 1497 urbs

1809 1528 1985 1584 Roma
2022 1529 2075 1585 in
2104 1546 2377 1587 summum
2408 1532 2763 1603 prmelegerat
2790 1531 3114 1601 magistrum
3145 1533 3201 1587 in
3229 1531 3408 1586 omni-

1808 1618 1910 1675 bus
1941 1636 2080 1692 pene
2111 1622 2430 1678 liberalibus
2452 1623 2679 1679 artibus.
2698 1622 2953 1679 Nondum
2971 1623 3150 1679 sancti
3170 1622 3411 1692 Spiritus

1812 1713 2032 1770 scholas
2073 1715 2447 1772 intraveram:
2502 1716 2744 1773 nondum
2784 1717 3079 1773 caecutiens
3123 1715 3414 1787 pervenire

1813 1807 1880 1861 ad
1907 1816 2109 1864 sanctae
2135 1810 2388 1866 veritatis
2427 1820 2675 1881 poteram
2704 1810 3074 1880 disciplinam.
3120 1809 3241 1865 Non
3270 1808 3412 1865 Aca—

1814 1897 2031 1965 demiae,
2078 1916 2188 1956 non
2223 1914 2372 1958 certe
2398 1903 2588 1959 Romae
2628 1903 2788 1974 hujus
2816 1904 2993 1959 doctae
3033 1903 3298 1959 fatuitatis
3324 1917 3412 1958 re-

1813 2006 2078 2048 sonavere
2104 1997 2408 2065 gymnasia,
2432 2012 2553 2067 quae
2576 2006 2760 2052 sancta
2792 1998 2992 2053 retinet
3022 2012 3262 2054 eremus.

1886 2085 2085 2142 Verum
2116 2104 2225 2144 non
2251 2089 2370 2145 sine
2393 2089 2582 2146 labore
2624 2090 2865 2147 didicisti
2898 2100 3048 2146 tuam
3076 2092 3409 2163 sapientiam

743 2179 974 2238 CAPUT
1012 2179 1082 2236 Χ.
1812 2177 2045 2247 fatuam,
2072 2179 2229 2236 Plato
2254 2199 2268 2235 :
2312 2197 2475 2252 quem
2501 2181 2737 2238 mundus
2763 2183 3008 2241 retinere
3035 2198 3146 2239 non
3177 2192 3412 2255 poterat,

138 2292 197 2349 οε
228 2296 332 2350 ,ειη
372 2293 607 2366 min-ﬁcu
644 2303 939 2351 “nuarum
984 2295 1229 2363 panum,
1278 2311 1404 2366 quas
1442 2295 1500 2351 δη
1540 2311 1709 2353 eremo
1812 2271 2001 2327 mundi
2030 2273 2358 2344 sapientiam
2382 2274 2779 2346 insequentem,
2803 2292 2903 2346 per
2929 2275 3283 2333 diversarum
3313 2293 3413 2333 na-

805 2368 1014 2439 reperit,
1290 2363 1299 2366 ”
1812 2363 2049 2432 tionum,
2081 2372 2138 2421 et
2178 2365 2443 2437 gentium,
2492 2368 2885 2440 regionumque
2930 2375 3138 2439 partes,
3184 2368 3415 2425 inﬁnitis

192 2486 435 2544 Referam
480 2487 637 2544 vobis
675 2487 921 2559 qumdam
967 2502 1074 2543 non
1105 2485 1285 2541 minus
1322 2484 1585 2542 imitanda
1613 2500 1711 2558 per
1812 2457 2072 2559 arumnis
2112 2456 2519 2559 i?“‘_'merisq“_°
2556 2459 2903 2559 P?“3§’a“d°
2947 2459 3248 2559 Ῑῗδθτίδυθ
3296 2462 3409 2517 Nec

134 2592 294 2649 opera,
315 2595 480 2652 quam
504 2549 771 2636 audienda
792 2579 859 2636 de
879 2578 1148 2650 aliquibus
1172 2578 1532 2634 sanctissimis
1552 2549 1707 2646 viris,
1811 2556 1995 2652 fame"
2026 2549 2345 2652 ίθίἺίδείηξίθ
2374 2552 2659 2625 sapiam?“
2690 2554 2878 2652 ίίηθξητ
2905 2553 2997 2652 {tui
3027 2560 3113 2652 es?
3136 2567 3415 2652 59mm“?

132 2640 183 2724 ui
206 2640 467 2728 bonorum
496 2672 775 2742 exempla,
804 2640 1131 2727 obedientiac
1160 2670 1519 2725 humilitatem
1554 2688 1569 2724 :
1602 2640 1709 2740 qua
1811 2640 2039 2742 δ⁰Ϊ¹¹¹¹¹¹ν
2069 2643 2138 2699 ad
2154 2644 2298 2742 (ιυοᾷ
2321 2655 2377 2702 te
2403 2658 2615 2742 “‘99”?
2636 2647 2892 2704 movebat
2914 2647 3171 2742 intemin
3199 2648 3254 2703 in
3276 2648 3413 2704 θτδθ

134 2776 365 2831 carente,
388 2767 444 2822 in
464 2765 681 2822 aedilicii
710 2763 1008 2836 spiritualis
1035 2772 1330 2829 structura,
1354 2760 1707 2818 fundamento
1812 2734 2087 2842 ξίηίνθξεθ,
2109 2738 2351 2842 “Peri.”
2395 2738 2602 2842 δείνίδίξ
2703 2754 2891 2842 Πυθίη,
3118 2739 3176 2842 hi
3215 2742 3412 2842 Γυδξίέί

54 2846 63 2853 -
133 2824 381 2915 ﬁrmata
421 2859 681 2932 quidquid
725 2824 1047 2925 édmcamr,
1088 2868 1171 2911 es,
1214 2824 1410 2911 van'um
1450 2872 1465 2910 ε
1501 2864 1711 2912 ηψπ
1812 2824 1955 2932 hanc
1980 2825 2252 2932 fugientes
2278 2827 2605 2885 invenerunt
2626 2830 2692 2932 .in
2723 2830 2926 2932 eremis
2951 2830 3403 2932 latitantes-At-

131 2962 327 3011 mentes
367 2917 630 3019 doceant,
670 2959 728 3008 et
767 2951 957 3007 crebra
993 2917 1254 3007 memoria
1280 2960 1591 3006 sanctorum
1618 2964 1713 3021 ge-
1814 2917 1976 3021 ίθξπίθ
2000 2927 2057 2974 ⁸⁸
2090 2928 2181 3021 tu}
2207 2919 2488 3021 ξδωξπυηξ
2524 2920 2852 3021 “me”???
2881 2919 3162 3021 Princeps'
3193 2922 3412 3021 53“?”-

131 3054 321 3103 stornm
361 3047 494 3103 vitae
540 3046 854 3117 religionem
882 3044 1153 3101 instruant
1177 3055 1232 3101 et
1258 3046 1536 3100 virtutem.
1572 3043 1705 3099 Dum

1817 3012 1949 3069 teles
1984 3030 2000 3069 :
2045 3014 2153 3068 etsi
2201 3013 2391 3082 fueris,
2441 3016 2646 3086 absque
2690 3014 3056 3085 dubitatione,
3100 3016 3413 3088 prodigium

134 3136 277 3209 igitur
303 3154 404 3211 per
432 3152 743 3195 eremorum
770 3147 928 3193 antra
955 3145 1163 3207 septem
1185 3136 1342 3191 annis
1368 3143 1588 3191 sanctos
1612 3134 1705 3190 Pa-

1817 3102 2127 3175 grandeque
2160 3104 2480 3161 miraculum
2527 3106 2728 3181 intota
2767 3115 3002 3163 natura:
3033 3107 3121 3163 cui
3148 3124 3289 3179 pene
3328 3108 3415 3163 vi-

134 3196 227 3288 ὗες
251 3196 547 3305 degentes,
578 3231 777 3289 ibidem
808 3231 864 3287 in
887 3196 1047 3288 terris
1069 3232 1218 3288 velut
1242 3231 1299 3286 in
1322 3230 1474 3287 caelis
1494 3229 1715 3300 angelos
1742 3235 1790 3301 α
1818 3196 1977 3308 detft
1994 3196 2255 3308 W59”:
2282 3198 2542 3305 quiflquid
2574 3201 2900 3308 ηθξυτξιίίθτ
2924 3210 3010 3308 es:
3027 3201 3417 3308 “Paiyumaf

140 3295 443 3383 assistentes
467 3324 691 3381 assiduo
721 3325 907 3381 labore
927 3323 1159 3392 itineris,
1188 3324 1479 3395 arduisque
1500 3326 1715 3385 vivendi
1820 3306 2151 3395 num,gfnus
2180 3306 2492 3395 qfoman‘]
2542 3295 2800 3395 ‘f'Pfemf"
2826 3295 3046 3395 mandit
3074 3295 3302 3395 {manu
3340 3306 3418 3395 αξ

135 3415 507 3488 incommodis,
539 3422 860 3490 caeterlsque
882 3384 1182 3475 innumeris
1202 3384 1600 3477 calami-tatibus
1622 3438 1717 3496 pe-
1820 3385 1969 3496 mf,
1989 3384 2157 3496 Dium
2180 3384 2225 3457 (Ι
2252 3384 2373 3440 co"
2402 3384 2518 3496 in)"
2538 3388 2585 3442 Si
2614 3388 2853 3496 ei???”
2883 3404 2992 3492 nol}
3032 3388 3292 3496 ίηίοΐξηξι
3370 3390 3421 3495 εξ

143 3512 383 3579 mdo
409 3478 695 3567 vigilarem
724 3528 739 3566 ζ
762 3478 831 3567 e
853 3526 1085 3583 quorum
1106 3510 1219 3566 vim
1241 3512 1593 3585 moribusque
1819 3478 2128 3584 intellectus
2148 3494 2258 3535 non
2285 3481 2591 3585 cap-tivatur
2611 3482 2681 3537 ad
2704 3483 2873 3585 tidem
2890 3498 2913 3585 ε.
2931 3482 2980 3538 si
3003 3497 3100 3539 cor
3124 3482 3194 3538 ad
3215 3482 3419 3585 Shristi

138 3571 302 3675 riticis,
333 3620 467 3677 qua:
504 3602 808 3661 luculenter
834 3571 950 3675 ipse
976 3605 1253 3677 perspexi,
1286 3571 1532 3664 libellum
1562 3624 1717 3665 com-
1821 3571 2140 3678 servmf‘e"?
2159 3573 2603 3678 vimcum?“
2626 3576 2720 3647 qui
2743 3574 2947 3678 δυδίίῖίδ
2969 3584 3055 3678 ait
3072 3576 3415 3678 sczfndamm’

133 3696 258 3767 βεδε,
287 3664 393 3770 'qéi
433 3696 591 3754 vobis
633 3698 703 3755 si,
730 3708 791 3755 ut
818 3664 1036 3756 ldceﬂ‘m
1070 3664 1126 3755 il;
1149 3664 1475 3758 calidelabro
1502 3703 1718 3761 adme_
1822 3664 2048 3770 paganis
2074 3664 2365 3770 .stultitiaf
2415 3666 2570 3770 nobis
2598 3682 2734 3725 vero
2762 3669 3117 3726 credentibus
3145 3669 3325 3727 honor
3364 3679 3423 3726 et

126 3756 439 3848 dilationem
480 3789 763 3863 religionis
805 3801 862 3849 et
899 3795 1044 3848 vitae.
1084 3792 1231 3849 Nihil
1264 3756 1345 3851 ita
1371 3756 1569 3852 carum
1587 3756 1720 3863 ,mi‘ta
1821 3756 2000 3865 9'9"“
2022 3759 2125 3863 ain
2150 3771 2260 3863 ‘1,”
2285 3758 2469 3865 50!“:
2489 3759 3127 3865 31",“a‘9'f‘i’05‘3‘2“
3161 3763 3264 3865 (ἐπὶ
3304 3763 3420 3836 9ί⁰⁹

124 3882 428 3941 “odiosum
470 3850 833 3957 appgwbamr
866 3900 898 3941 a
938 3886 1239 3955 monachis,
1262 3889 1441 3960 Equam
1478 3850 1625 3962 'q‘uo’d
1823 3850 2009 3918 riatur,
2038 3850 2313 3923 inquiens,
2346 3852 2401 3906 in
2421 3850 2650 3909 Domina
2671 3853 2922 3926 glorietur
2948 3853 2995 3924 (ι
3015 3853 3135 3911 Cor.
3165 3855 3230 3926 ι).

118 3974 197 4031 eis
219 3975 313 4046 qni
340 3977 585 4048 inberet,
617 3987 804 4050 posset
833 3979 1086 4037 inveniri.
1846 4052 1854 4059 _
2053 4056 2080 4059 _
2693 3964 2813 4021 ΧῐῙο

194 4070 454 4129 Proleeto
488 4087 598 4128 non
636 4082 845 4131 taceam
875 4082 1082 4131 tantam
1115 4075 1458 4146 charitatem,
1489 4090 1705 4140 tantam-

1846 4056 1854 4059 ’
2041 4056 2121 4115 De
2148 4057 2560 4131 promptitudine
2580 4058 2900 4131 adimplendi
2926 4059 3196 4118 mandata.
3394 4060 3406 4099 ῖ

116 4178 234 4234 que
279 4164 639 4222 humilitatem
660 4208 677 4232 ,
723 4182 882 4237 quam
927 4179 1128 4225 sancta:
1164 4168 1274 4226 illae
1308 4182 1520 4230 mentes
1560 4175 1725 4232 babe—
1896 4174 2040 4233 Nihil
2071 4172 2471 4244 honorabilius,
2495 4172 2700 4229 nihilve
2716 4173 3031 4246 gloriosius,
3055 4174 3417 4242 charissima,

114 4255 249 4312 bant
292 4274 312 4312 :
358 4266 417 4314 ut
454 4258 573 4315 hzec
600 4273 853 4329 cernens,
886 4262 1062 4317 omnis
1090 4261 1295 4319 laboris
1335 4273 1389 4321 et
1417 4268 1726 4337 gravedinis
1828 4286 1989 4344 quam
2016 4270 2251 4328 servitus
2289 4267 2515 4325 Christi.
2546 4269 2673 4325 Haec
2711 4285 2846 4325 sane
2875 4269 3216 4342 praeferenda
3245 4270 3423 4340 impe-

115 4350 327 4408 oblitns
367 4352 614 4421 itineris,
662 4368 878 4411 eremos
916 4356 1166 4413 humana:
1196 4366 1406 4415 natura:
1436 4368 1545 4415 tam
1575 4361 1726 4419 dete-
1830 4372 2073 4419 ratorum
2098 4361 2336 4434 fastigio,
2364 4359 2743 4432 haecdignitati
2760 4361 2943 4433 regiae,
2968 4363 3085 4419 haec
3102 4364 3427 4433 cuicumque

121 4446 355 4504 stabiles
382 4456 444 4502 et
472 4446 738 4518 ingratas,
770 4448 823 4504 in
853 4450 1131 4520 paradisos
1157 4460 1403 4523 putarem
1436 4470 1572 4525 pene
1599 4472 1729 4512 con-
1832 4456 2014 4513 saeculi
2038 4455 2249 4527 glorize.
2279 4454 2454 4525 Hujus
2481 4455 2763 4510 servitutis
2782 4454 3010 4525 Christi,
3035 4455 3257 4529 quidam
3282 4456 3429 4513 inter

122 4555 335 4599 versas.
373 4541 577 4598 Mirum
605 4543 817 4613 auditu,
852 4544 944 4600 sed
975 4544 1100 4600 felix
1130 4546 1352 4603 obtentu
1380 4565 1391 4600 :
1416 4548 1494 4604 sic
1515 4559 1731 4608 sancto-
1834 4558 2065 4606 caeteros
2094 4563 2230 4617 quos
2257 4548 2365 4603 vidi
2392 4549 2445 4604 in
2488 4563 2677 4604 eremo
2705 4548 2900 4605 doctus
2924 4565 2993 4606 ex
3022 4550 3328 4622 monachis,
3361 4566 3432 4606 ex

122 4648 230 4690 rum
290 4635 596 4692 hominum
654 4636 819 4693 corda
861 4637 1097 4694 charitas
1146 4639 1625 4699 transformaverat
1676 4646 1729 4701 in
1754 4634 1811 4698 Β
1832 4645 1985 4716 jussu
2017 4642 2186 4714 patris
2228 4641 2485 4709 senioris,
2530 4656 2644 4697 suae
2672 4642 2956 4699 charitatis
2995 4653 3051 4700 et
3095 4642 3432 4699 humilitatis

121 4740 410 4787 creaturas
438 4729 687 4797 deificas,
718 4741 777 4785 ut
804 4744 932 4787 caro
974 4748 1115 4802 pene
1140 4743 1287 4789 esset
1314 4736 1496 4790 nescia
1525 4739 1727 4797 carnis.
1839 4734 2076 4791 fructum
2101 4733 2326 4802 cupiens
2352 4748 2572 4805 augere,
2603 4742 2659 4789 et
2680 4733 2971 4791 obediendi
2991 4734 3115 4791 aliis
3135 4735 3434 4807 juvenibus

123 4821 261 4881 Licet
307 4841 423 4899 per
466 4824 738 4881 Joannem
786 4825 994 4881 dicatur
1041 4843 1055 4881 :
1105 4827 1247 4898 quod
1278 4827 1534 4899 quidquid
1566 4841 1650 4887 est
1674 4832 1728 4887 in
1839 4828 2057 4885 tradere
2089 4841 2359 4893 normam,
2390 4826 2752 4898 pergrandem
2783 4827 3019 4899 lapidem
3049 4828 3297 4885 humeris
3329 4827 3434 4883 ho-

112 4919 352 4991 mundo,
406 4927 505 4973 aut
548 4928 633 4974 est
668 4919 1109 4989 concupiscentia
1140 4921 1445 4988 oculorum,
1478 4930 1731 4979 autcon-
1839 4920 2051 4977 minum
2100 4918 2288 4990 procul
2319 4917 2486 4974 dubio
2522 4934 2766 4990 gravem,
2811 4919 2896 4975 bis
2937 4921 3183 4992 quolibet
3224 4920 3313 4976 die
3339 4934 3439 4990 per

108 5013 478 5086 cupiscentia
502 5011 705 5081 carnis,
735 5022 826 5067 aut
854 5013 1107 5083 superbia
1137 5012 1280 5070 vitm.
1314 5013 1451 5070 Nam
1480 5017 1558 5070 sic
1598 5016 1733 5071 sim-
1840 5015 1945 5069 tria
1985 5011 2241 5068 milliaria
2279 5010 2527 5082 gestabat
2576 5012 2629 5066 in
2675 5012 2957 5083 scapulis:
3006 5013 3152 5068 nulla
3191 5012 3294 5067 alia
3326 5022 3440 5066 ‘ne-

98 5109 271 5182 plicia
306 5120 380 5166 et
406 5105 637 5162 humilia
667 5106 854 5178 corda,
885 5108 1211 5164 obedientia:
1237 5118 1291 5165 et
1314 5108 1633 5167 humilitatis
1654 5113 1737 5167 in-
1846 5105 2102 5161 cessitate
2131 5103 2531 5175 coactus.quod
2556 5103 2667 5175 jam
2693 5120 2793 5176 per
2812 5114 2937 5161 octo
2954 5121 3125 5161 annos
3147 5104 3430 5162 etl‘ecerat.

99 5205 461 5263 nitebantur
501 5202 769 5273 vestigiis,
808 5212 869 5258 ut
904 5203 1059 5275 quasi
1097 5205 1454 5275 quorumdam
1500 5206 1741 5277 philoso-
1848 5201 1959 5259 Sed
1989 5200 2037 5255 si
2066 5200 2205 5256 forte
2230 5201 2578 5271 quaerebatur
2621 5199 2751 5270 quid
2783 5200 2839 5255 in
2869 5200 2989 5270 ejus
3019 5209 3203 5255 mente
3247 5198 3439 5254 volve-

96 5300 365 5373 phorum
404 5297 683 5353 videretur
709 5298 762 5353 in
793 5297 872 5354 eis
898 5298 1166 5355 veriftcari
1198 5299 1382 5370 opinio
1412 5317 1426 5355 :
1458 5302 1547 5373 qui
1577 5316 1738 5357 unam
1850 5295 2008 5350 batur
2044 5310 2058 5347 :
2103 5308 2175 5349 ex
2206 5291 2312 5347 hoc
2340 5292 2484 5362 quod
2531 5291 2674 5350 forte
2704 5303 2907 5349 nostra:
2950 5293 3205 5363 superba:
3249 5292 3442 5358 menti,

96 5406 338 5465 ponunt
374 5391 436 5448 in
475 5392 788 5449 hominibus
819 5395 1084 5449 universis
1114 5396 1349 5451 animam
1380 5397 1570 5452 solam.
1602 5398 1736 5453 Nam
1851 5404 1972 5461 qua:
1994 5388 2232 5444 nondum
2257 5387 2325 5442 ad
2349 5386 2510 5458 hujus
2537 5397 2737 5444 sanctas
2755 5387 3021 5444 fatuitatis
3045 5389 3440 5460 perfectionem

92 5489 361 5546 abbates
401 5494 457 5541 et
486 5494 668 5557 patres
696 5484 825 5540 nihil
857 5487 1078 5541 omnino
1100 5488 1239 5543 velle
1260 5487 1524 5555 sciebant,
1548 5489 1651 5543 nisi
1676 5489 1741 5544 il-
1852 5484 2094 5550 advenit,
2127 5483 2341 5539 videtur
2370 5492 2690 5539 extraneum
2736 5497 3139 5556 puerorumque
3169 5483 3351 5550 ludus,
3389 5489 3448 5537 et

94 5582 193 5637 ind
226 5578 416 5653 quod
446 5578 650 5634 subditi
685 5595 700 5632 :
732 5587 787 5634 et
814 5579 1013 5634 subditi
1043 5590 1200 5636 antea
1232 5582 1567 5637 conabantur
1591 5582 1744 5653 jussa
1850 5576 2141 5632 otiositatis
2161 5591 2317 5647 Opus.

90 5674 403 5747 implere.
433 5686 595 5743 quam
624 5672 807 5728 forent
849 5673 1047 5729 emissa
1084 5692 1094 5728 ;
1128 5674 1448 5745 quibusdam
1480 5678 1745 5746 quodam-
1924 5668 2119 5725 Testor
2150 5669 2319 5725 Deum
2348 5668 2488 5740 quod
2533 5668 2671 5724 mihi
2719 5668 2788 5725 ab
2833 5684 2900 5725 eo
2941 5669 3176 5726 sollicite
3216 5679 3448 5738 percun-

94 5768 292 5824 modo
354 5764 587 5822 indiciis
636 5765 949 5823 nitebantur
988 5765 1318 5840 prophetare
1358 5768 1426 5824 de
1468 5769 1748 5828 voluntate
1861 5764 2050 5830 ctanti,
2097 5769 2246 5817 tanta
2296 5763 2617 5834 simplicitas
2663 5772 2718 5820 et
2752 5763 3033 5819 humilitas
3072 5772 3157 5819 est
3198 5769 3444 5831 reperta,

92 5856 485 5920 mandantis.
1864 5857 2008 5929 quod
2036 5871 2102 5915 ex
2134 5865 2263 5915 tunc
2285 5856 2462 5929 incepi
2492 5857 2689 5916 ducere
2710 5857 3064 5917 monasticam
3094 5857 3281 5914 vitam.
3316 5852 3454 5910 Nam
