3918 6294
543 420 655 478 403

547 629 744 684 diebus
770 622 1024 694 explebat
1043 629 1154 675 tam
1178 618 1454 675 insolitum
1483 629 1639 684 opus,
1658 623 1715 665 ut
1735 609 1837 665 sibi
1870 607 2146 661 videretur

549 729 675 792 post
717 708 1082 785 expletionetn
1134 716 1357 784 eaptare
1411 720 1629 763 omnem
1685 704 1938 775 gloriam.
1972 699 2144 767 Quin-

551 813 717 867 immo
742 810 793 864 in
818 805 979 877 hujus
1014 805 1195 878 aperis
1218 798 1557 873 fatigatione,
1583 796 1804 852 minime
1832 796 2144 855 contentus,

554 922 695 977 pene
743 898 1067 959 molestabat
1095 910 1304 969 patrem
1333 914 1345 951 :
1377 894 1434 951 ut
1475 893 1657 949 medio
1687 897 1933 960 tempore
1977 894 2147 941 novos

553 1001 838 1057 induceret
880 996 1119 1059 labores,
1166 992 1221 1048 et
1262 994 1428 1060 aperti
1477 983 1810 1058 perﬁcienda
1862 994 1958 1052 per
1997 988 2143 1036 eum.

551 1093 693 1160 Quid
726 1098 827 1161 ego
850 1086 1020 1157 vagor
1046 1094 1141 1155 per
1162 1079 1417 1154 singula?
1447 1084 1552 1135 non
1576 1078 1660 1133 est
1688 1090 1824 1144 onus
1848 1076 2144 1159 exponere,

551 1154 812 1254 quidquid
835 1182 887 1234 in
920 1154 1188 1233 similibus
1204 1174 1459 1232 continue
1488 1174 1774 1225 exercetur
1792 1184 1819 1221 a
1841 1154 2147 1220 monachis.

554 1277 670 1333 lloc
697 1288 862 1330 unum
888 1269 1028 1339 apud
1053 1284 1241 1324 omnes
1265 1264 1664 1323 observationis
1686 1260 2017 1333 prtecltittttm
2041 1262 2147 1325 est,

555 1379 609 1427 et
638 1364 853 1425 celebre
880 1370 978 1433 per
1001 1350 1318 1435 Egyptum,
1349 1360 1407 1413 ut
1431 1358 1635 1412 nulloin
1666 1354 1768 1410 mei
1799 1350 2147 1407 obedientem

556 1473 611 1519 et
641 1460 905 1517 humilem
934 1455 1000 1512 ad
1033 1464 1227 1511 omnes
1259 1455 1475 1509 labores
1508 1447 1867 1521 perficiendos
1900 1450 1955 1499 et
1984 1444 2149 1514 opera

556 1552 872 1624 sttscipiant.
902 1551 1180 1618 Quatenus
1220 1544 1423 1601 domita
1452 1558 1580 1598 caro
1612 1548 1679 1596 ex
1704 1535 2027 1610 gravedine,
2056 1546 2153 1589 et»

556 1646 909 1719 gitationilius
939 1641 1088 1697 vanis
1117 1648 1174 1695 et
1204 1635 1577 1707 voluptatibus
1598 1646 1705 1688 non
1736 1636 1894 1684 vacet
1920 1636 1987 1683 ex
2015 1628 2144 1681 otio.

558 1741 809 1799 Teneatis
841 1737 1175 1803 firmissime,
1210 1728 1352 1807 quod
1384 1730 1559 1788 omnis
1606 1721 2068 1798 concupiscentim
2095 1722 2150 1781 et

558 1834 920 1895 immunditia:
948 1840 1110 1906 atque
1141 1828 1349 1903 peccati
1380 1832 1552 1885 mater
1582 1835 1665 1882 est
1694 1822 1966 1880 olioSitas.

1154 1962 1382 2020 CAPUT
1422 1960 1563 2017 XIII.

906 2077 985 2135 De
1004 2092 1239 2135 sororum
1269 2076 1507 2146 operibus
1532 2073 1808 2146 faciendis.

634 2198 784 2254 Hanc
824 2200 1068 2251 sanctam
1098 2193 1381 2249 stultitiam
1428 2190 1761 2260 stultamque
1805 2186 2153 2257 sapientiam,

560 2291 809 2364 qitotidie
841 2290 893 2343 in
918 2286 1269 2342 monasteriis
1290 2281 1511 2351 discite,
1538 2274 1682 2347 illiw,
1707 2286 1868 2351 quam
1901 2279 2075 2334 sancti
2102 2280 2154 2333 iit

562 2400 749 2441 eremo
775 2396 875 2437 vos
902 2378 1106 2435 doeent
1130 2378 1346 2433 rustici.
1379 2375 1612 2430 Subtilla
1642 2383 1697 2428 et
1732 2372 1840 2427 alta
1870 2371 2041 2426 nolite
2062 2386 2155 2425 sa-

562 2497 730 2552 pere:
761 2476 856 2533 sed
887 2475 1137 2544 superbis
1175 2472 1231 2528 et
1262 2472 1483 2526 tumidis
1522 2468 1711 2523 surculi
1742 2482 1803 2521 ea
1836 2465 2154 2537 relinquite,

564 2586 623 2629 ut
660 2581 782 2643 post
822 2574 1099 2639 peractum
1133 2567 1395 2637 incipiant
1422 2576 1650 2619 noscere
1679 2561 1819 2633 quod
1850 2556 2027 2617 littera
2056 2570 2156 2616 oc-

564 2666 716 2727 cidit,
741 2661 962 2735 spiritus
993 2654 1261 2715 vivlllcaté
1297 2670 1351 2713 et
1380 2654 1523 2728 quod
1570 2657 1719 2712 Deus
1750 2654 1917 2724 elegit
1944 2652 2156 2723 abject‘a

564 2770 620 2814 et
646 2756 878 2813 infirma.
909 2748 1057 2809 lianc
1085 2767 1231 2823 saepe
1258 2748 1502 2807 scholam
1534 2750 1734 2803 intrate
1769 2766 1781 2801 :
1812 2752 2156 2817 quocumque

564 2852 652 2906 die
674 2858 729 2906 et
756 2852 1101 2919 qtlacumque
1136 2855 1299 2900 nocte
1321 2858 1388 2898 ex
1419 2843 1503 2898 liis
1527 2848 1720 2896 novam
1747 2841 1937 2895 discite
1967 2828 2158 2894 lcetio.

563 2952 707 2999 nem.
738 2942 855 2998 Non
894 2943 1085 3007 otium,
1135 2948 1241 2993 non
1272 2944 1479 3007 torpor,
1510 2944 1565 2990 et
1592 2937 1803 3004 ignavia
1842 2938 1939 2989 vos
1964 2932 2031 2987 ad
2064 2926 2158 2987 Dei

565 3037 783 3094 servitia
817 3033 1027 3105 tepidas
1055 3040 1110 3087 et
1139 3024 1364 3102 frigidas
1406 3028 1619 3085 reddat.
1651 3026 1884 3096 Semper
1912 3035 2007 3081 aut
2036 3022 2157 3080 'ol‘il-

565 3129 681 3196 ciis,
716 3138 808 3183 aut
838 3122 1199 3193 orationibus,
1230 3130 1320 3177 aut
1362 3136 1615 3177 manuum
1644 3120 1899 3192 operibus
1928 3118 2153 3187 sanctis,

565 3224 884 3295 czcterisque
922 3222 1199 3279 laboribus
1245 3220 1525 3292 latigatum
1557 3232 1776 3289 corpus,
1820 3218 2064 3287 requiem
2102 3214 2158 3272 et
2190 3228 2199 3295 ς

1582 404 1644 463 S.
1687 398 2069 460 IIIERONYMI
2105 394 2393 455 OPERUM
2431 388 2799 449 MANTISSA.

546 536 629 591 sic
678 532 901 595 devote,
942 530 1023 584 sic
1051 526 1391 592 allectanter,
1436 521 1515 578 sic
1572 518 1818 574 hilariter
1862 510 2136 571 continuis
2165 510 2332 571 Aes?
2374 506 2667 561 inveterasti
2714 505 2769 557 in
2799 513 2938 559 terra
2981 500 3158 556 aliena
3207 515 3223 551 :

3685 386 3773 443 404

3274 498 3580 569 coinquinata
3604 515 3649 553 es
3677 517 3773 554 tum

2247 602 2463 657 mortuis
2501 616 2517 653 :
2562 601 2805 671 deputata
2844 614 2896 650 es
2935 612 3051 650 cum
3108 594 3187 648 Itis
3218 593 3303 664 qui
3335 593 3387 646 in
3432 593 3617 663 inferno
3644 597 3776 649 sunt?

2250 692 2581 763 Dereliquisti
2627 695 2824 763 fontem
2878 687 3145 758 sapientia:
3182 702 3202 740 :
3251 702 3368 740 nam
3409 686 3451 738 si
3502 686 3551 739 in
3592 688 3662 741 via
3697 685 3778 742 Dei

2248 786 2610 849 ambulasses,
2667 784 2949 838 habitasses
3012 783 3185 851 utique
3232 781 3284 835 in
3341 796 3457 852 pace
3512 797 3650 851 super
3696 794 3779 837 ter-

2248 895 2361 931 ram
2414 876 2648 947 (Barac.
2713 877 2832 945 lli).
2914 874 3030 929 Non
3090 873 3235 928 enim
3298 872 3561 928 ambulant
3620 873 3669 928 in
3716 875 3783 931 via

2252 972 2385 1036 Dei,
2438 971 2533 1038 qui
2578 971 2631 1025 in
2684 967 3153 1024 administratione
3214 966 3527 1036 regimiuis,
3584 966 3785 1021 honores

2251 1076 2305 1121 et
2355 1064 2610 1120 utilitates
2661 1064 2912 1135 proprias
2961 1069 3281 1131 exposcunt.
3344 1060 3575 1115 Revolve
3624 1061 3788 1131 saepius

2252 1159 2306 1215 in
2336 1158 2533 1213 mentis
2557 1172 2777 1221 arcano,
2801 1155 3022 1226 etston
3051 1153 3233 1209 ferreo
3258 1153 3432 1208 scribe
3460 1151 3511 1206 in
3541 1152 3679 1207 silice
3694 1170 3790 1208 cor-

2251 1250 2358 1317 dis,
2397 1249 2521 1319 quid
2554 1248 2837 1311 Dominus,
2885 1247 3039 1314 cujus
3073 1234 3218 1299 vices
3262 1246 3407 1314 geris
3446 1240 3509 1296 ad
3561 1242 3790 1307 subditas,

2253 1340 2648 1411 contendentes
2701 1338 2981 1409 apostolos
3036 1334 3159 1409 quis
3230 1328 3400 1406 major
3454 1344 3591 1389 esset
3638 1350 3791 1389 eorum

2254 1432 2591 1498 instruxerit,
2622 1431 2869 1502 sequenti
2899 1429 2988 1484 die
3023 1445 3339 1485 recessurus
3370 1428 3436 1483 ab
3461 1427 3537 1482 eis
3566 1444 3580 1481 :
3608 1439 3657 1483 et
3681 1425 3717 1482 si
3755 1431 3793 1481 in

2253 1526 2625 1595 superioribus
2668 1524 2896 1590 dictum,
2953 1533 3133 1577 tamen
3179 1521 3374 1577 iterum
3408 1531 3671 1576 narratum
3710 1518 3796 1575 lor-

2256 1620 2360 1674 tius
2382 1628 2627 1673 teneatur
2650 1617 2702 1671 in
2727 1618 2890 1671 corde
2918 1635 2930 1670 :
2959 1613 3122 1687 Reges
3145 1615 3376 1686 gentium
3400 1614 3714 1668 dominantur
3732 1632 3799 1667 ro-

2255 1729 2371 1766 rum
2399 1728 2418 1766 :
2443 1722 2488 1766 et
2516 1713 2603 1782 qui
2628 1721 2929 1784 potestatem
2960 1710 3143 1764 habent
3167 1726 3321 1779 super
3340 1706 3478 1773 illos,
3513 1707 3709 1777 beneﬁci
3733 1726 3798 1763 tto-

2257 1816 2456 1861 cantur.
2490 1804 2592 1860 Vos
2637 1815 2809 1860 autem
2838 1822 2940 1858 non
2972 1804 3065 1870 sic,
3099 1804 3187 1857 sed
3233 1803 3330 1872 ﬁat
3370 1802 3496 1857 sicut
3544 1804 3697 1856 minor
3732 1804 3801 1872 qui

2186 1889 2234 1960 Β
2262 1907 2333 1953 est
2362 1901 2530 1969 major
2556 1897 2611 1951 in
2638 1896 2777 1952 vobis
2808 1912 2834 1979 τ⁴
2855 1908 2903 1952 et
2946 1897 3008 1952 sit
3053 1911 3337 1967 prtecessor
3366 1895 3496 1949 sicut
3529 1894 3801 1948 ministrator

2258 1982 2412 2062 (Luc.
2441 1990 2597 2060 xxu).

2331 2082 2487 2139 Disce
2528 2082 2690 2152 igitur
2735 2097 2764 2135 a
2794 2082 3054 2151 magistro
3082 2080 3331 2136 ofﬁcium
3371 2079 3512 2150 quod
3538 2078 3627 2134 tibi
3663 2076 3805 2147 injun-

2258 2176 2424 2245 gitur,
2457 2189 2527 2230 ne
2578 2184 2668 2230 tuo
2709 2176 2996 2244 vicariatu,
3044 2177 3340 2245 potestatis
3395 2175 3603 2230 tradita:
3646 2174 3808 2228 limites

2259 2267 2510 2325 excedas.
2540 2266 2656 2322 Non
2694 2266 2952 2335 efﬁcieris
2972 2276 3122 2322 certe
3148 2266 3402 2335 domina,
3431 2266 3526 2322 sed
3555 2266 3768 2321 ministra
3794 2281 3805 2316 :

2260 2374 2400 2414 unus
2424 2368 2507 2414 est
2527 2358 2671 2414 enim
2702 2359 2984 2413 Dominus.
3008 2359 3077 2413 Et
3096 2358 3141 2413 si
3171 2359 3273 2413 tibi
3303 2359 3531 2429 reliquae
3552 2371 3741 2413 sorores
3765 2366 3812 2411 ut

2258 2452 2455 2507 Christi
2482 2451 2930 2507 adtniuistratrici
2957 2460 3014 2507 et
3039 2450 3256 2507 vicaria:
3284 2451 3578 2507 obediunt:
3600 2456 3813 2521 propter-

2250 2556 2322 2598 "ea
2352 2559 2459 2599 non
2492 2551 2577 2598 est
2606 2543 2805 2598 tradita
2837 2543 2932 2597 tibi
2964 2552 3225 2614 potestas,
3262 2553 3324 2600 ut
3366 2543 3509 2598 inter
3553 2554 3748 2597 sorores
3771 2552 3814 2592 ct

2261 2637 2402 2695 ﬁlias
2434 2636 2574 2690 hanc
2604 2636 2807 2705 elevcs,
2857 2637 2996 2691 hanc
3028 2650 3158 2690 vero
3192 2636 3481 2706 deprimes
3527 2636 3654 2689 sicut
3686 2632 3811 2686 velis.

2259 2730 2366 2789 Sed
2403 2730 2535 2800 quid
2595 2730 2690 2784 tibi
2735 2730 3039 2801 injuugatur
3071 2729 3140 2783 ab
3188 2731 3509 2785 inStitutore
3555 2726 3814 2799 regiminis,

2260 2822 2549 2894 diligenter
2578 2824 2866 2893 investiga.
2901 2824 3104 2879 Rerum
3136 2823 3287 2879 enim
3312 2825 3554 2881 omnium
3586 2830 3814 2876 monasteo
3894 2808 3895 2813 “

2259 2921 2349 2982 rii,
2374 2927 2430 2973 et
2453 2933 2702 2972 sororum
2733 2917 3046 2972 sollicitudo
3074 2914 3126 2971 in
3153 2916 3632 2974 administratione
3650 2927 3699 2970 et
3716 2928 3815 2985 pro-

2260 3010 2499 3067 videntia
2524 3011 2616 3065 tibi
2649 3010 2879 3066 traditur
2908 3028 2921 3063 :
2955 3022 3013 3065 ut
3036 3012 3147 3079 jam
3175 3014 3401 3068 caeteris
3436 3010 3813 3073 dormientibus,

2260 3113 2316 3160 te
2340 3104 2533 3160 doceat
2564 3113 2754 3158 noctes
2780 3103 3001 3158 crebras
3038 3104 3328 3159 insomnes
3374 3104 3579 3160 ducere
3619 3121 3636 3159 :
3672 3112 3720 3156 et
3751 3115 3817 3155 se-

2261 3215 2384 3254 nem
2408 3197 2640 3267 junioris
2666 3197 2907 3251 animum
2937 3210 3175 3263 sumere,
3205 3212 3313 3266 pro
3338 3198 3563 3254 utilibus
3590 3205 3643 3252 ot
3667 3208 3819 3249 neces-

561 3282 1039 3381 mrocilltitioncm,
1088 3328 1197 3370 non
1228 3282 1558 3382 voluptatem
1598 3282 1874 3382 tax-quirat,
1903 3282 2019 3364 Sed
2067 3318 2158 3365 ρει..
2185 3282 2231 3350 C
2261 3293 2419 3349 sariis
2465 3292 2647 3346 domui
2708 3291 3075 3361 providendis.
3122 3290 3315 3362 itaque
3359 3308 3474 3348 non
3518 3302 3714 3347 tantum
3745 3287 3817 3343 tibi

564 3424 691 3470 vete
719 3411 1007 3484 potissimo
1034 3425 1100 3466 ne
1131 3408 1260 3480 quid
1287 3408 1473 3479 operis
1514 3404 1770 3460 vanitatis
1800 3407 1994 3459 vestris
2027 3410 2153 3460 ver-

562 3517 715 3563 setur
743 3507 798 3560 in
826 3504 1106 3559 manibus:
1131 3502 1446 3558 immundus
1468 3508 1769 3569 reputatur,
1796 3498 1889 3569 qui
1915 3498 2155 3552 immun-

563 3598 694 3656 dum
724 3598 1013 3669 quidquam
1045 3596 1305 3667 tetigerit,
1327 3591 1410 3648 vel
1442 3589 1811 3647 morticinum.
1836 3586 1955 3645 Non
1987 3584 2154 3646 deau-

558 3707 677 3751 rata
702 3692 999 3763 marsupia,
1032 3707 1138 3745 non
1167 3688 1442 3760 cingulas,
1466 3692 1572 3741 non
1602 3685 1764 3740 etiam
1784 3680 2150 3751 chirotheeas,

561 3800 685 3860 quae
722 3785 903 3841 onlnia
944 3785 1161 3839 lascivae
1206 3786 1260 3837 et
1300 3777 1548 3848 superba:
1600 3774 1809 3831 mentes
1863 3776 2150 3848 exoptant.

564 3883 795 3938 liorreat
829 3881 936 3933 Deo
960 3876 1193 3932 dicatum
1232 3889 1325 3929 cor
1352 3872 1476 3926 talia
1519 3869 1661 3925 Scire
1692 3888 1704 3923 :
1752 3868 1846 3924 sed
1874 3878 1966 3923 aut
2012 3871 2150 3925 sacri

559 3974 797 4037 codices,
829 3972 913 4027 vel
940 3969 1193 4040 legendo,
1226 3968 1309 4021 vel
1340 3964 1629 4019 scribendo
1661 3979 1834 4033 genua
1863 3975 2145 4033 premant:

561 4078 655 4125 aut
683 4068 1020 4124 hortulorum
1043 4063 1225 4119 cultus
1252 4067 1591 4123 exerceatur,
1620 4065 1716 4111 aut
1734 4056 1879 4111 aliud
1902 4069 2149 4113 sanctum

558 4178 697 4233 Opus
725 4172 782 4218 et
811 4162 942 4217 utile
970 4177 984 4213 :
1011 4168 1072 4213 ut
1092 4174 1158 4211 ex
1191 4153 1523 4210 relaxatimte
1553 4152 1787 4221 quadam
1818 4151 2151 4209 relocillatus

558 4259 806 4329 spiritus,
839 4255 905 4309 ad
928 4252 1170 4309 divinum
1204 4248 1454 4304 ardorem
1477 4246 1676 4301 fortius
1706 4245 2057 4300 accendatur.

629 4351 951 4407 Sanctorum
1007 4355 1157 4415 gesta
1205 4358 1325 4412 quae
1367 4340 1542 4410 legitis
1574 4348 1757 4394 vestro
1800 4337 2150 4395 accommoda

558 4444 849 4517 proposito
889 4438 1175 4496 imitemini
1220 4453 1235 4493 :
1270 4434 1452 4490 velitis
1492 4434 1686 4489 imitari
1717 4432 1859 4502 quod
1892 4431 2147 4499 laudatis,

556 4553 613 4597 et
643 4540 799 4609 sequi
824 4534 966 4607 quod
993 4533 1215 4603 cupitis.
1249 4531 1496 4586 Vestram
1525 4530 1669 4585 inter
1697 4538 1889 4597 gentes
1919 4543 2150 4583 conver—

549 4632 824 4689 sationem
864 4629 1061 4683 bonam
1096 4622 1363 4687 habeatis,
1387 4629 1445 4677 ut
1469 4637 1537 4676 ex
1566 4619 1732 4675 odore
1763 4619 1919 4673 fama:
1949 4628 2147 4675 vestra:

554 4722 860 4783 sanctitatis
885 4765 900 4791 ,
932 4722 1100 4775 etiam
1126 4718 1393 4773 malorum
1421 4715 1587 4770 corda
1614 4713 1685 4767 ad
1717 4719 1904 4767 sancta
1929 4711 2146 4767 deside-

557 4819 637 4875 ria
667 4825 1005 4871 moveantur.
1041 4812 1110 4867 Et
1135 4811 1187 4864 in
1222 4826 1288 4864 eo
1316 4808 1465 4879 quod
1495 4807 1803 4877 depravatae
1828 4813 2020 4876 gentes
2048 4806 2143 4862 de—

551 4920 793 4967 trectant
807 4908 876 4963 de
890 4906 1044 4964 vobis
1065 4916 1333 4975 tamquam
1350 4904 1416 4958 de
1430 4900 1904 4965 maletactrieibus,
1920 4914 1985 4955 ex
2005 4914 2140 4967 ope-

550 5005 703 5061 ribus
731 5002 927 5057 vestris
955 4998 1112 5055 bonis
1148 4996 1453 5069 gloriﬁcent
1475 4995 1669 5053 Deum.
1714 4993 1840 5049 Haec
1879 5002 1963 5050 est
1993 4992 2137 5049 enim

548 5099 645 5153 Dei
676 5097 946 5158 voluntas,
994 5103 1053 5149 ut
1089 5089 1515 5161 imprudentium
1559 5085 1838 5144 hominum
1886 5084 2140 5155 ignoran-

548 5191 675 5247 tiam
705 5190 1088 5246 obmutescere
1112 5185 1341 5243 faciatis.

1145 5296 1373 5355 CAPUT
1414 5291 1552 5349 XIV.

834 5420 912 5475 De
958 5418 1121 5490 ofﬁcio
1160 5424 1209 5470 et
1250 5421 1499 5483 potestate
1538 5408 1839 5463 Abbatiss‘w.

615 5539 781 5604 Cave,
806 5552 1011 5607 quasso,
1038 5544 1391 5602 qutneumque
1418 5528 1494 5581 sis
1526 5527 1612 5581 illa
1641 5542 1760 5593 qua:
1790 5522 2132 5595 praeemines,

541 5648 610 5689 ne
642 5647 709 5685 ex
738 5629 923 5683 ofticio
964 5624 1185 5695 regendi
1225 5620 1454 5677 eleveris
1482 5619 1534 5674 in
1568 5618 1754 5684 altum,
1806 5627 1860 5670 ut
1902 5619 2134 5686 imperes

542 5726 752 5790 illicita,
794 5730 994 5789 etquae
1039 5724 1168 5771 sunt
1200 5716 1507 5785 importuna
1535 5710 1620 5767 vel
1656 5709 2045 5779 importabilia,
2081 5718 2135 5763 et

537 5814 779 5885 inquieta
825 5811 1131 5882 subjectis:
1166 5823 1233 5863 ne
1286 5806 1377 5862 tibi
1426 5806 1516 5861 ille
1562 5802 1910 5875 propheticus
1951 5816 2135 5857 sermo

536 5910 856 5965 conveniat:
891 5904 1027 5973 Quid
1055 5912 1152 5971 est,
1174 5899 1361 5970 Israel,
1395 5900 1533 5970 quod
1557 5899 1611 5953 in
1634 5907 1770 5954 terra
1804 5896 2131 5953 inimicorum

2260 3389 2459 3453 honor,
2488 3395 2750 3459 quantum
2796 3401 2934 3442 onus
2974 3387 3305 3459 imponitur.
3358 3388 3428 3442 Et
3461 3389 3507 3441 si
3549 3386 3629 3442 sic
3662 3382 3819 3441 iecerit

2257 3483 2399 3540 sicut
2424 3481 2601 3551 decet,
2631 3481 2913 3553 prtemium
2957 3480 3127 3537 multo
3155 3482 3339 3552 majus
3367 3477 3733 3552 consequeris.

2853 3593 3081 3652 CAPUT
3122 3594 3241 3650 XV.

2471 3712 2552 3767 De
2579 3711 2808 3783 periculo
2844 3708 3248 3782 prmentinentite
3271 3720 3321 3766 et
3351 3710 3650 3785 dignitatis.

2327 3850 2445 3907 Non
2474 3850 2858 3917 tibi,obsecro,
2875 3848 3171 3904 blandiaris
3197 3847 3269 3905 de
3290 3849 3513 3904 Domini
3538 3841 3827 3919 pietatc,qui

2255 3954 2361 4001 tam
2389 3945 2481 3999 diu
2507 3951 2820 4012 peccatores
2852 3941 3275 3996 misericorditer
3306 3944 3555 3999 sustinet
3596 3944 3647 3995 in
3675 3951 3834 4007 pecui-

2255 4041 2343 4095 tis.
2374 4040 2441 4093 Et
2466 4039 2509 4093 si
2540 4038 2793 4092 diuturna
2819 4045 2903 4091 est
2931 4036 3297 4104 exapectatio,
3326 4053 3441 4092 non
3472 4038 3652 4092 minus
3679 4030 3834 4087 formi-

2254 4134 2426 4190 danda
2473 4142 2556 4188 est
2597 4131 2857 4197 vindicta,
2903 4146 3025 4199 qum
3060 4139 3210 4185 tanto
3262 4132 3463 4186 durior
3504 4141 3610 4193 est,
3665 4134 3838 4199 quanto

2253 4226 2467 4298 longius
2499 4235 2707 4294 tempus
2754 4224 2803 4277 in
2852 4223 3174 4277 sustinendo
3221 4225 3540 4293 praecessit.
3578 4224 3837 4290 Proriterca

2252 4322 2297 4377 si
2325 4336 2481 4378 secus
2507 4335 2663 4392 quam
2700 4318 2869 4374 debes
2899 4319 3096 4388 egeris,
3132 4318 3450 4387 periculum
3486 4329 3839 4391 expavescas:

2253 4430 2353 4470 nec
2387 4415 2505 4469 ideo
2546 4413 2743 4477 minus,
2778 4412 2826 4466 si
2848 4413 3028 4467 Statim
3063 4409 3309 4467 divinum
3356 4429 3471 4467 non
3507 4407 3840 4476 incurrasju-

2251 4508 2474 4564 dicium.
2508 4508 2764 4563 Dominus
2793 4508 2937 4561 enim
2969 4518 3089 4562 tuus
3113 4509 3201 4576 qui
3228 4509 3354 4561 suis
3384 4518 3440 4563 te
3468 4508 3665 4564 ovibus
3692 4502 3844 4561 admi-

2253 4598 2639 4666 nistratricem,
2682 4609 2739 4654 et
2762 4598 2819 4653 in
2848 4612 2943 4652 sua
2983 4606 3035 4653 te
3063 4597 3242 4666 posuit
3263 4600 3455 4667 vinea,
3489 4616 3521 4655 a
3568 4609 3620 4653 te
3648 4576 3758 4651 vult
3792 4592 3845 4646 de

2250 4693 2477 4764 singulis
2502 4694 2663 4748 etiam
2694 4691 2924 4747 occultis
2967 4692 3186 4763 exigere
3217 4694 3527 4749 rationem.
3563 4693 3634 4749 Et
3665 4692 3707 4746 si
3738 4685 3846 4759 quid

2246 4804 2369 4844 cum
2419 4786 2865 4852 defraudaveris,
2917 4795 3045 4841 tunc
3092 4785 3320 4842 diabolo
3392 4787 3763 4843 venundatum
3805 4782 3848 4834 in

2245 4897 2471 4938 carcere
2508 4880 2791 4937 exterioris
2826 4879 3021 4935 interni
3053 4881 3177 4949 poni
3212 4889 3266 4935 te
3315 4882 3488 4950 jubet
3520 4899 3536 4938 :
3570 4882 3663 4937 ubi
3710 4879 3853 4935 ﬂetus

2244 4987 2328 5033 est
2353 4985 2612 5039 aeternus,
2639 4985 2693 5030 et
2740 4975 2942 5030 stridor
2977 4972 3217 5029 dentium
3263 4990 3277 5027 :
3325 4983 3392 5030 ut
3434 4976 3782 5047 exprimatur
3809 4970 3851 5021 in

2244 5068 2331 5124 his
2373 5067 2633 5142 quidquid
2679 5066 2889 5122 doloris
2940 5074 2995 5123 et
3062 5081 3237 5139 ptena:
3294 5068 3620 5139 excogitari
3670 5072 3854 5137 potest.

2244 5176 2532 5235 quousque
2582 5160 2824 5214 debitum
2878 5160 3191 5215 universum
3251 5161 3610 5216 reddideris.
3663 5158 3771 5217 Sed
3819 5156 3855 5209 si

2241 5257 2389 5313 forte
2418 5255 2486 5311 de
2515 5254 2863 5311 restituendo
2892 5252 3133 5309 debitum
3164 5253 3435 5325 contidis,
3467 5271 3503 5311 ο
3532 5265 3590 5312 te
3624 5252 3858 5312 fatuam!

2240 5348 2372 5405 Nam
2407 5364 2505 5416 pro
2558 5347 2782 5402 minimo
2822 5362 3036 5418 quoque
3073 5346 3278 5402 delicto
3313 5364 3433 5403 non
3485 5349 3698 5405 habent
3728 5344 3860 5401 unde

2242 5442 2532 5497 restituant
2581 5440 2740 5495 simul
2780 5439 3027 5494 homines
3068 5440 3337 5505 universi,
3394 5440 3507 5496 nisi
3556 5440 3679 5509 ipse
3726 5439 3861 5493 idem

2244 5534 2699 5602 velitremittere,
2738 5537 2823 5587 cui
2867 5532 3108 5588 facienda
3159 5542 3240 5586 est
3293 5536 3616 5588 restitutio.
3663 5533 3860 5589 Felices

2239 5628 2419 5696 itaque
2456 5626 2733 5698 magisque
2764 5641 2966 5681 securae
2996 5642 3114 5695 quae
3145 5626 3415 5693 subsunt,
3453 5627 3573 5684 illis
3625 5643 3747 5699 quin
3782 5640 3863 5679 Stl-

2238 5728 2507 5795 persunt:
2545 5728 2600 5775 et
2642 5719 2843 5789 quibus
2890 5719 3071 5789 potius
3117 5718 3500 5783 ministratur,
3533 5736 3703 5790 quam
3749 5733 3861 5788 qua:

2238 5812 2565 5867 ministrant.
2598 5811 2706 5867 Sed
2755 5820 2933 5866 tamen
2963 5811 3199 5881 superba
3228 5824 3400 5865 mens
3435 5813 3733 5868 hominum
3764 5811 3859 5865 itu-

2238 5905 2460 5979 provida
2478 5903 2731 5977 periculi,
2754 5918 2972 5976 semper
2991 5902 3257 5975 majorum
3282 5900 3644 5974 dignitatum
3669 5916 3855 5960 ascen-
