3918 6294
157 330 250 393 403

1360 324 1643 383 REGULA
1681 322 2188 384 MONACHARUM.

3322 326 3428 384 406

153 462 258 504 sum
288 448 528 518 expetit:
561 460 661 502 nec
708 445 810 502 nisi
842 455 960 516 post
989 445 1187 502 factum
1217 460 1285 502 ex
1316 442 1582 500 descensu
1614 451 1724 499 ter-
1750 443 1800 504 Α
1828 441 2123 501 dilectione
2153 454 2210 499 ut
2233 443 2389 501 ﬁlias.
2415 446 2548 504 Cum
2577 456 2788 519 tempus
2810 447 2974 520 exigit
2998 447 3425 523 corrcptioncm,

154 552 285 597 retur
319 559 333 595 :
362 541 483 609 quia
508 549 712 610 quanto
737 538 899 594 altior
931 548 1013 595 cst
1038 552 1321 602 ascensus,
1347 546 1500 593 tanto
1539 533 1731 593 durior

150 633 554 691 e5tdesccnsus.
585 631 694 688 Sed
723 634 860 688 forte
882 634 1208 689 descensum
1256 647 1439 687 rarum
1468 630 1728 686 mstimas.

151 728 241 785 Sed
284 726 594 783 ﬁrmissime
646 728 838 782 doctus
870 728 1246 797 experientiis,
1281 736 1337 782 et
1389 742 1495 780 non
1538 724 1730 797 paucis

149 821 327 877 dicam.
378 820 525 875 Raro
554 835 651 889 per
696 818 898 891 gradus
931 819 1211 890 dignitatis
1244 818 1491 873 ascendit
1543 817 1726 881 homo,

148 916 257 986 qttin
290 913 468 967 multo
510 910 732 982 gravius
782 927 887 966 non
928 912 1242 967 descendat.
1279 910 1480 964 Verum
1512 917 1566 963 et
1606 908 1649 962 si
1700 922 1729 961 a

149 1004 419 1076 proposito
440 1003 734 1073 digrediar,
766 1006 893 1059 nolo
917 1004 1239 1073 opusculum
1266 1002 1368 1057 hoc
1397 998 1731 1072 pertransire

148 1096 441 1168 exemplum
463 1097 757 1167 quoddam,
796 1097 963 1169 quod,
998 1106 1189 1153 sancto
1215 1094 1447 1167 quodam
1482 1092 1612 1149 mihi
1645 1110 1732 1149 rc-

150 1193 341 1249 ferente
379 1206 513 1247 sene
543 1191 597 1247 in
626 1206 837 1258 eremo,
870 1207 936 1247 ex
966 1191 1198 1248 veritate
1228 1190 1414 1245 didici.

211 1286 340 1341 Cum
362 1285 582 1356 juvenis
611 1284 828 1356 quidam
853 1295 1041 1340 sancto
1064 1284 1345 1355 preposito
1372 1290 1425 1338 et
1458 1280 1563 1335 vita
1588 1280 1732 1336 elec-

156 1388 230 1435 tus
254 1380 394 1434 foret
420 1379 488 1432 ad
520 1377 843 1449 Episcopale
867 1376 1163 1447 fastigium,
1204 1392 1310 1445 quo
1333 1374 1551 1445 gravius
1585 1371 1731 1444 peri-

158 1472 444 1528 culosiusve
500 1471 695 1542 nequit
737 1470 883 1526 aliud
942 1469 1213 1541 cogitari:
1265 1478 1519 1538 patruum
1569 1481 1729 1521 suum

160 1565 446 1637 quemdam,
477 1564 656 1619 virum
688 1565 877 1633 utique
904 1572 1174 1630 sanctum,
1207 1570 1260 1617 et
1287 1559 1585 1631 prophetiae
1619 1559 1731 1629 ple-

157 1672 278 1723 num,
317 1655 493 1712 eremi
518 1658 571 1712 in
601 1656 738 1713 cella
772 1664 829 1711 ut
860 1671 983 1711 eum
1013 1670 1079 1710 ex
1105 1654 1209 1709 hoc
1234 1654 1563 1711 consuleret.
1598 1649 1731 1704 adiit

153 1766 241 1807 non
267 1752 545 1807 incautus.
574 1750 771 1806 Audita
814 1748 997 1820 itaque
1038 1746 1349 1802 narratione
1377 1744 1614 1815 nepotis,
1647 1743 1730 1797 vir

1836 536 2114 593 universas
2145 537 2311 594 simili
2344 540 2507 595 modo
2530 541 2678 597 velut
2710 542 2944 617 ignotas,
2973 542 3027 598 in
3059 541 3277 598 omissis
3298 556 3425 598 cor-

1832 631 1996 700 rigas.

1904 710 2103 778 Verum
2135 739 2354 795 semper
2383 725 2435 780 in
2472 728 2552 781 ira
2584 727 2977 784 misericordiae
3018 743 3227 783 memor
3266 736 3423 782 esto:

1834 827 1890 870 ut
1923 817 2065 871 nulla
2097 821 2363 875 movearis
2392 821 2603 877 ratione
2631 822 2697 875 ad
2736 820 3118 879 crudelitatem
3147 839 3211 877 ex
3238 821 3424 877 furore

1831 908 1916 963 vel
1945 909 2089 963 odio.
2121 910 2231 965 Nec
2262 920 2437 968 tamen
2472 913 2673 967 habeas
2704 929 2894 967 manus
2932 914 3189 968 remissas
3218 914 3285 967 ad
3323 931 3415 983 pu-

1833 1003 2091 1057 uiendum
2131 1006 2380 1071 scelera;
2420 1021 2487 1060 ne
2534 1020 2605 1062 ex
2655 1006 3003 1075 impunitate,
3060 1006 3321 1076 peccandi
3364 1006 3428 1058 h-

1832 1097 2008 1151 centia
2034 1098 2315 1153 sororibus
2342 1099 2695 1155 concedatur.
2738 1100 2857 1155 Non
2885 1102 2959 1155 sis
2992 1100 3057 1155 ad
3092 1109 3428 1172 pertractan-

1832 1185 1959 1241 dum
1990 1188 2155 1242 ardua
2199 1190 2515 1245 monasterii
2549 1196 2603 1245 et
2632 1206 2905 1257 sororum,
2945 1206 3186 1260 praeceps
3220 1207 3317 1261 pro
3364 1192 3429 1244 li-

1830 1281 1982 1339 bito:
2017 1284 2111 1340 sed
2158 1299 2408 1341 sororum
2454 1286 2692 1356 plurium
2743 1295 2799 1341 et
2846 1286 3134 1341 meliorum
3178 1287 3430 1341 voluntas

1832 1392 2047 1446 semper
2074 1379 2297 1434 accedat
2330 1396 2344 1433 :
2382 1394 2449 1435 ne
2480 1396 2571 1436 rea
2595 1390 2649 1436 et
2676 1380 2994 1451 dissipatrix
3031 1381 3295 1435 bonorum
3318 1396 3432 1435 cm-

1833 1472 1979 1527 nobii
2010 1472 2338 1528 crlmincrls.
2390 1474 2508 1530 Non
2558 1475 2813 1529 omnibus
2851 1475 2942 1545 qui
2997 1475 3309 1543 loquuntur,
3355 1474 3433 1527 sis

1831 1559 2008 1617 facilis
2036 1564 2105 1618 ad
2147 1564 2500 1621 credendum.
2536 1566 2753 1621 Levitas
2785 1566 2927 1621 enim
2963 1566 3013 1619 in
3042 1564 3316 1621 credendo
3350 1565 3433 1618 lc-

1831 1669 1953 1709 vem
1997 1655 2225 1711 denotat
2273 1668 2535 1715 mentem.
2582 1655 2933 1728 Nequaquam
2981 1656 3204 1713 effrenis
3249 1658 3430 1727 lingua

1835 1751 2151 1819 reperiaris,
2194 1764 2301 1806 non
2335 1751 2604 1820 impudica
2635 1753 2831 1819 oculis,
2856 1765 2964 1807 non
2990 1752 3297 1822 crapulosa,
3324 1766 3431 1805 non

153 1855 352 1901 9800105
380 1859 490 1900 non
536 1842 740 1910 verbis.
790 1841 885 1899 θεά
929 1842 1099 1912 Signis
1138 1840 1318 1913 Ροίίυε
1350 1836 1731 1909 Percm‘cmnti
1762 1842 1811 1904 Β
1837 1840 2013 1897 ebria.
2046 1842 2138 1898 Sic
2168 1852 2222 1899 te
2245 1858 2481 1900 exornes
2512 1846 2827 1911 virtutibus,
2858 1844 2938 1900 sic
2968 1844 3229 1901 muniaris
3261 1844 3431 1898 mori-

155 1936 439 2007 respondit.
474 1935 544 1991 Et
568 1950 637 1991 ne
674 1943 865 1991 contra
902 1933 1254 2004 Apostolum,
1295 1932 1387 2001 qui
1416 1928 1731 1985 desideran-

153 2040 239 2085 tem
267 2031 650 2101 episcopatum
682 2028 737 2083 in
776 2027 923 2083 bono
963 2040 1129 2097 opere
1162 2024 1381 2087 laudat,
1434 2020 1732 2077 contrairet

151 2123 536 2180 dissuadendo:
571 2131 626 2179 et
668 2123 925 2193 juvenem
967 2119 1214 2191 periculo
1263 2128 1562 2190 exponeret
1602 2132 1729 2172 sua-

150 2218 327 2273 dendo.
354 2217 535 2275 Jussit
562 2217 745 2286 itaque
772 2231 939 2272 senex
962 2214 1280 2287 quadratum
1302 2212 1510 2268 discum
1533 2228 1560 2266 a
1588 2222 1731 2267 terra

155 2311 489 2365 vehementer
534 2310 766 2380 pedibus
810 2308 1085 2363 elevatum
1113 2306 1410 2362 ascendere
1448 2305 1730 2374 juvenem,

156 2416 196 2459 et
214 2415 402 2475 quater
428 2421 527 2475 per
551 2414 785 2474 quatuor
818 2402 955 2458 disci
982 2402 1147 2456 latera
1172 2402 1427 2471 supinum
1453 2398 1732 2454 revolvere

159 2499 489 2569 semetipsum
519 2511 689 2567 usque
716 2495 781 2551 ad
815 2496 1005 2549 horam
1035 2509 1194 2550 casus
1222 2511 1235 2547 :
1260 2494 1449 2564 sicque
1480 2507 1606 2547 casu
1634 2493 1735 2545 im-

160 2592 398 2659 mittente,
433 2591 481 2645 si
525 2590 700 2646 altera
731 2590 1053 2645 succederet
1107 2588 1408 2653 revolutio,
1460 2587 1734 2642 mandavit

164 2692 213 2737 ut
232 2693 371 2738 extra
402 2682 775 2738 summitatem
821 2682 980 2750 disci,
1034 2682 1210 2737 adhuc
1257 2697 1317 2737 se
1344 2681 1586 2737 volveret
1633 2682 1733 2736 ite-

168 2785 288 2831 rato.
317 2777 413 2831 Cui
434 2792 561 2832 cum
598 2790 767 2846 nepos
795 2790 854 2831 se
886 2791 995 2830 non
1026 2790 1186 2846 posse
1228 2790 1292 2829 ex
1334 2773 1530 2829 timore
1577 2788 1734 2829 casus

172 2869 522 2937 responderet,
563 2869 714 2924 illico
762 2883 885 2922 cum
930 2867 1065 2921 fecit
1095 2865 1433 2921 descendere
1478 2884 1490 2918 :
1534 2871 1589 2919 et
1639 2880 1734 2934 per

164 2966 431 3033 quamdam
459 2965 626 3019 latam
662 2964 936 3034 planitiem
970 2963 1171 3018 diutius
1193 2963 1458 3017 volutare.
1490 2956 1735 3030 Cumque

172 3070 227 3110 ex
257 3057 603 3112 multitudine
633 3058 1029 3111 volutationum
1048 3057 1291 3126 utrisque
1318 3056 1587 3111 fastidium
1611 3069 1734 3109 eve-

162 3150 313 3204 niret:
341 3151 541 3222 Surge,
568 3150 748 3221 inquit
774 3166 963 3217 senex,
997 3161 1050 3205 et
1078 3166 1243 3221 perge
1274 3166 1379 3219 quo
1410 3151 1490 3205 vis
1521 3167 1533 3203 :
1573 3148 1734 3203 facito

1835 1933 1955 2003 bus,
2009 1944 2068 1989 ut
2108 1936 2392 1991 universas
2437 1952 2607 2008 opere
2644 1950 2699 1993 et
2741 1938 2993 2007 exemplo
3033 1938 3338 1993 sanctitatis
3378 1950 3435 1991 ct

1834 2028 1984 2093 vitae,
2033 2037 2285 2100 prompta
2318 2030 2397 2086 sis
2426 2031 2494 2086 ad
2524 2031 2827 2086 docendum
2859 2050 2872 2087 :
2906 2043 2964 2087 ut
3004 2032 3116 2102 jam
3151 2032 3219 2087 ab
3260 2032 3436 2086 omni-

1835 2122 1935 2179 bus
1974 2122 2027 2177 in
2074 2123 2382 2194 exemplum
2427 2129 2688 2179 virtutum
2742 2124 3000 2179 ducaris:
3036 2133 3093 2180 ut
3133 2138 3324 2178 secura
3365 2138 3434 2177 ex

1835 2213 2239 2285 dispensatione
2268 2216 2551 2272 ministerii
2573 2218 2665 2271 tibi
2691 2216 2894 2283 traditi,
2918 2231 3207 2271 occurrere
3233 2216 3418 2271 valeas

1837 2308 2087 2375 Domino,
2116 2317 2170 2364 et
2198 2311 2249 2365 ei
2281 2310 2515 2366 reddere
2546 2311 2820 2365 rationem
2848 2309 2920 2366 de
2947 2309 3195 2381 singulis.

2406 2446 2656 2525 CAPUT
2690 2448 2855 2506 xvn.

2086 2550 2165 2605 De
2191 2552 2562 2625 jurisdictione
2590 2551 2839 2626 Episcopi
2867 2552 2921 2609 in
2949 2568 3168 2609 sorores.

1909 2685 2117 2741 Debilis
2147 2696 2228 2741 est
2259 2688 2485 2741 nimium
2516 2701 2679 2742 sexus
2717 2702 2876 2758 quem
2906 2686 3113 2756 geritis,
3156 2700 3220 2741 ac
3260 2686 3429 2755 fragi-

1838 2779 1927 2844 lis,
1962 2794 2025 2834 ac
2057 2780 2296 2845 mobilis,
2328 2781 2373 2834 si
2396 2793 2496 2835 suo
2524 2780 2862 2850 relinquatur
2890 2780 3151 2834 arbitrio:
3178 2788 3231 2834 et
3256 2780 3301 2833 sl
3326 2780 3437 2834 vir-

1838 2879 2028 2924 tuosus
2049 2870 2120 2923 sit
2140 2870 2379 2936 animus,
2414 2877 2593 2924 tamen
2624 2869 2728 2923 nisi
2757 2879 2996 2939 regatur,
3042 2869 3142 2923 nisi
3172 2869 3437 2933 dirigatur

1838 2965 2114 3028 continue,
2142 2964 2253 3017 cito
2279 2964 2535 3033 dejicitur
2563 2980 2591 3017 a
2640 2974 2833 3018 sancto
2881 2965 3179 3034 proposito.
3224 2963 3339 3018 Iloc
3380 2965 3435 3018 in

1839 3056 1947 3111 Eva
1980 3055 2134 3110 scitis
2175 3064 2416 3125 experta:
2444 3072 2457 3107 :
2481 3070 2602 3126 quae
2634 3057 2947 3125 suggereuti
2997 3055 3239 3121 diabolo,
3271 3070 3435 3126 quam

1839 3152 1996 3209 facile
2023 3167 2309 3209 assensum
2344 3152 2636 3223 praebuerit
2674 3160 2865 3207 contra
2915 3148 3154 3205 divinum
3190 3164 3437 3218 praecep-

163 3244 278 3309 quod
329 3245 436 3298 tibi
492 3245 741 3299 securius
788 3245 1054 3298 cernitur.
1112 3242 1445 3313 Dedignatus
1503 3256 1734 3312 namque
1762 3245 1807 3307 C
1841 3258 1974 3310 tum,
2010 3256 2064 3302 et
2116 3244 2331 3301 tristitia
2382 3252 2592 3313 partus,
2623 3254 2679 3297 et
2719 3242 3051 3297 conditionis
3100 3244 3280 3296 vilitas
3323 3242 3439 3310 ipsa

162 3333 380 3399 juvenis,
415 3336 690 3390 abscessit
720 3346 811 3391 :et
844 3336 996 3389 alteri
1025 3343 1215 3389 sancto
1251 3336 1405 3405 seni,
1442 3334 1615 3405 patrui
1644 3334 1738 3388 dc-

167 3429 494 3486 tiramentum
531 3440 744 3498 putans,
779 3428 983 3483 factum
1016 3430 1231 3494 retulit;
1288 3445 1316 3483 a
1349 3443 1456 3497 quo
1483 3428 1550 3481 de
1592 3427 1739 3498 peri-

173 3524 263 3574 culo
310 3521 751 3593 praeemineutia:
778 3522 1026 3589 edoctus,
1080 3522 1335 3577 electioni
1376 3521 1738 3584 renuntiavit,

170 3627 211 3669 ut
233 3624 445 3681 teneret
482 3615 629 3686 quod
660 3622 745 3671 est
775 3624 974 3672 tutum.
997 3616 1099 3683 Qui
1123 3625 1249 3685 post
1269 3614 1570 3679 modicum,
1598 3614 1741 3670 felici

167 3709 290 3762 obitu
315 3724 387 3763 ex
415 3708 623 3761 sazculo
650 3708 860 3775 exiens,
894 3708 1085 3763 hilaris
1108 3714 1163 3762 et
1188 3704 1462 3777 jucundus
1494 3707 1743 3777 apparuit

165 3813 361 3866 patruo.
387 3800 634 3867 Gratias,
668 3800 865 3869 inquit,
896 3812 1070 3870 pater,
1104 3800 1200 3855 tibi
1230 3799 1411 3855 refero
1440 3814 1512 3855 ex
1536 3800 1744 3857 dissua-

163 3894 297 3948 sione
324 3894 700 3965 episcOpatus.
747 3893 883 3949 Nam
913 3893 1052 3949 scito
1094 3894 1219 3964 quia
1265 3908 1411 3949 nunc
1456 3908 1633 3948 essem
1676 3893 1745 3950 de

164 4001 378 4042 numero
407 3988 819 4049 damnatorum,
852 3986 898 4042 si
930 3986 1153 4043 fuissem
1184 3985 1256 4043 de
1279 4001 1509 4041 numero
1535 3986 1746 4057 episcoo

170 4091 364 4146 porum.

760 4149 985 4208 CAPUT
1015 4150 1176 4207 XVI."

452 4243 534 4298 De
575 4243 757 4300 ordine
782 4245 835 4299 in
875 4244 1116 4314 Operibus
1157 4244 1459 4301 Abbatistw.

224 4358 347 4415 Hauc
380 4358 616 4424 idcirco,
673 4374 795 4416 mea
818 4359 1041 4419 domina
1070 4360 1447 4427 Eustochium,
1493 4359 1746 4425 dixerim,

161 4462 210 4511 ut
234 4454 495 4519 advertas
518 4463 727 4523 quanto
754 4454 829 4508 sis
873 4454 1123 4522 exposita
1154 4454 1421 4523 periculo,
1467 4464 1522 4509 et
1550 4466 1747 4525 quanta

160 4553 205 4601 te
228 4556 494 4617 oporteat
524 4548 579 4613 in
614 4547 698 4601 via
733 4546 829 4607 Dei
861 4548 1145 4617 prudentia
1183 4549 1501 4614 ambulare;
1545 4564 1613 4605 ne
1655 4549 1751 4604 de-

1844 3339 2132 3407 perbibent
2162 3338 2554 3393 testimonium.
2586 3334 2843 3391 Profecto
2873 3335 3009 3393 nihil
3033 3336 3087 3388 in
3120 3334 3276 3389 vobis
3296 3334 3441 3389 foret

1844 3432 2101 3484 virtutum
2132 3430 2397 3495 durabile,
2429 3428 2560 3485 nihil
2607 3428 2728 3482 sine
2771 3430 2927 3496 gravi
2960 3426 3230 3498 periculo,
3282 3428 3327 3481 si
3369 3426 3440 3481 de

1844 3526 1998 3581 vobis
2028 3525 2164 3592 ipsis
2185 3539 2280 3578 vos
2308 3525 2438 3593 ipsa:
2463 3523 2735 3578 haberetis
2763 3538 2973 3577 curam.

1916 3620 2209 3689 Propterea
2242 3620 2529 3689 episcopus
2556 3624 2756 3681 vester,
2786 3617 2875 3672 cui
2897 3614 3159 3671 Ecclesiae
3183 3613 3441 3669 commis-

1846 3729 1965 3770 smn
1996 3722 2078 3767 est
2126 3710 2406 3779 regimen;
2459 3724 2619 3779 quem
2650 3709 2799 3765 Deus
2827 3707 3228 3777 speculatorem
3265 3703 3443 3773 posuit

1845 3807 1898 3861 in
1926 3804 2084 3860 vinea
2118 3819 2215 3859 sua
2239 3847 2253 3869 ,
2300 3812 2572 3870 pastorem
2616 3801 2830 3862 ovium,
2864 3800 3190 3854 directorem
3236 3796 3442 3867 gregis,

1847 3913 1908 3952 ac
1935 3897 2218 3951 ductorem
2261 3891 2432 3964 plebis
2472 3903 2525 3947 et
2559 3894 2761 3963 populi,
2811 3891 3051 3946 civitatis
3078 3899 3131 3944 et
3164 3886 3439 3957 parochias

1848 3994 1900 4045 in
1929 4005 2034 4059 qua
2066 3989 2285 4057 degitis,
2320 4004 2417 4042 vos
2448 3986 2692 4042 custodia
2719 3986 2980 4054 singulari
3013 3984 3210 4051 foveat,
3238 3994 3444 4038 sancta:

1846 4083 2107 4139 doctrinae
2138 4096 2233 4136 vos
2268 4081 2464 4150 pabulo
2491 4080 2695 4133 nutriat
2726 4096 2739 4131 :
2779 4086 2835 4134 et
2862 4093 3045 4134 coram
3080 4078 3191 4133 Deo
3234 4077 3443 4131 anima-

1846 4193 1967 4231 rum
1996 4186 2299 4231 vestrarum
2353 4188 2536 4229 curam
2583 4181 2741 4243 gerat
2786 4172 3105 4243 specialem,
3158 4171 3244 4227 cui
3290 4184 3444 4224 com-

1848 4271 2017 4327 missa
2047 4280 2131 4324 est
2171 4268 2361 4323 civitas
2403 4268 2656 4324 universa
2688 4284 2704 4321 :
2732 4266 2858 4323 huic
2899 4265 3277 4338 aequanimiter
3302 4264 3447 4319 sicut

1851 4365 1961 4419 Deo
2006 4377 2195 4417 omnes
2243 4364 2440 4416 devote
2488 4362 2746 4416 obediatvt
2777 4380 2791 4414 :
2823 4362 2965 4415 hunc
3010 4367 3239 4428 patrem,
3294 4358 3441 4411 hunc

1850 4458 2139 4512 uiatorem
2163 4455 2447 4521 virtutum,
2474 4465 2581 4509 tam
2613 4453 2912 4524 Praeposita
2943 4464 3252 4520 veneretur,
3280 4466 3443 4521 quam

1851 4550 2101 4606 subdita.
2128 4548 2238 4603 Lex
2270 4548 2385 4617 ipsa
2408 4557 2679 4614 servetur,
2722 4562 2881 4614 quam
2928 4545 3169 4614 posuerit
3210 4544 3364 4599 vobis
3393 4544 3448 4597 in

164 4640 355 4697 relictis
389 4641 604 4697 semitis
626 4640 855 4709 iustitia:
892 4642 1129 4711 capiaris
1163 4641 1249 4698 ab
1273 4643 1531 4707 inimicis,
1556 4643 1749 4712 quibus
1782 4644 1831 4704 Ι)
1861 4644 1943 4695 via
1989 4643 2104 4697 Dei.
2130 4642 2183 4695 Si
2214 4658 2314 4711 qua
2348 4656 2599 4695 sororum
2632 4640 2858 4696 effrenis
2903 4649 3007 4705 est,
3060 4650 3114 4695 et
3143 4638 3448 4705 disciplina:

163 4738 306 4804 plena
336 4750 473 4795 sunt
504 4736 720 4801 omnia;
761 4746 817 4792 et
861 4737 917 4793 in
967 4748 1169 4793 terram
1206 4737 1437 4793 alienant
1484 4737 1751 4804 deducta,

162 4831 509 4902 coinquinata
564 4845 689 4885 cum
742 4831 1001 4893 mortuis,
1055 4830 1439 4885 miserabiliter
1476 4829 1755 4898 depulerit

158 4941 268 4979 cum
298 4927 392 4981 his
424 4925 519 4995 qui
545 4934 671 4979 sunt
697 4924 752 4979 in
782 4923 1014 4980 inferno.
1048 4923 1185 4980 Volo
1219 4934 1398 4981 autem
1440 4934 1489 4977 te
1519 4924 1751 4991 discere,

161 5019 340 5079 ubisit
372 5018 671 5088 sapientia,
721 5018 816 5074 ubi
836 5017 1031 5085 virtus,
1082 5019 1171 5074 ubi
1216 5020 1287 5075 sit
1318 5018 1625 5089 prudentia,
1665 5019 1754 5073 ubi

156 5114 220 5166 sit
241 5112 639 5185 longiturnitas
672 5111 874 5169 vitaeet
896 5112 1092 5178 victus,
1125 5113 1213 5167 ubi
1241 5113 1312 5169 sit
1354 5112 1533 5167 lumen
1567 5112 1756 5169 oculo-

157 5220 270 5260 rum
294 5216 355 5263 et
389 5221 495 5277 pax
521 5223 534 5259 :
558 5214 621 5260 ut
645 5206 917 5275 intelligas
946 5206 1087 5261 viam
1129 5205 1455 5275 discipline,
1494 5214 1549 5262 et
1588 5205 1759 5262 dedu-

156 5312 247 5353 cas
278 5299 567 5368 subiectas
595 5296 692 5353 tibi
742 5313 838 5365 per
869 5298 1008 5352 viam
1042 5298 1188 5365 pacis
1232 5307 1286 5354 et
1331 5298 1649 5366 disciplinae.
1682 5298 1759 5354 Te

158 5392 493 5447 morientem
525 5390 655 5445 tilia:
681 5391 963 5461 plangant,
998 5406 1104 5445 non
1131 5391 1405 5461 gaudeant
1435 5409 1448 5446 :
1483 5391 1577 5447 tibi
1614 5392 1758 5461 jnsta

157 5492 432 5539 etsancta
465 5482 837 5553 praecipienti,
887 5498 1079 5538 omnes
1119 5483 1494 5551 aequanimiter
1536 5483 1759 5540 obedire

159 5576 442 5633 laetentur.
467 5576 585 5633 Non
617 5578 952 5648 propinquae.
992 5593 1099 5633 non
1132 5578 1342 5644 afﬁnes,
1391 5579 1474 5633 sic
1511 5579 1755 5637 exalteu-

160 5680 243 5725 tur
269 5670 429 5740 quod
457 5679 670 5727 caetera:
698 5668 995 5725 invideant.
1030 5669 1145 5725 Non
1176 5671 1413 5725 carnalis
1441 5670 1665 5728 dilectio
1710 5672 1763 5727 in

160 5763 359 5818 multis
405 5764 629 5826 nociva,
689 5763 740 5817 in
792 5762 995 5818 sanctis
1040 5762 1312 5819 mentibus
1366 5760 1616 5819 habenda
1663 5773 1764 5817 est.

1858 4735 2281 4805 prmvaricatrix,
2335 4744 2389 4789 et
2419 4732 2797 4803 incorrigibilis
2828 4748 2857 4787 a
2887 4732 3213 4803 Prmposita,
3259 4747 3450 4788 emen-

1858 4826 2036 4894 detur,
2068 4827 2387 4897 castigetur,
2420 4836 2475 4881 et
2500 4826 2753 4897 puniatur
2789 4841 2891 4897 per
2916 4828 3115 4897 ipsum.

1934 4920 2087 4975 Hunc
2124 4919 2444 4974 directiOnis
2474 4919 2752 4986 baculum,
2793 4932 2848 4975 et
2879 4920 3085 4988 virgam
3131 4918 3451 4989 disciplinae,

1861 5026 1981 5066 enim
2014 5029 2042 5065 a
2068 5012 2277 5066 semitis
2300 5012 2528 5081 justltite
2556 5012 2761 5081 deviat,
2794 5012 2966 5081 ipsam
2999 5021 3051 5066 et
3080 5012 3243 5067 etiam
3274 4992 3456 5066 Abba-

1864 5105 1994 5160 tissa
2028 5114 2319 5175 cognoscat
2342 5118 2465 5160 eum
2487 5105 2720 5161 exteris.
2756 5104 3034 5159 Reddatur
3058 5103 3231 5158 eidem
3258 5103 3341 5157 bis
3365 5112 3462 5158 aut

1863 5199 2072 5269 pluries
2101 5198 2333 5269 singulis
2377 5199 2535 5253 annis
2581 5206 2772 5269 patens
2822 5199 2983 5265 ratio,
3025 5196 3092 5251 de
3133 5196 3292 5251 bonis
3342 5214 3461 5251 mo-

1864 5293 2110 5353 nasterii,
2145 5291 2214 5345 de
2241 5300 2384 5351 statu
2414 5305 2688 5358 sororum,
2716 5291 2785 5345 de
2816 5290 2944 5353 vita,
2976 5287 3046 5343 de
3077 5288 3341 5355 moribus,
3393 5304 3462 5343 ne

1859 5385 1969 5454 jam
1998 5385 2178 5439 valeat
2225 5398 2357 5439 oves
2402 5385 2659 5454 ignorare
2691 5397 2825 5453 quas
2874 5383 3142 5451 regendas
3194 5384 3459 5451 suecepit.

1867 5478 2011 5535 Nihil
2060 5478 2287 5533 arduum
2342 5477 2633 5544 vendendi,
2686 5474 2925 5541 emendi,
2973 5491 3071 5531 seu
3120 5473 3465 5546 perpetrandi

1870 5574 1924 5629 in
1950 5573 2202 5629 cmuobio
2229 5574 2349 5628 sine
2368 5573 2487 5643 ejus
2511 5573 2789 5625 voluntate
2816 5569 2998 5625 liceat.
3030 5570 3312 5626 Abbatissa
3337 5583 3469 5623 vero

1867 5666 2059 5723 domus
2089 5666 2378 5731 moriente,
2414 5679 2573 5735 quam
2604 5664 2911 5718 communis
2934 5677 3184 5717 sororum
3207 5661 3461 5716 voluntas

1871 5761 1925 5815 in
1954 5773 2178 5816 matrem
2211 5760 2459 5827 elegerit,
2501 5767 2556 5812 et
2586 5754 2933 5813 Ablmtissam
2974 5753 3311 5820 monasterii,
3344 5754 3462 5824 ipse

160 5856 381 5919 Omnes
409 5857 586 5929 itaque
627 5865 811 5937 amato
838 5858 1033 5928 aequali
1073 5858 1368 5925 charitate,
1413 5867 1469 5917 et
1496 5857 1769 5927 spirituall
1874 5854 2268 5919 benedicendo,
2300 5853 2465 5908 anulo
2494 5854 2608 5913 vice
2660 5851 2861 5906 Christi
2912 5848 3195 5907 subarrhct
3244 5849 3297 5905 in
3343 5862 3478 5906 vero
