3918 6294
490 268 592 329 407

1533 272 1595 334 S.
1637 273 2023 336 HIERONYMI
2057 273 2757 363 OPERUM‘MANTISSA.

3633 306 3726 370 C08

485 381 766 456 conjugio,
798 382 845 441 si
874 384 941 442 ad
965 386 1205 444 ofﬁcium
1236 385 1546 459 reperiatur
1576 388 1794 446 idonea.
1827 391 2089 449 Sororum
2115 396 2169 458 Α
2196 395 2635 464 universas,buic
2656 400 2759 457 soli
2783 401 2995 461 occulta
3016 402 3208 464 domus
3226 411 3730 488 pateant,bujuscon.

486 490 622 531 vero
655 476 1091 547 recipiendarum
1142 481 1356 549 modus,
1420 480 1676 536 introitus
1721 492 1777 537 et
1827 486 2091 555 conditio,

488 570 714 623 omnino
758 571 1066 628 nullatenus
1095 589 1219 629 eum
1270 582 1630 645 pertranseat.
1678 574 1735 632 Si
1766 575 1893 648 quid
1935 578 2091 635 dubi-

491 664 715 719 tandum
743 663 795 719 in
825 665 953 734 fide,
986 668 1033 721 si
1065 667 1194 739 quid
1225 668 1540 734 obscurum,
1577 668 1622 724 si
1659 670 1787 740 quid
1814 672 2089 742 periculo-

486 773 607 813 sum
640 759 944 815 occurrerit
972 760 1026 817 in
1058 763 1142 816 via
1185 764 1302 830 Dei,
1355 764 1470 835 ipse
1498 765 1782 824 declaret:
1832 767 1951 838 ipse
1993 783 2089 826 vos

486 852 722 911 instruat
751 854 805 911 in
832 856 979 912 omni
1006 857 1268 928 pudicitia
1288 869 1343 916 et
1370 860 1607 932 Spiritus
1639 862 1815 918 sancti
1837 862 2057 922 virtute.

1063 973 1291 1031 CAPUT
1322 975 1509 1033 XVIII.

581 1067 663 1121 De
687 1068 868 1123 ordine
896 1072 1150 1126 servando
1180 1071 1315 1125 inter
1344 1069 1663 1142 Episcopum
1687 1082 1739 1130 et
1762 1090 1983 1131 sorores.

555 1159 673 1216 Non
708 1161 936 1218 nimium
969 1163 1041 1219 sit
1070 1164 1255 1219 stricta
1286 1163 1656 1236 familiaritas,
1697 1183 1807 1224 non
1831 1178 2085 1240 suspecta

484 1251 758 1324 colloquia
793 1273 807 1307 :
855 1255 957 1309 etsi
986 1254 1291 1325 spiritualis
1318 1266 1494 1325 pater,
1519 1260 1767 1329 quamvis
1798 1261 2085 1332 episcopus

481 1354 705 1401 sanctus
733 1347 823 1415 sit,
860 1357 1042 1403 tamen
1072 1348 1238 1405 homo
1263 1350 1545 1407 estdebile
1566 1352 1787 1407 animal.
1818 1352 1950 1410 Tam
1975 1355 2085 1412 cito

484 1440 757 1510 perditur,
788 1442 892 1495 nisi
919 1443 1131 1498 fortiter
1160 1443 1523 1511 custodiatur,
1549 1446 1694 1516 quod
1729 1447 1960 1505 charum
1989 1449 2085 1505 ha-

483 1532 647 1587 betur
668 1543 721 1587 et
750 1534 904 1590 utile.
937 1535 993 1589 In
1020 1546 1211 1592 sancto
1234 1539 1567 1594 commercio
1586 1540 1835 1597 diabolus
1860 1542 2084 1602 minime

480 1625 775 1695 quidquam
800 1627 1041 1684 inveniat
1073 1648 1087 1686 :
1111 1647 1180 1687 ne
1208 1631 1351 1688 unde
1373 1632 1638 1703 regimen,
1664 1635 1809 1692 unde
1829 1636 2078 1710 ducatus,

482 1717 611 1773 inde
642 1721 915 1775 sentiatur
954 1723 1226 1781 interitus.
1274 1727 1476 1782 Omnes
1518 1730 1803 1799 aequaliter
1836 1740 2083 1803 pertrac-

480 1818 668 1865 tentur
698 1830 712 1866 :
737 1814 885 1869 nulla
917 1818 1176 1886 carnalis,
1207 1818 1304 1874 sed
1336 1819 1636 1889 spiritualis
1656 1822 1875 1881 dilectio
1906 1827 2079 1883 inter-

480 1904 683 1971 veniat,
740 1920 842 1961 nec
891 1910 1079 1964 stricta
1134 1910 1204 1965 sit
1253 1914 1502 1969 nimium.
1550 1914 1884 1988 Principium
1933 1922 2079 1978 enim

482 1996 783 2066 spiritualis
815 2003 1022 2071 operis,
1056 2004 1104 2058 si
1136 2021 1245 2061 non
1289 2005 1359 2060 sit
1392 2017 1605 2063 matura
1648 2011 1907 2080 provisio,
1941 2016 2081 2073 solet

480 2093 743 2163 subsequi
772 2098 1042 2165 quoddam
1071 2101 1309 2158 carnale.
1340 2101 1484 2159 Vere
1516 2120 1624 2160 non
1651 2115 1855 2163 taceam
1892 2127 1905 2163 :
1935 2122 1993 2166 ut
2022 2114 2079 2169 in

481 2188 727 2257 pluribus
759 2191 899 2246 solet
939 2195 1280 2265 contingere,
1318 2197 1647 2254 conditionis
1681 2201 1962 2258 muliebris
1990 2205 2079 2260 in-

480 2279 696 2336 felicem
726 2284 1029 2354 miseriam,
1056 2287 1157 2343 sub
1179 2287 1396 2344 fervore
1424 2289 1673 2360 Spiritus,
1699 2293 1801 2349 sub
1816 2296 2081 2355 charitate

478 2373 706 2429 nimium
736 2374 958 2445 stricta,
990 2378 1098 2434 nisi
1128 2381 1371 2436 custodia
1402 2385 1684 2452 gravitatis
1712 2385 1795 2439 ori
1820 2398 2076 2458 ponatur,

480 2474 543 2519 ut
572 2482 737 2522 nemo
763 2468 1043 2538 delinquat
1074 2470 1128 2524 in
1162 2470 1341 2542 lingua
1367 2490 1381 2526 :
1421 2474 1466 2527 si
1492 2484 1676 2531 utatur
1705 2477 1958 2548 loquendi
1998 2483 2079 2539 vi-

478 2560 752 2631 vendique
783 2562 964 2632 copia,
1015 2564 1202 2620 statim
1245 2565 1447 2632 libido,
1499 2577 1629 2624 actu
1675 2572 2073 2645 turpissimum,

484 2649 633 2706 dictu
656 2651 1114 2723 infelicissimum,
1141 2655 1211 2714 de
1228 2660 1421 2729 Spiritu
1441 2669 1495 2715 et
1516 2659 1785 2719 charitate
1808 2667 2075 2724 nascitur.

544 2742 867 2815 Propterea,
887 2746 1243 2815 charissimte,
1261 2752 1365 2807 hoc
1378 2750 1593 2821 hortor,
1611 2753 1713 2811 hoc
1730 2770 1948 2825 moneo,
1973 2759 2078 2818 hoc

474 2836 681 2893 mando
708 2838 867 2895 vobis
902 2858 915 2894 :
944 2848 1004 2896 ut
1032 2858 1154 2912 quae
1182 2841 1388 2900 Christi
1408 2844 1753 2917 desponsatas
1780 2850 1914 2905 estis
1944 2867 2078 2909 con-

480 2929 652 3002 iugio,
678 2931 767 2987 cui
798 2947 1015 2989 omnem
1065 2936 1340 2992 castitatis
1378 2945 1577 2995 vestrae
1618 2939 1778 2996 fidem
1806 2943 2070 3001 vovistis:

477 3023 567 3080 cui
591 3024 800 3080 nullum
833 3036 1033 3096 praeter
1060 3027 1241 3097 ipsum
1273 3040 1573 3087 amatorem
1612 3047 1947 3104 cognoscere
1972 3037 2075 3093 sub

471 3117 834 3189 jurejurando
861 3120 995 3175 estis
1023 3122 1283 3191 pollicitae
1315 3142 1329 3181 :
1362 3125 1467 3181 viri
1488 3126 1886 3200 cujuscumque
1908 3131 2073 3187 etiam

2196 488 2318 546 silio
2345 490 2609 549 innitatur
2633 494 2702 550 ab
2728 497 3003 554 omnibus.
3035 499 3158 557 Non
3196 503 3517 566 diversarum
3541 516 3728 585 opinio-

2199 596 2297 638 nes
2328 583 2383 638 in
2411 597 2683 643 conventu
2727 603 2977 646 sororum
2998 632 3015 657 ,
3059 591 3305 652 diversas
3330 610 3497 658 sectas
3526 583 3731 679 ponant,

2194 691 2306 731 non
2338 676 2583 735 diversos
2611 681 2773 749 ritus,
2802 693 2861 738 ut
2885 684 3151 759 quidquid
3179 689 3346 747 altera
3371 694 3641 768 vituperat,
3666 676 3731 758 al;

2194 774 2311 823 tera
2339 771 2588 827 consulat
2617 790 2631 827 :
2673 774 2755 831 sic
2785 774 2977 834 divisae
3004 777 3199 839 domus
3227 798 3351 854 pax,
3384 788 3532 859 quies
3558 800 3607 850 et
3630 792 3739 850 cha-

2189 862 2324 919 ritas
2352 864 2470 935 ipsa
2496 866 2747 925 discedit.

2260 955 2483 1013 Credite
2507 960 2665 1028 mihi,
2695 961 3045 1019 sacerdotum
3066 979 3133 1021 ac
3153 966 3526 1038 religiosorum
3544 975 3743 1034 circum-

2190 1050 2526 1107 venientium
2574 1063 2775 1123 turma,
2810 1071 2877 1111 ex
2925 1052 3216 1115 mulierum
3246 1065 3515 1120 consortio
3549 1081 3742 1127 omnem

2187 1144 2531 1201 sanctitatem
2551 1148 2855 1219 expellunt.
2887 1148 3177 1208 lntimctur
3202 1156 3477 1227 episcopo,
3507 1160 3594 1231 qui
3622 1164 3747 1222 circa

2187 1235 2355 1292 multa
2382 1235 2622 1311 divisus,
2656 1242 2747 1296 uni
2770 1242 2874 1298 soli
2896 1245 2949 1299 in
2980 1245 3237 1303 omnibus
3268 1250 3517 1309 continue
3537 1269 3638 1312 non
3663 1274 3743 1326 po-

2189 1340 2297 1388 test
2327 1333 2561 1391 adcsse:
2592 1336 2851 1407 quidquid
2884 1353 2981 1410 pro
3012 1341 3252 1398 utilitate
3281 1345 3543 1415 agendum
3563 1390 3578 1415 ,
3610 1351 3747 1420 quid-

2186 1427 2315 1497 quid
2337 1439 2585 1485 sanctum
2602 1432 2845 1487 evenerit
2866 1434 3251 1493 ordinandum.
3275 1437 3637 1500 Conliteantur
3657 1444 3750 1501 sin-

2185 1524 2327 1595 gula:
2359 1525 2585 1596 singulis
2628 1528 2913 1584 mensibus
2944 1529 3029 1586 his
3066 1539 3162 1586 aut
3188 1532 3396 1603 pluries
3423 1535 3645 1593 crimina
3675 1555 3751 1595 oc-

2186 1619 2359 1685 culta,
2391 1630 2487 1675 aut
2512 1622 2802 1693 episcopo,
2830 1632 2925 1679 aut
2960 1628 3257 1697 praposito
3294 1630 3399 1685 soli
3427 1633 3751 1705 presbytero,

2187 1710 2276 1766 vel
2305 1710 2395 1767 cui
2416 1713 2754 1770 commiserit
2778 1734 2791 1769 :
2818 1725 2873 1771 et
2894 1732 3051 1772 sacra
3083 1719 3344 1776 dominici
3368 1724 3610 1794 corporis
3630 1740 3756 1782 com-

2111 1792 2445 1862 Bmunione
2499 1808 2757 1879 munitm,
2816 1821 3140 1881 pugnatura:
3189 1813 3423 1872 viriliter
3478 1816 3753 1876 daemonum

2148 1956 2149 1959 η
2187 1908 2370 1953 castra
2400 1898 2738 1957 subintrent.
2767 1900 2824 1957 In
2873 1903 2975 1959 hac
3000 1908 3113 1960 vita
3148 1909 3476 1966 mortalibus
3517 1911 3648 1968 nihil
3687 1923 3757 1969 est

2182 1992 2416 2049 validius
2446 2012 2458 2047 :
2492 2010 2604 2049 non
2633 2004 2718 2051 est
2741 1997 3031 2067 quidquam
3063 1999 3369 2067 salubrius,
3397 2019 3556 2074 quam
3586 2015 3642 2061 ut
3664 2015 3753 2061 sta-

2184 2084 2304 2149 tim.
2329 2096 2556 2156 peracto
2578 2088 2797 2157 delicto,
2819 2089 3189 2148 confessionis
3222 2109 3333 2149 non
3362 2094 3638 2155 diﬁeratur
3662 2114 3759 2155 me-

2183 2176 2326 2233 dela.
2362 2177 2654 2235 Testantur
2681 2190 2735 2236 et
2765 2182 2989 2250 medici,
3034 2186 3465 2261 uniuscujusque
3512 2193 3756 2264 aegritudi-

2183 2271 2270 2327 nis
2295 2275 2514 2330 morbos
2555 2275 2755 2332 auferri
2788 2293 2855 2333 ex
2886 2294 3149 2353 corpore,
3178 2283 3227 2339 si
3258 2283 3628 2343 exorientibus
3654 2287 3763 2343 sub-

2184 2366 2429 2422 veniatur
2466 2367 2520 2423 in
2559 2370 2847 2440 principio.

2253 2459 2407 2528 Quod
2434 2462 2481 2517 si
2521 2478 2728 2518 memor
2753 2464 3085 2524 conditionis
3135 2469 3436 2539 humanas,
3481 2472 3586 2528 levi
3610 2475 3753 2528 etiam

2181 2551 2441 2623 opinione
2466 2552 2585 2623 ipse
2613 2555 2777 2611 etiam
2803 2558 3065 2616 sacerdos
3094 2575 3227 2633 erga
3260 2563 3511 2634 aliquam
3542 2579 3767 2621 sororum

2181 2643 2369 2716 inepta
2395 2645 2770 2705 familiaritate
2809 2650 3092 2708 videretur
3136 2656 3422 2727 astringi:
3448 2672 3556 2713 non
3584 2656 3770 2712 sinatur

2182 2736 2346 2805 oriri,
2370 2738 2520 2809 quod
2543 2756 2655 2796 non
2681 2742 2801 2798 sine
2826 2744 3001 2814 malo,
3027 2761 3134 2802 non
3164 2748 3305 2805 sine
3333 2750 3599 2807 scandala
3618 2767 3775 2808 remo-

2180 2832 2297 2888 veri
2321 2842 2500 2903 potest
2520 2844 2791 2893 exortum.
2816 2837 3174 2908 Emendetnr,
3211 2844 3262 2900 si
3287 2859 3435 2915 opus
3455 2855 3563 2912 est,
3594 2845 3659 2902 ab
3676 2846 3771 2917 epi-

2180 2938 2380 2996 scopo:
2406 2926 2453 2982 si
2476 2942 2607 2984 vero
2627 2930 2948 2988 emendatus
2968 2936 3200 2993 minime
3228 2940 3355 2994 vult
3382 2939 3616 3012 inceptis
3636 2941 3773 2997 finem

2179 3016 2503 3091 imponere,
2535 3033 2925 3081 removeatur:
2957 3029 3118 3084 etiam
3146 3029 3201 3085 si
3239 3033 3608 3102 utilissimus,
3629 3034 3671 3090 si
3694 3050 3773 3090 ne-

2179 3112 2456 3169 cessarius
2486 3114 2752 3173 existeret
2772 3118 2918 3175 loco.
2941 3120 3101 3177 Nulla
3124 3125 3447 3193 praevaleat
3472 3127 3699 3195 utilitas,
3719 3144 3775 3183 ex

472 3210 523 3266 si
550 3227 673 3267 eum
697 3211 957 3269 sanun“
993 3224 1249 3284 exornet,
1283 3217 1446 3272 etiam
1469 3219 1515 3274 si
1550 3191 1811 3291 Baptista;
1829 3238 2072 3294 ωᾳυπθ,
2100 3191 2148 3258 C
2187 3218 2293 3274 qua
2341 3205 2669 3265 formidatur
2723 3212 3027 3271 animarum
3074 3216 3424 3285 periculum.
3450 3221 3773 3277 Adhibeatur

472 3314 568 3363 tur
597 3308 652 3363 in
681 3307 923 3377 meritis,
959 3309 1217 3380 quaeratis
1244 3309 1485 3381 effugere
1515 3312 1712 3370 faciem
1742 3331 1756 3370 :
1781 3330 1893 3388 .nec
1915 3317 2075 3376 liceat

470 3415 657 3457 secum
685 3400 983 3458 dilectione
1012 3402 1248 3459 ferventi
1273 3405 1503 3477 astringi
1548 3422 1647 3477 per
1674 3408 1844 3464 diem.
1868 3408 2064 3468 Creda-

468 3494 543 3549 tis
571 3503 798 3565 experto
837 3510 852 3547 :
884 3493 1022 3550 nihil
1050 3502 1136 3551 est
1168 3496 1536 3566 periculosius
1578 3500 1697 3555 viro
1720 3543 1738 3569 ,
1762 3517 1924 3573 quam
1953 3520 2073 3562 mu-

468 3586 619 3642 lier:
648 3594 704 3643 et
733 3586 971 3654 mulieri,
1005 3602 1165 3659 quam
1191 3588 1297 3644 vir.
1331 3587 1575 3661 Uterque
1613 3592 1799 3663 palea,
1842 3605 2072 3670 uterque

469 3680 634 3751 ignis.
689 3679 875 3736 Dicam
926 3681 1213 3750 audacter,
1257 3682 1396 3754 proh
1435 3684 1630 3741 dolor!
1681 3685 1778 3743 Dei
1829 3693 2067 3764 templa,

470 3774 713 3843 Spiritus
744 3775 916 3831 sancti
947 3790 1099 3843 vasa,
1132 3784 1189 3831 et
1216 3776 1328 3833 Deo
1356 3776 1533 3833 dicata
1559 3778 1821 3852 aedificia,
1850 3784 1955 3841 nisi
1982 3784 2069 3842 di-

470 3868 664 3939 ligenti
702 3879 991 3925 serventur
1019 3868 1300 3937 custodia,
1338 3870 1643 3941 prostibula
1688 3874 1846 3931 fiunt.
1879 3878 1949 3934 Et
1973 3893 2069 3936 au-

470 3961 647 4018 fertur
676 3971 783 4018 tam
818 3962 1004 4018 nobile
1037 3962 1368 4034 depositum,
1402 3973 1511 4020 tam
1540 3966 1813 4036 pretiosus
1849 3971 2068 4028 thesau-

468 4070 587 4122 rus,
616 4056 1044 4126 irrecuperabile
1064 4056 1232 4112 decus
1252 4056 1524 4113 castitatis
1551 4075 1565 4112 :
1590 4058 1635 4114 si
1657 4061 1805 4117 tenui
1827 4063 2067 4133 cujusvis

471 4148 786 4205 dilectionis
820 4149 1019 4219 ineptm
1054 4148 1252 4204 rimula
1289 4153 1581 4208 continuus
1624 4155 1913 4212 insidiator
1949 4159 2066 4216 dia-

470 4243 632 4298 bolus
667 4241 923 4298 intuitum
958 4242 1140 4298 valeat
1178 4242 1426 4314 infigere.
1457 4246 1586 4304 Ideo
1624 4250 1774 4307 omni
1813 4253 2065 4311 custodia

473 4350 571 4392 cor
603 4345 876 4391 servetur.
909 4336 1089 4407 Super
1128 4352 1313 4393 muros
1339 4338 1637 4398 Jerusalem
1668 4354 1943 4414 ponantur
1968 4363 2065 4404 cu-

471 4426 665 4484 stodes
687 4435 797 4483 tota
821 4426 934 4497 die,
963 4437 1020 4485 et
1045 4437 1206 4487 nocte
1234 4445 1343 4487 non
1368 4431 1660 4503 dormiant,
1690 4452 1761 4492 ne
1789 4438 1876 4494 fur
1899 4439 2062 4497 intro-

470 4528 599 4576 eat:
629 4535 700 4576 ne
730 4520 906 4593 spolia
932 4523 1163 4595 auferat,
1200 4540 1324 4596 quae
1354 4528 1573 4601 penitus
1606 4536 1925 4603 recuperari
1950 4553 2059 4597 non

463 4619 720 4684 possunt.

1074 4688 1307 4749 CAPUT
1332 4691 1476 4749 XIX;

533 4973 767 5030 Animus
788 4972 1015 5032 diffusus
1040 4977 1109 5033 ad
1136 4979 1392 5053 plurima,
1422 4985 1567 5045 circa
1593 4990 1806 5065 singula
1820 5011 1928 5054 non
1955 5013 2052 5070 po-

461 5074 570 5123 test
597 5067 903 5125 attendere.
927 5070 1127 5127 Curam
1155 5075 1395 5133 omnium
1426 5082 1570 5151 gerit
1597 5088 1887 5161 episcopus
1920 5109 1934 5147 :
1959 5067 2053 5149 ho-

460 5158 555 5215 ηιό
582 5170 687 5229 est,
714 5176 815 5217 nec
844 5162 983 5219 locis
1004 5164 1232 5235 singulis
1245 5178 1423 5238 potest
1441 5171 1656 5249 adesse,
1687 5158 2051 5240 nec—diverso-

459 5272 581 5311 rum
622 5258 784 5313 simul
817 5259 1020 5317 habere
1051 5262 1353 5319 scientiam.
1392 5266 1471 5322 Ne
1518 5268 1681 5341 igitur
1706 5287 1772 5329 ex
1802 5275 2048 5335 absentia

459 5350 727 5406 securitas
769 5352 840 5406 sit
878 5353 933 5407 in
968 5352 1135 5423 vitio,
1182 5358 1523 5416 sacerdotem
1564 5375 1841 5437 sanctum,
1882 5384 2045 5441 quem

453 5446 717 5503 sanctitas
758 5448 1050 5518 praedicat,
1081 5468 1242 5522 quem
1280 5454 1543 5513 subornat
1573 5462 1801 5517 scientia
1825 5502 1843 5529 ,
1876 5479 2043 5535 quem

452 5542 618 5601 talem
650 5542 830 5597 reddit
850 5552 981 5598 aetas
1012 5554 1067 5599 et
1096 5550 1204 5603 vita
1227 5590 1243 5615 ,
1282 5550 1425 5619 quod
1460 5552 1625 5608 etiam
1660 5556 1803 5625 apud
1836 5557 2042 5629 impro-

449 5634 553 5691 bos
596 5635 951 5707 lubricosque
986 5638 1207 5695 sinistra
1250 5643 1432 5713 opinio
1478 5660 1585 5701 non
1613 5650 1786 5719 possit
1812 5651 2038 5724 haberi,

450 5737 575 5798 post
616 5730 931 5801 episcopum
970 5730 1216 5790 habeatis
1242 5739 1615 5808 prazpositum.
1661 5743 1763 5799 Hic
1792 5747 2036 5820 episcopi

442 5821 509 5878 in
548 5821 702 5880 vobis
750 5832 933 5883 teneat
969 5826 1173 5899 vicem,
1198 5828 1287 5887 hic
1326 5832 1618 5904 praedicet,
1651 5836 1742 5895 hic
1799 5842 2037 5915 corrigat

2175 3311 2310 3354 vero
2338 3309 2562 3355 sanctus
2592 3317 2899 3372 successor,
2928 3322 3089 3379 quem
3144 3312 3391 3369 castitas
3443 3312 3610 3388 longa
3650 3329 3778 3371 com-

2175 3392 2401 3450 mendet
2423 3402 2481 3450 et
2500 3396 2631 3452 vita.

2758 3513 3004 3575 CAPUT.
3050 3518 3172 3577 XX.

2174 3602 2254 3659 De
2272 3603 2456 3661 ordine
2482 3607 3080 3693 servandohpersorores
3101 3629 3234 3693 erga
3274 3631 3464 3673 mares
3480 3659 3497 3689 ,
3523 3625 3577 3674 et
3600 3617 3762 3693 specia-

2706 3679 2825 3736 liter
2855 3682 2909 3737 in
2948 3679 3238 3756 loquendo.

2243 3792 2510 3864 impudici
2551 3792 2723 3866 pedes
2746 3796 2987 3867 cujusvis
3018 3815 3329 3874 numquam
3364 3807 3692 3865 monasterii
3716 3804 3772 3861 li-

2171 3885 2319 3942 mina
2351 3895 2561 3957 terant,
2603 3888 2895 3945 inordinati
2926 3891 3092 3947 animi
3122 3898 3331 3954 nuntia
3363 3914 3520 3959 voce
3572 3901 3791 3958 immun-

2175 3977 2327 4033 ditia:
2368 3992 2529 4033 aures
2558 3989 2760 4036 vestrae
2789 3997 3083 4054 numquam
3114 3990 3495 4050 sordescant.
3533 3995 3650 4051 Vox
3688 4009 3791 4050 om-

2170 4070 2258 4125 nis
2288 4070 2534 4126 mulieris
2552 4113 2568 4139 ,
2597 4071 2765 4143 ignita
2791 4075 2985 4145 sagitta
3009 4076 3215 4134 diaboli
3248 4092 3347 4138 est
3368 4125 3388 4152 ,
3416 4093 3479 4141 et
3503 4086 3793 4143 contrario.

2170 4164 2468 4236 Pr0pterea
2488 4181 2820 4238 congemens
2840 4168 3125 4226 Psalmista
3140 4187 3358 4235 exorat
3378 4180 3631 4237 animam
3654 4194 3794 4237 suam

2168 4254 2394 4313 liberari
2417 4276 2448 4312 a
2469 4258 2622 4313 labiis
2641 4260 2863 4332 iniquis,
2892 4272 2939 4317 et
2965 4280 2998 4317 α
3035 4265 3219 4339 lingua
3250 4270 3486 4331 dolosa.
3511 4272 3655 4332 Nam
3683 4274 3803 4331 sub-

2169 4352 2308 4409 dens
2336 4353 2717 4424 postmodum,
2742 4371 2911 4428 quare
2942 4357 3022 4415 sic
3049 4358 3399 4421 aﬂ'ectanter
3429 4368 3664 4426 liberari
3682 4382 3801 4440 pos-

2167 4447 2341 4503 tulet:
2376 4447 2598 4521 Sagitta
2626 4451 2851 4521 potentis
2903 4463 3100 4525 acutae,
3127 4472 3253 4511 cum
3288 4461 3636 4519 carbonibus
3660 4506 3677 4532 ,
3724 4464 3804 4519 in-

2166 4540 2323 4611 quit,
2355 4540 2698 4598 desolatoriis.
2740 4541 2909 4599 Labia
2950 4545 3053 4601 viri
3096 4560 3324 4607 venena
3378 4555 3653 4627 praebent
3691 4570 3804 4611 mu-

2164 4632 2285 4690 lieri
2322 4652 2333 4687 :
2367 4633 2411 4689 si
2436 4648 2544 4690 non
2568 4634 2641 4689 sit
2666 4644 2843 4691 astuta
2865 4634 3095 4694 fallaciis
3120 4639 3343 4713 lingua:
3374 4645 3636 4716 dolosa,
3654 4662 3810 4721 quam

2162 4736 2359 4800 potens
2380 4727 2630 4785 diabolus
2655 4729 2913 4786 miserum
2939 4731 3196 4789 vulnerat
3226 4751 3343 4794 cor
3373 4742 3615 4813 sagittis
3642 4750 3811 4799 tenta-

2161 4821 2368 4879 tionum
2394 4838 2513 4879 cum
2531 4822 2724 4879 ardore
2745 4822 3007 4881 libidinis.
3026 4826 3119 4882 Ha:
3130 4826 3421 4889 fenestra:
3433 4846 3583 4895 sunt
3594 4836 3811 4895 mortis:

2157 4931 2279 4989 quae
2306 4916 2411 4971 nisi
2448 4916 2787 4986 claudantur,
2810 4918 2991 4974 statim
3019 4935 3168 4977 mors
3191 4921 3326 4982 dira
3364 4929 3698 4989 subintrat.

2229 5010 2325 5066 Vir
2337 5010 2728 5081 cujuscumque
2748 5011 3084 5069 conditionis
3104 5016 3349 5089 existat,
3368 5033 3484 5079 aut
3504 5041 3821 5100 numquam

2154 5116 2451 5178 appareat,
2490 5116 2585 5162 aut
2620 5106 2771 5164 visus
2800 5106 2975 5163 visum
3026 5119 3235 5167 terreat
3291 5128 3578 5177 vestrum
3602 5164 3622 5190 ,
3671 5122 3821 5178 velut

2154 5200 2436 5256 horridum
2460 5209 2784 5257 monstrum.
2803 5201 3100 5271 Pr0pterea
3125 5204 3284 5275 volo,
3326 5209 3739 5285 charissima,
3764 5224 3827 5271 ut

2151 5294 2196 5349 si
2225 5310 2348 5350 cum
2373 5294 2490 5350 viro
2506 5310 2573 5350 ex
2601 5295 2924 5352 necessitate
2944 5296 3091 5369 loqui
3112 5308 3416 5372 oporteat,
3428 5308 3635 5365 velum
3665 5310 3724 5366 in
3744 5311 3822 5365 fe-

2150 5388 2392 5444 nestrula
2437 5397 2700 5456 tractum,
2734 5390 3048 5447 alterutram
3090 5390 3298 5449 faciem
3343 5406 3517 5471 tegat
3555 5420 3575 5460 :
3633 5419 3711 5461 ne
3757 5404 3822 5459 li-

2153 5490 2275 5536 ceat
2296 5482 2492 5549 videri,
2518 5482 2661 5554 quod
2687 5485 2997 5554 concupisci
3020 5499 3127 5540 non
3152 5485 3318 5543 licet.
3348 5490 3823 5554 Excusationem

2150 5576 2355 5631 nullam
2378 5576 2481 5632 sibi
2502 5577 2732 5647 arripiat
2752 5579 3029 5635 sanctitas.
3047 5580 3293 5637 Sanctus
3310 5584 3518 5644 David
3540 5590 3606 5647 in
3620 5592 3828 5649 viden-

2147 5667 2219 5722 do
2234 5669 2463 5738 capitur.
2482 5668 2619 5724 Dina
2642 5670 2923 5727 utvideret
2950 5673 3350 5743 egressa,visa
3374 5686 3824 5755 corrumpitur.

2142 5758 2234 5815 Sic
2247 5758 2451 5816 infinita
2466 5760 2645 5818 forent
2656 5763 2903 5834 exempla
2922 5805 2937 5832 ,
2952 5779 3072 5835 qua:
3086 5766 3301 5838 saepius
3328 5774 3716 5833 ruminanda
3728 5790 3828 5833 vo—

2140 5851 2671 5929 bis_relinquo.Quid
2691 5871 2787 5931 per
2812 5857 2981 5918 multa
3001 5859 3202 5933 vagor?
3224 5858 3409 5924 Pone
3437 5881 3645 5930 saera:
3670 5872 3829 5930 Scri-
