  <div class='ocr_page' id='page_1' title='image "/cluster/home/n/w/nwhite01/storage/ocr_20150623/30/hvd.32044096580535/214.png"; bbox 0 0 3918 6294; ppageno 0'>
   <div class='ocr_carea' id='block_1_1' title="bbox 162 187 2186 275">
    <p class='ocr_par' dir='ltr' id='par_1_1' title="bbox 162 187 2186 275">
     <span class='ocr_line' id='line_1_1' title="bbox 162 187 2186 275; baseline -0.015 0"><span class='ocrx_word' id='word_1_1' title='bbox 162 214 243 275; x_wconf 68' lang='grc'><strong>109</strong></span> <span class='ocrx_word' id='word_1_2' title='bbox 1354 194 1637 257; x_wconf 70' lang='lat' dir='ltr'><strong>REGULA</strong></span> <span class='ocrx_word' id='word_1_3' title='bbox 1676 187 2186 251; x_wconf 77' lang='lat' dir='ltr'><strong>MONACIIARUM.</strong></span> 
     </span>
    </p>
   </div>
   <div class='ocr_carea' id='block_1_2' title="bbox 3307 174 3415 236">
    <p class='ocr_par' dir='ltr' id='par_1_2' title="bbox 3307 174 3415 236">
     <span class='ocr_line' id='line_1_2' title="bbox 3307 174 3415 236; baseline 0.019 -3"><span class='ocrx_word' id='word_1_4' title='bbox 3307 174 3415 236; x_wconf 74' lang='lat' dir='ltr'><strong>M0</strong></span> 
     </span>
    </p>
   </div>
   <div class='ocr_carea' id='block_1_3' title="bbox 157 295 3410 405">
    <p class='ocr_par' dir='ltr' id='par_1_3' title="bbox 157 295 3410 405">
     <span class='ocr_line' id='line_1_3' title="bbox 157 295 3410 405; baseline -0.012 -17"><span class='ocrx_word' id='word_1_5' title='bbox 157 340 295 405; x_wconf 75' lang='lat' dir='ltr'><strong>pturat</strong></span> <span class='ocrx_word' id='word_1_6' title='bbox 314 324 551 383; x_wconf 87' lang='lat' dir='ltr'><strong>clamant</strong></span> <span class='ocrx_word' id='word_1_7' title='bbox 568 318 1074 398; x_wconf 71' lang='lat' dir='ltr'><strong>syllabze&#39;singulre:</strong></span> <span class='ocrx_word' id='word_1_8' title='bbox 1096 331 1236 391; x_wconf 89' lang='lat' dir='ltr'><strong>pene</strong></span> <span class='ocrx_word' id='word_1_9' title='bbox 1262 313 1585 374; x_wconf 88' lang='lat' dir='ltr'><strong>instruimur</strong></span> <span class='ocrx_word' id='word_1_10' title='bbox 1596 324 1719 366; x_wconf 88' lang='lat' dir='ltr'><strong>cor-</strong></span> <span class='ocrx_word' id='word_1_11' title='bbox 1743 310 1789 369; x_wconf 90' lang='lat' dir='ltr'><strong>A</strong></span> <span class='ocrx_word' id='word_1_12' title='bbox 1819 320 2038 377; x_wconf 87' lang='lat' dir='ltr'><strong>semper</strong></span> <span class='ocrx_word' id='word_1_13' title='bbox 2060 304 2354 360; x_wconf 86' lang='lat' dir='ltr'><strong>subornata</strong></span> <span class='ocrx_word' id='word_1_14' title='bbox 2378 301 2549 359; x_wconf 87' lang='lat' dir='ltr'><strong>verba</strong></span> <span class='ocrx_word' id='word_1_15' title='bbox 2576 300 2912 371; x_wconf 88' lang='lat' dir='ltr'><strong>deposcunt:</strong></span> <span class='ocrx_word' id='word_1_16' title='bbox 2937 295 3231 367; x_wconf 87' lang='lat' dir='ltr'><strong>exquirunt</strong></span> <span class='ocrx_word' id='word_1_17' title='bbox 3252 307 3410 350; x_wconf 84' lang='lat' dir='ltr'><strong>men-</strong></span> 
     </span>
    </p>
   </div>
   <div class='ocr_carea' id='block_1_4' title="bbox 157 408 1717 499">
    <p class='ocr_par' dir='ltr' id='par_1_4' title="bbox 157 408 1717 499">
     <span class='ocr_line' id='line_1_4' title="bbox 157 408 1717 499; baseline -0.013 -18"><span class='ocrx_word' id='word_1_18' title='bbox 157 424 275 499; x_wconf 88' lang='lat' dir='ltr'><strong>poris</strong></span> <span class='ocrx_word' id='word_1_19' title='bbox 292 420 491 494; x_wconf 81' lang='lat' dir='ltr'><strong>proprii</strong></span> <span class='ocrx_word' id='word_1_20' title='bbox 510 418 739 492; x_wconf 77' lang='lat' dir='ltr'><strong>singulis</strong></span> <span class='ocrx_word' id='word_1_21' title='bbox 762 416 1022 481; x_wconf 75' lang='lat' dir='ltr'><strong>motibus,</strong></span> <span class='ocrx_word' id='word_1_22' title='bbox 1048 412 1193 486; x_wconf 89' lang='lat' dir='ltr'><strong>quod</strong></span> <span class='ocrx_word' id='word_1_23' title='bbox 1213 408 1440 469; x_wconf 78' lang='lat' dir='ltr'><strong>victoria</strong></span> <span class='ocrx_word' id='word_1_24' title='bbox 1463 421 1571 464; x_wconf 93' lang='lat' dir='ltr'><strong>non</strong></span> <span class='ocrx_word' id='word_1_25' title='bbox 1593 419 1717 476; x_wconf 88' lang='lat' dir='ltr'><strong>spe-</strong></span> 
     </span>
    </p>
   </div>
   <div class='ocr_carea' id='block_1_5' title="bbox 154 499 1719 581">
    <p class='ocr_par' dir='ltr' id='par_1_5' title="bbox 154 499 1719 581">
     <span class='ocr_line' id='line_1_5' title="bbox 154 499 1719 581; baseline -0.015 -4"><span class='ocrx_word' id='word_1_26' title='bbox 154 529 277 581; x_wconf 86' lang='lat' dir='ltr'><strong>ratur</strong></span> <span class='ocrx_word' id='word_1_27' title='bbox 295 518 356 574; x_wconf 90' lang='lat' dir='ltr'><strong>in</strong></span> <span class='ocrx_word' id='word_1_28' title='bbox 386 516 490 571; x_wconf 89' lang='lat' dir='ltr'><strong>hoc</strong></span> <span class='ocrx_word' id='word_1_29' title='bbox 514 512 834 581; x_wconf 70' lang='lat' dir='ltr'><strong>certamine,</strong></span> <span class='ocrx_word' id='word_1_30' title='bbox 852 510 959 566; x_wconf 87' lang='lat' dir='ltr'><strong>nisi</strong></span> <span class='ocrx_word' id='word_1_31' title='bbox 978 524 1047 566; x_wconf 90' lang='lat' dir='ltr'><strong>ex</strong></span> <span class='ocrx_word' id='word_1_32' title='bbox 1066 505 1398 581; x_wconf 83' lang='lat' dir='ltr'><strong>fuga.Nemo</strong></span> <span class='ocrx_word' id='word_1_33' title='bbox 1418 518 1483 559; x_wconf 84' lang='lat' dir='ltr'><strong>ex</strong></span> <span class='ocrx_word' id='word_1_34' title='bbox 1506 499 1719 557; x_wconf 87' lang='lat' dir='ltr'><strong>fortitu-</strong></span> 
     </span>
    </p>
   </div>
   <div class='ocr_carea' id='block_1_6' title="bbox 155 594 1714 672">
    <p class='ocr_par' dir='ltr' id='par_1_6' title="bbox 155 594 1714 672">
     <span class='ocr_line' id='line_1_6' title="bbox 155 594 1714 672; baseline -0.015 -1"><span class='ocrx_word' id='word_1_35' title='bbox 155 616 256 671; x_wconf 86' lang='lat' dir='ltr'><strong>dine</strong></span> <span class='ocrx_word' id='word_1_36' title='bbox 278 610 477 668; x_wconf 86' lang='lat' dir='ltr'><strong>audeat</strong></span> <span class='ocrx_word' id='word_1_37' title='bbox 516 608 782 665; x_wconf 75' lang='lat' dir='ltr'><strong>resistere</strong></span> <span class='ocrx_word' id='word_1_38' title='bbox 808 604 1016 661; x_wconf 90' lang='lat' dir='ltr'><strong>viribus</strong></span> <span class='ocrx_word' id='word_1_39' title='bbox 1045 620 1061 658; x_wconf 90' lang='lat'><strong>:</strong></span> <span class='ocrx_word' id='word_1_40' title='bbox 1090 602 1348 672; x_wconf 90' lang='lat' dir='ltr'><strong>quoniam</strong></span> <span class='ocrx_word' id='word_1_41' title='bbox 1378 597 1485 655; x_wconf 90' lang='lat' dir='ltr'><strong>nisi</strong></span> <span class='ocrx_word' id='word_1_42' title='bbox 1514 594 1714 666; x_wconf 77' lang='lat' dir='ltr'><strong>fugiat,</strong></span> 
     </span>
    </p>
   </div>
   <div class='ocr_carea' id='block_1_7' title="bbox 155 687 1717 767">
    <p class='ocr_par' dir='ltr' id='par_1_7' title="bbox 155 687 1717 767">
     <span class='ocr_line' id='line_1_7' title="bbox 155 687 1717 767; baseline -0.015 -2"><span class='ocrx_word' id='word_1_43' title='bbox 155 707 242 767; x_wconf 86' lang='lat' dir='ltr'><strong>cito</strong></span> <span class='ocrx_word' id='word_1_44' title='bbox 255 701 592 759; x_wconf 86' lang='lat' dir='ltr'><strong>succumbet.</strong></span> <span class='ocrx_word' id='word_1_45' title='bbox 611 700 669 756; x_wconf 85' lang='lat' dir='ltr'><strong>In</strong></span> <span class='ocrx_word' id='word_1_46' title='bbox 692 697 969 755; x_wconf 86' lang='lat' dir='ltr'><strong>communi</strong></span> <span class='ocrx_word' id='word_1_47' title='bbox 991 695 1194 753; x_wconf 90' lang='lat' dir='ltr'><strong>etenim</strong></span> <span class='ocrx_word' id='word_1_48' title='bbox 1219 694 1330 749; x_wconf 90' lang='lat' dir='ltr'><strong>vita</strong></span> <span class='ocrx_word' id='word_1_49' title='bbox 1358 705 1463 749; x_wconf 90' lang='lat' dir='ltr'><strong>nec</strong></span> <span class='ocrx_word' id='word_1_50' title='bbox 1490 687 1717 745; x_wconf 84' lang='lat' dir='ltr'><strong>verbum</strong></span> 
     </span>
    </p>
   </div>
   <div class='ocr_carea' id='block_1_8' title="bbox 150 781 1714 870">
    <p class='ocr_par' dir='ltr' id='par_1_8' title="bbox 150 781 1714 870">
     <span class='ocr_line' id='line_1_8' title="bbox 150 781 1714 870; baseline -0.014 -13"><span class='ocrx_word' id='word_1_51' title='bbox 150 794 497 870; x_wconf 71' lang='lat' dir='ltr'><strong>sit:proprium</strong></span> <span class='ocrx_word' id='word_1_52' title='bbox 524 816 539 852; x_wconf 90' lang='lat'><strong>:</strong></span> <span class='ocrx_word' id='word_1_53' title='bbox 565 802 777 851; x_wconf 88' lang='lat' dir='ltr'><strong>secreta</strong></span> <span class='ocrx_word' id='word_1_54' title='bbox 799 790 1024 848; x_wconf 86' lang='lat' dir='ltr'><strong>verbnla</strong></span> <span class='ocrx_word' id='word_1_55' title='bbox 1047 793 1368 861; x_wconf 67' lang='lat' dir='ltr'><strong>non;carent</strong></span> <span class='ocrx_word' id='word_1_56' title='bbox 1386 781 1714 853; x_wconf 82' lang='lat' dir='ltr'><strong>suspicione.</strong></span> 
     </span>
    </p>
   </div>
   <div class='ocr_carea' id='block_1_9' title="bbox 204 876 1717 960">
    <p class='ocr_par' dir='ltr' id='par_1_9' title="bbox 204 876 1717 960">
     <span class='ocr_line' id='line_1_9' title="bbox 204 876 1717 960; baseline -0.012 -13"><span class='ocrx_word' id='word_1_57' title='bbox 204 890 431 960; x_wconf 88' lang='lat' dir='ltr'><strong>Ideoque</strong></span> <span class='ocrx_word' id='word_1_58' title='bbox 452 886 738 958; x_wconf 66' lang='lat' dir='ltr'><strong>praecipio,</strong></span> <span class='ocrx_word' id='word_1_59' title='bbox 763 883 993 940; x_wconf 87' lang='lat' dir='ltr'><strong>utnulla</strong></span> <span class='ocrx_word' id='word_1_60' title='bbox 1022 897 1179 938; x_wconf 89' lang='lat' dir='ltr'><strong>soror</strong></span> <span class='ocrx_word' id='word_1_61' title='bbox 1198 879 1361 936; x_wconf 91' lang='lat' dir='ltr'><strong>alicui</strong></span> <span class='ocrx_word' id='word_1_62' title='bbox 1386 876 1717 933; x_wconf 79' lang='lat' dir='ltr'><strong>exteriorum</strong></span> 
     </span>
    </p>
   </div>
   <div class='ocr_carea' id='block_1_10' title="bbox 150 971 1720 1053">
    <p class='ocr_par' dir='ltr' id='par_1_10' title="bbox 150 971 1720 1053">
     <span class='ocr_line' id='line_1_10' title="bbox 150 971 1720 1053; baseline -0.012 -12"><span class='ocrx_word' id='word_1_63' title='bbox 150 987 245 1045; x_wconf 85' lang='lat' dir='ltr'><strong>sine</strong></span> <span class='ocrx_word' id='word_1_64' title='bbox 270 981 511 1053; x_wconf 90' lang='lat' dir='ltr'><strong>plurium</strong></span> <span class='ocrx_word' id='word_1_65' title='bbox 541 972 857 1035; x_wconf 80' lang='lat' dir='ltr'><strong>sanctarum</strong></span> <span class='ocrx_word' id='word_1_66' title='bbox 887 990 1136 1032; x_wconf 91' lang='lat' dir='ltr'><strong>sororum</strong></span> <span class='ocrx_word' id='word_1_67' title='bbox 1168 982 1224 1029; x_wconf 91' lang='lat' dir='ltr'><strong>et</strong></span> <span class='ocrx_word' id='word_1_68' title='bbox 1266 971 1589 1035; x_wconf 69' lang='lat' dir='ltr'><strong>abbatissae,</strong></span> <span class='ocrx_word' id='word_1_69' title='bbox 1621 982 1720 1023; x_wconf 90' lang='lat' dir='ltr'><strong>seu</strong></span> 
     </span>
    </p>
   </div>
   <div class='ocr_carea' id='block_1_11' title="bbox 150 1060 1719 1147">
    <p class='ocr_par' dir='ltr' id='par_1_11' title="bbox 150 1060 1719 1147">
     <span class='ocr_line' id='line_1_11' title="bbox 150 1060 1719 1147; baseline -0.012 -12"><span class='ocrx_word' id='word_1_70' title='bbox 150 1076 355 1136; x_wconf 81' lang='lat' dir='ltr'><strong>alterius</strong></span> <span class='ocrx_word' id='word_1_71' title='bbox 380 1074 694 1147; x_wconf 64' lang='lat' dir='ltr'><strong>praepositae</strong></span> <span class='ocrx_word' id='word_1_72' title='bbox 717 1072 918 1129; x_wconf 91' lang='lat' dir='ltr'><strong>domus</strong></span> <span class='ocrx_word' id='word_1_73' title='bbox 943 1069 1227 1142; x_wconf 86' lang='lat' dir='ltr'><strong>potissime</strong></span> <span class='ocrx_word' id='word_1_74' title='bbox 1254 1065 1542 1139; x_wconf 74' lang='lat' dir='ltr'><strong>praesentia</strong></span> <span class='ocrx_word' id='word_1_75' title='bbox 1568 1060 1719 1134; x_wconf 88' lang='lat' dir='ltr'><strong>loqui</strong></span> 
     </span>
    </p>
   </div>
   <div class='ocr_carea' id='block_1_12' title="bbox 152 1151 1721 1236">
    <p class='ocr_par' dir='ltr' id='par_1_12' title="bbox 152 1151 1721 1236">
     <span class='ocr_line' id='line_1_12' title="bbox 152 1151 1721 1236; baseline -0.011 -8"><span class='ocrx_word' id='word_1_76' title='bbox 152 1171 319 1228; x_wconf 78' lang='lat' dir='ltr'><strong>audeat</strong></span> <span class='ocrx_word' id='word_1_77' title='bbox 341 1188 355 1225; x_wconf 90' lang='lat'><strong>:</strong></span> <span class='ocrx_word' id='word_1_78' title='bbox 379 1168 467 1225; x_wconf 89' lang='lat' dir='ltr'><strong>his</strong></span> <span class='ocrx_word' id='word_1_79' title='bbox 490 1168 772 1224; x_wconf 81' lang='lat' dir='ltr'><strong>dumtaxat</strong></span> <span class='ocrx_word' id='word_1_80' title='bbox 791 1151 1058 1236; x_wconf 83' lang='lat' dir='ltr'><strong>exceptis,</strong></span> <span class='ocrx_word' id='word_1_81' title='bbox 1074 1178 1194 1234; x_wconf 84' lang='lat' dir='ltr'><strong>quae</strong></span> <span class='ocrx_word' id='word_1_82' title='bbox 1215 1158 1489 1219; x_wconf 82' lang='lat' dir='ltr'><strong>sacerdoti</strong></span> <span class='ocrx_word' id='word_1_83' title='bbox 1514 1158 1567 1213; x_wconf 95' lang='lat' dir='ltr'><strong>in</strong></span> <span class='ocrx_word' id='word_1_84' title='bbox 1589 1170 1721 1212; x_wconf 91' lang='lat' dir='ltr'><strong>con-</strong></span> 
     </span>
    </p>
   </div>
   <div class='ocr_carea' id='block_1_13' title="bbox 154 1250 1720 1326">
    <p class='ocr_par' dir='ltr' id='par_1_13' title="bbox 154 1250 1720 1326">
     <span class='ocr_line' id='line_1_13' title="bbox 154 1250 1720 1326; baseline -0.01 -7"><span class='ocrx_word' id='word_1_85' title='bbox 154 1264 361 1320; x_wconf 84' lang='lat' dir='ltr'><strong>fessione</strong></span> <span class='ocrx_word' id='word_1_86' title='bbox 401 1260 683 1318; x_wconf 90' lang='lat' dir='ltr'><strong>dicuntur.</strong></span> <span class='ocrx_word' id='word_1_87' title='bbox 733 1258 924 1315; x_wconf 87' lang='lat' dir='ltr'><strong>Solent</strong></span> <span class='ocrx_word' id='word_1_88' title='bbox 967 1256 1212 1326; x_wconf 92' lang='lat' dir='ltr'><strong>profecto</strong></span> <span class='ocrx_word' id='word_1_89' title='bbox 1258 1253 1384 1308; x_wconf 89' lang='lat' dir='ltr'><strong>talia</strong></span> <span class='ocrx_word' id='word_1_90' title='bbox 1421 1250 1586 1307; x_wconf 87' lang='lat' dir='ltr'><strong>verba</strong></span> <span class='ocrx_word' id='word_1_91' title='bbox 1633 1263 1720 1304; x_wconf 87' lang='lat' dir='ltr'><strong>se-</strong></span> 
     </span>
    </p>
   </div>
   <div class='ocr_carea' id='block_1_14' title="bbox 160 1344 1722 1422">
    <p class='ocr_par' dir='ltr' id='par_1_14' title="bbox 160 1344 1722 1422">
     <span class='ocr_line' id='line_1_14' title="bbox 160 1344 1722 1422; baseline -0.012 -9"><span class='ocrx_word' id='word_1_92' title='bbox 160 1357 274 1413; x_wconf 90' lang='lat' dir='ltr'><strong>mina</strong></span> <span class='ocrx_word' id='word_1_93' title='bbox 306 1354 477 1411; x_wconf 89' lang='lat' dir='ltr'><strong>multa</strong></span> <span class='ocrx_word' id='word_1_94' title='bbox 506 1354 650 1410; x_wconf 90' lang='lat' dir='ltr'><strong>mala</strong></span> <span class='ocrx_word' id='word_1_95' title='bbox 678 1352 948 1422; x_wconf 88' lang='lat' dir='ltr'><strong>proferre.</strong></span> <span class='ocrx_word' id='word_1_96' title='bbox 976 1349 1125 1406; x_wconf 88' lang='lat' dir='ltr'><strong>Inter</strong></span> <span class='ocrx_word' id='word_1_97' title='bbox 1151 1362 1249 1403; x_wconf 91' lang='lat' dir='ltr'><strong>vos</strong></span> <span class='ocrx_word' id='word_1_98' title='bbox 1274 1346 1343 1402; x_wconf 92' lang='lat' dir='ltr'><strong>de</strong></span> <span class='ocrx_word' id='word_1_99' title='bbox 1369 1344 1488 1401; x_wconf 90' lang='lat' dir='ltr'><strong>viro</strong></span> <span class='ocrx_word' id='word_1_100' title='bbox 1518 1356 1722 1413; x_wconf 88' lang='lat' dir='ltr'><strong>nequa-</strong></span> 
     </span>
    </p>
   </div>
   <div class='ocr_carea' id='block_1_15' title="bbox 160 1440 1718 1524">
    <p class='ocr_par' dir='ltr' id='par_1_15' title="bbox 160 1440 1718 1524">
     <span class='ocr_line' id='line_1_15' title="bbox 160 1440 1718 1524; baseline -0.01 -16"><span class='ocrx_word' id='word_1_101' title='bbox 160 1467 310 1524; x_wconf 85' lang='lat' dir='ltr'><strong>quam,</strong></span> <span class='ocrx_word' id='word_1_102' title='bbox 338 1450 384 1506; x_wconf 88' lang='lat' dir='ltr'><strong>si</strong></span> <span class='ocrx_word' id='word_1_103' title='bbox 417 1449 539 1506; x_wconf 85' lang='lat' dir='ltr'><strong>fieri</strong></span> <span class='ocrx_word' id='word_1_104' title='bbox 589 1456 792 1519; x_wconf 90' lang='lat' dir='ltr'><strong>potest,</strong></span> <span class='ocrx_word' id='word_1_105' title='bbox 824 1446 1090 1503; x_wconf 83' lang='lat' dir='ltr'><strong>habeatur</strong></span> <span class='ocrx_word' id='word_1_106' title='bbox 1128 1442 1356 1500; x_wconf 89' lang='lat' dir='ltr'><strong>mentio.</strong></span> <span class='ocrx_word' id='word_1_107' title='bbox 1379 1440 1532 1497; x_wconf 86' lang='lat' dir='ltr'><strong>Ultra</strong></span> <span class='ocrx_word' id='word_1_108' title='bbox 1557 1453 1718 1509; x_wconf 90' lang='lat' dir='ltr'><strong>quam</strong></span> 
     </span>
    </p>
   </div>
   <div class='ocr_carea' id='block_1_16' title="bbox 156 1531 1721 1611">
    <p class='ocr_par' dir='ltr' id='par_1_16' title="bbox 156 1531 1721 1611">
     <span class='ocr_line' id='line_1_16' title="bbox 156 1531 1721 1611; baseline -0.009 -12"><span class='ocrx_word' id='word_1_109' title='bbox 156 1544 393 1611; x_wconf 83' lang='lat' dir='ltr'><strong>creditur,</strong></span> <span class='ocrx_word' id='word_1_110' title='bbox 450 1541 689 1597; x_wconf 79' lang='lat' dir='ltr'><strong>exsultat</strong></span> <span class='ocrx_word' id='word_1_111' title='bbox 737 1539 992 1596; x_wconf 86' lang='lat' dir='ltr'><strong>diabolus</strong></span> <span class='ocrx_word' id='word_1_112' title='bbox 1043 1545 1103 1592; x_wconf 88' lang='lat' dir='ltr'><strong>ut</strong></span> <span class='ocrx_word' id='word_1_113' title='bbox 1153 1536 1205 1590; x_wconf 91' lang='lat' dir='ltr'><strong>in</strong></span> <span class='ocrx_word' id='word_1_114' title='bbox 1251 1532 1421 1591; x_wconf 90' lang='lat' dir='ltr'><strong>corde</strong></span> <span class='ocrx_word' id='word_1_115' title='bbox 1467 1531 1721 1602; x_wconf 84' lang='lat' dir='ltr'><strong>virgineo</strong></span> 
     </span>
    </p>
   </div>
   <div class='ocr_carea' id='block_1_17' title="bbox 155 1622 1719 1704">
    <p class='ocr_par' dir='ltr' id='par_1_17' title="bbox 155 1622 1719 1704">
     <span class='ocr_line' id='line_1_17' title="bbox 155 1622 1719 1704; baseline -0.007 -14"><span class='ocrx_word' id='word_1_116' title='bbox 155 1638 366 1692; x_wconf 84' lang='lat' dir='ltr'><strong>virorum</strong></span> <span class='ocrx_word' id='word_1_117' title='bbox 398 1635 666 1691; x_wconf 86' lang='lat' dir='ltr'><strong>memoria</strong></span> <span class='ocrx_word' id='word_1_118' title='bbox 696 1634 895 1704; x_wconf 84' lang='lat' dir='ltr'><strong>vigeat.</strong></span> <span class='ocrx_word' id='word_1_119' title='bbox 924 1630 1143 1687; x_wconf 89' lang='lat' dir='ltr'><strong>Nullum</strong></span> <span class='ocrx_word' id='word_1_120' title='bbox 1168 1640 1437 1684; x_wconf 91' lang='lat' dir='ltr'><strong>venenum</strong></span> <span class='ocrx_word' id='word_1_121' title='bbox 1470 1622 1719 1679; x_wconf 89' lang='lat' dir='ltr'><strong>nocivius</strong></span> 
     </span>
    </p>
   </div>
   <div class='ocr_carea' id='block_1_18' title="bbox 1820 385 3412 468">
    <p class='ocr_par' dir='ltr' id='par_1_18' title="bbox 1820 385 3412 468">
     <span class='ocr_line' id='line_1_18' title="bbox 1820 385 3412 468; baseline -0.008 -13"><span class='ocrx_word' id='word_1_122' title='bbox 1820 399 1974 455; x_wconf 91' lang='lat' dir='ltr'><strong>dacia</strong></span> <span class='ocrx_word' id='word_1_123' title='bbox 1997 444 2012 468; x_wconf 91' lang='lat'><strong>,</strong></span> <span class='ocrx_word' id='word_1_124' title='bbox 2037 397 2257 454; x_wconf 88' lang='lat' dir='ltr'><strong>fabulas</strong></span> <span class='ocrx_word' id='word_1_125' title='bbox 2284 410 2454 453; x_wconf 87' lang='lat' dir='ltr'><strong>novas</strong></span> <span class='ocrx_word' id='word_1_126' title='bbox 2481 408 2775 466; x_wconf 87' lang='lat' dir='ltr'><strong>numquam</strong></span> <span class='ocrx_word' id='word_1_127' title='bbox 2806 391 3122 458; x_wconf 88' lang='lat' dir='ltr'><strong>fastidiunt,</strong></span> <span class='ocrx_word' id='word_1_128' title='bbox 3151 385 3412 459; x_wconf 85' lang='lat' dir='ltr'><strong>auguriis,</strong></span> 
     </span>
    </p>
   </div>
   <div class='ocr_carea' id='block_1_19' title="bbox 1819 484 3415 563">
    <p class='ocr_par' dir='ltr' id='par_1_19' title="bbox 1819 484 3415 563">
     <span class='ocr_line' id='line_1_19' title="bbox 1819 484 3415 563; baseline -0.01 -13"><span class='ocrx_word' id='word_1_129' title='bbox 1819 492 2098 552; x_wconf 84' lang='lat' dir='ltr'><strong>veneficiis</strong></span> <span class='ocrx_word' id='word_1_130' title='bbox 2117 538 2131 563; x_wconf 88' lang='lat'><strong>,</strong></span> <span class='ocrx_word' id='word_1_131' title='bbox 2157 502 2212 549; x_wconf 93' lang='lat' dir='ltr'><strong>et</strong></span> <span class='ocrx_word' id='word_1_132' title='bbox 2235 490 2692 548; x_wconf 87' lang='lat' dir='ltr'><strong>incantationibus</strong></span> <span class='ocrx_word' id='word_1_133' title='bbox 2715 488 3023 544; x_wconf 88' lang='lat' dir='ltr'><strong>daemonum</strong></span> <span class='ocrx_word' id='word_1_134' title='bbox 3047 484 3415 541; x_wconf 86' lang='lat' dir='ltr'><strong>delectantur.</strong></span> 
     </span>
    </p>
   </div>
   <div class='ocr_carea' id='block_1_20' title="bbox 1820 574 3418 660">
    <p class='ocr_par' dir='ltr' id='par_1_20' title="bbox 1820 574 3418 660">
     <span class='ocr_line' id='line_1_20' title="bbox 1820 574 3418 660; baseline -0.01 -12"><span class='ocrx_word' id='word_1_135' title='bbox 1820 589 1878 648; x_wconf 90' lang='lat' dir='ltr'><strong>Si</strong></span> <span class='ocrx_word' id='word_1_136' title='bbox 1900 589 1992 660; x_wconf 88' lang='lat' dir='ltr'><strong>qui</strong></span> <span class='ocrx_word' id='word_1_137' title='bbox 2014 589 2141 645; x_wconf 88' lang='lat' dir='ltr'><strong>talia</strong></span> <span class='ocrx_word' id='word_1_138' title='bbox 2166 587 2467 658; x_wconf 80' lang='lat' dir='ltr'><strong>proferant,</strong></span> <span class='ocrx_word' id='word_1_139' title='bbox 2486 584 2540 639; x_wconf 90' lang='lat' dir='ltr'><strong>hi</strong></span> <span class='ocrx_word' id='word_1_140' title='bbox 2568 582 2867 653; x_wconf 72' lang='lat' dir='ltr'><strong>prredilecti</strong></span> <span class='ocrx_word' id='word_1_141' title='bbox 2895 579 3013 647; x_wconf 81' lang='lat' dir='ltr'><strong>lilii,</strong></span> <span class='ocrx_word' id='word_1_142' title='bbox 3032 579 3083 633; x_wconf 93' lang='lat' dir='ltr'><strong>hi</strong></span> <span class='ocrx_word' id='word_1_143' title='bbox 3104 574 3418 649; x_wconf 87' lang='lat' dir='ltr'><strong>spirituales</strong></span> 
     </span>
    </p>
   </div>
   <div class='ocr_carea' id='block_1_21' title="bbox 1821 667 3416 755">
    <p class='ocr_par' dir='ltr' id='par_1_21' title="bbox 1821 667 3416 755">
     <span class='ocr_line' id='line_1_21' title="bbox 1821 667 3416 755; baseline -0.01 -17"><span class='ocrx_word' id='word_1_144' title='bbox 1821 692 2005 755; x_wconf 85' lang='lat' dir='ltr'><strong>patres</strong></span> <span class='ocrx_word' id='word_1_145' title='bbox 2037 691 2092 736; x_wconf 92' lang='lat' dir='ltr'><strong>et</strong></span> <span class='ocrx_word' id='word_1_146' title='bbox 2123 680 2325 736; x_wconf 82' lang='lat' dir='ltr'><strong>fratres</strong></span> <span class='ocrx_word' id='word_1_147' title='bbox 2349 724 2365 745; x_wconf 91' lang='lat'><strong>,</strong></span> <span class='ocrx_word' id='word_1_148' title='bbox 2397 677 2455 733; x_wconf 89' lang='lat' dir='ltr'><strong>hi</strong></span> <span class='ocrx_word' id='word_1_149' title='bbox 2483 676 2750 747; x_wconf 84' lang='lat' dir='ltr'><strong>profecto,</strong></span> <span class='ocrx_word' id='word_1_150' title='bbox 2776 685 2839 731; x_wconf 91' lang='lat' dir='ltr'><strong>ut</strong></span> <span class='ocrx_word' id='word_1_151' title='bbox 2865 674 3054 729; x_wconf 88' lang='lat' dir='ltr'><strong>verius</strong></span> <span class='ocrx_word' id='word_1_152' title='bbox 3086 672 3247 727; x_wconf 91' lang='lat' dir='ltr'><strong>liceat</strong></span> <span class='ocrx_word' id='word_1_153' title='bbox 3273 667 3416 735; x_wconf 91' lang='lat' dir='ltr'><strong>dici,</strong></span> 
     </span>
    </p>
   </div>
   <div class='ocr_carea' id='block_1_22' title="bbox 1820 763 3419 841">
    <p class='ocr_par' dir='ltr' id='par_1_22' title="bbox 1820 763 3419 841">
     <span class='ocr_line' id='line_1_22' title="bbox 1820 763 3419 841; baseline -0.01 -9"><span class='ocrx_word' id='word_1_154' title='bbox 1820 772 2199 832; x_wconf 88' lang='lat' dir='ltr'><strong>concubinarii</strong></span> <span class='ocrx_word' id='word_1_155' title='bbox 2220 813 2236 841; x_wconf 92' lang='lat'><strong>,</strong></span> <span class='ocrx_word' id='word_1_156' title='bbox 2268 782 2325 828; x_wconf 91' lang='lat' dir='ltr'><strong>et</strong></span> <span class='ocrx_word' id='word_1_157' title='bbox 2353 778 2707 841; x_wconf 89' lang='lat' dir='ltr'><strong>corruptores</strong></span> <span class='ocrx_word' id='word_1_158' title='bbox 2742 769 2938 823; x_wconf 88' lang='lat' dir='ltr'><strong>mentis</strong></span> <span class='ocrx_word' id='word_1_159' title='bbox 2981 773 3039 823; x_wconf 92' lang='lat' dir='ltr'><strong>et</strong></span> <span class='ocrx_word' id='word_1_160' title='bbox 3064 763 3273 819; x_wconf 88' lang='lat' dir='ltr'><strong>ventris</strong></span> <span class='ocrx_word' id='word_1_161' title='bbox 3320 777 3419 816; x_wconf 86' lang='lat' dir='ltr'><strong>nu-</strong></span> 
     </span>
    </p>
   </div>
   <div class='ocr_carea' id='block_1_23' title="bbox 1819 857 3418 937">
    <p class='ocr_par' dir='ltr' id='par_1_23' title="bbox 1819 857 3418 937">
     <span class='ocr_line' id='line_1_23' title="bbox 1819 857 3418 937; baseline -0.007 -13"><span class='ocrx_word' id='word_1_162' title='bbox 1819 869 2059 924; x_wconf 89' lang='lat' dir='ltr'><strong>triuntur</strong></span> <span class='ocrx_word' id='word_1_163' title='bbox 2084 884 2100 935; x_wconf 90' lang='lat'><strong>;</strong></span> <span class='ocrx_word' id='word_1_164' title='bbox 2130 865 2418 937; x_wconf 86' lang='lat' dir='ltr'><strong>exquisitis</strong></span> <span class='ocrx_word' id='word_1_165' title='bbox 2471 864 2697 921; x_wconf 88' lang='lat' dir='ltr'><strong>ferculis</strong></span> <span class='ocrx_word' id='word_1_166' title='bbox 2725 871 2784 919; x_wconf 92' lang='lat' dir='ltr'><strong>et</strong></span> <span class='ocrx_word' id='word_1_167' title='bbox 2810 859 3054 917; x_wconf 89' lang='lat' dir='ltr'><strong>delicatis</strong></span> <span class='ocrx_word' id='word_1_168' title='bbox 3084 859 3226 914; x_wconf 90' lang='lat' dir='ltr'><strong>escis</strong></span> <span class='ocrx_word' id='word_1_169' title='bbox 3245 899 3259 922; x_wconf 91' lang='lat'><strong>,</strong></span> <span class='ocrx_word' id='word_1_170' title='bbox 3292 857 3418 913; x_wconf 80' lang='lat' dir='ltr'><strong>vina</strong></span> 
     </span>
    </p>
   </div>
   <div class='ocr_carea' id='block_1_24' title="bbox 1821 948 3419 1033">
    <p class='ocr_par' dir='ltr' id='par_1_24' title="bbox 1821 948 3419 1033">
     <span class='ocr_line' id='line_1_24' title="bbox 1821 948 3419 1033; baseline -0.009 -15"><span class='ocrx_word' id='word_1_171' title='bbox 1821 963 2060 1033; x_wconf 88' lang='lat' dir='ltr'><strong>pretiosa</strong></span> <span class='ocrx_word' id='word_1_172' title='bbox 2090 975 2198 1017; x_wconf 91' lang='lat' dir='ltr'><strong>non</strong></span> <span class='ocrx_word' id='word_1_173' title='bbox 2226 958 2445 1016; x_wconf 89' lang='lat' dir='ltr'><strong>desunt.</strong></span> <span class='ocrx_word' id='word_1_174' title='bbox 2475 959 2553 1013; x_wconf 83' lang='lat' dir='ltr'><strong>Ex</strong></span> <span class='ocrx_word' id='word_1_175' title='bbox 2585 956 2801 1012; x_wconf 87' lang='lat' dir='ltr'><strong>furtivis</strong></span> <span class='ocrx_word' id='word_1_176' title='bbox 2829 969 2974 1026; x_wconf 80' lang='lat' dir='ltr'><strong>saepe</strong></span> <span class='ocrx_word' id='word_1_177' title='bbox 2992 953 3237 1009; x_wconf 89' lang='lat' dir='ltr'><strong>virorum</strong></span> <span class='ocrx_word' id='word_1_178' title='bbox 3262 948 3419 1005; x_wconf 84' lang='lat' dir='ltr'><strong>labo-</strong></span> 
     </span>
    </p>
   </div>
   <div class='ocr_carea' id='block_1_25' title="bbox 1821 1042 3414 1120">
    <p class='ocr_par' dir='ltr' id='par_1_25' title="bbox 1821 1042 3414 1120">
     <span class='ocr_line' id='line_1_25' title="bbox 1821 1042 3414 1120; baseline -0.009 -11"><span class='ocrx_word' id='word_1_179' title='bbox 1821 1054 1976 1109; x_wconf 86' lang='lat' dir='ltr'><strong>ribus</strong></span> <span class='ocrx_word' id='word_1_180' title='bbox 1995 1094 2010 1120; x_wconf 91' lang='lat'><strong>,</strong></span> <span class='ocrx_word' id='word_1_181' title='bbox 2036 1060 2093 1109; x_wconf 90' lang='lat' dir='ltr'><strong>et</strong></span> <span class='ocrx_word' id='word_1_182' title='bbox 2121 1052 2264 1107; x_wconf 91' lang='lat' dir='ltr'><strong>inter</strong></span> <span class='ocrx_word' id='word_1_183' title='bbox 2289 1049 2543 1120; x_wconf 89' lang='lat' dir='ltr'><strong>crapulas</strong></span> <span class='ocrx_word' id='word_1_184' title='bbox 2574 1057 2632 1105; x_wconf 90' lang='lat' dir='ltr'><strong>et</strong></span> <span class='ocrx_word' id='word_1_185' title='bbox 2660 1046 2955 1104; x_wconf 89' lang='lat' dir='ltr'><strong>ebrietates</strong></span> <span class='ocrx_word' id='word_1_186' title='bbox 2985 1052 3261 1100; x_wconf 86' lang='lat' dir='ltr'><strong>ructantes</strong></span> <span class='ocrx_word' id='word_1_187' title='bbox 3292 1042 3414 1096; x_wconf 91' lang='lat' dir='ltr'><strong>fau-</strong></span> 
     </span>
    </p>
   </div>
   <div class='ocr_carea' id='block_1_26' title="bbox 1822 1136 3422 1217">
    <p class='ocr_par' dir='ltr' id='par_1_26' title="bbox 1822 1136 3422 1217">
     <span class='ocr_line' id='line_1_26' title="bbox 1822 1136 3422 1217; baseline -0.007 -15"><span class='ocrx_word' id='word_1_188' title='bbox 1822 1161 1913 1202; x_wconf 85' lang='lat' dir='ltr'><strong>ces</strong></span> <span class='ocrx_word' id='word_1_189' title='bbox 1936 1188 1951 1213; x_wconf 94' lang='lat'><strong>,</strong></span> <span class='ocrx_word' id='word_1_190' title='bbox 1977 1144 2202 1217; x_wconf 89' lang='lat' dir='ltr'><strong>spiritus</strong></span> <span class='ocrx_word' id='word_1_191' title='bbox 2227 1144 2574 1200; x_wconf 90' lang='lat' dir='ltr'><strong>dulcedinem</strong></span> <span class='ocrx_word' id='word_1_192' title='bbox 2605 1141 2933 1214; x_wconf 64' lang='lat' dir='ltr'><strong>praedicant.</strong></span> <span class='ocrx_word' id='word_1_193' title='bbox 2963 1138 3296 1209; x_wconf 90' lang='lat' dir='ltr'><strong>Proponitur</strong></span> <span class='ocrx_word' id='word_1_194' title='bbox 3320 1136 3422 1191; x_wconf 84' lang='lat' dir='ltr'><strong>itc-</strong></span> 
     </span>
    </p>
   </div>
   <div class='ocr_carea' id='block_1_27' title="bbox 1821 1229 3421 1309">
    <p class='ocr_par' dir='ltr' id='par_1_27' title="bbox 1821 1229 3421 1309">
     <span class='ocr_line' id='line_1_27' title="bbox 1821 1229 3421 1309; baseline -0.009 -14"><span class='ocrx_word' id='word_1_195' title='bbox 1821 1255 1944 1295; x_wconf 91' lang='lat' dir='ltr'><strong>rum</strong></span> <span class='ocrx_word' id='word_1_196' title='bbox 1968 1247 2134 1309; x_wconf 88' lang='lat' dir='ltr'><strong>atque</strong></span> <span class='ocrx_word' id='word_1_197' title='bbox 2158 1239 2353 1295; x_wconf 90' lang='lat' dir='ltr'><strong>iterum</strong></span> <span class='ocrx_word' id='word_1_198' title='bbox 2383 1237 2515 1293; x_wconf 91' lang='lat' dir='ltr'><strong>illud</strong></span> <span class='ocrx_word' id='word_1_199' title='bbox 2541 1236 2790 1307; x_wconf 78' lang='lat' dir='ltr'><strong>Apostoli</strong></span> <span class='ocrx_word' id='word_1_200' title='bbox 2813 1251 2827 1288; x_wconf 93' lang='lat'><strong>:</strong></span> <span class='ocrx_word' id='word_1_201' title='bbox 2851 1231 3006 1303; x_wconf 89' lang='lat' dir='ltr'><strong>Quod</strong></span> <span class='ocrx_word' id='word_1_202' title='bbox 3032 1231 3202 1287; x_wconf 82' lang='lat' dir='ltr'><strong>omnia</strong></span> <span class='ocrx_word' id='word_1_203' title='bbox 3228 1229 3421 1284; x_wconf 86' lang='lat' dir='ltr'><strong>munda</strong></span> 
     </span>
    </p>
   </div>
   <div class='ocr_carea' id='block_1_28' title="bbox 1820 1321 3415 1399">
    <p class='ocr_par' dir='ltr' id='par_1_28' title="bbox 1820 1321 3415 1399">
     <span class='ocr_line' id='line_1_28' title="bbox 1820 1321 3415 1399; baseline -0.008 -12"><span class='ocrx_word' id='word_1_204' title='bbox 1820 1332 2048 1387; x_wconf 81' lang='lat' dir='ltr'><strong>mundis.</strong></span> <span class='ocrx_word' id='word_1_205' title='bbox 2076 1332 2151 1387; x_wconf 87' lang='lat' dir='ltr'><strong>De</strong></span> <span class='ocrx_word' id='word_1_206' title='bbox 2184 1331 2383 1386; x_wconf 89' lang='lat' dir='ltr'><strong>talibus</strong></span> <span class='ocrx_word' id='word_1_207' title='bbox 2412 1329 2559 1399; x_wconf 90' lang='lat' dir='ltr'><strong>loqui</strong></span> <span class='ocrx_word' id='word_1_208' title='bbox 2590 1328 2744 1383; x_wconf 86' lang='lat' dir='ltr'><strong>nefas</strong></span> <span class='ocrx_word' id='word_1_209' title='bbox 2775 1334 2860 1383; x_wconf 88' lang='lat' dir='ltr'><strong>est</strong></span> <span class='ocrx_word' id='word_1_210' title='bbox 2883 1369 2897 1393; x_wconf 95' lang='lat'><strong>,</strong></span> <span class='ocrx_word' id='word_1_211' title='bbox 2930 1334 2983 1381; x_wconf 92' lang='lat' dir='ltr'><strong>et</strong></span> <span class='ocrx_word' id='word_1_212' title='bbox 3032 1323 3167 1395; x_wconf 88' lang='lat' dir='ltr'><strong>proh</strong></span> <span class='ocrx_word' id='word_1_213' title='bbox 3198 1321 3373 1394; x_wconf 89' lang='lat' dir='ltr'><strong>pudor</strong></span> <span class='ocrx_word' id='word_1_214' title='bbox 3400 1322 3415 1375; x_wconf 74' lang='grc' dir='ltr'><strong>ε</strong></span> 
     </span>
    </p>
   </div>
   <div class='ocr_carea' id='block_1_29' title="bbox 1829 1420 3418 1497">
    <p class='ocr_par' dir='ltr' id='par_1_29' title="bbox 1829 1420 3418 1497">
     <span class='ocr_line' id='line_1_29' title="bbox 1829 1420 3418 1497; baseline -0.009 -15"><span class='ocrx_word' id='word_1_215' title='bbox 1829 1426 1936 1482; x_wconf 91' lang='lat' dir='ltr'><strong>Sed</strong></span> <span class='ocrx_word' id='word_1_216' title='bbox 1968 1426 2131 1497; x_wconf 91' lang='lat' dir='ltr'><strong>cupio</strong></span> <span class='ocrx_word' id='word_1_217' title='bbox 2159 1424 2258 1480; x_wconf 90' lang='lat' dir='ltr'><strong>Dei</strong></span> <span class='ocrx_word' id='word_1_218' title='bbox 2314 1421 2693 1480; x_wconf 87' lang='lat' dir='ltr'><strong>servitricibus</strong></span> <span class='ocrx_word' id='word_1_219' title='bbox 2720 1420 2983 1489; x_wconf 85' lang='lat' dir='ltr'><strong>detegere</strong></span> <span class='ocrx_word' id='word_1_220' title='bbox 3029 1429 3221 1471; x_wconf 78' lang='lat' dir='ltr'><strong>omnes</strong></span> <span class='ocrx_word' id='word_1_221' title='bbox 3273 1421 3418 1469; x_wconf 88' lang='lat' dir='ltr'><strong>artes</strong></span> 
     </span>
    </p>
   </div>
   <div class='ocr_carea' id='block_1_30' title="bbox 1822 1510 3172 1587">
    <p class='ocr_par' dir='ltr' id='par_1_30' title="bbox 1822 1510 3172 1587">
     <span class='ocr_line' id='line_1_30' title="bbox 1822 1510 3172 1587; baseline -0.007 -12"><span class='ocrx_word' id='word_1_222' title='bbox 1822 1518 2059 1586; x_wconf 87' lang='lat' dir='ltr'><strong>diaboli,</strong></span> <span class='ocrx_word' id='word_1_223' title='bbox 2111 1526 2173 1575; x_wconf 91' lang='lat' dir='ltr'><strong>ut</strong></span> <span class='ocrx_word' id='word_1_224' title='bbox 2223 1517 2360 1574; x_wconf 88' lang='lat' dir='ltr'><strong>nihil</strong></span> <span class='ocrx_word' id='word_1_225' title='bbox 2390 1517 2532 1574; x_wconf 87' lang='lat' dir='ltr'><strong>desit</strong></span> <span class='ocrx_word' id='word_1_226' title='bbox 2572 1515 2718 1587; x_wconf 87' lang='lat' dir='ltr'><strong>quod</strong></span> <span class='ocrx_word' id='word_1_227' title='bbox 2768 1512 2951 1570; x_wconf 87' lang='lat' dir='ltr'><strong>caveri</strong></span> <span class='ocrx_word' id='word_1_228' title='bbox 2978 1510 3172 1583; x_wconf 87' lang='lat' dir='ltr'><strong>possit.</strong></span> 
     </span>
    </p>
   </div>
   <div class='ocr_carea' id='block_1_31' title="bbox 2395 1631 2835 1689">
    <p class='ocr_par' dir='ltr' id='par_1_31' title="bbox 2395 1631 2835 1689">
     <span class='ocr_line' id='line_1_31' title="bbox 2395 1631 2835 1689; baseline -0.007 0"><span class='ocrx_word' id='word_1_229' title='bbox 2395 1632 2624 1689; x_wconf 84' lang='lat' dir='ltr'><strong>CAPUT</strong></span> <span class='ocrx_word' id='word_1_230' title='bbox 2668 1631 2835 1687; x_wconf 72' lang='lat' dir='ltr'><strong>XXII.</strong></span> 
     </span>
    </p>
   </div>
   <div class='ocr_carea' id='block_1_32' title="bbox 153 1714 1722 1800">
    <p class='ocr_par' dir='ltr' id='par_1_32' title="bbox 153 1716 1718 1800">
     <span class='ocr_line' id='line_1_32' title="bbox 153 1716 1718 1800; baseline -0.011 -13"><span class='ocrx_word' id='word_1_231' title='bbox 153 1732 347 1787; x_wconf 70' lang='lat' dir='ltr'><strong>feminae</strong></span> <span class='ocrx_word' id='word_1_232' title='bbox 370 1772 390 1798; x_wconf 90' lang='lat'><strong>,</strong></span> <span class='ocrx_word' id='word_1_233' title='bbox 435 1744 600 1800; x_wconf 90' lang='lat' dir='ltr'><strong>quam</strong></span> <span class='ocrx_word' id='word_1_234' title='bbox 628 1726 845 1783; x_wconf 77' lang='lat' dir='ltr'><strong>affectio</strong></span> <span class='ocrx_word' id='word_1_235' title='bbox 885 1740 1011 1795; x_wconf 86' lang='lat' dir='ltr'><strong>erga</strong></span> <span class='ocrx_word' id='word_1_236' title='bbox 1042 1724 1250 1787; x_wconf 90' lang='lat' dir='ltr'><strong>virum,</strong></span> <span class='ocrx_word' id='word_1_237' title='bbox 1280 1731 1622 1791; x_wconf 87' lang='lat' dir='ltr'><strong>quacumque</strong></span> <span class='ocrx_word' id='word_1_238' title='bbox 1650 1716 1718 1771; x_wconf 90' lang='lat' dir='ltr'><strong>de</strong></span> 
     </span>
    </p>
   </div>
   <div class='ocr_carea' id='block_1_33' title="bbox 1829 1714 3350 1800">
    <p class='ocr_par' dir='ltr' id='par_1_33' title="bbox 1892 1721 3350 1796">
     <span class='ocr_line' id='line_1_33' title="bbox 1892 1721 3350 1796; baseline -0.004 -13"><span class='ocrx_word' id='word_1_239' title='bbox 1892 1729 1974 1785; x_wconf 86' lang='lat' dir='ltr'><strong>De</strong></span> <span class='ocrx_word' id='word_1_240' title='bbox 2001 1730 2230 1796; x_wconf 82' lang='lat' dir='ltr'><strong>silentio,</strong></span> <span class='ocrx_word' id='word_1_241' title='bbox 2255 1736 2303 1783; x_wconf 85' lang='lat' dir='ltr'><strong>et</strong></span> <span class='ocrx_word' id='word_1_242' title='bbox 2330 1729 2513 1784; x_wconf 84' lang='lat' dir='ltr'><strong>diebus</strong></span> <span class='ocrx_word' id='word_1_243' title='bbox 2538 1737 2587 1782; x_wconf 89' lang='lat' dir='ltr'><strong>et</strong></span> <span class='ocrx_word' id='word_1_244' title='bbox 2619 1726 2761 1781; x_wconf 84' lang='lat' dir='ltr'><strong>horis</strong></span> <span class='ocrx_word' id='word_1_245' title='bbox 2789 1724 2970 1779; x_wconf 76' lang='lat' dir='ltr'><strong>debitis</strong></span> <span class='ocrx_word' id='word_1_246' title='bbox 2997 1721 3350 1778; x_wconf 77' lang='lat' dir='ltr'><strong>observandis.</strong></span> 
     </span>
    </p>
   </div>
   <div class='ocr_carea' id='block_1_34' title="bbox 153 1811 1722 1895">
    <p class='ocr_par' dir='ltr' id='par_1_34' title="bbox 153 1811 1722 1895">
     <span class='ocr_line' id='line_1_34' title="bbox 153 1811 1722 1895; baseline -0.011 -14"><span class='ocrx_word' id='word_1_247' title='bbox 153 1841 283 1881; x_wconf 84' lang='lat' dir='ltr'><strong>causa</strong></span> <span class='ocrx_word' id='word_1_248' title='bbox 312 1823 598 1895; x_wconf 89' lang='lat' dir='ltr'><strong>procedat.</strong></span> <span class='ocrx_word' id='word_1_249' title='bbox 634 1820 780 1877; x_wconf 89' lang='lat' dir='ltr'><strong>Proh</strong></span> <span class='ocrx_word' id='word_1_250' title='bbox 824 1818 1023 1875; x_wconf 88' lang='lat' dir='ltr'><strong>dolor!</strong></span> <span class='ocrx_word' id='word_1_251' title='bbox 1077 1815 1264 1871; x_wconf 86' lang='lat' dir='ltr'><strong>infelix</strong></span> <span class='ocrx_word' id='word_1_252' title='bbox 1292 1811 1533 1869; x_wconf 90' lang='lat' dir='ltr'><strong>conditio</strong></span> <span class='ocrx_word' id='word_1_253' title='bbox 1560 1823 1722 1866; x_wconf 77' lang='lat' dir='ltr'><strong>sexus</strong></span> 
     </span>
    </p>
   </div>
   <div class='ocr_carea' id='block_1_35' title="bbox 152 1902 1724 1981">
    <p class='ocr_par' dir='ltr' id='par_1_35' title="bbox 152 1902 1724 1981">
     <span class='ocr_line' id='line_1_35' title="bbox 152 1902 1724 1981; baseline -0.013 -4"><span class='ocrx_word' id='word_1_254' title='bbox 152 1919 306 1977; x_wconf 81' lang='lat' dir='ltr'><strong>vestri.</strong></span> <span class='ocrx_word' id='word_1_255' title='bbox 357 1917 619 1976; x_wconf 87' lang='lat' dir='ltr'><strong>Sanctior</strong></span> <span class='ocrx_word' id='word_1_256' title='bbox 663 1913 864 1970; x_wconf 89' lang='lat' dir='ltr'><strong>mulier</strong></span> <span class='ocrx_word' id='word_1_257' title='bbox 892 1912 1031 1967; x_wconf 88' lang='lat' dir='ltr'><strong>ultra</strong></span> <span class='ocrx_word' id='word_1_258' title='bbox 1061 1925 1221 1981; x_wconf 91' lang='lat' dir='ltr'><strong>quam</strong></span> <span class='ocrx_word' id='word_1_259' title='bbox 1274 1905 1383 1963; x_wconf 92' lang='lat' dir='ltr'><strong>dici</strong></span> <span class='ocrx_word' id='word_1_260' title='bbox 1415 1906 1570 1961; x_wconf 85' lang='lat' dir='ltr'><strong>liceat</strong></span> <span class='ocrx_word' id='word_1_261' title='bbox 1598 1945 1616 1971; x_wconf 95' lang='lat'><strong>,</strong></span> <span class='ocrx_word' id='word_1_262' title='bbox 1674 1902 1724 1958; x_wconf 88' lang='lat' dir='ltr'><strong>si</strong></span> 
     </span>
    </p>
   </div>
   <div class='ocr_carea' id='block_1_36' title="bbox 153 1996 1723 2081">
    <p class='ocr_par' dir='ltr' id='par_1_36' title="bbox 153 1996 1723 2081">
     <span class='ocr_line' id='line_1_36' title="bbox 153 1996 1723 2081; baseline -0.009 -14"><span class='ocrx_word' id='word_1_263' title='bbox 153 2016 245 2070; x_wconf 76' lang='lat' dir='ltr'><strong>viro</strong></span> <span class='ocrx_word' id='word_1_264' title='bbox 266 2014 546 2069; x_wconf 67' lang='lat' dir='ltr'><strong>adhmreat</strong></span> <span class='ocrx_word' id='word_1_265' title='bbox 576 2016 1081 2081; x_wconf 89' lang='lat' dir='ltr'><strong>quantumcumque</strong></span> <span class='ocrx_word' id='word_1_266' title='bbox 1110 2001 1375 2074; x_wconf 89' lang='lat' dir='ltr'><strong>spirituali</strong></span> <span class='ocrx_word' id='word_1_267' title='bbox 1393 2044 1409 2070; x_wconf 91' lang='lat'><strong>,</strong></span> <span class='ocrx_word' id='word_1_268' title='bbox 1460 1996 1723 2054; x_wconf 84' lang='lat' dir='ltr'><strong>instinctu</strong></span> 
     </span>
    </p>
   </div>
   <div class='ocr_carea' id='block_1_37' title="bbox 152 2091 1723 2164">
    <p class='ocr_par' dir='ltr' id='par_1_37' title="bbox 152 2091 1723 2164">
     <span class='ocr_line' id='line_1_37' title="bbox 152 2091 1723 2164; baseline -0.01 -1"><span class='ocrx_word' id='word_1_269' title='bbox 152 2109 351 2163; x_wconf 84' lang='lat' dir='ltr'><strong>naturali</strong></span> <span class='ocrx_word' id='word_1_270' title='bbox 377 2105 678 2163; x_wconf 86' lang='lat' dir='ltr'><strong>inclinatur</strong></span> <span class='ocrx_word' id='word_1_271' title='bbox 704 2101 923 2158; x_wconf 88' lang='lat' dir='ltr'><strong>tandem</strong></span> <span class='ocrx_word' id='word_1_272' title='bbox 954 2101 1021 2155; x_wconf 89' lang='lat' dir='ltr'><strong>ad</strong></span> <span class='ocrx_word' id='word_1_273' title='bbox 1045 2097 1218 2164; x_wconf 82' lang='lat' dir='ltr'><strong>nefas,</strong></span> <span class='ocrx_word' id='word_1_274' title='bbox 1252 2095 1300 2151; x_wconf 88' lang='lat' dir='ltr'><strong>si</strong></span> <span class='ocrx_word' id='word_1_275' title='bbox 1328 2096 1380 2149; x_wconf 92' lang='lat' dir='ltr'><strong>in</strong></span> <span class='ocrx_word' id='word_1_276' title='bbox 1406 2093 1523 2149; x_wconf 90' lang='lat' dir='ltr'><strong>viro</strong></span> <span class='ocrx_word' id='word_1_277' title='bbox 1549 2091 1723 2147; x_wconf 87' lang='lat' dir='ltr'><strong>virtus</strong></span> 
     </span>
    </p>
   </div>
   <div class='ocr_carea' id='block_1_38' title="bbox 154 2186 1722 2271">
    <p class='ocr_par' dir='ltr' id='par_1_38' title="bbox 154 2186 1722 2271">
     <span class='ocr_line' id='line_1_38' title="bbox 154 2186 1722 2271; baseline -0.011 -15"><span class='ocrx_word' id='word_1_278' title='bbox 154 2203 355 2258; x_wconf 83' lang='lat' dir='ltr'><strong>deﬁciat.</strong></span> <span class='ocrx_word' id='word_1_279' title='bbox 380 2200 543 2271; x_wconf 87' lang='lat' dir='ltr'><strong>Piget</strong></span> <span class='ocrx_word' id='word_1_280' title='bbox 567 2214 692 2270; x_wconf 72' lang='lat' dir='ltr'><strong>qua:</strong></span> <span class='ocrx_word' id='word_1_281' title='bbox 712 2197 837 2253; x_wconf 88' lang='lat' dir='ltr'><strong>novi</strong></span> <span class='ocrx_word' id='word_1_282' title='bbox 859 2203 1055 2252; x_wconf 87' lang='lat' dir='ltr'><strong>cuncta</strong></span> <span class='ocrx_word' id='word_1_283' title='bbox 1080 2204 1327 2248; x_wconf 86' lang='lat' dir='ltr'><strong>narrare.</strong></span> <span class='ocrx_word' id='word_1_284' title='bbox 1354 2186 1536 2243; x_wconf 89' lang='lat' dir='ltr'><strong>Etiam</strong></span> <span class='ocrx_word' id='word_1_285' title='bbox 1559 2200 1722 2255; x_wconf 89' lang='lat' dir='ltr'><strong>argu-</strong></span> 
     </span>
    </p>
   </div>
   <div class='ocr_carea' id='block_1_39' title="bbox 155 2281 1726 2361">
    <p class='ocr_par' dir='ltr' id='par_1_39' title="bbox 155 2281 1726 2361">
     <span class='ocr_line' id='line_1_39' title="bbox 155 2281 1726 2361; baseline -0.01 -10"><span class='ocrx_word' id='word_1_286' title='bbox 155 2306 303 2353; x_wconf 79' lang='lat' dir='ltr'><strong>menta</strong></span> <span class='ocrx_word' id='word_1_287' title='bbox 333 2304 467 2353; x_wconf 85' lang='lat' dir='ltr'><strong>sunt</strong></span> <span class='ocrx_word' id='word_1_288' title='bbox 486 2293 693 2350; x_wconf 88' lang='lat' dir='ltr'><strong>diaboli</strong></span> <span class='ocrx_word' id='word_1_289' title='bbox 712 2337 726 2361; x_wconf 94' lang='lat'><strong>,</strong></span> <span class='ocrx_word' id='word_1_290' title='bbox 762 2298 819 2348; x_wconf 87' lang='lat' dir='ltr'><strong>et</strong></span> <span class='ocrx_word' id='word_1_291' title='bbox 848 2290 1042 2347; x_wconf 85' lang='lat' dir='ltr'><strong>mortis</strong></span> <span class='ocrx_word' id='word_1_292' title='bbox 1072 2297 1292 2343; x_wconf 67' lang='lat' dir='ltr'><strong>aeternae</strong></span> <span class='ocrx_word' id='word_1_293' title='bbox 1320 2281 1521 2340; x_wconf 90' lang='lat' dir='ltr'><strong>indicia</strong></span> <span class='ocrx_word' id='word_1_294' title='bbox 1542 2321 1559 2349; x_wconf 93' lang='lat'><strong>,</strong></span> <span class='ocrx_word' id='word_1_295' title='bbox 1584 2281 1726 2337; x_wconf 84' lang='lat' dir='ltr'><strong>filia-</strong></span> 
     </span>
    </p>
   </div>
   <div class='ocr_carea' id='block_1_40' title="bbox 159 2372 1721 2455">
    <p class='ocr_par' dir='ltr' id='par_1_40' title="bbox 159 2372 1721 2455">
     <span class='ocr_line' id='line_1_40' title="bbox 159 2372 1721 2455; baseline -0.013 -8"><span class='ocrx_word' id='word_1_296' title='bbox 159 2390 304 2446; x_wconf 84' lang='lat' dir='ltr'><strong>tiones</strong></span> <span class='ocrx_word' id='word_1_297' title='bbox 328 2399 389 2445; x_wconf 93' lang='lat' dir='ltr'><strong>et</strong></span> <span class='ocrx_word' id='word_1_298' title='bbox 438 2385 823 2444; x_wconf 89' lang='lat' dir='ltr'><strong>maternitates</strong></span> <span class='ocrx_word' id='word_1_299' title='bbox 841 2429 857 2455; x_wconf 87' lang='lat'><strong>,</strong></span> <span class='ocrx_word' id='word_1_300' title='bbox 907 2382 1104 2455; x_wconf 91' lang='lat' dir='ltr'><strong>quibus</strong></span> <span class='ocrx_word' id='word_1_301' title='bbox 1134 2377 1411 2434; x_wconf 84' lang='lat' dir='ltr'><strong>vocabulis</strong></span> <span class='ocrx_word' id='word_1_302' title='bbox 1440 2375 1543 2432; x_wconf 93' lang='lat' dir='ltr'><strong>sub</strong></span> <span class='ocrx_word' id='word_1_303' title='bbox 1572 2372 1721 2429; x_wconf 87' lang='lat' dir='ltr'><strong>vela-</strong></span> 
     </span>
    </p>
   </div>
   <div class='ocr_carea' id='block_1_41' title="bbox 157 2468 1653 2553">
    <p class='ocr_par' dir='ltr' id='par_1_41' title="bbox 157 2468 1653 2553">
     <span class='ocr_line' id='line_1_41' title="bbox 157 2468 1653 2553; baseline -0.012 -15"><span class='ocrx_word' id='word_1_304' title='bbox 157 2484 278 2539; x_wconf 85' lang='lat' dir='ltr'><strong>mine</strong></span> <span class='ocrx_word' id='word_1_305' title='bbox 301 2483 531 2553; x_wconf 83' lang='lat' dir='ltr'><strong>spiritus</strong></span> <span class='ocrx_word' id='word_1_306' title='bbox 579 2480 726 2536; x_wconf 90' lang='lat' dir='ltr'><strong>inter</strong></span> <span class='ocrx_word' id='word_1_307' title='bbox 752 2492 815 2534; x_wconf 92' lang='lat' dir='ltr'><strong>se</strong></span> <span class='ocrx_word' id='word_1_308' title='bbox 840 2484 1069 2531; x_wconf 90' lang='lat' dir='ltr'><strong>utuntur</strong></span> <span class='ocrx_word' id='word_1_309' title='bbox 1097 2486 1279 2529; x_wconf 88' lang='lat' dir='ltr'><strong>mares</strong></span> <span class='ocrx_word' id='word_1_310' title='bbox 1324 2477 1380 2525; x_wconf 90' lang='lat' dir='ltr'><strong>et</strong></span> <span class='ocrx_word' id='word_1_311' title='bbox 1410 2468 1653 2525; x_wconf 75' lang='lat' dir='ltr'><strong>feminae.</strong></span> 
     </span>
    </p>
   </div>
   <div class='ocr_carea' id='block_1_42' title="bbox 220 2559 1727 2638">
    <p class='ocr_par' dir='ltr' id='par_1_42' title="bbox 220 2559 1727 2638">
     <span class='ocr_line' id='line_1_42' title="bbox 220 2559 1727 2638; baseline -0.011 -7"><span class='ocrx_word' id='word_1_312' title='bbox 220 2574 521 2631; x_wconf 65' lang='lat' dir='ltr'><strong>Munuscula</strong></span> <span class='ocrx_word' id='word_1_313' title='bbox 574 2571 795 2638; x_wconf 88' lang='lat' dir='ltr'><strong>omnia,</strong></span> <span class='ocrx_word' id='word_1_314' title='bbox 843 2579 898 2625; x_wconf 89' lang='lat' dir='ltr'><strong>et</strong></span> <span class='ocrx_word' id='word_1_315' title='bbox 944 2574 1230 2638; x_wconf 88' lang='lat' dir='ltr'><strong>suspectas</strong></span> <span class='ocrx_word' id='word_1_316' title='bbox 1261 2561 1559 2629; x_wconf 89' lang='lat' dir='ltr'><strong>litterulas,</strong></span> <span class='ocrx_word' id='word_1_317' title='bbox 1607 2559 1727 2617; x_wconf 69' lang='lat' dir='ltr'><strong>haec</strong></span> 
     </span>
    </p>
   </div>
   <div class='ocr_carea' id='block_1_43' title="bbox 170 2654 1722 2733">
    <p class='ocr_par' dir='ltr' id='par_1_43' title="bbox 170 2654 1722 2733">
     <span class='ocr_line' id='line_1_43' title="bbox 170 2654 1722 2733; baseline -0.013 -6"><span class='ocrx_word' id='word_1_318' title='bbox 170 2679 334 2727; x_wconf 83' lang='lat' dir='ltr'><strong>cuncta</strong></span> <span class='ocrx_word' id='word_1_319' title='bbox 355 2666 587 2726; x_wconf 68' lang='lat' dir='ltr'><strong>luxuriae</strong></span> <span class='ocrx_word' id='word_1_320' title='bbox 618 2665 806 2723; x_wconf 89' lang='lat' dir='ltr'><strong>nuntia</strong></span> <span class='ocrx_word' id='word_1_321' title='bbox 824 2705 840 2733; x_wconf 95' lang='lat'><strong>,</strong></span> <span class='ocrx_word' id='word_1_322' title='bbox 863 2661 1019 2719; x_wconf 90' lang='lat' dir='ltr'><strong>vobis</strong></span> <span class='ocrx_word' id='word_1_323' title='bbox 1048 2658 1318 2716; x_wconf 90' lang='lat' dir='ltr'><strong>interdico</strong></span> <span class='ocrx_word' id='word_1_324' title='bbox 1365 2655 1465 2711; x_wconf 82' lang='lat' dir='ltr'><strong>sub</strong></span> <span class='ocrx_word' id='word_1_325' title='bbox 1492 2654 1722 2711; x_wconf 86' lang='lat' dir='ltr'><strong>anathe-</strong></span> 
     </span>
    </p>
   </div>
   <div class='ocr_carea' id='block_1_44' title="bbox 172 2751 1726 2828">
    <p class='ocr_par' dir='ltr' id='par_1_44' title="bbox 172 2751 1726 2828">
     <span class='ocr_line' id='line_1_44' title="bbox 172 2751 1726 2828; baseline -0.01 -9"><span class='ocrx_word' id='word_1_326' title='bbox 172 2775 291 2819; x_wconf 81' lang='lat' dir='ltr'><strong>mate</strong></span> <span class='ocrx_word' id='word_1_327' title='bbox 322 2773 375 2819; x_wconf 88' lang='lat' dir='ltr'><strong>et</strong></span> <span class='ocrx_word' id='word_1_328' title='bbox 416 2774 645 2818; x_wconf 65' lang='lat' dir='ltr'><strong>aeternae</strong></span> <span class='ocrx_word' id='word_1_329' title='bbox 675 2758 868 2815; x_wconf 91' lang='lat' dir='ltr'><strong>mortis</strong></span> <span class='ocrx_word' id='word_1_330' title='bbox 896 2772 1077 2828; x_wconf 69' lang='lat' dir='ltr'><strong>pinna.</strong></span> <span class='ocrx_word' id='word_1_331' title='bbox 1129 2751 1473 2811; x_wconf 87' lang='lat' dir='ltr'><strong>Adhibeatur</strong></span> <span class='ocrx_word' id='word_1_332' title='bbox 1513 2763 1726 2804; x_wconf 88' lang='lat' dir='ltr'><strong>summa</strong></span> 
     </span>
    </p>
   </div>
   <div class='ocr_carea' id='block_1_45' title="bbox 163 2842 1728 2927">
    <p class='ocr_par' dir='ltr' id='par_1_45' title="bbox 163 2842 1728 2927">
     <span class='ocr_line' id='line_1_45' title="bbox 163 2842 1728 2927; baseline -0.01 -15"><span class='ocrx_word' id='word_1_333' title='bbox 163 2857 405 2927; x_wconf 82' lang='lat' dir='ltr'><strong>diligentia</strong></span> <span class='ocrx_word' id='word_1_334' title='bbox 429 2898 446 2923; x_wconf 96' lang='lat'><strong>,</strong></span> <span class='ocrx_word' id='word_1_335' title='bbox 498 2863 561 2910; x_wconf 91' lang='lat' dir='ltr'><strong>ut</strong></span> <span class='ocrx_word' id='word_1_336' title='bbox 609 2860 764 2909; x_wconf 82' lang='lat' dir='ltr'><strong>extra</strong></span> <span class='ocrx_word' id='word_1_337' title='bbox 802 2848 1038 2907; x_wconf 73' lang='lat' dir='ltr'><strong>emnobii</strong></span> <span class='ocrx_word' id='word_1_338' title='bbox 1070 2847 1275 2902; x_wconf 88' lang='lat' dir='ltr'><strong>limites</strong></span> <span class='ocrx_word' id='word_1_339' title='bbox 1306 2844 1484 2900; x_wconf 90' lang='lat' dir='ltr'><strong>littera</strong></span> <span class='ocrx_word' id='word_1_340' title='bbox 1527 2842 1728 2913; x_wconf 86' lang='lat' dir='ltr'><strong>qualis-</strong></span> 
     </span>
    </p>
   </div>
   <div class='ocr_carea' id='block_1_46' title="bbox 158 2932 1728 3023">
    <p class='ocr_par' dir='ltr' id='par_1_46' title="bbox 158 2932 1728 3023">
     <span class='ocr_line' id='line_1_46' title="bbox 158 2932 1728 3023; baseline -0.011 -16"><span class='ocrx_word' id='word_1_341' title='bbox 158 2932 361 3023; x_wconf 76' lang='lat' dir='ltr'><strong>cumque</strong></span> <span class='ocrx_word' id='word_1_342' title='bbox 391 2964 508 3005; x_wconf 89' lang='lat' dir='ltr'><strong>non</strong></span> <span class='ocrx_word' id='word_1_343' title='bbox 537 2955 742 3004; x_wconf 89' lang='lat' dir='ltr'><strong>exeat:</strong></span> <span class='ocrx_word' id='word_1_344' title='bbox 778 2944 882 3000; x_wconf 91' lang='lat' dir='ltr'><strong>nisi</strong></span> <span class='ocrx_word' id='word_1_345' title='bbox 909 2942 1205 3000; x_wconf 69' lang='lat' dir='ltr'><strong>abbatissa:</strong></span> <span class='ocrx_word' id='word_1_346' title='bbox 1247 2946 1303 2995; x_wconf 92' lang='lat' dir='ltr'><strong>et</strong></span> <span class='ocrx_word' id='word_1_347' title='bbox 1327 2951 1583 2994; x_wconf 91' lang='lat' dir='ltr'><strong>sororum</strong></span> <span class='ocrx_word' id='word_1_348' title='bbox 1635 2951 1728 2992; x_wconf 89' lang='lat' dir='ltr'><strong>ac-</strong></span> 
     </span>
    </p>
   </div>
   <div class='ocr_carea' id='block_1_47' title="bbox 156 3029 1729 3109">
    <p class='ocr_par' dir='ltr' id='par_1_47' title="bbox 156 3029 1729 3109">
     <span class='ocr_line' id='line_1_47' title="bbox 156 3029 1729 3109; baseline -0.01 -9"><span class='ocrx_word' id='word_1_349' title='bbox 156 3046 399 3100; x_wconf 83' lang='lat' dir='ltr'><strong>cesserint</strong></span> <span class='ocrx_word' id='word_1_350' title='bbox 418 3051 572 3098; x_wconf 81' lang='lat' dir='ltr'><strong>vota.</strong></span> <span class='ocrx_word' id='word_1_351' title='bbox 598 3041 662 3095; x_wconf 88' lang='lat' dir='ltr'><strong>Et</strong></span> <span class='ocrx_word' id='word_1_352' title='bbox 684 3039 729 3095; x_wconf 91' lang='lat' dir='ltr'><strong>si</strong></span> <span class='ocrx_word' id='word_1_353' title='bbox 759 3053 897 3109; x_wconf 91' lang='lat' dir='ltr'><strong>opus</strong></span> <span class='ocrx_word' id='word_1_354' title='bbox 925 3045 1013 3093; x_wconf 85' lang='lat' dir='ltr'><strong>est</strong></span> <span class='ocrx_word' id='word_1_355' title='bbox 1031 3079 1047 3104; x_wconf 94' lang='lat'><strong>,</strong></span> <span class='ocrx_word' id='word_1_356' title='bbox 1072 3045 1127 3091; x_wconf 91' lang='lat' dir='ltr'><strong>et</strong></span> <span class='ocrx_word' id='word_1_357' title='bbox 1146 3033 1387 3106; x_wconf 82' lang='lat' dir='ltr'><strong>gravitas</strong></span> <span class='ocrx_word' id='word_1_358' title='bbox 1413 3031 1485 3087; x_wconf 87' lang='lat' dir='ltr'><strong>ita</strong></span> <span class='ocrx_word' id='word_1_359' title='bbox 1511 3030 1589 3087; x_wconf 90' lang='lat' dir='ltr'><strong>rei</strong></span> <span class='ocrx_word' id='word_1_360' title='bbox 1612 3029 1729 3086; x_wconf 81' lang='lat' dir='ltr'><strong>exi-</strong></span> 
     </span>
    </p>
   </div>
   <div class='ocr_carea' id='block_1_48' title="bbox 156 3102 1796 3208">
    <p class='ocr_par' dir='ltr' id='par_1_48' title="bbox 156 3102 1796 3208">
     <span class='ocr_line' id='line_1_48' title="bbox 156 3102 1796 3208; baseline -0.011 -14"><span class='ocrx_word' id='word_1_361' title='bbox 156 3149 256 3207; x_wconf 82' lang='lat' dir='ltr'><strong>gat,</strong></span> <span class='ocrx_word' id='word_1_362' title='bbox 277 3138 424 3194; x_wconf 87' lang='lat' dir='ltr'><strong>adsit</strong></span> <span class='ocrx_word' id='word_1_363' title='bbox 454 3133 790 3208; x_wconf 88' lang='lat' dir='ltr'><strong>episcopalis</strong></span> <span class='ocrx_word' id='word_1_364' title='bbox 810 3102 1065 3197; x_wconf 81' lang='lat' dir='ltr'><strong>licentia,</strong></span> <span class='ocrx_word' id='word_1_365' title='bbox 1090 3102 1186 3184; x_wconf 76' lang='lat' dir='ltr'><strong>seu</strong></span> <span class='ocrx_word' id='word_1_366' title='bbox 1214 3124 1519 3182; x_wconf 89' lang='lat' dir='ltr'><strong>sacerdotis</strong></span> <span class='ocrx_word' id='word_1_367' title='bbox 1546 3124 1727 3179; x_wconf 90' lang='lat' dir='ltr'><strong>consi-</strong></span> <span class='ocrx_word' id='word_1_368' title='bbox 1750 3102 1796 3167; x_wconf 67' lang='grc' dir='ltr'><strong>(ἶ</strong></span> 
     </span>
    </p>
   </div>
   <div class='ocr_carea' id='block_1_49' title="bbox 158 3215 1727 3297">
    <p class='ocr_par' dir='ltr' id='par_1_49' title="bbox 158 3215 1727 3297">
     <span class='ocr_line' id='line_1_49' title="bbox 158 3215 1727 3297; baseline -0.008 -13"><span class='ocrx_word' id='word_1_369' title='bbox 158 3230 278 3285; x_wconf 87' lang='lat' dir='ltr'><strong>liam.</strong></span> <span class='ocrx_word' id='word_1_370' title='bbox 299 3227 660 3288; x_wconf 67' lang='lat' dir='ltr'><strong>Gravissima:</strong></span> <span class='ocrx_word' id='word_1_371' title='bbox 690 3240 868 3297; x_wconf 75' lang='lat' dir='ltr'><strong>poenae</strong></span> <span class='ocrx_word' id='word_1_372' title='bbox 892 3223 1175 3294; x_wconf 88' lang='lat' dir='ltr'><strong>subjaceat</strong></span> <span class='ocrx_word' id='word_1_373' title='bbox 1198 3261 1215 3285; x_wconf 88' lang='lat'><strong>,</strong></span> <span class='ocrx_word' id='word_1_374' title='bbox 1239 3232 1598 3291; x_wconf 65' lang='lat' dir='ltr'><strong>quaecumque</strong></span> <span class='ocrx_word' id='word_1_375' title='bbox 1626 3215 1727 3272; x_wconf 84' lang='lat' dir='ltr'><strong>hu-</strong></span> 
     </span>
    </p>
   </div>
   <div class='ocr_carea' id='block_1_50' title="bbox 160 3318 807 3395">
    <p class='ocr_par' dir='ltr' id='par_1_50' title="bbox 160 3318 807 3395">
     <span class='ocr_line' id='line_1_50' title="bbox 160 3318 807 3395; baseline -0.008 -16"><span class='ocrx_word' id='word_1_376' title='bbox 160 3322 225 3390; x_wconf 76' lang='lat' dir='ltr'><strong>jss</strong></span> <span class='ocrx_word' id='word_1_377' title='bbox 245 3332 467 3395; x_wconf 88' lang='lat' dir='ltr'><strong>reperta</strong></span> <span class='ocrx_word' id='word_1_378' title='bbox 496 3318 665 3377; x_wconf 91' lang='lat' dir='ltr'><strong>fuerit</strong></span> <span class='ocrx_word' id='word_1_379' title='bbox 692 3334 807 3375; x_wconf 88' lang='lat' dir='ltr'><strong>rea.</strong></span> 
     </span>
    </p>
   </div>
   <div class='ocr_carea' id='block_1_51' title="bbox 721 3406 1142 3467">
    <p class='ocr_par' dir='ltr' id='par_1_51' title="bbox 721 3406 1142 3467">
     <span class='ocr_line' id='line_1_51' title="bbox 721 3406 1142 3467; baseline -0.012 0"><span class='ocrx_word' id='word_1_380' title='bbox 721 3408 955 3467; x_wconf 78' lang='lat' dir='ltr'><strong>CAPUT</strong></span> <span class='ocrx_word' id='word_1_381' title='bbox 993 3406 1142 3465; x_wconf 80' lang='lat' dir='ltr'><strong>XXI.</strong></span> 
     </span>
    </p>
   </div>
   <div class='ocr_carea' id='block_1_52' title="bbox 293 3499 1556 3578">
    <p class='ocr_par' dir='ltr' id='par_1_52' title="bbox 293 3499 1556 3578">
     <span class='ocr_line' id='line_1_52' title="bbox 293 3499 1556 3578; baseline -0.006 -14"><span class='ocrx_word' id='word_1_382' title='bbox 293 3509 377 3566; x_wconf 81' lang='lat' dir='ltr'><strong>De</strong></span> <span class='ocrx_word' id='word_1_383' title='bbox 407 3507 609 3578; x_wconf 78' lang='lat' dir='ltr'><strong>ﬁctitiis</strong></span> <span class='ocrx_word' id='word_1_384' title='bbox 638 3513 687 3561; x_wconf 83' lang='lat' dir='ltr'><strong>et</strong></span> <span class='ocrx_word' id='word_1_385' title='bbox 716 3505 909 3560; x_wconf 79' lang='lat' dir='ltr'><strong>nociris</strong></span> <span class='ocrx_word' id='word_1_386' title='bbox 938 3501 1260 3558; x_wconf 81' lang='lat' dir='ltr'><strong>sermonibus</strong></span> <span class='ocrx_word' id='word_1_387' title='bbox 1286 3499 1556 3556; x_wconf 76' lang='lat' dir='ltr'><strong>evitandis.</strong></span> 
     </span>
    </p>
   </div>
   <div class='ocr_carea' id='block_1_53' title="bbox 207 3590 1726 3671">
    <p class='ocr_par' dir='ltr' id='par_1_53' title="bbox 207 3590 1726 3671">
     <span class='ocr_line' id='line_1_53' title="bbox 207 3590 1726 3671; baseline -0.008 -13"><span class='ocrx_word' id='word_1_388' title='bbox 207 3601 380 3658; x_wconf 84' lang='lat' dir='ltr'><strong>Servis</strong></span> <span class='ocrx_word' id='word_1_389' title='bbox 415 3600 513 3656; x_wconf 90' lang='lat' dir='ltr'><strong>Dei</strong></span> <span class='ocrx_word' id='word_1_390' title='bbox 543 3598 909 3671; x_wconf 88' lang='lat' dir='ltr'><strong>frequentiam</strong></span> <span class='ocrx_word' id='word_1_391' title='bbox 940 3595 1129 3666; x_wconf 85' lang='lat' dir='ltr'><strong>pOpuli</strong></span> <span class='ocrx_word' id='word_1_392' title='bbox 1150 3636 1165 3661; x_wconf 94' lang='lat'><strong>,</strong></span> <span class='ocrx_word' id='word_1_393' title='bbox 1197 3593 1372 3650; x_wconf 87' lang='lat' dir='ltr'><strong>sancti</strong></span> <span class='ocrx_word' id='word_1_394' title='bbox 1402 3606 1594 3649; x_wconf 87' lang='lat' dir='ltr'><strong>omnes</strong></span> <span class='ocrx_word' id='word_1_395' title='bbox 1620 3590 1726 3647; x_wconf 89' lang='lat' dir='ltr'><strong>Pa-</strong></span> 
     </span>
    </p>
   </div>
   <div class='ocr_carea' id='block_1_54' title="bbox 150 3685 1730 3764">
    <p class='ocr_par' dir='ltr' id='par_1_54' title="bbox 150 3685 1730 3764">
     <span class='ocr_line' id='line_1_54' title="bbox 150 3685 1730 3764; baseline -0.005 -16"><span class='ocrx_word' id='word_1_396' title='bbox 150 3701 245 3750; x_wconf 81' lang='lat' dir='ltr'><strong>tres</strong></span> <span class='ocrx_word' id='word_1_397' title='bbox 270 3694 575 3764; x_wconf 68' lang='lat' dir='ltr'><strong>praedicant</strong></span> <span class='ocrx_word' id='word_1_398' title='bbox 599 3692 743 3747; x_wconf 91' lang='lat' dir='ltr'><strong>inter</strong></span> <span class='ocrx_word' id='word_1_399' title='bbox 762 3698 963 3746; x_wconf 62' lang='lat' dir='ltr'><strong>cetera</strong></span> <span class='ocrx_word' id='word_1_400' title='bbox 985 3703 1196 3744; x_wconf 90' lang='lat' dir='ltr'><strong>summe</strong></span> <span class='ocrx_word' id='word_1_401' title='bbox 1216 3688 1486 3743; x_wconf 82' lang='lat' dir='ltr'><strong>nocivum.</strong></span> <span class='ocrx_word' id='word_1_402' title='bbox 1508 3686 1569 3741; x_wconf 90' lang='lat' dir='ltr'><strong>In</strong></span> <span class='ocrx_word' id='word_1_403' title='bbox 1590 3685 1730 3740; x_wconf 90' lang='lat' dir='ltr'><strong>mul-</strong></span> 
     </span>
    </p>
   </div>
   <div class='ocr_carea' id='block_1_55' title="bbox 152 3777 1727 3859">
    <p class='ocr_par' dir='ltr' id='par_1_55' title="bbox 152 3777 1727 3859">
     <span class='ocr_line' id='line_1_55' title="bbox 152 3777 1727 3859; baseline -0.005 -18"><span class='ocrx_word' id='word_1_404' title='bbox 152 3786 359 3859; x_wconf 87' lang='lat' dir='ltr'><strong>tiloquio</strong></span> <span class='ocrx_word' id='word_1_405' title='bbox 387 3799 737 3857; x_wconf 86' lang='lat' dir='ltr'><strong>nequaquam</strong></span> <span class='ocrx_word' id='word_1_406' title='bbox 769 3790 1053 3854; x_wconf 85' lang='lat' dir='ltr'><strong>peccatum</strong></span> <span class='ocrx_word' id='word_1_407' title='bbox 1073 3779 1267 3836; x_wconf 88' lang='lat' dir='ltr'><strong>deesse</strong></span> <span class='ocrx_word' id='word_1_408' title='bbox 1297 3787 1495 3850; x_wconf 86' lang='lat' dir='ltr'><strong>potest.</strong></span> <span class='ocrx_word' id='word_1_409' title='bbox 1519 3777 1727 3847; x_wconf 88' lang='lat' dir='ltr'><strong>Lingua</strong></span> 
     </span>
    </p>
   </div>
   <div class='ocr_carea' id='block_1_56' title="bbox 150 3872 1729 3949">
    <p class='ocr_par' dir='ltr' id='par_1_56' title="bbox 150 3872 1729 3949">
     <span class='ocr_line' id='line_1_56' title="bbox 150 3872 1729 3949; baseline -0.004 -15"><span class='ocrx_word' id='word_1_410' title='bbox 150 3881 411 3937; x_wconf 82' lang='lat' dir='ltr'><strong>hominum</strong></span> <span class='ocrx_word' id='word_1_411' title='bbox 444 3879 517 3935; x_wconf 88' lang='lat' dir='ltr'><strong>ad</strong></span> <span class='ocrx_word' id='word_1_412' title='bbox 559 3876 769 3949; x_wconf 90' lang='lat' dir='ltr'><strong>judicia</strong></span> <span class='ocrx_word' id='word_1_413' title='bbox 799 3890 1076 3948; x_wconf 67' lang='lat' dir='ltr'><strong>praeceps,</strong></span> <span class='ocrx_word' id='word_1_414' title='bbox 1106 3873 1410 3931; x_wconf 85' lang='lat' dir='ltr'><strong>absentium</strong></span> <span class='ocrx_word' id='word_1_415' title='bbox 1450 3872 1616 3928; x_wconf 91' lang='lat' dir='ltr'><strong>vitam</strong></span> <span class='ocrx_word' id='word_1_416' title='bbox 1666 3881 1729 3928; x_wconf 87' lang='lat' dir='ltr'><strong>ut</strong></span> 
     </span>
    </p>
   </div>
   <div class='ocr_carea' id='block_1_57' title="bbox 153 3965 1727 4041">
    <p class='ocr_par' dir='ltr' id='par_1_57' title="bbox 153 3965 1727 4041">
     <span class='ocr_line' id='line_1_57' title="bbox 153 3965 1727 4041; baseline -0.003 -15"><span class='ocrx_word' id='word_1_417' title='bbox 153 3974 424 4041; x_wconf 83' lang='lat' dir='ltr'><strong>plurimum</strong></span> <span class='ocrx_word' id='word_1_418' title='bbox 480 3986 592 4029; x_wconf 91' lang='lat' dir='ltr'><strong>non</strong></span> <span class='ocrx_word' id='word_1_419' title='bbox 644 3978 827 4026; x_wconf 89' lang='lat' dir='ltr'><strong>cessat</strong></span> <span class='ocrx_word' id='word_1_420' title='bbox 873 3968 1004 4024; x_wconf 90' lang='lat' dir='ltr'><strong>hinc</strong></span> <span class='ocrx_word' id='word_1_421' title='bbox 1057 3966 1373 4023; x_wconf 89' lang='lat' dir='ltr'><strong>corrodere.</strong></span> <span class='ocrx_word' id='word_1_422' title='bbox 1423 3965 1727 4021; x_wconf 89' lang='lat' dir='ltr'><strong>Pessimum</strong></span> 
     </span>
    </p>
   </div>
   <div class='ocr_carea' id='block_1_58' title="bbox 152 4057 1724 4137">
    <p class='ocr_par' dir='ltr' id='par_1_58' title="bbox 152 4057 1724 4137">
     <span class='ocr_line' id='line_1_58' title="bbox 152 4057 1724 4137; baseline -0.007 -15"><span class='ocrx_word' id='word_1_423' title='bbox 152 4070 493 4137; x_wconf 84' lang='lat' dir='ltr'><strong>quorumdam</strong></span> <span class='ocrx_word' id='word_1_424' title='bbox 542 4062 910 4135; x_wconf 89' lang='lat' dir='ltr'><strong>spiritualium</strong></span> <span class='ocrx_word' id='word_1_425' title='bbox 944 4059 1144 4131; x_wconf 80' lang='lat' dir='ltr'><strong>genus,</strong></span> <span class='ocrx_word' id='word_1_426' title='bbox 1191 4074 1300 4116; x_wconf 93' lang='lat' dir='ltr'><strong>non</strong></span> <span class='ocrx_word' id='word_1_427' title='bbox 1349 4057 1724 4122; x_wconf 85' lang='lat' dir='ltr'><strong>attendentes,</strong></span> 
     </span>
    </p>
   </div>
   <div class='ocr_carea' id='block_1_59' title="bbox 141 4149 1728 4230">
    <p class='ocr_par' dir='ltr' id='par_1_59' title="bbox 141 4149 1728 4230">
     <span class='ocr_line' id='line_1_59' title="bbox 141 4149 1728 4230; baseline -0.006 -17"><span class='ocrx_word' id='word_1_428' title='bbox 141 4160 276 4230; x_wconf 86' lang='lat' dir='ltr'><strong>quod</strong></span> <span class='ocrx_word' id='word_1_429' title='bbox 304 4160 446 4217; x_wconf 88' lang='lat' dir='ltr'><strong>Deus</strong></span> <span class='ocrx_word' id='word_1_430' title='bbox 475 4157 592 4214; x_wconf 84' lang='lat' dir='ltr'><strong>filio</strong></span> <span class='ocrx_word' id='word_1_431' title='bbox 612 4172 711 4213; x_wconf 89' lang='lat' dir='ltr'><strong>suo</strong></span> <span class='ocrx_word' id='word_1_432' title='bbox 732 4154 886 4211; x_wconf 91' lang='lat' dir='ltr'><strong>dedit</strong></span> <span class='ocrx_word' id='word_1_433' title='bbox 909 4168 1073 4210; x_wconf 92' lang='lat' dir='ltr'><strong>omne</strong></span> <span class='ocrx_word' id='word_1_434' title='bbox 1097 4152 1363 4223; x_wconf 86' lang='lat' dir='ltr'><strong>judicium</strong></span> <span class='ocrx_word' id='word_1_435' title='bbox 1380 4193 1396 4218; x_wconf 88' lang='lat'><strong>,</strong></span> <span class='ocrx_word' id='word_1_436' title='bbox 1419 4150 1489 4206; x_wconf 88' lang='lat' dir='ltr'><strong>de</strong></span> <span class='ocrx_word' id='word_1_437' title='bbox 1510 4149 1728 4205; x_wconf 89' lang='lat' dir='ltr'><strong>univer-</strong></span> 
     </span>
    </p>
   </div>
   <div class='ocr_carea' id='block_1_60' title="bbox 135 4243 1727 4316">
    <p class='ocr_par' dir='ltr' id='par_1_60' title="bbox 135 4243 1727 4316">
     <span class='ocr_line' id='line_1_60' title="bbox 135 4243 1727 4316; baseline -0.008 -4"><span class='ocrx_word' id='word_1_438' title='bbox 135 4269 309 4311; x_wconf 80' lang='lat' dir='ltr'><strong>sorum</strong></span> <span class='ocrx_word' id='word_1_439' title='bbox 340 4252 629 4310; x_wconf 84' lang='lat' dir='ltr'><strong>hominum</strong></span> <span class='ocrx_word' id='word_1_440' title='bbox 657 4251 768 4306; x_wconf 89' lang='lat' dir='ltr'><strong>vita</strong></span> <span class='ocrx_word' id='word_1_441' title='bbox 803 4264 868 4304; x_wconf 91' lang='lat' dir='ltr'><strong>ac</strong></span> <span class='ocrx_word' id='word_1_442' title='bbox 893 4247 963 4304; x_wconf 91' lang='lat' dir='ltr'><strong>de</strong></span> <span class='ocrx_word' id='word_1_443' title='bbox 992 4247 1235 4303; x_wconf 89' lang='lat' dir='ltr'><strong>moribus</strong></span> <span class='ocrx_word' id='word_1_444' title='bbox 1259 4263 1274 4300; x_wconf 94' lang='lat'><strong>:</strong></span> <span class='ocrx_word' id='word_1_445' title='bbox 1322 4254 1381 4302; x_wconf 91' lang='lat' dir='ltr'><strong>et</strong></span> <span class='ocrx_word' id='word_1_446' title='bbox 1404 4243 1552 4316; x_wconf 87' lang='lat' dir='ltr'><strong>quod</strong></span> <span class='ocrx_word' id='word_1_447' title='bbox 1604 4244 1727 4315; x_wconf 88' lang='lat' dir='ltr'><strong>plus</strong></span> 
     </span>
    </p>
   </div>
   <div class='ocr_carea' id='block_1_61' title="bbox 136 4337 1728 4415">
    <p class='ocr_par' dir='ltr' id='par_1_61' title="bbox 136 4337 1728 4415">
     <span class='ocr_line' id='line_1_61' title="bbox 136 4337 1728 4415; baseline -0.006 -14"><span class='ocrx_word' id='word_1_448' title='bbox 136 4357 236 4415; x_wconf 86' lang='lat' dir='ltr'><strong>est,</strong></span> <span class='ocrx_word' id='word_1_449' title='bbox 260 4347 333 4405; x_wconf 84' lang='lat' dir='ltr'><strong>de</strong></span> <span class='ocrx_word' id='word_1_450' title='bbox 362 4344 711 4403; x_wconf 88' lang='lat' dir='ltr'><strong>conscientia</strong></span> <span class='ocrx_word' id='word_1_451' title='bbox 731 4382 747 4408; x_wconf 93' lang='lat'><strong>,</strong></span> <span class='ocrx_word' id='word_1_452' title='bbox 778 4341 934 4412; x_wconf 87' lang='lat' dir='ltr'><strong>cujus</strong></span> <span class='ocrx_word' id='word_1_453' title='bbox 973 4340 1190 4396; x_wconf 91' lang='lat' dir='ltr'><strong>occulta</strong></span> <span class='ocrx_word' id='word_1_454' title='bbox 1217 4338 1359 4395; x_wconf 89' lang='lat' dir='ltr'><strong>scire</strong></span> <span class='ocrx_word' id='word_1_455' title='bbox 1379 4380 1395 4404; x_wconf 93' lang='lat'><strong>,</strong></span> <span class='ocrx_word' id='word_1_456' title='bbox 1440 4337 1614 4393; x_wconf 86' lang='lat' dir='ltr'><strong>solius</strong></span> <span class='ocrx_word' id='word_1_457' title='bbox 1643 4345 1728 4394; x_wconf 91' lang='lat' dir='ltr'><strong>est</strong></span> 
     </span>
    </p>
   </div>
   <div class='ocr_carea' id='block_1_62' title="bbox 131 4430 1728 4506">
    <p class='ocr_par' dir='ltr' id='par_1_62' title="bbox 131 4430 1728 4506">
     <span class='ocr_line' id='line_1_62' title="bbox 131 4430 1728 4506; baseline -0.004 -13"><span class='ocrx_word' id='word_1_458' title='bbox 131 4441 322 4498; x_wconf 65' lang='lat' dir='ltr'><strong>divina</strong></span> <span class='ocrx_word' id='word_1_459' title='bbox 350 4438 611 4497; x_wconf 73' lang='lat' dir='ltr'><strong>scientiae</strong></span> <span class='ocrx_word' id='word_1_460' title='bbox 635 4478 651 4504; x_wconf 91' lang='lat'><strong>,</strong></span> <span class='ocrx_word' id='word_1_461' title='bbox 693 4434 939 4506; x_wconf 89' lang='lat' dir='ltr'><strong>judicare</strong></span> <span class='ocrx_word' id='word_1_462' title='bbox 963 4433 1067 4489; x_wconf 91' lang='lat' dir='ltr'><strong>sibi</strong></span> <span class='ocrx_word' id='word_1_463' title='bbox 1100 4434 1265 4490; x_wconf 89' lang='lat' dir='ltr'><strong>licere</strong></span> <span class='ocrx_word' id='word_1_464' title='bbox 1293 4440 1515 4504; x_wconf 91' lang='lat' dir='ltr'><strong>putant,</strong></span> <span class='ocrx_word' id='word_1_465' title='bbox 1544 4430 1728 4503; x_wconf 88' lang='lat' dir='ltr'><strong>profe-</strong></span> 
     </span>
    </p>
   </div>
   <div class='ocr_carea' id='block_1_63' title="bbox 1896 1812 3425 1890">
    <p class='ocr_par' dir='ltr' id='par_1_63' title="bbox 1896 1812 3425 1890">
     <span class='ocr_line' id='line_1_63' title="bbox 1896 1812 3425 1890; baseline -0.005 -15"><span class='ocrx_word' id='word_1_466' title='bbox 1896 1822 2025 1876; x_wconf 68' lang='lat' dir='ltr'><strong>Hazc</strong></span> <span class='ocrx_word' id='word_1_467' title='bbox 2073 1821 2260 1890; x_wconf 89' lang='lat' dir='ltr'><strong>itaque</strong></span> <span class='ocrx_word' id='word_1_468' title='bbox 2291 1818 2471 1875; x_wconf 91' lang='lat' dir='ltr'><strong>omnia</strong></span> <span class='ocrx_word' id='word_1_469' title='bbox 2495 1862 2509 1887; x_wconf 89' lang='lat'><strong>,</strong></span> <span class='ocrx_word' id='word_1_470' title='bbox 2544 1832 2763 1888; x_wconf 84' lang='lat' dir='ltr'><strong>sponsae</strong></span> <span class='ocrx_word' id='word_1_471' title='bbox 2788 1816 2885 1871; x_wconf 88' lang='lat' dir='ltr'><strong>Dei</strong></span> <span class='ocrx_word' id='word_1_472' title='bbox 2934 1816 3179 1878; x_wconf 74' lang='lat' dir='ltr'><strong>dilectae,</strong></span> <span class='ocrx_word' id='word_1_473' title='bbox 3232 1812 3425 1885; x_wconf 86' lang='lat' dir='ltr'><strong>procul</strong></span> 
     </span>
    </p>
   </div>
   <div class='ocr_carea' id='block_1_64' title="bbox 1822 1906 3421 1984">
    <p class='ocr_par' dir='ltr' id='par_1_64' title="bbox 1822 1906 3421 1984">
     <span class='ocr_line' id='line_1_64' title="bbox 1822 1906 3421 1984; baseline -0.004 -16"><span class='ocrx_word' id='word_1_474' title='bbox 1822 1912 2082 1984; x_wconf 84' lang='lat' dir='ltr'><strong>expellite</strong></span> <span class='ocrx_word' id='word_1_475' title='bbox 2107 1930 2119 1965; x_wconf 90' lang='lat'><strong>:</strong></span> <span class='ocrx_word' id='word_1_476' title='bbox 2148 1912 2203 1966; x_wconf 94' lang='lat' dir='ltr'><strong>in</strong></span> <span class='ocrx_word' id='word_1_477' title='bbox 2229 1912 2313 1966; x_wconf 89' lang='lat' dir='ltr'><strong>his</strong></span> <span class='ocrx_word' id='word_1_478' title='bbox 2338 1910 2619 1966; x_wconf 87' lang='lat' dir='ltr'><strong>diabolum</strong></span> <span class='ocrx_word' id='word_1_479' title='bbox 2643 1908 2960 1979; x_wconf 87' lang='lat' dir='ltr'><strong>cognoscite</strong></span> <span class='ocrx_word' id='word_1_480' title='bbox 2992 1906 3421 1978; x_wconf 89' lang='lat' dir='ltr'><strong>principantem.</strong></span> 
     </span>
    </p>
   </div>
   <div class='ocr_carea' id='block_1_65' title="bbox 1823 1998 3428 2076">
    <p class='ocr_par' dir='ltr' id='par_1_65' title="bbox 1823 1998 3428 2076">
     <span class='ocr_line' id='line_1_65' title="bbox 1823 1998 3428 2076; baseline -0.006 -14"><span class='ocrx_word' id='word_1_481' title='bbox 1823 2005 1971 2062; x_wconf 87' lang='lat' dir='ltr'><strong>Inter</strong></span> <span class='ocrx_word' id='word_1_482' title='bbox 2002 2020 2107 2060; x_wconf 90' lang='lat' dir='ltr'><strong>vos</strong></span> <span class='ocrx_word' id='word_1_483' title='bbox 2134 2020 2433 2076; x_wconf 87' lang='lat' dir='ltr'><strong>numquam</strong></span> <span class='ocrx_word' id='word_1_484' title='bbox 2467 2003 2536 2059; x_wconf 89' lang='lat' dir='ltr'><strong>de</strong></span> <span class='ocrx_word' id='word_1_485' title='bbox 2564 2003 2674 2058; x_wconf 91' lang='lat' dir='ltr'><strong>vita</strong></span> <span class='ocrx_word' id='word_1_486' title='bbox 2706 2003 3018 2073; x_wconf 89' lang='lat' dir='ltr'><strong>disputetur</strong></span> <span class='ocrx_word' id='word_1_487' title='bbox 3043 1999 3293 2054; x_wconf 87' lang='lat' dir='ltr'><strong>alterius.</strong></span> <span class='ocrx_word' id='word_1_488' title='bbox 3322 1998 3428 2054; x_wconf 85' lang='lat' dir='ltr'><strong>Ma-</strong></span> 
     </span>
    </p>
   </div>
   <div class='ocr_carea' id='block_1_66' title="bbox 1824 2091 3424 2165">
    <p class='ocr_par' dir='ltr' id='par_1_66' title="bbox 1824 2091 3424 2165">
     <span class='ocr_line' id='line_1_66' title="bbox 1824 2091 3424 2165; baseline -0.005 -12"><span class='ocrx_word' id='word_1_489' title='bbox 1824 2106 1953 2153; x_wconf 88' lang='lat' dir='ltr'><strong>neat</strong></span> <span class='ocrx_word' id='word_1_490' title='bbox 1980 2096 2165 2152; x_wconf 90' lang='lat' dir='ltr'><strong>divino</strong></span> <span class='ocrx_word' id='word_1_491' title='bbox 2193 2095 2436 2152; x_wconf 85' lang='lat' dir='ltr'><strong>examini</strong></span> <span class='ocrx_word' id='word_1_492' title='bbox 2466 2110 2630 2151; x_wconf 92' lang='lat' dir='ltr'><strong>omne</strong></span> <span class='ocrx_word' id='word_1_493' title='bbox 2652 2093 2941 2165; x_wconf 91' lang='lat' dir='ltr'><strong>judicium.</strong></span> <span class='ocrx_word' id='word_1_494' title='bbox 2976 2091 3209 2148; x_wconf 90' lang='lat' dir='ltr'><strong>Peccata</strong></span> <span class='ocrx_word' id='word_1_495' title='bbox 3236 2099 3424 2146; x_wconf 87' lang='lat' dir='ltr'><strong>vestra</strong></span> 
     </span>
    </p>
   </div>
   <div class='ocr_carea' id='block_1_67' title="bbox 1825 2182 3518 2261">
    <p class='ocr_par' dir='ltr' id='par_1_67' title="bbox 1825 2182 3518 2261">
     <span class='ocr_line' id='line_1_67' title="bbox 1825 2182 3518 2261; baseline -0.004 -16"><span class='ocrx_word' id='word_1_496' title='bbox 1825 2188 2189 2261; x_wconf 89' lang='lat' dir='ltr'><strong>cognoscite:</strong></span> <span class='ocrx_word' id='word_1_497' title='bbox 2241 2188 2439 2244; x_wconf 90' lang='lat' dir='ltr'><strong>delicta</strong></span> <span class='ocrx_word' id='word_1_498' title='bbox 2473 2196 2656 2244; x_wconf 90' lang='lat' dir='ltr'><strong>vestra</strong></span> <span class='ocrx_word' id='word_1_499' title='bbox 2707 2186 2934 2256; x_wconf 87' lang='lat' dir='ltr'><strong>plorate.</strong></span> <span class='ocrx_word' id='word_1_500' title='bbox 2972 2183 3224 2239; x_wconf 86' lang='lat' dir='ltr'><strong>Omnium</strong></span> <span class='ocrx_word' id='word_1_501' title='bbox 3268 2182 3426 2239; x_wconf 86' lang='lat' dir='ltr'><strong>vobis</strong></span> <span class='ocrx_word' id='word_1_502' title='bbox 3510 2252 3518 2259; x_wconf 21' lang='grc' dir='ltr'>δ</span> 
     </span>
    </p>
   </div>
   <div class='ocr_carea' id='block_1_68' title="bbox 1824 2274 3425 2352">
    <p class='ocr_par' dir='ltr' id='par_1_68' title="bbox 1824 2274 3425 2352">
     <span class='ocr_line' id='line_1_68' title="bbox 1824 2274 3425 2352; baseline -0.004 -15"><span class='ocrx_word' id='word_1_503' title='bbox 1824 2283 1968 2349; x_wconf 88' lang='lat' dir='ltr'><strong>vita,</strong></span> <span class='ocrx_word' id='word_1_504' title='bbox 2004 2282 2313 2340; x_wconf 89' lang='lat' dir='ltr'><strong>sanctitatis</strong></span> <span class='ocrx_word' id='word_1_505' title='bbox 2344 2281 2657 2352; x_wconf 86' lang='lat' dir='ltr'><strong>exemplum</strong></span> <span class='ocrx_word' id='word_1_506' title='bbox 2699 2288 2979 2350; x_wconf 87' lang='lat' dir='ltr'><strong>appareat.</strong></span> <span class='ocrx_word' id='word_1_507' title='bbox 3012 2276 3125 2331; x_wconf 82' lang='lat' dir='ltr'><strong>Vos</strong></span> <span class='ocrx_word' id='word_1_508' title='bbox 3154 2274 3425 2331; x_wconf 87' lang='lat' dir='ltr'><strong>universis</strong></span> 
     </span>
    </p>
   </div>
   <div class='ocr_carea' id='block_1_69' title="bbox 1827 2370 3427 2450">
    <p class='ocr_par' dir='ltr' id='par_1_69' title="bbox 1827 2370 3427 2450">
     <span class='ocr_line' id='line_1_69' title="bbox 1827 2370 3427 2450; baseline -0.007 -15"><span class='ocrx_word' id='word_1_509' title='bbox 1827 2378 2096 2435; x_wconf 80' lang='lat' dir='ltr'><strong>aestimate</strong></span> <span class='ocrx_word' id='word_1_510' title='bbox 2118 2378 2335 2450; x_wconf 90' lang='lat' dir='ltr'><strong>pejores</strong></span> <span class='ocrx_word' id='word_1_511' title='bbox 2362 2398 2375 2431; x_wconf 87' lang='lat'><strong>:</strong></span> <span class='ocrx_word' id='word_1_512' title='bbox 2402 2380 2482 2435; x_wconf 87' lang='lat' dir='ltr'><strong>sic</strong></span> <span class='ocrx_word' id='word_1_513' title='bbox 2506 2378 2716 2449; x_wconf 90' lang='lat' dir='ltr'><strong>puritas</strong></span> <span class='ocrx_word' id='word_1_514' title='bbox 2740 2374 3018 2431; x_wconf 90' lang='lat' dir='ltr'><strong>mentibus</strong></span> <span class='ocrx_word' id='word_1_515' title='bbox 3036 2373 3234 2427; x_wconf 89' lang='lat' dir='ltr'><strong>vestris</strong></span> <span class='ocrx_word' id='word_1_516' title='bbox 3255 2370 3427 2426; x_wconf 74' lang='lat' dir='ltr'><strong>inhre-</strong></span> 
     </span>
    </p>
   </div>
   <div class='ocr_carea' id='block_1_70' title="bbox 1826 2464 3428 2545">
    <p class='ocr_par' dir='ltr' id='par_1_70' title="bbox 1826 2464 3428 2545">
     <span class='ocr_line' id='line_1_70' title="bbox 1826 2464 3428 2545; baseline -0.005 -16"><span class='ocrx_word' id='word_1_517' title='bbox 1826 2482 1976 2542; x_wconf 90' lang='lat' dir='ltr'><strong>reat,</strong></span> <span class='ocrx_word' id='word_1_518' title='bbox 2002 2481 2062 2529; x_wconf 93' lang='lat' dir='ltr'><strong>ut</strong></span> <span class='ocrx_word' id='word_1_519' title='bbox 2089 2474 2335 2545; x_wconf 86' lang='lat' dir='ltr'><strong>cogitare</strong></span> <span class='ocrx_word' id='word_1_520' title='bbox 2359 2474 2430 2528; x_wconf 93' lang='lat' dir='ltr'><strong>sit</strong></span> <span class='ocrx_word' id='word_1_521' title='bbox 2458 2473 2750 2536; x_wconf 88' lang='lat' dir='ltr'><strong>indecens,</strong></span> <span class='ocrx_word' id='word_1_522' title='bbox 2777 2478 2835 2526; x_wconf 88' lang='lat' dir='ltr'><strong>et</strong></span> <span class='ocrx_word' id='word_1_523' title='bbox 2862 2467 3090 2525; x_wconf 87' lang='lat' dir='ltr'><strong>credere</strong></span> <span class='ocrx_word' id='word_1_524' title='bbox 3114 2466 3268 2523; x_wconf 86' lang='lat' dir='ltr'><strong>nefas</strong></span> <span class='ocrx_word' id='word_1_525' title='bbox 3289 2511 3304 2537; x_wconf 89' lang='lat'><strong>,</strong></span> <span class='ocrx_word' id='word_1_526' title='bbox 3327 2464 3428 2521; x_wconf 92' lang='lat' dir='ltr'><strong>ali-</strong></span> 
     </span>
    </p>
   </div>
   <div class='ocr_carea' id='block_1_71' title="bbox 1827 2578 2853 2641">
    <p class='ocr_par' dir='ltr' id='par_1_71' title="bbox 1827 2578 2853 2641">
     <span class='ocr_line' id='line_1_71' title="bbox 1827 2578 2853 2641; baseline -0.004 -18"><span class='ocrx_word' id='word_1_527' title='bbox 1827 2584 1990 2641; x_wconf 83' lang='lat' dir='ltr'><strong>quem</strong></span> <span class='ocrx_word' id='word_1_528' title='bbox 2023 2578 2251 2639; x_wconf 90' lang='lat' dir='ltr'><strong>pr0pter</strong></span> <span class='ocrx_word' id='word_1_529' title='bbox 2276 2583 2377 2623; x_wconf 92' lang='lat' dir='ltr'><strong>vos</strong></span> <span class='ocrx_word' id='word_1_530' title='bbox 2410 2581 2573 2637; x_wconf 89' lang='lat' dir='ltr'><strong>posse</strong></span> <span class='ocrx_word' id='word_1_531' title='bbox 2603 2579 2853 2637; x_wconf 86' lang='lat' dir='ltr'><strong>peccare.</strong></span> 
     </span>
    </p>
   </div>
   <div class='ocr_carea' id='block_1_72' title="bbox 1900 2652 3427 2730">
    <p class='ocr_par' dir='ltr' id='par_1_72' title="bbox 1900 2652 3427 2730">
     <span class='ocr_line' id='line_1_72' title="bbox 1900 2652 3427 2730; baseline -0.008 -12"><span class='ocrx_word' id='word_1_532' title='bbox 1900 2660 1959 2718; x_wconf 92' lang='lat' dir='ltr'><strong>Si</strong></span> <span class='ocrx_word' id='word_1_533' title='bbox 1988 2675 2146 2730; x_wconf 89' lang='lat' dir='ltr'><strong>quem</strong></span> <span class='ocrx_word' id='word_1_534' title='bbox 2183 2660 2343 2715; x_wconf 89' lang='lat' dir='ltr'><strong>alicui</strong></span> <span class='ocrx_word' id='word_1_535' title='bbox 2367 2658 2746 2715; x_wconf 88' lang='lat' dir='ltr'><strong>detrahentem</strong></span> <span class='ocrx_word' id='word_1_536' title='bbox 2770 2655 3055 2712; x_wconf 90' lang='lat' dir='ltr'><strong>audieritis</strong></span> <span class='ocrx_word' id='word_1_537' title='bbox 3073 2696 3089 2721; x_wconf 96' lang='lat'><strong>,</strong></span> <span class='ocrx_word' id='word_1_538' title='bbox 3114 2652 3309 2724; x_wconf 91' lang='lat' dir='ltr'><strong>procul</strong></span> <span class='ocrx_word' id='word_1_539' title='bbox 3339 2652 3427 2707; x_wconf 89' lang='lat' dir='ltr'><strong>fu-</strong></span> 
     </span>
    </p>
   </div>
   <div class='ocr_carea' id='block_1_73' title="bbox 1828 2742 3430 2825">
    <p class='ocr_par' dir='ltr' id='par_1_73' title="bbox 1828 2742 3430 2825">
     <span class='ocr_line' id='line_1_73' title="bbox 1828 2742 3430 2825; baseline -0.006 -18"><span class='ocrx_word' id='word_1_540' title='bbox 1828 2754 2037 2825; x_wconf 87' lang='lat' dir='ltr'><strong>gientes</strong></span> <span class='ocrx_word' id='word_1_541' title='bbox 2057 2794 2074 2821; x_wconf 92' lang='lat'><strong>,</strong></span> <span class='ocrx_word' id='word_1_542' title='bbox 2101 2750 2369 2808; x_wconf 91' lang='lat' dir='ltr'><strong>dimittite</strong></span> <span class='ocrx_word' id='word_1_543' title='bbox 2397 2760 2458 2806; x_wconf 92' lang='lat' dir='ltr'><strong>ut</strong></span> <span class='ocrx_word' id='word_1_544' title='bbox 2487 2760 2798 2820; x_wconf 88' lang='lat' dir='ltr'><strong>serpentem</strong></span> <span class='ocrx_word' id='word_1_545' title='bbox 2822 2767 2836 2803; x_wconf 90' lang='lat'><strong>:</strong></span> <span class='ocrx_word' id='word_1_546' title='bbox 2866 2756 2927 2803; x_wconf 91' lang='lat' dir='ltr'><strong>ut</strong></span> <span class='ocrx_word' id='word_1_547' title='bbox 2966 2745 3291 2802; x_wconf 87' lang='lat' dir='ltr'><strong>verecundia</strong></span> <span class='ocrx_word' id='word_1_548' title='bbox 3314 2742 3430 2799; x_wconf 90' lang='lat' dir='ltr'><strong>vic-</strong></span> 
     </span>
    </p>
   </div>
   <div class='ocr_carea' id='block_1_74' title="bbox 1831 2836 3426 2913">
    <p class='ocr_par' dir='ltr' id='par_1_74' title="bbox 1831 2836 3426 2913">
     <span class='ocr_line' id='line_1_74' title="bbox 1831 2836 3426 2913; baseline -0.006 -12"><span class='ocrx_word' id='word_1_549' title='bbox 1831 2857 1952 2913; x_wconf 91' lang='lat' dir='ltr'><strong>tus,</strong></span> <span class='ocrx_word' id='word_1_550' title='bbox 1995 2845 2170 2901; x_wconf 90' lang='lat' dir='ltr'><strong>discat</strong></span> <span class='ocrx_word' id='word_1_551' title='bbox 2199 2844 2270 2900; x_wconf 91' lang='lat' dir='ltr'><strong>de</strong></span> <span class='ocrx_word' id='word_1_552' title='bbox 2301 2843 2462 2899; x_wconf 89' lang='lat' dir='ltr'><strong>factis</strong></span> <span class='ocrx_word' id='word_1_553' title='bbox 2494 2843 2727 2898; x_wconf 91' lang='lat' dir='ltr'><strong>aliorum</strong></span> <span class='ocrx_word' id='word_1_554' title='bbox 2757 2841 2947 2896; x_wconf 91' lang='lat' dir='ltr'><strong>silere.</strong></span> <span class='ocrx_word' id='word_1_555' title='bbox 2981 2836 3426 2895; x_wconf 84' lang='lat' dir='ltr'><strong>Muliercularum</strong></span> 
     </span>
    </p>
   </div>
   <div class='ocr_carea' id='block_1_75' title="bbox 1830 2933 3429 3013">
    <p class='ocr_par' dir='ltr' id='par_1_75' title="bbox 1830 2933 3429 3013">
     <span class='ocr_line' id='line_1_75' title="bbox 1830 2933 3429 3013; baseline -0.008 -17"><span class='ocrx_word' id='word_1_556' title='bbox 1830 2940 2193 3013; x_wconf 86' lang='lat' dir='ltr'><strong>quarumdam</strong></span> <span class='ocrx_word' id='word_1_557' title='bbox 2223 2940 2368 2996; x_wconf 89' lang='lat' dir='ltr'><strong>solet</strong></span> <span class='ocrx_word' id='word_1_558' title='bbox 2388 2953 2510 2995; x_wconf 91' lang='lat' dir='ltr'><strong>esse</strong></span> <span class='ocrx_word' id='word_1_559' title='bbox 2536 2937 2733 3005; x_wconf 84' lang='lat' dir='ltr'><strong>moris,</strong></span> <span class='ocrx_word' id='word_1_560' title='bbox 2766 2944 2827 2990; x_wconf 90' lang='lat' dir='ltr'><strong>ut</strong></span> <span class='ocrx_word' id='word_1_561' title='bbox 2853 2933 3149 3004; x_wconf 91' lang='lat' dir='ltr'><strong>plurimum</strong></span> <span class='ocrx_word' id='word_1_562' title='bbox 3170 2941 3263 2986; x_wconf 90' lang='lat' dir='ltr'><strong>aut</strong></span> <span class='ocrx_word' id='word_1_563' title='bbox 3286 2945 3429 2985; x_wconf 88' lang='lat' dir='ltr'><strong>sem-</strong></span> 
     </span>
    </p>
   </div>
   <div class='ocr_carea' id='block_1_76' title="bbox 1798 3022 3425 3105">
    <p class='ocr_par' dir='ltr' id='par_1_76' title="bbox 1798 3022 3425 3105">
     <span class='ocr_line' id='line_1_76' title="bbox 1798 3022 3425 3105; baseline -0.008 -16"><span class='ocrx_word' id='word_1_564' title='bbox 1798 3096 1801 3097; x_wconf 22' lang='grc' dir='ltr'><em>ν</em></span> <span class='ocrx_word' id='word_1_565' title='bbox 1829 3049 1929 3105; x_wconf 91' lang='lat' dir='ltr'><strong>per</strong></span> <span class='ocrx_word' id='word_1_566' title='bbox 1957 3032 2187 3104; x_wconf 64' lang='lat' dir='ltr'><strong>garrulas</strong></span> <span class='ocrx_word' id='word_1_567' title='bbox 2207 3074 2224 3101; x_wconf 91' lang='lat'><strong>,</strong></span> <span class='ocrx_word' id='word_1_568' title='bbox 2256 3030 2392 3086; x_wconf 90' lang='lat' dir='ltr'><strong>nihil</strong></span> <span class='ocrx_word' id='word_1_569' title='bbox 2424 3039 2698 3087; x_wconf 89' lang='lat' dir='ltr'><strong>secretum</strong></span> <span class='ocrx_word' id='word_1_570' title='bbox 2728 3027 2972 3084; x_wconf 87' lang='lat' dir='ltr'><strong>habeant</strong></span> <span class='ocrx_word' id='word_1_571' title='bbox 2993 3023 3139 3097; x_wconf 88' lang='lat' dir='ltr'><strong>quod</strong></span> <span class='ocrx_word' id='word_1_572' title='bbox 3166 3022 3425 3079; x_wconf 90' lang='lat' dir='ltr'><strong>audiunt:</strong></span> 
     </span>
    </p>
   </div>
   <div class='ocr_carea' id='block_1_77' title="bbox 1829 3114 3428 3196">
    <p class='ocr_par' dir='ltr' id='par_1_77' title="bbox 1829 3114 3428 3196">
     <span class='ocr_line' id='line_1_77' title="bbox 1829 3114 3428 3196; baseline -0.007 -14"><span class='ocrx_word' id='word_1_573' title='bbox 1829 3126 1999 3182; x_wconf 91' lang='lat' dir='ltr'><strong>immo</strong></span> <span class='ocrx_word' id='word_1_574' title='bbox 2030 3128 2211 3196; x_wconf 92' lang='lat' dir='ltr'><strong>potius</strong></span> <span class='ocrx_word' id='word_1_575' title='bbox 2238 3124 2384 3196; x_wconf 90' lang='lat' dir='ltr'><strong>quod</strong></span> <span class='ocrx_word' id='word_1_576' title='bbox 2413 3138 2559 3194; x_wconf 75' lang='lat' dir='ltr'><strong>saepe</strong></span> <span class='ocrx_word' id='word_1_577' title='bbox 2600 3121 2856 3177; x_wconf 90' lang='lat' dir='ltr'><strong>nesciunt</strong></span> <span class='ocrx_word' id='word_1_578' title='bbox 2880 3161 2895 3185; x_wconf 91' lang='lat'><strong>,</strong></span> <span class='ocrx_word' id='word_1_579' title='bbox 2922 3118 3148 3182; x_wconf 90' lang='lat' dir='ltr'><strong>dicunt,</strong></span> <span class='ocrx_word' id='word_1_580' title='bbox 3178 3114 3428 3185; x_wconf 88' lang='lat' dir='ltr'><strong>nihilque</strong></span> 
     </span>
    </p>
   </div>
   <div class='ocr_carea' id='block_1_78' title="bbox 1828 3208 3428 3275">
    <p class='ocr_par' dir='ltr' id='par_1_78' title="bbox 1828 3208 3428 3275">
     <span class='ocr_line' id='line_1_78' title="bbox 1828 3208 3428 3275; baseline -0.007 -1"><span class='ocrx_word' id='word_1_581' title='bbox 1828 3219 2071 3275; x_wconf 90' lang='lat' dir='ltr'><strong>scandali</strong></span> <span class='ocrx_word' id='word_1_582' title='bbox 2119 3217 2477 3274; x_wconf 90' lang='lat' dir='ltr'><strong>seminarium</strong></span> <span class='ocrx_word' id='word_1_583' title='bbox 2506 3222 2717 3271; x_wconf 87' lang='lat' dir='ltr'><strong>norunt</strong></span> <span class='ocrx_word' id='word_1_584' title='bbox 2745 3213 2971 3268; x_wconf 87' lang='lat' dir='ltr'><strong>tacitum</strong></span> <span class='ocrx_word' id='word_1_585' title='bbox 3016 3218 3250 3266; x_wconf 91' lang='lat' dir='ltr'><strong>tenere:</strong></span> <span class='ocrx_word' id='word_1_586' title='bbox 3298 3208 3428 3263; x_wconf 90' lang='lat' dir='ltr'><strong>hinc</strong></span> 
     </span>
    </p>
   </div>
   <div class='ocr_carea' id='block_1_79' title="bbox 1828 3302 3429 3384">
    <p class='ocr_par' dir='ltr' id='par_1_79' title="bbox 1828 3302 3429 3384">
     <span class='ocr_line' id='line_1_79' title="bbox 1828 3302 3429 3384; baseline -0.008 -14"><span class='ocrx_word' id='word_1_587' title='bbox 1828 3315 1956 3371; x_wconf 89' lang='lat' dir='ltr'><strong>inde</strong></span> <span class='ocrx_word' id='word_1_588' title='bbox 1983 3321 2077 3367; x_wconf 89' lang='lat' dir='ltr'><strong>aut</strong></span> <span class='ocrx_word' id='word_1_589' title='bbox 2107 3312 2451 3384; x_wconf 91' lang='lat' dir='ltr'><strong>proferentes</strong></span> <span class='ocrx_word' id='word_1_590' title='bbox 2490 3308 2661 3365; x_wconf 90' lang='lat' dir='ltr'><strong>verba</strong></span> <span class='ocrx_word' id='word_1_591' title='bbox 2693 3308 2886 3364; x_wconf 89' lang='lat' dir='ltr'><strong>nociva</strong></span> <span class='ocrx_word' id='word_1_592' title='bbox 2909 3348 2923 3371; x_wconf 92' lang='lat'><strong>,</strong></span> <span class='ocrx_word' id='word_1_593' title='bbox 2953 3313 3048 3359; x_wconf 91' lang='lat' dir='ltr'><strong>aut</strong></span> <span class='ocrx_word' id='word_1_594' title='bbox 3095 3302 3429 3358; x_wconf 88' lang='lat' dir='ltr'><strong>seminantes</strong></span> 
     </span>
    </p>
   </div>
   <div class='ocr_carea' id='block_1_80' title="bbox 1828 3394 3428 3472">
    <p class='ocr_par' dir='ltr' id='par_1_80' title="bbox 1828 3394 3428 3472">
     <span class='ocr_line' id='line_1_80' title="bbox 1828 3394 3428 3472; baseline -0.01 -9"><span class='ocrx_word' id='word_1_595' title='bbox 1828 3405 2189 3472; x_wconf 90' lang='lat' dir='ltr'><strong>discordiam,</strong></span> <span class='ocrx_word' id='word_1_596' title='bbox 2215 3413 2309 3459; x_wconf 93' lang='lat' dir='ltr'><strong>aut</strong></span> <span class='ocrx_word' id='word_1_597' title='bbox 2335 3403 2626 3459; x_wconf 89' lang='lat' dir='ltr'><strong>audientes</strong></span> <span class='ocrx_word' id='word_1_598' title='bbox 2655 3399 2793 3455; x_wconf 87' lang='lat' dir='ltr'><strong>alios</strong></span> <span class='ocrx_word' id='word_1_599' title='bbox 2820 3397 2887 3453; x_wconf 88' lang='lat' dir='ltr'><strong>ad</strong></span> <span class='ocrx_word' id='word_1_600' title='bbox 2910 3396 3312 3453; x_wconf 90' lang='lat' dir='ltr'><strong>detractionem</strong></span> <span class='ocrx_word' id='word_1_601' title='bbox 3342 3394 3428 3448; x_wconf 90' lang='lat' dir='ltr'><strong>in-</strong></span> 
     </span>
    </p>
   </div>
   <div class='ocr_carea' id='block_1_81' title="bbox 1828 3486 3430 3559">
    <p class='ocr_par' dir='ltr' id='par_1_81' title="bbox 1828 3486 3430 3559">
     <span class='ocr_line' id='line_1_81' title="bbox 1828 3486 3430 3559; baseline -0.007 -5"><span class='ocrx_word' id='word_1_602' title='bbox 1828 3499 1999 3554; x_wconf 87' lang='lat' dir='ltr'><strong>citant</strong></span> <span class='ocrx_word' id='word_1_603' title='bbox 2025 3515 2040 3553; x_wconf 93' lang='lat'><strong>:</strong></span> <span class='ocrx_word' id='word_1_604' title='bbox 2063 3505 2160 3552; x_wconf 90' lang='lat' dir='ltr'><strong>aut</strong></span> <span class='ocrx_word' id='word_1_605' title='bbox 2184 3495 2478 3553; x_wconf 86' lang='lat' dir='ltr'><strong>maledicta</strong></span> <span class='ocrx_word' id='word_1_606' title='bbox 2507 3493 2832 3550; x_wconf 87' lang='lat' dir='ltr'><strong>confirmant</strong></span> <span class='ocrx_word' id='word_1_607' title='bbox 2855 3507 2872 3558; x_wconf 79' lang='lat'><strong>&#39;,</strong></span> <span class='ocrx_word' id='word_1_608' title='bbox 2897 3501 2957 3545; x_wconf 91' lang='lat' dir='ltr'><strong>nt</strong></span> <span class='ocrx_word' id='word_1_609' title='bbox 2979 3488 3216 3559; x_wconf 89' lang='lat' dir='ltr'><strong>duplicis</strong></span> <span class='ocrx_word' id='word_1_610' title='bbox 3238 3486 3430 3544; x_wconf 89' lang='lat' dir='ltr'><strong>delicti</strong></span> 
     </span>
    </p>
   </div>
   <div class='ocr_carea' id='block_1_82' title="bbox 1829 3576 3424 3647">
    <p class='ocr_par' dir='ltr' id='par_1_82' title="bbox 1829 3576 3424 3647">
     <span class='ocr_line' id='line_1_82' title="bbox 1829 3576 3424 3647; baseline -0.01 1"><span class='ocrx_word' id='word_1_611' title='bbox 1829 3606 1940 3647; x_wconf 78' lang='lat' dir='ltr'><strong>reae</strong></span> <span class='ocrx_word' id='word_1_612' title='bbox 1972 3590 2296 3645; x_wconf 90' lang='lat' dir='ltr'><strong>habeantur.</strong></span> <span class='ocrx_word' id='word_1_613' title='bbox 2347 3587 2409 3643; x_wconf 90' lang='lat' dir='ltr'><strong>In</strong></span> <span class='ocrx_word' id='word_1_614' title='bbox 2439 3587 2545 3644; x_wconf 92' lang='lat' dir='ltr'><strong>hoc</strong></span> <span class='ocrx_word' id='word_1_615' title='bbox 2592 3594 2866 3642; x_wconf 88' lang='lat' dir='ltr'><strong>conventu</strong></span> <span class='ocrx_word' id='word_1_616' title='bbox 2919 3580 3243 3637; x_wconf 88' lang='lat' dir='ltr'><strong>ancillarum</strong></span> <span class='ocrx_word' id='word_1_617' title='bbox 3291 3576 3424 3646; x_wconf 88' lang='lat' dir='ltr'><strong>Dei,</strong></span> 
     </span>
    </p>
   </div>
   <div class='ocr_carea' id='block_1_83' title="bbox 1829 3671 3427 3753">
    <p class='ocr_par' dir='ltr' id='par_1_83' title="bbox 1829 3671 3427 3753">
     <span class='ocr_line' id='line_1_83' title="bbox 1829 3671 3427 3753; baseline -0.009 -12"><span class='ocrx_word' id='word_1_618' title='bbox 1829 3685 2120 3741; x_wconf 89' lang='lat' dir='ltr'><strong>muliebris</strong></span> <span class='ocrx_word' id='word_1_619' title='bbox 2165 3684 2344 3739; x_wconf 89' lang='lat' dir='ltr'><strong>omnis</strong></span> <span class='ocrx_word' id='word_1_620' title='bbox 2373 3682 2681 3753; x_wconf 90' lang='lat' dir='ltr'><strong>expellatur</strong></span> <span class='ocrx_word' id='word_1_621' title='bbox 2728 3676 3042 3735; x_wconf 84' lang='lat' dir='ltr'><strong>infirmitas.</strong></span> <span class='ocrx_word' id='word_1_622' title='bbox 3072 3673 3207 3730; x_wconf 87' lang='lat' dir='ltr'><strong>Illud</strong></span> <span class='ocrx_word' id='word_1_623' title='bbox 3237 3671 3427 3729; x_wconf 87' lang='lat' dir='ltr'><strong>Jacobi</strong></span> 
     </span>
    </p>
   </div>
   <div class='ocr_carea' id='block_1_84' title="bbox 1827 3763 3417 3840">
    <p class='ocr_par' dir='ltr' id='par_1_84' title="bbox 1827 3763 3417 3840">
     <span class='ocr_line' id='line_1_84' title="bbox 1827 3763 3417 3840; baseline -0.011 -4"><span class='ocrx_word' id='word_1_624' title='bbox 1827 3780 2053 3836; x_wconf 91' lang='lat' dir='ltr'><strong>verbum</strong></span> <span class='ocrx_word' id='word_1_625' title='bbox 2086 3778 2138 3833; x_wconf 89' lang='lat' dir='ltr'><strong>in</strong></span> <span class='ocrx_word' id='word_1_626' title='bbox 2172 3777 2343 3834; x_wconf 87' lang='lat' dir='ltr'><strong>corde</strong></span> <span class='ocrx_word' id='word_1_627' title='bbox 2377 3785 2564 3831; x_wconf 90' lang='lat' dir='ltr'><strong>vestro</strong></span> <span class='ocrx_word' id='word_1_628' title='bbox 2591 3773 2872 3830; x_wconf 89' lang='lat' dir='ltr'><strong>multoties</strong></span> <span class='ocrx_word' id='word_1_629' title='bbox 2898 3776 3181 3840; x_wconf 88' lang='lat' dir='ltr'><strong>repetatur</strong></span> <span class='ocrx_word' id='word_1_630' title='bbox 3205 3766 3260 3821; x_wconf 93' lang='lat' dir='ltr'><strong>in</strong></span> <span class='ocrx_word' id='word_1_631' title='bbox 3290 3763 3417 3821; x_wconf 88' lang='lat' dir='ltr'><strong>die:</strong></span> 
     </span>
    </p>
   </div>
   <div class='ocr_carea' id='block_1_85' title="bbox 1829 3860 3427 3944">
    <p class='ocr_par' dir='ltr' id='par_1_85' title="bbox 1829 3860 3427 3944">
     <span class='ocr_line' id='line_1_85' title="bbox 1829 3860 3427 3944; baseline -0.012 -15"><span class='ocrx_word' id='word_1_632' title='bbox 1829 3872 1894 3929; x_wconf 88' lang='lat' dir='ltr'><strong>Si</strong></span> <span class='ocrx_word' id='word_1_633' title='bbox 1915 3872 2029 3944; x_wconf 86' lang='lat' dir='ltr'><strong>quis</strong></span> <span class='ocrx_word' id='word_1_634' title='bbox 2057 3880 2205 3940; x_wconf 81' lang='lat' dir='ltr'><strong>putat</strong></span> <span class='ocrx_word' id='word_1_635' title='bbox 2224 3887 2279 3925; x_wconf 87' lang='lat' dir='ltr'><strong>se</strong></span> <span class='ocrx_word' id='word_1_636' title='bbox 2295 3870 2603 3942; x_wconf 84' lang='lat' dir='ltr'><strong>religiosum</strong></span> <span class='ocrx_word' id='word_1_637' title='bbox 2624 3882 2733 3923; x_wconf 81' lang='lat' dir='ltr'><strong>esse</strong></span> <span class='ocrx_word' id='word_1_638' title='bbox 2748 3905 2764 3930; x_wconf 92' lang='lat'><strong>,</strong></span> <span class='ocrx_word' id='word_1_639' title='bbox 2782 3880 2886 3919; x_wconf 88' lang='lat' dir='ltr'><strong>non</strong></span> <span class='ocrx_word' id='word_1_640' title='bbox 2902 3866 3170 3934; x_wconf 79' lang='lat' dir='ltr'><strong>refrenans</strong></span> <span class='ocrx_word' id='word_1_641' title='bbox 3192 3860 3427 3929; x_wconf 84' lang='lat' dir='ltr'><strong>linguam</strong></span> 
     </span>
    </p>
   </div>
   <div class='ocr_carea' id='block_1_86' title="bbox 1827 3951 3423 4034">
    <p class='ocr_par' dir='ltr' id='par_1_86' title="bbox 1827 3951 3423 4034">
     <span class='ocr_line' id='line_1_86' title="bbox 1827 3951 3423 4034; baseline -0.01 -10"><span class='ocrx_word' id='word_1_642' title='bbox 1827 3984 2003 4034; x_wconf 79' lang='lat' dir='ltr'><strong>suam,</strong></span> <span class='ocrx_word' id='word_1_643' title='bbox 2033 3967 2121 4022; x_wconf 87' lang='lat' dir='ltr'><strong>sed</strong></span> <span class='ocrx_word' id='word_1_644' title='bbox 2148 3966 2398 4020; x_wconf 85' lang='lat' dir='ltr'><strong>seducens</strong></span> <span class='ocrx_word' id='word_1_645' title='bbox 2429 3980 2518 4018; x_wconf 84' lang='lat' dir='ltr'><strong>cor</strong></span> <span class='ocrx_word' id='word_1_646' title='bbox 2538 3978 2693 4017; x_wconf 87' lang='lat' dir='ltr'><strong>suum</strong></span> <span class='ocrx_word' id='word_1_647' title='bbox 2715 3976 2733 4013; x_wconf 90' lang='lat'><strong>:</strong></span> <span class='ocrx_word' id='word_1_648' title='bbox 2758 3960 2915 4033; x_wconf 83' lang='lat' dir='ltr'><strong>hujus</strong></span> <span class='ocrx_word' id='word_1_649' title='bbox 2955 3971 3089 4010; x_wconf 81' lang='lat' dir='ltr'><strong>vana</strong></span> <span class='ocrx_word' id='word_1_650' title='bbox 3115 3961 3190 4007; x_wconf 87' lang='lat' dir='ltr'><strong>est</strong></span> <span class='ocrx_word' id='word_1_651' title='bbox 3214 3951 3423 4024; x_wconf 77' lang='lat' dir='ltr'><strong>religio.</strong></span> 
     </span>
    </p>
   </div>
   <div class='ocr_carea' id='block_1_87' title="bbox 1827 4044 3424 4128">
    <p class='ocr_par' dir='ltr' id='par_1_87' title="bbox 1827 4044 3424 4128">
     <span class='ocr_line' id='line_1_87' title="bbox 1827 4044 3424 4128; baseline -0.011 -13"><span class='ocrx_word' id='word_1_652' title='bbox 1827 4058 2040 4128; x_wconf 82' lang='lat' dir='ltr'><strong>Religio</strong></span> <span class='ocrx_word' id='word_1_653' title='bbox 2068 4056 2237 4128; x_wconf 87' lang='lat' dir='ltr'><strong>igitur</strong></span> <span class='ocrx_word' id='word_1_654' title='bbox 2261 4063 2448 4111; x_wconf 90' lang='lat' dir='ltr'><strong>sancta</strong></span> <span class='ocrx_word' id='word_1_655' title='bbox 2476 4069 2585 4110; x_wconf 90' lang='lat' dir='ltr'><strong>non</strong></span> <span class='ocrx_word' id='word_1_656' title='bbox 2617 4059 2799 4123; x_wconf 88' lang='lat' dir='ltr'><strong>potest</strong></span> <span class='ocrx_word' id='word_1_657' title='bbox 2828 4062 2953 4107; x_wconf 88' lang='lat' dir='ltr'><strong>esse</strong></span> <span class='ocrx_word' id='word_1_658' title='bbox 2979 4047 3035 4103; x_wconf 91' lang='lat' dir='ltr'><strong>in</strong></span> <span class='ocrx_word' id='word_1_659' title='bbox 3067 4044 3424 4116; x_wconf 88' lang='lat' dir='ltr'><strong>loquacibus,</strong></span> 
     </span>
    </p>
   </div>
   <div class='ocr_carea' id='block_1_88' title="bbox 1828 4135 3433 4223">
    <p class='ocr_par' dir='ltr' id='par_1_88' title="bbox 1828 4135 3433 4223">
     <span class='ocr_line' id='line_1_88' title="bbox 1828 4135 3433 4223; baseline -0.009 -17"><span class='ocrx_word' id='word_1_660' title='bbox 1828 4166 1950 4223; x_wconf 86' lang='lat' dir='ltr'><strong>quae</strong></span> <span class='ocrx_word' id='word_1_661' title='bbox 1973 4149 2123 4205; x_wconf 94' lang='lat' dir='ltr'><strong>nullo</strong></span> <span class='ocrx_word' id='word_1_662' title='bbox 2152 4156 2387 4221; x_wconf 89' lang='lat' dir='ltr'><strong>possunt</strong></span> <span class='ocrx_word' id='word_1_663' title='bbox 2415 4155 2665 4217; x_wconf 89' lang='lat' dir='ltr'><strong>tempore</strong></span> <span class='ocrx_word' id='word_1_664' title='bbox 2687 4143 2889 4209; x_wconf 90' lang='lat' dir='ltr'><strong>silere,</strong></span> <span class='ocrx_word' id='word_1_665' title='bbox 2913 4155 3017 4197; x_wconf 92' lang='lat' dir='ltr'><strong>nec</strong></span> <span class='ocrx_word' id='word_1_666' title='bbox 3058 4138 3336 4195; x_wconf 88' lang='lat' dir='ltr'><strong>abstinere</strong></span> <span class='ocrx_word' id='word_1_667' title='bbox 3363 4135 3433 4191; x_wconf 91' lang='lat' dir='ltr'><strong>ab</strong></span> 
     </span>
    </p>
   </div>
   <div class='ocr_carea' id='block_1_89' title="bbox 1831 4231 3431 4301">
    <p class='ocr_par' dir='ltr' id='par_1_89' title="bbox 1831 4231 3431 4301">
     <span class='ocr_line' id='line_1_89' title="bbox 1831 4231 3431 4301; baseline -0.011 0"><span class='ocrx_word' id='word_1_668' title='bbox 1831 4244 2117 4301; x_wconf 88' lang='lat' dir='ltr'><strong>inutilibus</strong></span> <span class='ocrx_word' id='word_1_669' title='bbox 2144 4243 2348 4299; x_wconf 89' lang='lat' dir='ltr'><strong>verbis.</strong></span> <span class='ocrx_word' id='word_1_670' title='bbox 2383 4240 2467 4297; x_wconf 89' lang='lat' dir='ltr'><strong>Ex</strong></span> <span class='ocrx_word' id='word_1_671' title='bbox 2511 4240 2619 4296; x_wconf 90' lang='lat' dir='ltr'><strong>hoc</strong></span> <span class='ocrx_word' id='word_1_672' title='bbox 2646 4239 2794 4294; x_wconf 90' lang='lat' dir='ltr'><strong>enim</strong></span> <span class='ocrx_word' id='word_1_673' title='bbox 2826 4237 2878 4291; x_wconf 94' lang='lat' dir='ltr'><strong>in</strong></span> <span class='ocrx_word' id='word_1_674' title='bbox 2911 4248 3100 4290; x_wconf 89' lang='lat' dir='ltr'><strong>eremo</strong></span> <span class='ocrx_word' id='word_1_675' title='bbox 3125 4231 3299 4286; x_wconf 87' lang='lat' dir='ltr'><strong>sancti</strong></span> <span class='ocrx_word' id='word_1_676' title='bbox 3330 4244 3431 4301; x_wconf 83' lang='lat' dir='ltr'><strong>pa-</strong></span> 
     </span>
    </p>
   </div>
   <div class='ocr_carea' id='block_1_90' title="bbox 1830 4327 3427 4403">
    <p class='ocr_par' dir='ltr' id='par_1_90' title="bbox 1830 4327 3427 4403">
     <span class='ocr_line' id='line_1_90' title="bbox 1830 4327 3427 4403; baseline -0.011 -9"><span class='ocrx_word' id='word_1_677' title='bbox 1830 4344 1944 4394; x_wconf 90' lang='lat' dir='ltr'><strong>tres</strong></span> <span class='ocrx_word' id='word_1_678' title='bbox 1972 4337 2150 4393; x_wconf 90' lang='lat' dir='ltr'><strong>edocti</strong></span> <span class='ocrx_word' id='word_1_679' title='bbox 2168 4379 2184 4403; x_wconf 88' lang='lat'><strong>,</strong></span> <span class='ocrx_word' id='word_1_680' title='bbox 2209 4350 2424 4392; x_wconf 90' lang='lat' dir='ltr'><strong>summa</strong></span> <span class='ocrx_word' id='word_1_681' title='bbox 2453 4349 2577 4389; x_wconf 91' lang='lat' dir='ltr'><strong>cum</strong></span> <span class='ocrx_word' id='word_1_682' title='bbox 2606 4330 2889 4403; x_wconf 86' lang='lat' dir='ltr'><strong>diligentia</strong></span> <span class='ocrx_word' id='word_1_683' title='bbox 2911 4327 3215 4383; x_wconf 88' lang='lat' dir='ltr'><strong>observant</strong></span> <span class='ocrx_word' id='word_1_684' title='bbox 3237 4331 3427 4380; x_wconf 87' lang='lat' dir='ltr'><strong>sancta</strong></span> 
     </span>
    </p>
   </div>
   <div class='ocr_carea' id='block_1_91' title="bbox 1832 4422 3424 4500">
    <p class='ocr_par' dir='ltr' id='par_1_91' title="bbox 1832 4422 3424 4500">
     <span class='ocr_line' id='line_1_91' title="bbox 1832 4422 3424 4500; baseline -0.01 -11"><span class='ocrx_word' id='word_1_685' title='bbox 1832 4432 2051 4490; x_wconf 87' lang='lat' dir='ltr'><strong>silentia</strong></span> <span class='ocrx_word' id='word_1_686' title='bbox 2077 4473 2092 4499; x_wconf 95' lang='lat'><strong>,</strong></span> <span class='ocrx_word' id='word_1_687' title='bbox 2134 4440 2411 4500; x_wconf 81' lang='lat' dir='ltr'><strong>tamquam</strong></span> <span class='ocrx_word' id='word_1_688' title='bbox 2438 4436 2641 4484; x_wconf 76' lang='lat' dir='ltr'><strong>sanctae</strong></span> <span class='ocrx_word' id='word_1_689' title='bbox 2670 4422 3154 4495; x_wconf 88' lang='lat' dir='ltr'><strong>contemplationis</strong></span> <span class='ocrx_word' id='word_1_690' title='bbox 3182 4433 3424 4476; x_wconf 90' lang='lat' dir='ltr'><strong>causam.</strong></span> 
     </span>
    </p>
   </div>
   <div class='ocr_carea' id='block_1_92' title="bbox 134 4511 3428 4598">
    <p class='ocr_par' dir='ltr' id='par_1_92' title="bbox 134 4511 3428 4598">
     <span class='ocr_line' id='line_1_92' title="bbox 134 4511 3428 4598; baseline -0.006 -13"><span class='ocrx_word' id='word_1_691' title='bbox 134 4543 305 4589; x_wconf 85' lang='lat' dir='ltr'><strong>rentes</strong></span> <span class='ocrx_word' id='word_1_692' title='bbox 359 4532 420 4589; x_wconf 92' lang='lat' dir='ltr'><strong>in</strong></span> <span class='ocrx_word' id='word_1_693' title='bbox 449 4528 723 4595; x_wconf 85' lang='lat' dir='ltr'><strong>medium,</strong></span> <span class='ocrx_word' id='word_1_694' title='bbox 758 4523 904 4598; x_wconf 89' lang='lat' dir='ltr'><strong>quod</strong></span> <span class='ocrx_word' id='word_1_695' title='bbox 934 4524 1240 4596; x_wconf 87' lang='lat' dir='ltr'><strong>spiritualis</strong></span> <span class='ocrx_word' id='word_1_696' title='bbox 1272 4523 1435 4579; x_wconf 91' lang='lat' dir='ltr'><strong>homo</strong></span> <span class='ocrx_word' id='word_1_697' title='bbox 1464 4520 1729 4592; x_wconf 89' lang='lat' dir='ltr'><strong>dijudicat</strong></span> <span class='ocrx_word' id='word_1_698' title='bbox 1753 4524 1810 4588; x_wconf 85' lang='lat' dir='ltr'><strong>D</strong></span> <span class='ocrx_word' id='word_1_699' title='bbox 1904 4523 2093 4579; x_wconf 76' lang='lat' dir='ltr'><strong>Plures</strong></span> <span class='ocrx_word' id='word_1_700' title='bbox 2122 4537 2211 4577; x_wconf 89' lang='lat' dir='ltr'><strong>me</strong></span> <span class='ocrx_word' id='word_1_701' title='bbox 2236 4520 2515 4592; x_wconf 89' lang='lat' dir='ltr'><strong>reperisse</strong></span> <span class='ocrx_word' id='word_1_702' title='bbox 2560 4532 2668 4573; x_wconf 92' lang='lat' dir='ltr'><strong>non</strong></span> <span class='ocrx_word' id='word_1_703' title='bbox 2695 4516 2911 4586; x_wconf 84' lang='lat' dir='ltr'><strong>ambigo</strong></span> <span class='ocrx_word' id='word_1_704' title='bbox 2930 4558 2945 4584; x_wconf 86' lang='lat'><strong>,</strong></span> <span class='ocrx_word' id='word_1_705' title='bbox 2994 4511 3085 4584; x_wconf 90' lang='lat' dir='ltr'><strong>qui</strong></span> <span class='ocrx_word' id='word_1_706' title='bbox 3116 4527 3213 4583; x_wconf 91' lang='lat' dir='ltr'><strong>per</strong></span> <span class='ocrx_word' id='word_1_707' title='bbox 3241 4518 3428 4581; x_wconf 88' lang='lat' dir='ltr'><strong>septe-</strong></span> 
     </span>
    </p>
   </div>
   <div class='ocr_carea' id='block_1_93' title="bbox 130 4614 1726 4689">
    <p class='ocr_par' dir='ltr' id='par_1_93' title="bbox 130 4614 1726 4689">
     <span class='ocr_line' id='line_1_93' title="bbox 130 4614 1726 4689; baseline -0.006 -10"><span class='ocrx_word' id='word_1_708' title='bbox 130 4629 326 4682; x_wconf 82' lang='lat' dir='ltr'><strong>otnuia.</strong></span> <span class='ocrx_word' id='word_1_709' title='bbox 360 4624 485 4681; x_wconf 77' lang='lat' dir='ltr'><strong>Heu</strong></span> <span class='ocrx_word' id='word_1_710' title='bbox 518 4618 802 4677; x_wconf 90' lang='lat' dir='ltr'><strong>immundo</strong></span> <span class='ocrx_word' id='word_1_711' title='bbox 845 4616 1041 4689; x_wconf 89' lang='lat' dir='ltr'><strong>spiritu</strong></span> <span class='ocrx_word' id='word_1_712' title='bbox 1073 4615 1258 4687; x_wconf 90' lang='lat' dir='ltr'><strong>pleni,</strong></span> <span class='ocrx_word' id='word_1_713' title='bbox 1290 4614 1420 4687; x_wconf 90' lang='lat' dir='ltr'><strong>quid</strong></span> <span class='ocrx_word' id='word_1_714' title='bbox 1452 4614 1726 4670; x_wconf 91' lang='lat' dir='ltr'><strong>conamini</strong></span> 
     </span>
    </p>
   </div>
   <div class='ocr_carea' id='block_1_94' title="bbox 131 4704 1728 4777">
    <p class='ocr_par' dir='ltr' id='par_1_94' title="bbox 131 4704 1728 4777">
     <span class='ocr_line' id='line_1_94' title="bbox 131 4704 1728 4777; baseline -0.007 -5"><span class='ocrx_word' id='word_1_715' title='bbox 131 4718 185 4775; x_wconf 88' lang='lat' dir='ltr'><strong>de</strong></span> <span class='ocrx_word' id='word_1_716' title='bbox 205 4719 382 4775; x_wconf 84' lang='lat' dir='ltr'><strong>oculo</strong></span> <span class='ocrx_word' id='word_1_717' title='bbox 404 4713 595 4771; x_wconf 84' lang='lat' dir='ltr'><strong>fratris</strong></span> <span class='ocrx_word' id='word_1_718' title='bbox 622 4712 885 4767; x_wconf 91' lang='lat' dir='ltr'><strong>festucam</strong></span> <span class='ocrx_word' id='word_1_719' title='bbox 909 4707 1231 4773; x_wconf 88' lang='lat' dir='ltr'><strong>extrahere,</strong></span> <span class='ocrx_word' id='word_1_720' title='bbox 1255 4706 1348 4777; x_wconf 90' lang='lat' dir='ltr'><strong>qui</strong></span> <span class='ocrx_word' id='word_1_721' title='bbox 1378 4705 1530 4761; x_wconf 88' lang='lat' dir='ltr'><strong>fertis</strong></span> <span class='ocrx_word' id='word_1_722' title='bbox 1551 4704 1728 4761; x_wconf 92' lang='lat' dir='ltr'><strong>conti-</strong></span> 
     </span>
    </p>
   </div>
   <div class='ocr_carea' id='block_1_95' title="bbox 126 4801 1726 4877">
    <p class='ocr_par' dir='ltr' id='par_1_95' title="bbox 126 4801 1726 4877">
     <span class='ocr_line' id='line_1_95' title="bbox 126 4801 1726 4877; baseline -0.009 -7"><span class='ocrx_word' id='word_1_723' title='bbox 126 4832 221 4872; x_wconf 84' lang='lat' dir='ltr'><strong>nue</strong></span> <span class='ocrx_word' id='word_1_724' title='bbox 248 4816 307 4871; x_wconf 92' lang='lat' dir='ltr'><strong>in</strong></span> <span class='ocrx_word' id='word_1_725' title='bbox 342 4820 535 4869; x_wconf 75' lang='lat' dir='ltr'><strong>vestro</strong></span> <span class='ocrx_word' id='word_1_726' title='bbox 557 4807 801 4865; x_wconf 83' lang='lat' dir='ltr'><strong>trabem?</strong></span> <span class='ocrx_word' id='word_1_727' title='bbox 846 4804 1149 4877; x_wconf 75' lang='lat' dir='ltr'><strong>Hypocrita:</strong></span> <span class='ocrx_word' id='word_1_728' title='bbox 1191 4802 1361 4856; x_wconf 85' lang='lat' dir='ltr'><strong>tristes</strong></span> <span class='ocrx_word' id='word_1_729' title='bbox 1385 4801 1726 4856; x_wconf 74' lang='lat' dir='ltr'><strong>exterminant</strong></span> 
     </span>
    </p>
   </div>
   <div class='ocr_carea' id='block_1_96' title="bbox 123 4900 1728 4981">
    <p class='ocr_par' dir='ltr' id='par_1_96' title="bbox 123 4900 1728 4981">
     <span class='ocr_line' id='line_1_96' title="bbox 123 4900 1728 4981; baseline -0.012 -10"><span class='ocrx_word' id='word_1_730' title='bbox 123 4915 279 4981; x_wconf 75' lang='lat' dir='ltr'><strong>facies</strong></span> <span class='ocrx_word' id='word_1_731' title='bbox 331 4927 500 4975; x_wconf 78' lang='lat' dir='ltr'><strong>suas,</strong></span> <span class='ocrx_word' id='word_1_732' title='bbox 532 4918 588 4962; x_wconf 89' lang='lat' dir='ltr'><strong>ut</strong></span> <span class='ocrx_word' id='word_1_733' title='bbox 638 4914 924 4977; x_wconf 86' lang='lat' dir='ltr'><strong>appareant</strong></span> <span class='ocrx_word' id='word_1_734' title='bbox 973 4901 1263 4955; x_wconf 84' lang='lat' dir='ltr'><strong>hominibus</strong></span> <span class='ocrx_word' id='word_1_735' title='bbox 1297 4900 1644 4973; x_wconf 87' lang='lat' dir='ltr'><strong>jejunantes:</strong></span> <span class='ocrx_word' id='word_1_736' title='bbox 1672 4906 1728 4953; x_wconf 87' lang='lat' dir='ltr'><strong>et</strong></span> 
     </span>
    </p>
   </div>
   <div class='ocr_carea' id='block_1_97' title="bbox 120 4991 1726 5076">
    <p class='ocr_par' dir='ltr' id='par_1_97' title="bbox 120 4991 1726 5076">
     <span class='ocr_line' id='line_1_97' title="bbox 120 4991 1726 5076; baseline -0.008 -14"><span class='ocrx_word' id='word_1_737' title='bbox 120 5008 287 5065; x_wconf 81' lang='lat' dir='ltr'><strong>barba</strong></span> <span class='ocrx_word' id='word_1_738' title='bbox 325 5004 546 5076; x_wconf 82' lang='lat' dir='ltr'><strong>prolixa</strong></span> <span class='ocrx_word' id='word_1_739' title='bbox 566 5044 583 5070; x_wconf 94' lang='lat'><strong>,</strong></span> <span class='ocrx_word' id='word_1_740' title='bbox 607 5002 759 5057; x_wconf 91' lang='lat' dir='ltr'><strong>crine</strong></span> <span class='ocrx_word' id='word_1_741' title='bbox 787 4999 980 5054; x_wconf 91' lang='lat' dir='ltr'><strong>cinere</strong></span> <span class='ocrx_word' id='word_1_742' title='bbox 1009 5009 1230 5067; x_wconf 81' lang='lat' dir='ltr'><strong>aSpcrso</strong></span> <span class='ocrx_word' id='word_1_743' title='bbox 1248 5040 1262 5065; x_wconf 91' lang='lat'><strong>,</strong></span> <span class='ocrx_word' id='word_1_744' title='bbox 1293 4995 1467 5050; x_wconf 88' lang='lat' dir='ltr'><strong>fracta</strong></span> <span class='ocrx_word' id='word_1_745' title='bbox 1486 4991 1726 5063; x_wconf 89' lang='lat' dir='ltr'><strong>undique</strong></span> 
     </span>
    </p>
   </div>
   <div class='ocr_carea' id='block_1_98' title="bbox 117 5086 1726 5159">
    <p class='ocr_par' dir='ltr' id='par_1_98' title="bbox 117 5086 1726 5159">
     <span class='ocr_line' id='line_1_98' title="bbox 117 5086 1726 5159; baseline -0.007 -5"><span class='ocrx_word' id='word_1_746' title='bbox 117 5113 177 5154; x_wconf 88' lang='lat' dir='ltr'><strong>ac</strong></span> <span class='ocrx_word' id='word_1_747' title='bbox 205 5099 341 5155; x_wconf 88' lang='lat' dir='ltr'><strong>rudi</strong></span> <span class='ocrx_word' id='word_1_748' title='bbox 378 5107 435 5153; x_wconf 91' lang='lat' dir='ltr'><strong>et</strong></span> <span class='ocrx_word' id='word_1_749' title='bbox 482 5093 717 5151; x_wconf 89' lang='lat' dir='ltr'><strong>deformi</strong></span> <span class='ocrx_word' id='word_1_750' title='bbox 744 5100 893 5148; x_wconf 89' lang='lat' dir='ltr'><strong>veste</strong></span> <span class='ocrx_word' id='word_1_751' title='bbox 917 5134 933 5159; x_wconf 91' lang='lat'><strong>,</strong></span> <span class='ocrx_word' id='word_1_752' title='bbox 964 5089 1239 5159; x_wconf 93' lang='lat' dir='ltr'><strong>colloquio</strong></span> <span class='ocrx_word' id='word_1_753' title='bbox 1283 5088 1485 5144; x_wconf 88' lang='lat' dir='ltr'><strong>blando</strong></span> <span class='ocrx_word' id='word_1_754' title='bbox 1505 5130 1520 5154; x_wconf 92' lang='lat'><strong>,</strong></span> <span class='ocrx_word' id='word_1_755' title='bbox 1545 5086 1726 5143; x_wconf 89' lang='lat' dir='ltr'><strong>verbis</strong></span> 
     </span>
    </p>
   </div>
   <div class='ocr_carea' id='block_1_99' title="bbox 117 5181 1727 5257">
    <p class='ocr_par' dir='ltr' id='par_1_99' title="bbox 117 5181 1727 5257">
     <span class='ocr_line' id='line_1_99' title="bbox 117 5181 1727 5257; baseline -0.007 -10"><span class='ocrx_word' id='word_1_756' title='bbox 117 5194 369 5257; x_wconf 82' lang='lat' dir='ltr'><strong>fictisiis,</strong></span> <span class='ocrx_word' id='word_1_757' title='bbox 401 5206 463 5247; x_wconf 90' lang='lat' dir='ltr'><strong>se</strong></span> <span class='ocrx_word' id='word_1_758' title='bbox 494 5195 714 5243; x_wconf 90' lang='lat' dir='ltr'><strong>sanctos</strong></span> <span class='ocrx_word' id='word_1_759' title='bbox 743 5184 1081 5241; x_wconf 89' lang='lat' dir='ltr'><strong>ostendunt:</strong></span> <span class='ocrx_word' id='word_1_760' title='bbox 1109 5193 1166 5240; x_wconf 91' lang='lat' dir='ltr'><strong>et</strong></span> <span class='ocrx_word' id='word_1_761' title='bbox 1216 5181 1452 5238; x_wconf 87' lang='lat' dir='ltr'><strong>dealbati</strong></span> <span class='ocrx_word' id='word_1_762' title='bbox 1491 5181 1727 5252; x_wconf 88' lang='lat' dir='ltr'><strong>parietes</strong></span> 
     </span>
    </p>
   </div>
   <div class='ocr_carea' id='block_1_100' title="bbox 119 5278 1477 5341">
    <p class='ocr_par' dir='ltr' id='par_1_100' title="bbox 119 5278 1477 5341">
     <span class='ocr_line' id='line_1_100' title="bbox 119 5278 1477 5341; baseline -0.007 -2"><span class='ocrx_word' id='word_1_763' title='bbox 119 5288 260 5341; x_wconf 85' lang='lat' dir='ltr'><strong>inter</strong></span> <span class='ocrx_word' id='word_1_764' title='bbox 292 5280 665 5339; x_wconf 85' lang='lat' dir='ltr'><strong>mulierculas</strong></span> <span class='ocrx_word' id='word_1_765' title='bbox 692 5278 967 5335; x_wconf 92' lang='lat' dir='ltr'><strong>seminant</strong></span> <span class='ocrx_word' id='word_1_766' title='bbox 990 5285 1169 5332; x_wconf 89' lang='lat' dir='ltr'><strong>sectas</strong></span> <span class='ocrx_word' id='word_1_767' title='bbox 1206 5290 1477 5332; x_wconf 90' lang='lat' dir='ltr'><strong>errorum.</strong></span> 
     </span>
    </p>
   </div>
   <div class='ocr_carea' id='block_1_101' title="bbox 180 5371 1726 5449">
    <p class='ocr_par' dir='ltr' id='par_1_101' title="bbox 180 5371 1726 5449">
     <span class='ocr_line' id='line_1_101' title="bbox 180 5371 1726 5449; baseline -0.006 -12"><span class='ocrx_word' id='word_1_768' title='bbox 180 5378 455 5449; x_wconf 83' lang='lat' dir='ltr'><strong>Denique</strong></span> <span class='ocrx_word' id='word_1_769' title='bbox 487 5375 773 5446; x_wconf 88' lang='lat' dir='ltr'><strong>loquentes</strong></span> <span class='ocrx_word' id='word_1_770' title='bbox 807 5373 1201 5443; x_wconf 89' lang='lat' dir='ltr'><strong>cujuscumque</strong></span> <span class='ocrx_word' id='word_1_771' title='bbox 1224 5371 1393 5427; x_wconf 88' lang='lat' dir='ltr'><strong>vitam</strong></span> <span class='ocrx_word' id='word_1_772' title='bbox 1423 5371 1581 5428; x_wconf 88' lang='lat' dir='ltr'><strong>simul</strong></span> <span class='ocrx_word' id='word_1_773' title='bbox 1602 5385 1726 5428; x_wconf 90' lang='lat' dir='ltr'><strong>cum</strong></span> 
     </span>
    </p>
   </div>
   <div class='ocr_carea' id='block_1_102' title="bbox 112 5465 1726 5539">
    <p class='ocr_par' dir='ltr' id='par_1_102' title="bbox 112 5465 1726 5539">
     <span class='ocr_line' id='line_1_102' title="bbox 112 5465 1726 5539; baseline -0.004 -12"><span class='ocrx_word' id='word_1_774' title='bbox 112 5473 257 5527; x_wconf 78' lang='lat' dir='ltr'><strong>fama</strong></span> <span class='ocrx_word' id='word_1_775' title='bbox 290 5469 638 5539; x_wconf 78' lang='lat' dir='ltr'><strong>deitigrant:</strong></span> <span class='ocrx_word' id='word_1_776' title='bbox 684 5467 1044 5521; x_wconf 88' lang='lat' dir='ltr'><strong>instrumenta</strong></span> <span class='ocrx_word' id='word_1_777' title='bbox 1070 5465 1271 5520; x_wconf 87' lang='lat' dir='ltr'><strong>diaboli</strong></span> <span class='ocrx_word' id='word_1_778' title='bbox 1300 5465 1417 5521; x_wconf 59' lang='lat' dir='ltr'><strong>hac</strong></span> <span class='ocrx_word' id='word_1_779' title='bbox 1454 5474 1582 5520; x_wconf 92' lang='lat' dir='ltr'><strong>sunt</strong></span> <span class='ocrx_word' id='word_1_780' title='bbox 1610 5480 1726 5520; x_wconf 82' lang='lat' dir='ltr'><strong>om-</strong></span> 
     </span>
    </p>
   </div>
   <div class='ocr_carea' id='block_1_103' title="bbox 115 5559 1723 5630">
    <p class='ocr_par' dir='ltr' id='par_1_103' title="bbox 115 5559 1723 5630">
     <span class='ocr_line' id='line_1_103' title="bbox 115 5559 1723 5630; baseline -0.006 -6"><span class='ocrx_word' id='word_1_781' title='bbox 115 5568 220 5624; x_wconf 84' lang='lat' dir='ltr'><strong>uia.</strong></span> <span class='ocrx_word' id='word_1_782' title='bbox 260 5560 847 5622; x_wconf 80' lang='lat' dir='ltr'><strong>lnfortunatissimum</strong></span> <span class='ocrx_word' id='word_1_783' title='bbox 878 5559 1171 5616; x_wconf 89' lang='lat' dir='ltr'><strong>mulierum</strong></span> <span class='ocrx_word' id='word_1_784' title='bbox 1200 5574 1410 5630; x_wconf 86' lang='lat' dir='ltr'><strong>genus,</strong></span> <span class='ocrx_word' id='word_1_785' title='bbox 1442 5559 1604 5616; x_wconf 89' lang='lat' dir='ltr'><strong>hamo</strong></span> <span class='ocrx_word' id='word_1_786' title='bbox 1631 5576 1723 5616; x_wconf 53' lang='lat' dir='ltr'><strong>ca.</strong></span> 
     </span>
    </p>
   </div>
   <div class='ocr_carea' id='block_1_104' title="bbox 110 5653 1724 5733">
    <p class='ocr_par' dir='ltr' id='par_1_104' title="bbox 110 5653 1724 5733">
     <span class='ocr_line' id='line_1_104' title="bbox 110 5653 1724 5733; baseline -0.004 -15"><span class='ocrx_word' id='word_1_787' title='bbox 110 5664 356 5733; x_wconf 78' lang='lat' dir='ltr'><strong>piantur</strong></span> <span class='ocrx_word' id='word_1_788' title='bbox 385 5664 446 5713; x_wconf 85' lang='lat' dir='ltr'><strong>ut</strong></span> <span class='ocrx_word' id='word_1_789' title='bbox 469 5656 649 5729; x_wconf 86' lang='lat' dir='ltr'><strong>pisces</strong></span> <span class='ocrx_word' id='word_1_790' title='bbox 675 5672 689 5710; x_wconf 92' lang='lat'><strong>:</strong></span> <span class='ocrx_word' id='word_1_791' title='bbox 714 5655 783 5711; x_wconf 89' lang='lat' dir='ltr'><strong>ad</strong></span> <span class='ocrx_word' id='word_1_792' title='bbox 815 5654 1105 5711; x_wconf 89' lang='lat' dir='ltr'><strong>macellum</strong></span> <span class='ocrx_word' id='word_1_793' title='bbox 1124 5653 1401 5710; x_wconf 89' lang='lat' dir='ltr'><strong>ducuntur</strong></span> <span class='ocrx_word' id='word_1_794' title='bbox 1423 5664 1485 5710; x_wconf 91' lang='lat' dir='ltr'><strong>ut</strong></span> <span class='ocrx_word' id='word_1_795' title='bbox 1515 5657 1724 5712; x_wconf 63' lang='lat' dir='ltr'><strong>bestiae.</strong></span> 
     </span>
    </p>
   </div>
   <div class='ocr_carea' id='block_1_105' title="bbox 110 5746 1724 5819">
    <p class='ocr_par' dir='ltr' id='par_1_105' title="bbox 110 5746 1724 5819">
     <span class='ocr_line' id='line_1_105' title="bbox 110 5746 1724 5819; baseline -0.008 -5"><span class='ocrx_word' id='word_1_796' title='bbox 110 5753 416 5814; x_wconf 66' lang='lat' dir='ltr'><strong>Proterva</strong></span> <span class='ocrx_word' id='word_1_797' title='bbox 458 5748 681 5808; x_wconf 82' lang='lat' dir='ltr'><strong>nimium</strong></span> <span class='ocrx_word' id='word_1_798' title='bbox 731 5746 974 5816; x_wconf 74' lang='lat' dir='ltr'><strong>feminte,</strong></span> <span class='ocrx_word' id='word_1_799' title='bbox 1032 5760 1249 5819; x_wconf 85' lang='lat' dir='ltr'><strong>semper</strong></span> <span class='ocrx_word' id='word_1_800' title='bbox 1303 5748 1427 5806; x_wconf 82' lang='lat' dir='ltr'><strong>ficta</strong></span> <span class='ocrx_word' id='word_1_801' title='bbox 1457 5746 1724 5819; x_wconf 89' lang='lat' dir='ltr'><strong>cupiunt:</strong></span> 
     </span>
    </p>
   </div>
   <div class='ocr_carea' id='block_1_106' title="bbox 1832 4604 3426 4685">
    <p class='ocr_par' dir='ltr' id='par_1_106' title="bbox 1832 4604 3426 4685">
     <span class='ocr_line' id='line_1_106' title="bbox 1832 4604 3426 4685; baseline -0.011 -12"><span class='ocrx_word' id='word_1_802' title='bbox 1832 4616 1980 4673; x_wconf 89' lang='lat' dir='ltr'><strong>nium</strong></span> <span class='ocrx_word' id='word_1_803' title='bbox 2026 4614 2235 4673; x_wconf 88' lang='lat' dir='ltr'><strong>nullum</strong></span> <span class='ocrx_word' id='word_1_804' title='bbox 2264 4626 2494 4685; x_wconf 89' lang='lat' dir='ltr'><strong>prorsus</strong></span> <span class='ocrx_word' id='word_1_805' title='bbox 2519 4610 2747 4665; x_wconf 90' lang='lat' dir='ltr'><strong>verbum</strong></span> <span class='ocrx_word' id='word_1_806' title='bbox 2779 4604 2986 4663; x_wconf 87' lang='lat' dir='ltr'><strong>homini</strong></span> <span class='ocrx_word' id='word_1_807' title='bbox 3011 4604 3173 4661; x_wconf 88' lang='lat' dir='ltr'><strong>alteri</strong></span> <span class='ocrx_word' id='word_1_808' title='bbox 3222 4604 3426 4659; x_wconf 82' lang='lat' dir='ltr'><strong>emise-</strong></span> 
     </span>
    </p>
   </div>
   <div class='ocr_carea' id='block_1_107' title="bbox 1831 4698 3429 4778">
    <p class='ocr_par' dir='ltr' id='par_1_107' title="bbox 1831 4698 3429 4778">
     <span class='ocr_line' id='line_1_107' title="bbox 1831 4698 3429 4778; baseline -0.011 -10"><span class='ocrx_word' id='word_1_809' title='bbox 1831 4721 1994 4768; x_wconf 88' lang='lat' dir='ltr'><strong>rant:</strong></span> <span class='ocrx_word' id='word_1_810' title='bbox 2046 4711 2287 4765; x_wconf 88' lang='lat' dir='ltr'><strong>scientes</strong></span> <span class='ocrx_word' id='word_1_811' title='bbox 2337 4705 2479 4778; x_wconf 90' lang='lat' dir='ltr'><strong>quod</strong></span> <span class='ocrx_word' id='word_1_812' title='bbox 2511 4704 2703 4761; x_wconf 91' lang='lat' dir='ltr'><strong>nonin</strong></span> <span class='ocrx_word' id='word_1_813' title='bbox 2751 4701 3118 4760; x_wconf 82' lang='lat' dir='ltr'><strong>commotione</strong></span> <span class='ocrx_word' id='word_1_814' title='bbox 3164 4698 3429 4754; x_wconf 87' lang='lat' dir='ltr'><strong>Dominus</strong></span> 
     </span>
    </p>
   </div>
   <div class='ocr_carea' id='block_1_108' title="bbox 1829 4792 3426 4879">
    <p class='ocr_par' dir='ltr' id='par_1_108' title="bbox 1829 4792 3426 4879">
     <span class='ocr_line' id='line_1_108' title="bbox 1829 4792 3426 4879; baseline -0.011 -16"><span class='ocrx_word' id='word_1_815' title='bbox 1829 4815 2012 4879; x_wconf 90' lang='lat' dir='ltr'><strong>potest</strong></span> <span class='ocrx_word' id='word_1_816' title='bbox 2039 4804 2253 4860; x_wconf 88' lang='lat' dir='ltr'><strong>haberi.</strong></span> <span class='ocrx_word' id='word_1_817' title='bbox 2302 4802 2600 4873; x_wconf 89' lang='lat' dir='ltr'><strong>Propterea</strong></span> <span class='ocrx_word' id='word_1_818' title='bbox 2648 4798 2797 4865; x_wconf 89' lang='lat' dir='ltr'><strong>volo,</strong></span> <span class='ocrx_word' id='word_1_819' title='bbox 2845 4796 3226 4859; x_wconf 56' lang='lat' dir='ltr'><strong>charissima,</strong></span> <span class='ocrx_word' id='word_1_820' title='bbox 3260 4802 3321 4848; x_wconf 90' lang='lat' dir='ltr'><strong>ut</strong></span> <span class='ocrx_word' id='word_1_821' title='bbox 3371 4792 3426 4847; x_wconf 93' lang='lat' dir='ltr'><strong>in</strong></span> 
     </span>
    </p>
   </div>
   <div class='ocr_carea' id='block_1_109' title="bbox 1828 4889 3428 4968">
    <p class='ocr_par' dir='ltr' id='par_1_109' title="bbox 1828 4889 3428 4968">
     <span class='ocr_line' id='line_1_109' title="bbox 1828 4889 3428 4968; baseline -0.012 -9"><span class='ocrx_word' id='word_1_822' title='bbox 1828 4910 2101 4959; x_wconf 90' lang='lat' dir='ltr'><strong>conventu</strong></span> <span class='ocrx_word' id='word_1_823' title='bbox 2124 4908 2334 4967; x_wconf 88' lang='lat' dir='ltr'><strong>vestro,</strong></span> <span class='ocrx_word' id='word_1_824' title='bbox 2360 4907 2443 4954; x_wconf 90' lang='lat' dir='ltr'><strong>ter</strong></span> <span class='ocrx_word' id='word_1_825' title='bbox 2473 4906 2565 4952; x_wconf 86' lang='lat' dir='ltr'><strong>aut</strong></span> <span class='ocrx_word' id='word_1_826' title='bbox 2589 4894 2799 4968; x_wconf 91' lang='lat' dir='ltr'><strong>pluries</strong></span> <span class='ocrx_word' id='word_1_827' title='bbox 2832 4895 2885 4949; x_wconf 93' lang='lat' dir='ltr'><strong>in</strong></span> <span class='ocrx_word' id='word_1_828' title='bbox 2918 4889 3257 4948; x_wconf 77' lang='lat' dir='ltr'><strong>hebdomade</strong></span> <span class='ocrx_word' id='word_1_829' title='bbox 3284 4929 3300 4954; x_wconf 92' lang='lat'><strong>,</strong></span> <span class='ocrx_word' id='word_1_830' title='bbox 3330 4902 3428 4942; x_wconf 86' lang='lat' dir='ltr'><strong>ex-</strong></span> 
     </span>
    </p>
   </div>
   <div class='ocr_carea' id='block_1_110' title="bbox 1828 4986 3428 5070">
    <p class='ocr_par' dir='ltr' id='par_1_110' title="bbox 1828 4986 3428 5070">
     <span class='ocr_line' id='line_1_110' title="bbox 1828 4986 3428 5070; baseline -0.013 -14"><span class='ocrx_word' id='word_1_831' title='bbox 1828 4999 2000 5070; x_wconf 89' lang='lat' dir='ltr'><strong>ceptis</strong></span> <span class='ocrx_word' id='word_1_832' title='bbox 2018 4994 2431 5060; x_wconf 89' lang='lat' dir='ltr'><strong>festivitatibus,</strong></span> <span class='ocrx_word' id='word_1_833' title='bbox 2454 4992 2605 5063; x_wconf 88' lang='lat' dir='ltr'><strong>loqui</strong></span> <span class='ocrx_word' id='word_1_834' title='bbox 2627 4989 2874 5054; x_wconf 91' lang='lat' dir='ltr'><strong>omnino,</strong></span> <span class='ocrx_word' id='word_1_835' title='bbox 2892 4986 2999 5042; x_wconf 91' lang='lat' dir='ltr'><strong>nisi</strong></span> <span class='ocrx_word' id='word_1_836' title='bbox 3018 4991 3246 5054; x_wconf 84' lang='lat' dir='ltr'><strong>urgente</strong></span> <span class='ocrx_word' id='word_1_837' title='bbox 3264 4995 3428 5038; x_wconf 88' lang='lat' dir='ltr'><strong>causa</strong></span> 
     </span>
    </p>
   </div>
   <div class='ocr_carea' id='block_1_111' title="bbox 1827 5076 3421 5167">
    <p class='ocr_par' dir='ltr' id='par_1_111' title="bbox 1827 5076 3421 5167">
     <span class='ocr_line' id='line_1_111' title="bbox 1827 5076 3421 5167; baseline -0.013 -17"><span class='ocrx_word' id='word_1_838' title='bbox 1827 5092 2045 5167; x_wconf 90' lang='lat' dir='ltr'><strong>perutili</strong></span> <span class='ocrx_word' id='word_1_839' title='bbox 2076 5100 2131 5147; x_wconf 91' lang='lat' dir='ltr'><strong>et</strong></span> <span class='ocrx_word' id='word_1_840' title='bbox 2150 5087 2493 5156; x_wconf 90' lang='lat' dir='ltr'><strong>necessaria,</strong></span> <span class='ocrx_word' id='word_1_841' title='bbox 2518 5086 2834 5143; x_wconf 89' lang='lat' dir='ltr'><strong>nullatenus</strong></span> <span class='ocrx_word' id='word_1_842' title='bbox 2858 5082 3051 5149; x_wconf 89' lang='lat' dir='ltr'><strong>liceat,</strong></span> <span class='ocrx_word' id='word_1_843' title='bbox 3082 5093 3185 5134; x_wconf 91' lang='lat' dir='ltr'><strong>nec</strong></span> <span class='ocrx_word' id='word_1_844' title='bbox 3225 5076 3421 5145; x_wconf 89' lang='lat' dir='ltr'><strong>simul,</strong></span> 
     </span>
    </p>
   </div>
   <div class='ocr_carea' id='block_1_112' title="bbox 1830 5175 3430 5248">
    <p class='ocr_par' dir='ltr' id='par_1_112' title="bbox 1830 5175 3430 5248">
     <span class='ocr_line' id='line_1_112' title="bbox 1830 5175 3430 5248; baseline -0.01 -2"><span class='ocrx_word' id='word_1_845' title='bbox 1830 5206 1931 5246; x_wconf 89' lang='lat' dir='ltr'><strong>nec</strong></span> <span class='ocrx_word' id='word_1_846' title='bbox 1960 5203 2083 5245; x_wconf 91' lang='lat' dir='ltr'><strong>cum</strong></span> <span class='ocrx_word' id='word_1_847' title='bbox 2106 5186 2232 5242; x_wconf 89' lang='lat' dir='ltr'><strong>aliis</strong></span> <span class='ocrx_word' id='word_1_848' title='bbox 2255 5195 2431 5241; x_wconf 89' lang='lat' dir='ltr'><strong>extra.</strong></span> <span class='ocrx_word' id='word_1_849' title='bbox 2458 5184 2663 5240; x_wconf 90' lang='lat' dir='ltr'><strong>Diebus</strong></span> <span class='ocrx_word' id='word_1_850' title='bbox 2682 5195 2815 5238; x_wconf 88' lang='lat' dir='ltr'><strong>vero</strong></span> <span class='ocrx_word' id='word_1_851' title='bbox 2840 5176 3092 5233; x_wconf 89' lang='lat' dir='ltr'><strong>omnibus</strong></span> <span class='ocrx_word' id='word_1_852' title='bbox 3109 5218 3124 5243; x_wconf 92' lang='lat'><strong>,</strong></span> <span class='ocrx_word' id='word_1_853' title='bbox 3148 5175 3351 5248; x_wconf 91' lang='lat' dir='ltr'><strong>quibus</strong></span> <span class='ocrx_word' id='word_1_854' title='bbox 3372 5183 3430 5231; x_wconf 90' lang='lat' dir='ltr'><strong>et</strong></span> 
     </span>
    </p>
   </div>
   <div class='ocr_carea' id='block_1_113' title="bbox 1829 5269 3428 5353">
    <p class='ocr_par' dir='ltr' id='par_1_113' title="bbox 1829 5269 3428 5353">
     <span class='ocr_line' id='line_1_113' title="bbox 1829 5269 3428 5353; baseline -0.01 -14"><span class='ocrx_word' id='word_1_855' title='bbox 1829 5297 1929 5353; x_wconf 90' lang='lat' dir='ltr'><strong>pro</strong></span> <span class='ocrx_word' id='word_1_856' title='bbox 1960 5279 2236 5346; x_wconf 90' lang='lat' dir='ltr'><strong>remedio,</strong></span> <span class='ocrx_word' id='word_1_857' title='bbox 2281 5286 2335 5334; x_wconf 89' lang='lat' dir='ltr'><strong>et</strong></span> <span class='ocrx_word' id='word_1_858' title='bbox 2363 5292 2465 5349; x_wconf 89' lang='lat' dir='ltr'><strong>pro</strong></span> <span class='ocrx_word' id='word_1_859' title='bbox 2509 5276 2687 5332; x_wconf 89' lang='lat' dir='ltr'><strong>salute</strong></span> <span class='ocrx_word' id='word_1_860' title='bbox 2716 5272 2864 5344; x_wconf 90' lang='lat' dir='ltr'><strong>loqui</strong></span> <span class='ocrx_word' id='word_1_861' title='bbox 2917 5269 3278 5328; x_wconf 88' lang='lat' dir='ltr'><strong>conceditur:</strong></span> <span class='ocrx_word' id='word_1_862' title='bbox 3313 5285 3428 5324; x_wconf 93' lang='lat' dir='ltr'><strong>non</strong></span> 
     </span>
    </p>
   </div>
   <div class='ocr_carea' id='block_1_114' title="bbox 1828 5364 3429 5446">
    <p class='ocr_par' dir='ltr' id='par_1_114' title="bbox 1828 5364 3429 5446">
     <span class='ocr_line' id='line_1_114' title="bbox 1828 5364 3429 5446; baseline -0.009 -15"><span class='ocrx_word' id='word_1_863' title='bbox 1828 5374 2056 5446; x_wconf 88' lang='lat' dir='ltr'><strong>singulis</strong></span> <span class='ocrx_word' id='word_1_864' title='bbox 2102 5372 2256 5429; x_wconf 90' lang='lat' dir='ltr'><strong>horis</strong></span> <span class='ocrx_word' id='word_1_865' title='bbox 2298 5370 2607 5427; x_wconf 90' lang='lat' dir='ltr'><strong>vacandum</strong></span> <span class='ocrx_word' id='word_1_866' title='bbox 2654 5376 2738 5424; x_wconf 88' lang='lat' dir='ltr'><strong>est</strong></span> <span class='ocrx_word' id='word_1_867' title='bbox 2778 5364 2997 5431; x_wconf 85' lang='lat' dir='ltr'><strong>verbis,</strong></span> <span class='ocrx_word' id='word_1_868' title='bbox 3030 5381 3151 5437; x_wconf 80' lang='lat' dir='ltr'><strong>quae</strong></span> <span class='ocrx_word' id='word_1_869' title='bbox 3174 5364 3263 5418; x_wconf 82' lang='lat' dir='ltr'><strong>vix</strong></span> <span class='ocrx_word' id='word_1_870' title='bbox 3303 5376 3429 5433; x_wconf 88' lang='lat' dir='ltr'><strong>pro-</strong></span> 
     </span>
    </p>
   </div>
   <div class='ocr_carea' id='block_1_115' title="bbox 1829 5454 3428 5537">
    <p class='ocr_par' dir='ltr' id='par_1_115' title="bbox 1829 5454 3428 5537">
     <span class='ocr_line' id='line_1_115' title="bbox 1829 5454 3428 5537; baseline -0.009 -12"><span class='ocrx_word' id='word_1_871' title='bbox 1829 5468 1961 5525; x_wconf 85' lang='lat' dir='ltr'><strong>ferri</strong></span> <span class='ocrx_word' id='word_1_872' title='bbox 1995 5466 2115 5523; x_wconf 90' lang='lat' dir='ltr'><strong>sine</strong></span> <span class='ocrx_word' id='word_1_873' title='bbox 2144 5473 2372 5537; x_wconf 90' lang='lat' dir='ltr'><strong>peccato</strong></span> <span class='ocrx_word' id='word_1_874' title='bbox 2398 5471 2674 5535; x_wconf 90' lang='lat' dir='ltr'><strong>possunt:</strong></span> <span class='ocrx_word' id='word_1_875' title='bbox 2701 5459 2796 5517; x_wconf 90' lang='lat' dir='ltr'><strong>sed</strong></span> <span class='ocrx_word' id='word_1_876' title='bbox 2824 5460 2941 5515; x_wconf 67' lang='lat' dir='ltr'><strong>haec</strong></span> <span class='ocrx_word' id='word_1_877' title='bbox 2970 5455 3301 5514; x_wconf 88' lang='lat' dir='ltr'><strong>inviolabilis</strong></span> <span class='ocrx_word' id='word_1_878' title='bbox 3332 5454 3428 5511; x_wconf 89' lang='lat' dir='ltr'><strong>ob-</strong></span> 
     </span>
    </p>
   </div>
   <div class='ocr_carea' id='block_1_116' title="bbox 1832 5555 3428 5632">
    <p class='ocr_par' dir='ltr' id='par_1_116' title="bbox 1832 5555 3428 5632">
     <span class='ocr_line' id='line_1_116' title="bbox 1832 5555 3428 5632; baseline -0.011 -12"><span class='ocrx_word' id='word_1_879' title='bbox 1832 5562 2072 5620; x_wconf 88' lang='lat' dir='ltr'><strong>servatio</strong></span> <span class='ocrx_word' id='word_1_880' title='bbox 2101 5561 2319 5632; x_wconf 81' lang='lat' dir='ltr'><strong>vigeat,</strong></span> <span class='ocrx_word' id='word_1_881' title='bbox 2347 5558 2492 5631; x_wconf 86' lang='lat' dir='ltr'><strong>quod</strong></span> <span class='ocrx_word' id='word_1_882' title='bbox 2523 5556 2754 5629; x_wconf 88' lang='lat' dir='ltr'><strong>singulis</strong></span> <span class='ocrx_word' id='word_1_883' title='bbox 2786 5555 3040 5612; x_wconf 90' lang='lat' dir='ltr'><strong>noctibus</strong></span> <span class='ocrx_word' id='word_1_884' title='bbox 3083 5559 3207 5622; x_wconf 90' lang='lat' dir='ltr'><strong>post</strong></span> <span class='ocrx_word' id='word_1_885' title='bbox 3238 5563 3428 5620; x_wconf 85' lang='lat' dir='ltr'><strong>perac-</strong></span> 
     </span>
    </p>
   </div>
   <div class='ocr_carea' id='block_1_117' title="bbox 1834 5645 3425 5724">
    <p class='ocr_par' dir='ltr' id='par_1_117' title="bbox 1834 5645 3425 5724">
     <span class='ocr_line' id='line_1_117' title="bbox 1834 5645 3425 5724; baseline -0.01 -11"><span class='ocrx_word' id='word_1_886' title='bbox 1834 5666 1942 5714; x_wconf 90' lang='lat' dir='ltr'><strong>tam</strong></span> <span class='ocrx_word' id='word_1_887' title='bbox 1972 5656 2165 5713; x_wconf 88' lang='lat' dir='ltr'><strong>horam</strong></span> <span class='ocrx_word' id='word_1_888' title='bbox 2194 5652 2581 5724; x_wconf 86' lang='lat' dir='ltr'><strong>Completorii,</strong></span> <span class='ocrx_word' id='word_1_889' title='bbox 2624 5664 2797 5723; x_wconf 87' lang='lat' dir='ltr'><strong>usque</strong></span> <span class='ocrx_word' id='word_1_890' title='bbox 2850 5655 2973 5719; x_wconf 90' lang='lat' dir='ltr'><strong>post</strong></span> <span class='ocrx_word' id='word_1_891' title='bbox 2998 5645 3253 5709; x_wconf 84' lang='lat' dir='ltr'><strong>Missam,</strong></span> <span class='ocrx_word' id='word_1_892' title='bbox 3294 5650 3352 5697; x_wconf 92' lang='lat' dir='ltr'><strong>et</strong></span> <span class='ocrx_word' id='word_1_893' title='bbox 3394 5656 3425 5697; x_wconf 83' lang='lat' dir='ltr'><strong>a</strong></span> 
     </span>
    </p>
   </div>
   <div class='ocr_carea' id='block_1_118' title="bbox 1835 5735 3427 5824">
    <p class='ocr_par' dir='ltr' id='par_1_118' title="bbox 1835 5735 3427 5824">
     <span class='ocr_line' id='line_1_118' title="bbox 1835 5735 3427 5824; baseline -0.009 -13"><span class='ocrx_word' id='word_1_894' title='bbox 1835 5751 2035 5811; x_wconf 87' lang='lat' dir='ltr'><strong>Tertiis</strong></span> <span class='ocrx_word' id='word_1_895' title='bbox 2061 5764 2235 5824; x_wconf 88' lang='lat' dir='ltr'><strong>usque</strong></span> <span class='ocrx_word' id='word_1_896' title='bbox 2266 5747 2333 5804; x_wconf 88' lang='lat' dir='ltr'><strong>ad</strong></span> <span class='ocrx_word' id='word_1_897' title='bbox 2356 5746 2589 5817; x_wconf 85' lang='lat' dir='ltr'><strong>Nonam,</strong></span> <span class='ocrx_word' id='word_1_898' title='bbox 2611 5758 2765 5804; x_wconf 87' lang='lat' dir='ltr'><strong>sacra</strong></span> <span class='ocrx_word' id='word_1_899' title='bbox 2786 5742 3145 5801; x_wconf 86' lang='lat' dir='ltr'><strong>observentur</strong></span> <span class='ocrx_word' id='word_1_900' title='bbox 3172 5735 3427 5797; x_wconf 82' lang='lat' dir='ltr'><strong>silentia:</strong></span> 
     </span>
    </p>
   </div>
  </div>
