3918 6294
442 242 543 300 Ml

447 461 784 531 portunitas,
832 468 885 514 et
912 457 1123 513 inutilia
1155 456 1317 512 verba
1352 456 1569 523 penitus
1614 453 2029 509 abscindantur.

445 552 505 608 In
538 553 705 611 choro
731 566 863 606 vero
894 551 1154 607 Ecclesia
1186 550 1253 604 ad
1302 549 1519 604 divinas
1577 546 1766 603 laudes
1823 554 2034 619 parato.

448 645 770 701 dormitorio
794 687 807 709 ,
835 645 1150 706 canaculo,
1182 643 1441 710 claustro,
1478 656 1541 697 ac
1578 642 1836 711 capitulo,
1888 642 2036 697 omni

450 747 693 806 tempore
725 735 875 805 loqui
908 750 1013 789 non
1048 735 1275 790 deceat:
1312 734 1411 788 nisi
1445 749 1507 787 ea
1539 734 1606 787 ad
1636 747 1761 804 qua
1792 732 2037 787 ordinata

448 839 575 884 sunt
607 828 722 882 loca
750 828 802 881 in
834 826 1084 882 laudibus
1112 826 1239 881 Dei:
1267 834 1325 881 ut
1344 824 1455 894 jam
1487 834 1541 879 et
1569 834 1780 895 tempus
1809 833 1864 879 et
1891 824 2041 878 locus

450 919 731 990 religionis
759 930 953 975 vestra
985 919 1282 989 praedicent
1309 898 1659 975 sanctitatem
1678 959 1691 983 ,
1719 926 1776 974 et
1803 918 2043 988 loquaci-

452 1015 550 1069 bus
578 1013 1055 1084 compunctionem
1085 1014 1364 1083 ingerant,
1399 1022 1454 1065 et
1496 1012 1731 1066 intrandi
1764 1012 1832 1065 ad
1860 1012 2040 1066 sosic-

449 1115 613 1160 tatem
637 1116 874 1161 vestram
899 1149 912 1171 ,
938 1113 1123 1161 sancta
1146 1104 1419 1160 desideria
1446 1104 1708 1173 incitent,
1733 1113 1790 1161 et
1815 1104 2042 1161 allectus

451 1198 518 1253 ad
551 1198 794 1255 coelestia
822 1205 1167 1253 moveantur.

1018 1329 1247 1393 CAPUT
1276 1329 1469 1387 XXIII.

716 1444 793 1499 De
818 1446 1163 1517 refrenatione
1190 1444 1384 1517 lingua:
1409 1445 1463 1499 in
1492 1446 1774 1519 (agitando.

524 1580 899 1650 Nequaquam,
927 1579 1285 1644 charissima,
1310 1578 1544 1633 Jacobus
1579 1574 1859 1649 apostolus
1881 1591 2047 1648 cxpe-

453 1674 699 1728 rientiam
716 1681 949 1744 poneret
964 1673 1244 1745 religionis
1261 1673 1313 1728 in
1331 1674 1693 1730 refrenatione
1707 1673 1923 1743 lingua,
1942 1672 2046 1728 nisi

1470 240 1531 295 S.
1572 233 1962 294 HIERONYMI
2000 232 2285 295 OPERUII
2328 236 2696 296 MANTISSA.

442 372 717 435 quatenus
746 371 803 421 et
832 364 1029 433 lingua
1062 363 1230 418 Deum
1286 359 1539 416 laudandi
1570 359 1904 416 concedatur
1944 375 2041 429 op-
2067 361 2116 421 Δ

3594 252 3687 311 412

2706 354 2935 413 CAPUT
2976 355 3164 413 XXIV.
3254 358 3301 381 “‘

2496 451 2574 505 De
2586 451 2845 505 consortio
2870 451 3091 504 marium
3109 452 3366 523 fugiendo.
3438 500 3443 503 ,

2207 552 2448 614 Credite.
2484 550 2845 615 charissima,
2875 552 3083 608 credite
3114 554 3227 608 seni
3256 571 3391 624 pene
3424 562 3593 615 omnia
3619 579 3697 620 ex.

2144 657 2332 714 perte:
2370 662 2476 700 non
2527 655 2755 716 possunt
2795 644 2975 699 claudi
3007 660 3201 701 sensus
3238 650 3399 703 vestri
3429 654 3695 713 extrinseci

2143 740 2195 794 in
2226 740 2547 794 tumultibus
2574 739 2874 794 hominum.
2907 739 2961 795 Si
2996 740 3149 794 color
3188 751 3491 811 opponatur
3522 749 3664 804 oculo
3686 792 3699 815 ,

2143 847 2479 903 nequaquam
2508 840 2686 902 potest
2725 846 2830 886 non
2847 830 3029 886 videre
3043 833 3230 887 oculus
3249 817 3274 887 :i
3294 833 3370 887 sic
3387 837 3585 891 etauris
3608 855 3699 895 non

2144 927 2332 980 audire
2344 938 2510 982 sonos
2526 940 2631 979 non
2652 936 2860 994 poteSt:
2885 923 3113 995 ideoque
3141 925 3192 979 in
3222 926 3432 983 silentio
3453 935 3504 983 et
3522 931 3700 1000 quiete,

2144 1019 2500 1089 cogitationes
2532 1033 2804 1090 perversa
2837 1018 3097 1083 vitantur,
3130 1034 3249 1088 qua
3290 1029 3533 1089 separant
3555 1037 3644 1078 nos
3680 1040 3706 1079 a

2149 1112 2278 1167 Deo.
2315 1111 2607 1180 Propterea
2639 1110 2831 1164 hortor
2880 1124 2977 1165 vos
3016 1118 3074 1164 et
3102 1125 3330 1178 moneo,
3377 1119 3435 1165 ut
3480 1127 3582 1167 non
3614 1114 3707 1170 nisi

2146 1217 2453 1262 sanctarum
2503 1207 2763 1261 mentium
2811 1205 3000 1261 audire
3028 1206 3195 1261 verba
3224 1205 3443 1262 velitis:
3490 1224 3591 1263 non
3619 1209 3709 1264 nisi

2149 1299 2371 1370 pudicas
2398 1307 2454 1354 et
2487 1298 2745 1354 honestas
2779 1297 2951 1353 facies
2981 1312 3114 1369 quas
3144 1308 3422 1353 macerant
3445 1310 3617 1355 sancta
3641 1302 3712 1371 je-

2142 1393 2313 1463 junio,
2344 1393 2501 1447 liceat
2532 1392 2753 1446 intueri.
2787 1391 2879 1445 Sic
2901 1406 3057 1446 rarus
3078 1392 3165 1446 vir
3190 1402 3446 1461 appareat
3470 1411 3482 1447 :
3512 1392 3587 1449 sic
3605 1410 3711 1449 rara

2148 1486 2216 1540 de
2255 1482 2372 1539 viro
2405 1487 2608 1540 mentio
2650 1485 2937 1551 habeatur,
2970 1494 3029 1539 ttt
3079 1485 3333 1553 puellula
3378 1497 3569 1541 vestra
3593 1502 3713 1558 pene

2153 1578 2359 1633 virilem
2400 1593 2588 1633 sexum
2631 1579 2904 1649 ignorent.
2940 1577 3056 1633 Non
3087 1578 3290 1633 animal
3330 1589 3477 1635 certe
3522 1592 3715 1635 mascu-

2152 1672 2258 1723 lum
2287 1671 2521 1726 cavsobii
2553 1670 2754 1726 limites
2779 1680 3041 1733 transeat.
3075 1679 3134 1723 ut
3160 1670 3341 1724 omnis
3382 1678 3555 1725 cesset
3580 1683 3715 1725 oeca-

451 1777 605 1821 certo
625 1766 797 1823 sciret
819 1765 1041 1833 indicio,
1065 1766 1207 1836 quod
1231 1780 1382 1821 mors
1402 1776 1454 1822 et
1477 1766 1587 1821 vita
1611 1775 1695 1822 est
1720 1766 1773 1821 in
1798 1765 2045 1821 manibus
2078 1753 2127 1813 Β
2151 1763 2233 1816 sio
2260 1763 2512 1833 loquendi
2542 1762 2610 1816 de
2641 1762 2905 1818 maribus.
2930 1762 3023 1819 Sic
3054 1761 3273 1832 pudica,
3307 1764 3387 1818 sic
3404 1771 3546 1818 casta
3574 1762 3717 1817 verba

453 1858 670 1929 lingua.
686 1859 844 1924 Nam,
864 1867 923 1914 ut
938 1859 1137 1925 innuit,
1152 1875 1274 1914 cum
1291 1860 1404 1929 ipsa
1425 1858 1793 1915 benetlicimus
1811 1859 2048 1915 etmale-

456 1952 686 2009 dicimus
714 1954 908 2009 Deum.
942 1953 1239 2023 Propterea
1264 1962 1385 2023 post
1409 1952 1603 2017 multa,
1626 1968 1747 2021 qua:
1778 1952 1849 2008 de
1868 1952 2046 2025 lingua

455 2045 939 2114 pronuntiaverat,
987 2046 1279 2116 quamdam
1310 2061 1379 2100 ex
1409 2044 1661 2099 omnibus
1695 2044 1857 2099 dictis
1884 2061 2050 2113 gene-

455 2139 626 2193 ralem
659 2138 1069 2194 conclusionem
1101 2137 1293 2192 infert:
1313 2137 1652 2207 Quicumque,
1670 2136 1863 2208 inquit,
1880 2140 2044 2209 τείνας

458 2239 545 2282 nat
557 2229 791 2299 linguam
807 2245 976 2296 suain,
998 2228 1081 2283 hic
1097 2230 1277 2284 beatus
1292 2229 1343 2282 in
1363 2229 1499 2299 facta
1512 2244 1606 2282 suo
1619 2228 1713 2283 erit
1724 2269 1736 2281 .
1754 2228 1891 2283 Ecce
1908 2229 2048 2297 quod

460 2322 515 2379 in
567 2323 939 2379 refrenatione
966 2323 1165 2393 lingua
1210 2321 1490 2376 beatitudo
1519 2322 1772 2391 ponitur:
1802 2329 1861 2376 ut
1892 2320 2052 2376 detur

459 2416 697 2485 intelligi
724 2415 867 2485 quod
894 2415 948 2471 in
981 2415 1329 2483 multiloquio
1360 2415 1523 2480 Deus,
1547 2414 1636 2484 qui
1668 2423 1749 2468 est
1775 2413 2053 2470 beatitudo

462 2520 682 2571 nostra,
714 2505 905 2561 haberi
934 2516 990 2561 et
1017 2506 1379 2576 contemplari
1414 2521 1522 2561 oon
1554 2515 1757 2575 potest.
1792 2504 2053 2561 Refrena-

463 2600 541 2655 tio
565 2600 760 2669 lingua
793 2608 910 2664 est,
944 2614 1065 2653 cum
1099 2598 1295 2668 lingua
1318 2614 1437 2667 qua
1476 2613 1542 2653 ex
1569 2598 1652 2653 sui
1681 2598 1812 2653 vitio
1837 2614 2054 2668 semper

464 2708 634 2764 prona
664 2703 747 2749 est
776 2693 846 2747 ad
876 2693 1158 2749 mendacia
1186 2692 1355 2765 (unde
1377 2702 1432 2747 et
1455 2692 1742 2748 mendaces
1771 2693 2056 2761 appellau-

465 2795 549 2842 tur
586 2786 869 2855 homines,
898 2795 955 2843 et
979 2786 1104 2841 vani
1136 2785 1230 2841 (iiii
1280 2784 1587 2856 hominum)
1636 2794 1731 2847 aut
1775 2786 2055 2841 silentium

467 2880 785 2951 imponitur,
820 2895 889 2937 ne
916 2881 968 2937 in
999 2880 1407 2951 displicentiam
1437 2879 1537 2935 Dei
1568 2894 1920 2951 prorumpere
1959 2896 2057 2934 an-

464 2974 627 3031 deat:
656 2985 750 3029 aut
800 2973 871 3031 ad
900 2975 1098 3030 bonum
1130 2986 1479 3041 exerceatur,
1515 2983 1573 3031 ut
1619 2973 1834 3032 divinas
1866 2974 2056 3032 laudes

464 3067 733 3123 exsolvat.

2154 1856 2204 1907 in
2229 1856 2375 1909 omni
2408 1854 2682 1919 colloquio
2711 1867 2893 1910 sancta
2936 1868 3242 1925 personent
3272 1870 3387 1925 ora,
3421 1865 3479 1910 ut
3516 1869 3717 1925 genera-

2156 1948 2315 2003 tionis
2361 1948 2553 2003 modus
2586 1959 2641 2002 et
2688 1959 2843 2004 ortus
2887 1949 3314 2017 juvencularum
3358 1949 3519 2003 lateat
3555 1946 3718 2001 corda.

2154 2041 2282 2096 Hae
2314 2038 2556 2111 proiecto
2578 2051 2770 2096 catena
2803 2042 3004 2096 diaboli
3034 2051 3137 2102 est,
3170 2055 3339 2109 quam
3372 2041 3419 2095 si
3463 2038 3721 2094 abstuleri-

2154 2134 2223 2189 tis
2248 2134 2317 2189 de
2349 2135 2529 2190 medio
2551 2136 2742 2199 vestri,
2776 2150 2883 2190 non
2911 2135 3269 2189 extendendo
3294 2133 3514 2204 digitum
3555 2133 3613 2184 ad
3654 2132 3723 2186 iu-

2153 2231 2475 2302 quirendum
2504 2231 2688 2285 omnia
2717 2246 2814 2299 per
2838 2230 3213 2285 curiositatem
3247 2248 3260 2285 :
3296 2238 3351 2284 et
3373 2226 3721 2284 desieritislo‘

2153 2323 2246 2393 qui
2277 2322 2421 2394 quod
2451 2340 2557 2379 non
2592 2324 2814 2394 prodest
2840 2343 2852 2377 :
2886 2335 2937 2379 et
2972 2338 3068 2393 per
3098 2324 3263 2390 longa
3289 2322 3504 2377 silentia
3530 2335 3630 2375 non
3654 2319 3721 2373 in-

2157 2416 2411 2473 veniatur
2462 2429 2642 2473 vestra
2701 2418 2981 2481 voluntas,
3016 2426 3074 2472 nt
3124 2416 3428 2487 loquamini
3476 2425 3723 2469 sermones

2158 2510 2419 2565 inutiles:
2466 2516 2594 2563 tunc
2639 2510 2849 2563 orietur
2896 2509 2952 2562 in
3001 2508 3250 2563 tenebris
3294 2508 3384 2562 lux
3432 2515 3633 2570 vestra,
3680 2513 3725 2557 et

2158 2613 2318 2658 erunt
2365 2603 2602 2659 tenebrae
2643 2602 2784 2656 sicut
2832 2601 3128 2657 meridies:
3160 2611 3221 2656 et
3252 2602 3360 2657 erit
3388 2599 3537 2654 vobis
3564 2613 3591 2652 a
3634 2597 3721 2650 Do-

2160 2698 2309 2753 mino
2336 2697 2574 2768 requies,
2605 2698 2820 2765 qualem
2846 2696 3078 2752 mundus
3101 2696 3210 2752 iste
3238 2712 3350 2751 non
3375 2695 3539 2750 novit.
3567 2694 3626 2747 Et
3644 2691 3726 2746 im-

2161 2790 2397 2859 plehitur
2417 2789 2797 2859 splendoribus
2816 2790 2993 2843 anima
3015 2799 3195 2843 vestra
3227 2806 3243 2843 :
3268 2802 3405 2859 quos
3433 2784 3723 2841 obtenebra-

2162 2891 2231 2937 ta
2260 2892 2471 2935 mentes
2497 2880 2730 2951 caligine
2756 2881 2947 2936 saeculi
2976 2880 3396 2951 apprehendere
3421 2883 3692 2949 nequeunt.

2234 2973 2383 3029 Felix
2413 2973 2597 3042 itaque
2644 2972 2823 3027 anima
2870 2988 3014 3042 qua,
3049 2984 3246 3043 spreto
3295 2972 3506 3027 turbine
3533 2966 3723 3029 saecli,

2164 3066 2535 3135 pertransiens
2559 3064 2811 3135 corporis
2835 3065 3074 3119 claustra
3095 3109 3110 3133 ,
3142 3064 3296 3119 illius
3318 3077 3539 3120 summa
3577 3068 3628 3115 et
3661 3058 3729 3113 in-

537 3160 628 3216 Sic
654 3159 838 3228 igitur,
868 3157 1201 3217 charissima
1232 3167 1290 3217 et
1312 3160 1681 3217 dilectissima
1718 3162 1875 3230 filia,
1924 3169 2060 3217 tcm-
2085 3146 2129 3208 C
2162 3158 2669 3229 eotuprehensibilis
2711 3158 2849 3213 lucis
2882 3166 3063 3227 potest
3103 3157 3338 3229 aliquali
3368 3154 3618 3214 illustrari
3656 3166 3730 3207 ra-

470 3250 692 3322 poribus
712 3253 913 3322 quibus
937 3262 1223 3321 prastatur
1240 3253 1640 3323 opportunitas,
1672 3263 1728 3309 ut
1745 3254 1920 3310 beata
1941 3270 2063 3311 esse

473 3344 693 3421 possitis
714 3383 729 3410 ,
758 3344 966 3414 linguas
997 3344 1214 3403 domate
1238 3385 1254 3413 ,
1292 3361 1363 3400 ne
1389 3355 1777 3405 convertantur
1819 3346 1884 3403 ad
1918 3347 2064 3411 lites,

472 3452 541 3493 ne
559 3436 760 3507 iurgia,
788 3437 1185 3506 contentiones,
1214 3438 1383 3504 rixas,
1409 3450 1465 3494 et
1485 3439 1738 3496 scandala
1765 3448 2065 3497 resonent:

474 3549 543 3587 ne
579 3530 925 3601 iuramenta,
975 3547 1044 3586 ne
1077 3532 1465 3601 blasphemias,
1522 3549 1590 3591 ne
1634 3534 1965 3604 opprobria,
2012 3542 2071 3591 et

472 3622 707 3680 aliorum
736 3622 1131 3693 displicentiam
1163 3624 1414 3692 prodant.
1447 3626 1602 3694 Quod
1633 3628 1678 3682 si
1712 3644 1781 3683 ex
1809 3627 2070 3683 instinctu

478 3716 703 3783 diaboli,
730 3716 821 3786 qui
844 3732 1065 3786 semper
1085 3717 1384 3775 discordias
1410 3720 1663 3787 seminat,
1691 3720 1831 3776 inter
1852 3735 2072 3776 sorores

480 3808 615 3867 levis
662 3810 826 3863 etiam
864 3808 1135 3865 dissensio
1164 3818 1352 3869 exorta
1398 3810 1592 3877 fuerit,
1641 3814 1853 3881 penitus
1880 3813 2072 3871 statim

476 3916 574 3974 per
597 3901 924 3963 abbatissam
940 3945 957 3972 ,
980 3914 1071 3959 aut
1102 3920 1196 3974 per
1222 3904 1559 3975 episcopum,
1590 3907 1706 3963 sive
1724 3907 2073 3978 praepositum

480 3993 677 4052 domus
703 4037 717 4062 ,
751 3997 988 4066 nequitia
1022 3997 1256 4053 elidatur
1279 3999 1330 4053 in
1361 4000 1604 4067 semine,
1638 4000 1708 4055 ita
1752 4010 1811 4056 ut
1845 4008 2076 4055 occasus

479 4089 613 4145 solis
645 4090 696 4144 in
725 4089 888 4144 domo
924 4091 1019 4144 Dei
1066 4106 1173 4146 non
1220 4092 1461 4147 inveniat
1510 4092 1875 4158 iracundiam,
1911 4103 1966 4149 et
1994 4092 2078 4148 ira

481 4193 827 4241 convertatur
858 4186 908 4239 in
942 4186 1123 4241 odium
1145 4229 1161 4255 ,
1209 4196 1263 4243 et
1293 4188 1489 4243 domus
1520 4190 1667 4259 pacis
1689 4190 1798 4259 jam
1830 4190 2080 4245 ebrioso—

484 4294 602 4334 rum
635 4278 901 4333 efticiatnr
928 4278 1172 4334 taberna.
1215 4280 1492 4337 Mendacia
1529 4298 1660 4337 vero
1696 4293 1968 4353 tamquam
1994 4282 2079 4337 in-

487 4372 697 4428 fernum
729 4371 1007 4442 expellite.
1033 4371 1261 4443 Semper
1298 4386 1480 4430 autem
1507 4374 1688 4430 divina
1729 4374 1906 4430 officia
1928 4416 1943 4440 ,
1985 4383 2080 4430 aut

485 4478 765 4521 sacrorum
792 4462 1039 4519 codicum
1067 4464 1230 4520 verba
1256 4506 1270 4529 ,
1308 4475 1418 4518 tam
1464 4466 1605 4522 inter
1634 4482 1876 4532 sorores,
1914 4482 2076 4538 quam

486 4556 647 4611 etiam
682 4556 820 4610 inter
848 4556 1197 4612 advenientes
1221 4556 1559 4614 deducantur
1587 4558 1642 4617 in
1669 4558 1931 4616 medium.

562 4651 618 4708 Si
635 4651 853 4720 quando
876 4651 1203 4707 muliercula
1225 4652 1290 4707 de
1313 4652 1443 4708 viris
1477 4654 1727 4724 propriis,
1750 4654 1817 4708 de
1840 4656 1984 4721 iiliis,
2010 4656 2080 4712 de

487 4745 762 4812 vestibus,
804 4745 871 4800 de
910 4745 1095 4800 mundi
1119 4746 1466 4813 vanitatibus,
1492 4748 1817 4818 garrulando
1844 4749 2082 4819 loquaci-

492 4850 695 4910 tentur,
718 4848 777 4895 ut
807 4840 974 4895 moris
1003 4849 1118 4896 est:
1147 4841 1229 4896 eis
1242 4858 1374 4897 mox
1394 4841 1556 4898 verba
1589 4843 1921 4916 frangantur,
1958 4860 2081 4901 mox

489 4936 721 4991 otiosum
770 4934 996 4990 verbum
1041 4944 1097 4991 et
1134 4936 1384 4991 nocivum
1415 4936 1597 4997 divino
1626 4939 1783 4995 cedat
1821 4940 2084 4996 sermoni.

493 5028 549 5086 Si
582 5028 825 5084 divinum
871 5027 1138 5084 introduci
1183 5045 1289 5083 non
1345 5030 1546 5097 poterit
1578 5032 1668 5085 tali
1696 5032 1967 5099 adloquio
1994 5051 2005 5085 :
2031 5033 2086 5088 in

493 5121 909 5189 deteStationem
930 5121 1171 5176 criminis
1199 5120 1437 5177 fenestra
1463 5124 1744 5181 claudatur
1768 5125 1821 5179 in
1851 5124 2042 5180 faciem
2067 5142 2085 5178 :

474 5225 556 5271 et
586 5216 743 5271 velox
770 5215 888 5286 fuga
915 5223 1145 5271 testetur
1167 5216 1510 5271 sanctitatem
1539 5218 1910 5274 intrinsecam.
1942 5218 2085 5274 Nihil

498 5311 680 5381 itaque
708 5325 803 5379 per
832 5312 1102 5366 exteriora
1124 5313 1376 5381 corporis
1400 5314 1628 5383 intrans,
1662 5326 1899 5372 mentem
1938 5318 2089 5387 cogi-

495 5403 795 5463 tationibus
822 5404 1092 5469 molestet,
1124 5421 1249 5462 cum
1292 5406 1493 5463 divina
1521 5411 1965 5480 contemplationi
1997 5427 2092 5466 es-

502 5498 741 5568 ponitur.
777 5497 921 5552 Raro
945 5498 1213 5567 cogitatur
1259 5498 1313 5554 in
1355 5510 1559 5569 mente,
1604 5503 1751 5573 quod
1798 5504 2099 5561 exteriores

501 5608 698 5648 sensus
745 5607 851 5653 non
904 5591 1144 5647 mittunt.
1182 5592 1276 5648 Ha
1320 5604 1449 5650 sunt
1490 5594 1778 5661 feuestra,
1828 5596 1945 5650 hac
1974 5605 2103 5653 sunt

502 5688 661 5754 ostia,
696 5702 815 5759 qua
848 5686 892 5741 si
918 5686 1101 5741 clausa
1136 5701 1244 5741 non
1277 5686 1499 5754 fuerint,
1531 5690 1695 5746 morti
1726 5698 1879 5761 patet
1906 5688 2104 5747 introi-

504 5789 593 5839 tus
620 5798 630 5835 :
659 5791 715 5840 et
742 5796 848 5841 non
880 5779 984 5837 nisi
1016 5778 1232 5839 funeste
1251 5779 1576 5853 ingreditur.

2107 4547 2159 4608 D
2186 4556 2419 4613 hiscum.

2166 3252 2276 3306 dio.
2303 3251 2393 3307 Sic
2430 3250 2611 3317 dulce,
2635 3252 2715 3306 sic
2747 3251 3052 3320 jucundum
3082 3261 3166 3307 est
3192 3253 3474 3314 solatium,
3502 3247 3635 3321 quod
3657 3245 3733 3299 de-

2169 3345 2401 3414 spiciant
2432 3347 2681 3413 protinus
2710 3356 2903 3400 cuncta
2950 3358 3191 3401 terrena.
3227 3348 3379 3402 Mors
3407 3339 3732 3403 formidabilis

2171 3440 2438 3496 universis
2461 3440 2832 3495 animantibus
2863 3446 3028 3495 terra
3066 3449 3297 3509 optatur
3326 3455 3427 3510 pro
3466 3436 3659 3509 gloria,
3690 3440 3735 3485 ut

2171 3534 2450 3604 limpidius
2493 3532 2655 3587 liceat
2690 3532 2887 3587 intueri
2919 3550 2931 3585 :
2964 3532 3109 3603 quod
3141 3534 3360 3587 modica
3394 3533 3527 3587 hora
3558 3528 3726 3586 visum.

2175 3638 2282 3681 tam
2327 3626 2651 3681 delectabile
2696 3635 2752 3681 et
2789 3624 3090 3694 jucundum
3139 3627 3405 3682 sentitur.
3457 3623 3547 3679 Sic
3587 3622 3733 3689 itaque

2174 3719 2341 3790 agite,
2381 3719 2752 3783 charissima,
2803 3718 3102 3785 adimplete
3146 3734 3272 3789 qua
3303 3719 3439 3774 estis
3470 3714 3735 3785 professae:

2174 3813 2427 3883 gaudete,
2461 3815 2585 3883 quia
2620 3813 2868 3881 potestis.
2904 3812 3019 3868 Non
3050 3827 3151 3867 vos
3188 3815 3327 3883 viri,
3378 3827 3484 3866 non
3518 3809 3741 3864 filiorum.

2177 3922 2283 3961 non
2331 3906 2690 3973 supellectilis
2720 3920 2874 3971 cura,
2901 3922 3006 3961 non
3052 3916 3314 3962 catenam
3362 3902 3608 3959 maritale
3632 3911 3745 3953 onus

2179 4001 2455 4055 molestat.
2501 4000 2787 4055 Hominum
2829 4002 3105 4055 consortia
3134 4002 3215 4054 sic
3256 4001 3463 4071 fugite:
3493 3998 3571 4052 sic
3598 4008 3748 4049 sacu-

2180 4093 2310 4148 laria
2358 4092 2539 4147 omnia
2585 4093 2874 4161 exnellito,
2928 4103 2986 4146 ut
3016 4107 3365 4163 nequaquam
3399 4087 3673 4162 perveniat
3695 4080 3750 4136 ad

2179 4202 2277 4242 vos
2316 4186 2577 4257 quidquid
2604 4187 2781 4255 agitur
2810 4187 2861 4239 in
2892 4188 3113 4241 saculo.
3149 4186 3317 4241 Solus
3340 4198 3574 4254 sponsus
3594 4186 3753 4233 vester

2181 4278 2450 4341 Christus,
2496 4280 2700 4332 strictis
2732 4279 2931 4333 ve5tris
2977 4276 3186 4332 fruatur
3226 4276 3593 4346 amplexibus.
3632 4268 3755 4324 Sola

2182 4387 2302 4427 cum
2332 4372 2448 4426 solo
2475 4385 2699 4440 sponso,
2733 4380 2826 4424 aut
2853 4370 3181 4425 lectionibus
3209 4369 3387 4425 sacris
3405 4409 3419 4433 ,
3447 4374 3544 4422 aut
3576 4358 3756 4419 sanctis

2187 4463 2633 4519 meditationibus
2677 4479 2863 4519 secum
2918 4462 3391 4530 confabulemini,
3424 4468 3479 4516 et
3527 4459 3640 4529 ipse
3676 4466 3759 4506 νο-

2760 4625 2988 4684 CAPUT
3029 4624 3197 4682 XXV.

2292 4744 2371 4801 De
2396 4745 2653 4817 obsequiis
2684 4745 3003 4800 seruitricimt
3030 4742 3375 4817 qum-entiam
3406 4742 3597 4796 rictum
3628 4745 3673 4789 et

2680 4817 2969 4872 neressaria
3000 4815 3284 4871 sororibus.

2261 4933 2548 5004 Zelmypus
2568 4931 2795 4987 nimium
2821 4940 2905 4986 est
2926 4944 3164 5000 sponsus
3192 4936 3398 4991 vester,
3425 4919 3763 4983 charissima,

2196 5026 2508 5081 nullatenus
2536 5023 2735 5094 patitur
2761 5037 2991 5093 sponsas
3025 5020 3258 5090 proferri
3288 5022 3343 5073 in
3373 5016 3683 5088 publicum:
3710 5022 3769 5062 ne

2198 5120 2656 5188 cuncupiscautur
2694 5117 2765 5171 ab
2794 5115 3132 5170 amatoribus
3163 5113 3374 5168 saculi.
3411 5110 3633 5177 Semper
3670 5100 3773 5156 vult

2198 5212 2351 5269 solus
2393 5211 2579 5267 ludere
2602 5251 2618 5275 ,
2669 5223 2888 5279 semper
2916 5209 3068 5264 solus
3097 5222 3219 5261 cum
3250 5205 3389 5259 solis
3429 5198 3639 5272 sponsis
3665 5208 3772 5248 mo-

2199 5307 2310 5362 rari
2344 5305 2661 5360 desiderat:
2720 5304 2993 5357 neminem
3038 5299 3156 5354 vult
3190 5298 3486 5353 admittere
3538 5292 3606 5348 ad
3647 5287 3774 5343 sola-

2204 5400 2335 5457 tium
2366 5416 2379 5455 :
2414 5398 2483 5455 de
2513 5395 2727 5453 cunctis
2754 5395 2968 5451 dubitat
2999 5411 3013 5449 :
3043 5393 3112 5449 de
3140 5392 3287 5447 nullo
3312 5386 3562 5445 confidit.
3584 5384 3669 5441 Sic
3694 5394 3773 5434 ar-

2202 5507 2432 5563 rogans,
2485 5492 2564 5545 sic
2616 5491 2887 5561 superbus
2922 5497 3009 5543 est
3039 5500 3294 5557 sponsus,
3340 5482 3488 5553 quod
3538 5479 3585 5533 si
3628 5475 3774 5529 alium

2205 5585 2446 5658 quaeritis
2469 5594 2794 5645 amatorem.
2826 5580 3078 5653 protinus
3105 5576 3311 5636 recedit
3340 5593 3351 5629 :
3383 5575 3465 5631 sic
3493 5580 3773 5642 pretervus,

2205 5682 2349 5753 quod
2379 5682 2633 5751 protinus
2675 5678 2929 5734 dissolvit
2971 5690 3133 5731 omne
3187 5669 3521 5741 conjugium.
3558 5664 3775 5723 Idcirco,

2208 5777 2445 5834 dominae
2496 5790 2630 5832 mea
2652 5815 2667 5844 ,
2696 5773 2820 5844 quia
2857 5786 3074 5844 sponsa
3120 5764 3331 5826 Domini
3363 5761 3470 5820 mei
3519 5759 3666 5823 estis,
3697 5762 3779 5807 vos
