3918 6294
213 353 301 415 lli;
1415 341 1700 402 REGULA
1742 339 2250 399 MONACHARUM.

3373 327 3484 387 414

211 478 340 550 ipsas
366 472 512 530 omni
551 469 798 528 custodia
845 468 948 526 sibi
996 474 1246 536 servate,
1273 479 1345 522 ne
1394 477 1627 535 sponsus
1669 471 1774 516 tam
1806 467 1850 525 A
1881 461 1992 532 regi
2017 470 2072 516 et
2101 460 2330 516 Domino
2354 501 2368 527 ,
2400 458 2605 531 reginae
2631 456 2896 528 speciosae
2924 450 3271 510 matrimonio
3311 465 3480 522 cepu-

208 570 362 626 dulcis
389 572 675 637 separetur
702 580 730 619 a
753 563 925 618 vobis.
955 559 1184 634 Semper
1208 561 1339 616 Dina
1360 570 1577 630 egressa
1599 555 1786 611 videre

208 664 328 719 tilias
353 658 589 732 regionis
617 655 787 722 illius,
814 671 910 710 vos
939 664 1131 711 caulas
1161 651 1328 707 faciat
1357 650 1425 706 de
1456 647 1700 722 periculo
1723 646 1788 701 il-

208 759 316 814 lius.
342 755 395 809 In
421 752 754 809 monasterio
777 759 959 808 vestro
984 748 1139 805 velut
1166 747 1219 802 in
1247 743 1490 800 thalamo
1519 739 1786 798 maneatis

206 867 312 906 cum
330 861 556 919 sponso.

267 943 422 997 Extra
462 936 787 994 monasterii
833 934 1033 991 limites
1085 930 1221 988 nulli
1271 930 1495 986 omnino
1540 936 1783 983 vestrum

204 1041 270 1094 las
291 1037 354 1093 sit
386 1033 747 1107 pertransire.
776 1031 903 1088 Haec
921 1031 1030 1098 lex,
1061 1027 1175 1083 hazc
1197 1041 1409 1090 norma,
1435 1022 1551 1080 haec
1570 1036 1784 1076 summa

203 1131 455 1206 professio
505 1127 757 1184 omnibus
798 1121 955 1182 vobis
988 1142 1001 1179 :
1037 1135 1096 1180 ut
1125 1137 1247 1195 qum
1289 1117 1461 1175 semel
1500 1115 1788 1172 intraverit

203 1243 257 1282 ex
283 1221 568 1279 sororibus
589 1264 603 1290 ,
655 1233 950 1289 numquam
979 1259 994 1285 ,
1028 1216 1072 1271 si
1107 1213 1224 1270 ﬁeri
1255 1219 1454 1284 potest,
1489 1210 1642 1265 exire
1671 1223 1787 1278 per-

205 1319 449 1374 mittatur.
481 1314 600 1369 Non
629 1311 795 1370 etiam
820 1309 1080 1368 mulieres
1113 1305 1216 1363 illa:
1238 1322 1359 1378 qua:
1388 1303 1666 1374 religionis
1690 1301 1788 1356 ha-

208 1412 350 1468 biturn
380 1417 630 1479 gestant,
663 1415 721 1463 et
748 1415 876 1462 voto
903 1403 1154 1473 obligatae
1185 1408 1485 1455 noscuntur
1512 1395 1787 1462 cmnobio,

214 1505 577 1578 percivitatcm
607 1511 662 1558 et
681 1501 856 1569 vicos,
896 1500 1073 1554 victus
1101 1507 1154 1553 et
1184 1494 1494 1552 necessaria
1517 1498 1787 1561 quaerant.

212 1600 284 1654 H;e
302 1595 574 1668 siquidem
604 1603 761 1650 extra
791 1601 1073 1646 manentes
1103 1589 1158 1642 in
1191 1587 1372 1656 aliqua
1401 1593 1556 1655 parte
1581 1579 1784 1645 locelli,

206 1705 307 1760 cum
332 1687 485 1744 omni
516 1684 808 1741 sanctitate
853 1693 909 1740 et
945 1679 1210 1736 modestia
1236 1675 1622 1732 administrent
1667 1686 1789 1744 qua:

204 1799 320 1856 opus
339 1789 473 1839 sunt
503 1778 678 1845 vobis,
705 1765 1009 1847 receptura:
1032 1788 1156 1830 cum
1183 1769 1391 1827 Martha
1420 1777 1626 1823 sortem
1650 1779 1791 1820 mer-

1888 553 2030 618 latze,
2079 552 2257 622 ipsum
2286 595 2301 619 ,
2330 551 2627 607 dummodo
2656 551 2835 605 velitis
2857 594 2870 618 ,
2906 547 3115 605 habere
3145 543 3435 601 meremiui
3472 561 3487 597 :

1886 662 2047 716 quem
2092 645 2317 715 angelici
2361 644 2582 713 Spiritus
2612 643 2797 699 videre
2825 639 3236 712 concupiscunt.
3274 636 3319 694 Ο
3347 635 3485 692 inef-

1887 741 2068 795 fabilis
2095 740 2303 810 gloria!
2339 738 2397 796 In
2430 737 2605 809 fragili
2635 736 2905 806 siquidem
2937 747 3170 804 corpore
3197 730 3368 786 Deum
3401 729 3485 784 in-

1887 835 2026 889 tneri
2065 832 2315 904 potestis.
2341 833 2462 902 llic,
2496 845 2701 902 quaeso,
2729 844 2886 884 mens
2919 835 3100 883 vestra
3128 825 3327 896 vigeat.
3357 821 3488 879 Haec

1888 928 2005 982 dies
2035 927 2141 981 diei
2167 934 2380 982 cructet
2403 925 2634 981 verbum
2663 941 2676 976 :
2708 932 2761 980 et
2790 921 3070 978 scientiam
3102 917 3242 973 hanc
3272 931 3377 972 nos
3405 916 3489 972 in-

1887 1018 2026 1074 dicet
2059 1018 2223 1072 nocti.
2248 1017 2521 1089 Angelicis
2543 1015 2747 1083 choris,
2771 1023 3084 1069 sanctorum
3110 1008 3485 1076 societatibus,

1888 1110 1978 1176 hic
2032 1110 2297 1166 studeatis
2344 1111 2607 1166 interesse
2645 1127 2657 1162 :
2697 1115 2754 1163 ut
2783 1103 3124 1177 postmodum
3157 1103 3209 1158 iu
3240 1101 3490 1172 corporis

1887 1207 2058 1274 exitu,
2083 1205 2239 1262 vobis
2258 1205 2554 1278 gaudentes
2583 1212 2639 1260 et
2670 1202 2781 1258 ιπεῑί
2812 1209 3085 1270 tamquam
3117 1197 3261 1253 notis
3292 1211 3486 1252 occur-

1889 1308 2031 1354 rant.
2074 1298 2127 1353 Si
2176 1298 2258 1353 sic
2303 1296 2542 1352 feceritis
2563 1338 2578 1362 ,
2607 1296 2741 1350 nihil
2776 1293 2931 1348 vobis
2958 1291 3207 1347 dulcius:
3237 1288 3370 1344 nihil
3396 1287 3489 1359 ju-

1890 1391 2120 1446 cundius
2158 1406 2317 1461 quam
2374 1387 2459 1444 his
2513 1389 2780 1443 interesse
2820 1383 3123 1449 conviviis,
3161 1380 3245 1437 his
3278 1381 3493 1455 pabulis

1890 1483 2128 1538 saturari
2167 1501 2180 1537 :
2222 1483 2418 1554 quibus
2464 1479 2633 1536 semel
2675 1479 3011 1551 degustatis,
3062 1486 3278 1532 terrena
3308 1474 3488 1530 omnia

1891 1593 2073 1632 amara
2097 1586 2418 1632 cernuntur.
2447 1574 2591 1630 Vere
2618 1582 2745 1629 tunc
2771 1573 3020 1627 clausura
3051 1567 3305 1637 ccenobii,
3337 1564 3492 1635 cujus

1894 1672 2060 1726 laedet
2083 1681 2294 1726 mentes
2310 1669 2659 1741 vagabundas
2682 1679 2737 1723 et
2759 1663 2966 1733 devias,
2988 1662 3142 1718 vobis
3165 1677 3262 1732 pro
3282 1675 3492 1716 summa

1893 1765 2242 1834 deputabitur
2271 1764 2440 1836 gloria
2475 1783 2486 1819 :
2518 1773 2573 1818 et
2604 1762 2948 1833 reputabitur
2972 1759 3122 1816 exire
3144 1757 3349 1814 limites
3379 1771 3496 1812 mo-

202 1877 346 1934 cedis.
394 1875 508 1930 llas
539 1882 722 1928 autem
754 1869 879 1926 volo
907 1868 1043 1924 tales
1069 1863 1385 1922 servitrices
1406 1861 1621 1927 adesse,
1645 1853 1789 1928 quod
1819 1858 1868 1920 B
1896 1858 2114 1914 uasterii
2143 1873 2268 1914 esse
2295 1871 2520 1913 necesse
2553 1856 2731 1928 potius
2757 1851 2922 1910 mori.

201 1987 254 2024 ex
281 1965 706 2024 conversatione
737 1963 861 2019 vita:
909 1970 965 2018 et
1003 1957 1191 2016 habitu
1220 2002 1234 2028 ,
1270 1955 1499 2011 interior
1528 1951 1789 2007 sanctitas

204 2061 504 2118 monasterii
553 2057 904 2131 praedicetur.
938 2053 1093 2124 Quod
1147 2048 1193 2107 si
1238 2051 1308 2106 ob
1357 2045 1661 2105 necessaria
1703 2039 1792 2100 do-

203 2175 303 2214 mus
345 2156 626 2227 captanda
654 2161 888 2220 exeunt,
923 2167 1030 2205 non
1072 2149 1416 2203 circumeant
1440 2142 1590 2198 vicos
1620 2140 1673 2195 in
1714 2135 1794 2192 fa-

205 2243 350 2316 bulis,
384 2264 498 2304 non
528 2255 898 2302 matronarum
923 2241 1118 2296 domos
1141 2241 1195 2293 iu
1221 2236 1440 2309 potibus
1465 2252 1478 2290 :
1510 2229 1604 2289 sed
1632 2246 1795 2287 omne

208 2359 326 2413 olus
357 2342 571 2397 bonum
611 2343 931 2404 exerceant,
963 2343 1026 2390 ut
1052 2347 1160 2389 non
1191 2330 1524 2402 vituperetur
1551 2323 1794 2380 ministe-

209 2437 325 2490 rium
352 2449 546 2488 suum.
589 2431 725 2485 Cum
758 2427 844 2484 his
887 2445 993 2482 non
1023 2425 1186 2502 liceat
1213 2420 1491 2478 sororibus
1531 2417 1670 2472 intra
1701 2415 1796 2470 dc-

212 2529 461 2598 gentibus,
487 2521 723 2580 secretis
751 2515 994 2591 colloqui
1023 2513 1477 2579 fabulationibus,
1503 2527 1571 2564 ne
1594 2501 1795 2578 aliquid

219 2623 367 2691 possit
403 2619 622 2675 intrare
648 2617 993 2673 extrinsecus
1019 2656 1034 2680 ,
1062 2608 1205 2683 quod
1245 2608 1417 2678 possit
1445 2601 1662 2661 obesse.
1691 2601 1798 2656 lla-

226 2730 326 2767 rum
365 2713 616 2768 omnium
663 2706 940 2763 abbatissa
993 2705 1188 2759 domus
1217 2715 1408 2757 curam
1461 2703 1615 2770 gerat
1661 2694 1800 2748 assi-

230 2805 362 2860 duam
388 2825 400 2859 :
429 2821 499 2860 ne
533 2809 588 2859 et
619 2803 751 2874 ipsa:
782 2808 1084 2869 operentur
1111 2793 1256 2857 quod
1281 2807 1390 2847 non
1423 2783 1611 2872 deceat
1641 2800 1800 2841 sauc-

227 2899 425 2954 titatcm.
493 2895 591 2950 Ila:
667 2891 1137 2948 observantiarum
1187 2893 1243 2941 et
1286 2867 1614 2954 jejuniorum
1689 2875 1796 2931 sint

216 2991 431 3044 astricta:
491 2986 701 3057 legibus
750 3002 763 3038 :
819 2990 874 3037 et
938 2973 1442 3052 prmvaricatrices,
1499 2969 1798 3038 disciplina:

213 3083 516 3152 subiaceant
557 3078 765 3135 ferulae.
821 3075 953 3144 Quae
996 3075 1040 3129 si
1080 3068 1361 3127 emendari
1413 3083 1480 3121 ex
1531 3063 1798 3135 pravitate

212 3173 637 3244 contempserint
657 3213 671 3237 ,
701 3169 755 3225 in
787 3165 1095 3222 sanctitatis
1127 3159 1408 3219 consortio
1439 3155 1674 3228 pravitas
1719 3149 1799 3207 lo-

1965 1950 2206 2022 Experto
2236 1947 2418 2019 itaque
2449 1949 2566 2004 seni
2597 1949 2796 2004 devote
2816 1943 3124 2001 consulenti
3157 1941 3396 2012 credite,
3427 1943 3494 1997 fi-

1895 2043 2002 2098 lim.
2036 2041 2090 2097 Si
2122 2041 2292 2096 semel
2314 2039 2572 2111 gustastis
2592 2056 2753 2111 quam
2779 2039 2952 2093 dulcis
2981 2047 3066 2093 est
3093 2037 3356 2093 Dominus
3385 2057 3396 2090 :
3430 2036 3497 2092 ad

1895 2153 2053 2210 quem
2085 2135 2404 2192 accedentes
2449 2134 2697 2207 poteritis
2741 2133 2811 2188 ab
2841 2148 2907 2188 eo
2952 2132 3080 2188 illud
3111 2132 3342 2187 audire:
3392 2129 3495 2186 Ve-

1898 2234 2002 2287 nite
2026 2274 2042 2299 ,
2085 2240 2133 2286 et
2165 2233 2432 2286 ostendam
2474 2231 2612 2285 vobis
2643 2245 2792 2284 omne
2818 2227 3003 2282 bonum
3027 2244 3046 2282 :
3078 2236 3133 2282 et
3161 2236 3288 2280 tunc
3315 2237 3498 2280 osten-

1898 2328 1991 2384 det
2032 2326 2190 2382 vobis
2221 2325 2350 2382 talia
2381 2324 2562 2397 qualia
2603 2339 2710 2378 non
2744 2321 2845 2378 nisi
2889 2331 3100 2378 mentes
3127 2325 3362 2376 assueta:
3399 2336 3498 2376 no.

1899 2431 2043 2479 runt.
2073 2421 2198 2477 Scio
2227 2419 2354 2492 quid
2387 2419 2605 2488 loquor,
2636 2415 2996 2473 charissima).
3043 2413 3178 2470 Nam
3227 2422 3289 2470 ut
3317 2428 3495 2469 meam

1900 2495 2274 2585 insipientiam.
2316 2513 2530 2581 loquar,
2580 2525 2682 2581 ego
2718 2507 3081 2564 homunculus
3109 2505 3188 2562 sic
3217 2505 3461 2577 abiectus
3485 2547 3500 2571 ,

1899 2610 1980 2668 sic
2011 2609 2136 2664 vilis
2158 2607 2214 2664 in
2244 2606 2408 2664 domo
2441 2605 2656 2662 Domini
2686 2648 2700 2672 ,
2731 2603 2908 2660 adhuc
2943 2602 3133 2658 vivens
3174 2602 3226 2656 in
3267 2614 3500 2668 corpore

1901 2704 2218 2774 angelorum
2261 2716 2408 2771 saepe
2438 2699 2625 2756 choris
2667 2697 2927 2754 interfui:
2970 2695 3041 2754 de
3088 2693 3364 2763 corporeis
3402 2709 3501 2764 per

1901 2794 2274 2851 hebdomadas
2307 2793 2441 2849 nihil
2477 2793 2744 2856 sentiens,
2779 2791 2981 2846 divina:
3005 2788 3236 2844 visionis
3261 2787 3494 2856 intuitu,

1902 2898 2025 2960 post
2077 2887 2372 2942 multorum
2405 2885 2544 2941 forte
2574 2885 2786 2939 dierum
2821 2882 3023 2954 spatia,
3063 2881 3323 2951 praescius
3353 2881 3499 2934 futu-

1902 2999 2118 3049 rorum,
2154 2980 2398 3038 redditus
2435 2979 2651 3048 corpori
2706 2977 2929 3034 flebam.
2978 2976 3114 3042 Quid
3159 2974 3232 3030 ibi
3275 2988 3501 3029 manens

1902 3076 2180 3134 fclicitatis
2209 3072 2515 3130 habebam?
2545 3070 2675 3143 quid
2708 3067 3094 3125 inenarrabilis
3120 3065 3500 3124 delectationis

1901 3168 2237 3225 sentiebam?
2269 3169 2423 3224 testis
2454 3175 2535 3222 est
2577 3166 2692 3236 ipsa
2726 3164 2964 3218 Trinitas
2995 3177 3154 3233 quam
3183 3159 3496 3224 cernebam,

211 3285 311 3322 cum
337 3284 450 3323 non
483 3268 680 3322 habeat
709 3283 722 3318 ε
752 3273 807 3318 ει
837 3261 1142 3317 membrum
1189 3252 1464 3328 ρυίτῖάυῖιι
1497 3251 1564 3306 de
1608 3255 1798 3304 sane“)
1825 3255 1870 3319 C
1904 3262 2090 3318 nescio
2111 3277 2220 3332 quo
2248 3258 2468 3316 intuitu.
2495 3257 2683 3316 Testes
2713 3266 2835 3312 sunt
2865 3264 2920 3310 et
2942 3253 3041 3324 ipsi
3074 3251 3219 3309 beati
3250 3251 3502 3323 spiritus,

211 3378 428 3435 corpore
457 3359 765 3417 excidatur.

766 3427 996 3486 CAPUT
1033 3422 1226 3481 XXVI.

367 3528 454 3583 De
483 3524 760 3581 dulcedine
789 3518 1242 3590 contemplationis
1266 3525 1388 3588 erga
1419 3511 1614 3566 divina.

265 3641 406 3698 Sola:
459 3639 667 3695 idcirco
720 3637 842 3691 filice
880 3646 933 3690 et
974 3631 1209 3690 dominae
1241 3641 1410 3692 meae,
1449 3637 1663 3696 sponsa:
1695 3619 1801 3675 Do-

208 3736 318 3791 mini
366 3735 479 3792 mei
515 3735 659 3788 intus
693 3737 978 3787 manentes
1026 3723 1157 3781 nihil
1209 3721 1480 3786 sentiant,
1516 3717 1617 3771 nisi
1650 3714 1793 3784 pituu

205 3826 373 3883 Iesum
409 3847 423 3881 :
459 3825 607 3880 hunc
643 3821 956 3894 paradisum
996 3818 1126 3874 sola:
1156 3813 1469 3886 possideant
1491 3853 1505 3877 ,
1539 3808 1625 3862 ubi
1655 3801 1797 3861 dulci

204 3929 249 3972 et
266 3916 508 3989 jucunda
542 3893 729 3986 quiete
762 3893 1093 3968 ineffabilem
1122 3908 1452 3964 Trinitatem
1483 3899 1799 3956 intueantur

208 4009 256 4061 in
288 4009 458 4065 sacris
504 4008 706 4063 litteris
741 4024 752 4058 :
781 4003 963 4061 choris
1008 4002 1262 4057 intersint
1291 3994 1594 4068 angelicis:
1626 3990 1800 4047 dulci-

213 4097 300 4155 lms
324 4118 514 4157 eorum
547 4099 801 4154 tnelodiis
846 4099 1203 4163 misceantur,
1237 4091 1422 4147 divina
1465 4087 1519 4142 in
1549 4082 1799 4141 Ecclesia

206 4194 535 4251 concinendo
567 4192 851 4266 mysteria.
899 4191 1162 4245 informet
1203 4196 1438 4242 mentem
1481 4188 1796 4238 sanctorum

200 4290 635 4356 patriarcharum
687 4295 742 4342 et
782 4295 996 4357 patrum
1057 4282 1401 4354 antiquorum
1462 4273 1795 4333 obedientia.

196 4383 599 4454 Prophetarum
632 4380 849 4437 oracula
879 4378 1026 4435 dulci
1065 4377 1417 4433 meditatione
1462 4387 1556 4429 cor
1599 4384 1796 4424 accen—

192 4475 316 4532 dant
354 4477 429 4532 ad
463 4476 735 4547 promissa
777 4473 978 4529 felicia.
1032 4469 1341 4542 Apostolica
1369 4467 1696 4522 documenta
1731 4457 1796 4514 fi-

191 4567 273 4624 dei
307 4583 514 4624 cuncta
547 4569 808 4638 detegant
837 4573 1204 4620 sacramenta.

1902 3359 1994 3429 qui
2035 3358 2285 3413 aderant.
2314 3354 2492 3409 Testis
2533 3361 2618 3408 est
2665 3351 2810 3406 enim
2842 3347 3173 3410 conscientia
3202 3361 3362 3401 mea:
3407 3346 3500 3416 qui

1905 3449 2066 3504 tantis
2092 3448 2250 3502 bonis
2279 3447 2391 3515 ipse
2421 3444 2662 3506 fruebar,
2693 3450 2827 3513 quot
2868 3450 2923 3496 et
2951 3440 3131 3512 qualia
3165 3437 3338 3494 nescit
3369 3452 3495 3508 pro-

1901 3543 2046 3598 ferre
2076 3538 2332 3596 mollities
2360 3535 2606 3608 corporis
2637 3531 2764 3590 mel.

2452 3671 2685 3730 CAPUT
2723 3667 2939 3727 XXVII.

2393 3785 2468 3843 De
2497 3784 2741 3842 clausura
2768 3783 2952 3838 domus

1975 3907 2092 3962 Non
2141 3914 2320 3976 potest
2348 3905 2416 3958 ad
2460 3909 2623 3957 tanta:
2653 3897 3130 3969 contemplationis
3156 3895 3498 3954 dulcedinem

1901 4018 1998 4057 eor
2049 3997 2401 4054 saecularibus
2466 3995 2686 4066 plenum
2749 3991 2982 4055 negotiis
3034 3987 3278 4060 aspirare
3329 4007 3343 4042 :
3403 3989 3500 4044 sed

1901 4100 2118 4162 oportet
2149 4099 2208 4144 ut
2245 4088 2447 4143 smculo
2479 4084 2770 4148 moriatur,
2814 4093 2867 4138 et
2900 4081 3000 4138 soli
3035 4079 3147 4135 Deo
3187 4097 3288 4152 per
3325 4089 3503 4136 tantas

1901 4185 2286 4243 meditationes
2333 4193 2387 4236 et
2434 4177 2700 4236 desideria
2734 4178 2984 4248 superius
3015 4176 3298 4232 inhaereat.
3350 4175 3504 4233 Unde

1898 4297 2118 4356 granum
2150 4275 2398 4350 frumenti
2429 4275 2617 4328 cadens
2640 4275 2692 4327 in
2719 4283 2941 4335 terram,
2983 4270 3083 4324 nisi
3111 4280 3370 4323 mortuum
3394 4272 3508 4341 fue-

1901 4378 2002 4441 rit,
2054 4388 2294 4444 semper,
2350 4371 2428 4425 sic
2469 4370 2640 4425 solum
2689 4376 2857 4420 ntanet
2906 4373 2965 4419 ut
3010 4362 3251 4419 cecidit:
3283 4363 3431 4435 quod
3460 4363 3506 4417 si

1902 4467 2187 4528 moriatur,
2220 4463 2454 4521 fructum
2485 4459 2777 4533 plurimum
2809 4457 2987 4516 affert.
3011 4456 3104 4513 Sic
3129 4465 3204 4522 et,
3243 4454 3506 4510 charissi-

1903 4579 2044 4628 mze,
2097 4561 2319 4617 domum
2371 4567 2649 4628 paternam
2694 4563 2748 4610 et
2793 4554 3091 4609 saeculares
3121 4562 3304 4609 vestes
3340 4550 3502 4606 relin-

256 4661 809 4732 Evangeliorumque
843 4656 1013 4712 codex
1054 4670 1274 4726 semper
1315 4661 1370 4707 ut
1399 4653 1682 4724 speculum
1717 4661 1797 4709 te-
1826 4665 1877 4724 ι)
1904 4671 2091 4726 quere,
2122 4666 2177 4710 et
2202 4653 2453 4709 monachi
2484 4666 2682 4706 nomen
2709 4663 3016 4717 assumere,
3040 4646 3316 4703 modicum
3338 4644 3505 4718 prod-

185 4769 389 4811 neatur
419 4755 469 4809 in
503 4751 777 4808 manibus.
831 4749 1098 4821 Martyres
1131 4745 1338 4815 sancti,
1385 4755 1580 4802 cuncta
1610 4747 1793 4802 sreculi

184 4851 453 4914 adversa,
483 4859 538 4904 et
570 4857 923 4915 tempestates
955 4845 1115 4914 hujus
1150 4841 1313 4895 maris
1353 4841 1639 4910 procellosi
1669 4856 1793 4895 cum

189 4945 463 5000 omnibus
483 4939 769 4996 diabolicis
800 4937 1075 5006 versutiis,
1110 4946 1166 4991 et
1195 4927 1574 4990 infestationes
1598 4932 1798 4989 daemo-

187 5055 321 5092 num
356 5035 596 5092 doceant
623 5029 967 5089 conculcare.
1014 5028 1402 5086 Confessorum
1435 5026 1670 5099 pretiosa
1697 5027 1797 5084 de-

183 5133 363 5195 votio,
401 5129 466 5184 ad
507 5127 817 5184 divinorum
851 5124 1368 5196 contemplationem
1402 5121 1679 5178 assiduam
1721 5123 1798 5177 af-

179 5228 372 5284 fectus
407 5227 693 5297 astringat.
741 5221 1063 5297 Regularem
1103 5219 1268 5274 vitam
1311 5217 1543 5272 instruat
1582 5224 1799 5270 sancto-

180 5337 304 5375 rum
385 5319 780 5376 monachorum
863 5312 1000 5370 mira
1082 5309 1451 5368 conversatio.
1523 5307 1798 5377 Frangere

179 5430 416 5472 omnem
457 5427 623 5468 sexus
653 5408 944 5464 mollitiem
989 5416 1045 5462 et
1081 5417 1285 5460 sanctae
1318 5401 1646 5475 virginitatis
1680 5417 1798 5458 ser-

179 5523 322 5563 vare
403 5504 785 5577 propositum,
856 5497 1249 5577 pretiosissima
1299 5495 1468 5566 Virgo
1526 5494 1794 5566 virginum

177 5614 310 5655 cum
342 5599 563 5654 caneris
586 5594 888 5666 virginibus
917 5575 1088 5646 Sacris
1118 5605 1337 5660 semper
1367 5589 1615 5643 edoceat.

252 5693 305 5748 0
355 5691 483 5746 felix
530 5689 802 5745 societas!
836 5705 866 5740 o
900 5686 1088 5742 felices
1133 5686 1268 5740 vos!
1310 5685 1352 5738 si
1405 5682 1532 5738 talis
1567 5699 1631 5738 ac
1661 5683 1794 5736 tanti

176 5783 445 5842 muneris
471 5801 581 5840 non
613 5784 732 5838 sitis
784 5782 1027 5852 ingrataz.
1063 5779 1414 5834 Fclicissima:
1461 5777 1714 5834 nin'tirum
1750 5776 1795 5829 si

172 5879 521 5954 dignitatem
547 5888 784 5936 vestram
816 5875 948 5948 ipsa:
975 5872 1306 5946 cognoscitis
1334 5890 1350 5929 :
1397 5887 1519 5944 qua:
1548 5869 1794 5929 omnium

1904 4760 1987 4808 est
2019 4748 2273 4816 homini,
2323 4749 2368 4804 si
2416 4763 2570 4801 mens
2615 4745 2728 4815 ipsa
2774 4745 2975 4800 misera
3020 4759 3140 4814 qua:
3193 4742 3246 4798 in
3298 4740 3504 4797 mundo

1901 4837 2197 4907 habentur,
2231 4839 2513 4896 affectibus
2542 4846 2732 4910 optet:
2760 4845 2813 4893 et
2846 4852 2966 4906 qua:
2992 4835 3319 4907 reliquerat,
3359 4831 3504 4889 desi-

1904 4938 2074 4993 deriis
2121 4943 2350 5005 repetat.
2384 4932 2619 4988 Exeunti
2667 4929 2870 4987 etenim
2917 4929 3021 4986 Lot
3057 4944 3178 4985 cum
3211 4926 3422 4981 filiabus
3452 4935 3508 4984 et

1905 5044 2078 5086 urtore
2103 5025 2172 5084 de
2207 5025 2462 5084 Sodomis
2489 5023 2779 5080 mandatur
2810 5025 2875 5078 ab
2905 5021 3116 5092 angelis
3147 5035 3213 5074 ne
3244 5019 3512 5090 retrospi-

1901 5122 2046 5180 ciant
2097 5137 2219 5193 qua:
2271 5120 2383 5191 jam
2436 5117 2876 5191 perambulando
2928 5116 3280 5186 reliquerant.
3335 5114 3506 5186 Cujus

1901 5231 2044 5272 uxor
2075 5231 2228 5270 more
2259 5213 2585 5270 feminarum
2612 5253 2626 5278 ,
2660 5227 2780 5282 qum
2813 5223 3031 5278 semper
3062 5216 3261 5279 petunt
3288 5217 3510 5263 contra-

1902 5310 1984 5364 ria
2007 5355 2021 5376 ,
2069 5306 2298 5362 obvians
2331 5304 2617 5370 mandato,
2649 5305 2837 5359 statim
2866 5310 2951 5357 est
2997 5314 3264 5357 conversa
3297 5300 3350 5356 in
3397 5310 3510 5356 sta-

1905 5410 2050 5456 tuam
2080 5401 2230 5456 salis.

1976 5495 2101 5550 ilice
2133 5494 2316 5565 itaque
2342 5508 2440 5548 vos
2470 5492 2683 5557 doceat,
2711 5504 2815 5562 qua
2845 5503 3002 5560 paena
3034 5497 3161 5543 sunt
3189 5485 3474 5558 punienda:
3493 5526 3508 5549 ,

1903 5605 2023 5660 qua:
2054 5587 2240 5642 mundi
2269 5587 2536 5640 vanitates
2572 5583 2826 5640 affectant
2865 5583 2917 5637 in
2951 5579 3322 5637 monasteriis.
3375 5578 3508 5632 Nam

1903 5681 2214 5737 efficiuntur
2244 5678 2590 5734 insensibiles
2616 5685 2809 5732 statum
2841 5677 2970 5730 salis
2993 5717 3008 5743 ,
3058 5683 3114 5728 ut
3136 5672 3248 5742 jam
3277 5670 3413 5726 nihil
3443 5671 3510 5727 de

1903 5790 2156 5846 superum
2185 5770 2669 5842 contemplationis
2693 5769 2986 5825 dulcedine
3016 5765 3222 5822 sentire
3250 5764 3508 5820 valeant:

1905 5866 2004 5929 sed
2033 5876 2289 5926 maneant
2318 5866 2374 5924 in
2404 5863 2771 5924 amaritudine
2801 5859 3017 5933 saeculi,
3045 5873 3167 5932 qua:
3199 5857 3401 5917 szeculo
3425 5857 3511 5916 vi-
