  <div class='ocr_page' id='page_1' title='image "/cluster/home/n/w/nwhite01/storage/ocr_20150623/30/hvd.32044096580535/217.png"; bbox 0 0 3918 6294; ppageno 0'>
   <div class='ocr_carea' id='block_1_1' title="bbox 448 230 637 293">
    <p class='ocr_par' dir='ltr' id='par_1_1' title="bbox 448 230 637 293">
     <span class='ocr_line' id='line_1_1' title="bbox 448 230 637 293; baseline -0.011 0"><span class='ocrx_word' id='word_1_1' title='bbox 448 230 555 293; x_wconf 63' lang='grc'><strong>815</strong></span> <span class='ocrx_word' id='word_1_2' title='bbox 628 250 637 253; x_wconf 80' lang='lat'>&#39;</span> 
     </span>
    </p>
   </div>
   <div class='ocr_carea' id='block_1_2' title="bbox 1479 225 3632 311">
    <p class='ocr_par' dir='ltr' id='par_1_2' title="bbox 1479 225 3632 311">
     <span class='ocr_line' id='line_1_2' title="bbox 1479 225 3632 311; baseline -0.012 -24"><span class='ocrx_word' id='word_1_3' title='bbox 1479 227 1540 287; x_wconf 90' lang='lat' dir='ltr'><strong>s.</strong></span> <span class='ocrx_word' id='word_1_4' title='bbox 1581 225 1968 287; x_wconf 82' lang='lat' dir='ltr'><strong>HlERONYMl</strong></span> <span class='ocrx_word' id='word_1_5' title='bbox 2003 225 2294 286; x_wconf 84' lang='lat' dir='ltr'><strong>OPERUM</strong></span> <span class='ocrx_word' id='word_1_6' title='bbox 2333 226 2699 289; x_wconf 78' lang='lat' dir='ltr'><strong>MANTISSA.</strong></span> <span class='ocrx_word' id='word_1_7' title='bbox 3550 228 3632 311; x_wconf 54' lang='grc' dir='ltr'>μδ</span> 
     </span>
    </p>
   </div>
   <div class='ocr_carea' id='block_1_3' title="bbox 452 345 3637 425">
    <p class='ocr_par' dir='ltr' id='par_1_3' title="bbox 452 345 3637 425">
     <span class='ocr_line' id='line_1_3' title="bbox 452 345 3637 425; baseline -0.001 -18"><span class='ocrx_word' id='word_1_8' title='bbox 452 359 606 408; x_wconf 86' lang='lat' dir='ltr'><strong>vunt.</strong></span> <span class='ocrx_word' id='word_1_9' title='bbox 644 349 965 424; x_wconf 87' lang='lat' dir='ltr'><strong>Propterea,</strong></span> <span class='ocrx_word' id='word_1_10' title='bbox 996 348 1350 416; x_wconf 83' lang='lat' dir='ltr'><strong>charissim:e,</strong></span> <span class='ocrx_word' id='word_1_11' title='bbox 1381 346 1777 404; x_wconf 84' lang='lat' dir='ltr'><strong>monasterium</strong></span> <span class='ocrx_word' id='word_1_12' title='bbox 1806 353 2047 403; x_wconf 89' lang='lat' dir='ltr'><strong>vestrum</strong></span> <span class='ocrx_word' id='word_1_13' title='bbox 2076 347 2131 408; x_wconf 76' lang='grc' dir='ltr'><strong>Α</strong></span> <span class='ocrx_word' id='word_1_14' title='bbox 2153 345 2255 401; x_wconf 86' lang='lat' dir='ltr'><strong>sibi</strong></span> <span class='ocrx_word' id='word_1_15' title='bbox 2283 354 2475 403; x_wconf 89' lang='lat' dir='ltr'><strong>natura</strong></span> <span class='ocrx_word' id='word_1_16' title='bbox 2506 347 2767 404; x_wconf 79' lang='lat' dir='ltr'><strong>tradidit:</strong></span> <span class='ocrx_word' id='word_1_17' title='bbox 2815 359 3035 420; x_wconf 86' lang='lat' dir='ltr'><strong>semper</strong></span> <span class='ocrx_word' id='word_1_18' title='bbox 3076 356 3247 409; x_wconf 88' lang='lat' dir='ltr'><strong>tamen</strong></span> <span class='ocrx_word' id='word_1_19' title='bbox 3273 356 3556 425; x_wconf 83' lang='lat' dir='ltr'><strong>cognosceris</strong></span> <span class='ocrx_word' id='word_1_20' title='bbox 3574 362 3637 418; x_wconf 88' lang='lat' dir='ltr'><strong>ci-</strong></span> 
     </span>
    </p>
   </div>
   <div class='ocr_carea' id='block_1_4' title="bbox 454 444 2049 531">
    <p class='ocr_par' dir='ltr' id='par_1_4' title="bbox 454 444 2049 531">
     <span class='ocr_line' id='line_1_4' title="bbox 454 444 2049 531; baseline -0.003 -28"><span class='ocrx_word' id='word_1_21' title='bbox 454 446 611 504; x_wconf 81' lang='lat' dir='ltr'><strong>vobis</strong></span> <span class='ocrx_word' id='word_1_22' title='bbox 655 448 968 531; x_wconf 71' lang='lat' dir='ltr'><strong>sepulcrum</strong></span> <span class='ocrx_word' id='word_1_23' title='bbox 1019 448 1245 520; x_wconf 83' lang='lat' dir='ltr'><strong>eligite:</strong></span> <span class='ocrx_word' id='word_1_24' title='bbox 1282 445 1371 502; x_wconf 90' lang='lat' dir='ltr'><strong>ubi</strong></span> <span class='ocrx_word' id='word_1_25' title='bbox 1400 455 1633 502; x_wconf 71' lang='lat' dir='ltr'><strong>mortuae</strong></span> <span class='ocrx_word' id='word_1_26' title='bbox 1672 460 1795 502; x_wconf 90' lang='lat' dir='ltr'><strong>cum</strong></span> <span class='ocrx_word' id='word_1_27' title='bbox 1828 444 2049 502; x_wconf 75' lang='lat' dir='ltr'><strong>Christo</strong></span> 
     </span>
    </p>
   </div>
   <div class='ocr_carea' id='block_1_5' title="bbox 436 540 2049 611">
    <p class='ocr_par' dir='ltr' id='par_1_5' title="bbox 436 540 2049 611">
     <span class='ocr_line' id='line_1_5' title="bbox 436 540 2049 611; baseline -0.001 -15"><span class='ocrx_word' id='word_1_28' title='bbox 436 540 661 598; x_wconf 77' lang='lat' dir='ltr'><strong>ibidem</strong></span> <span class='ocrx_word' id='word_1_29' title='bbox 692 543 953 597; x_wconf 89' lang='lat' dir='ltr'><strong>maneatis</strong></span> <span class='ocrx_word' id='word_1_30' title='bbox 978 541 1230 611; x_wconf 65' lang='lat' dir='ltr'><strong>sepultae,</strong></span> <span class='ocrx_word' id='word_1_31' title='bbox 1255 554 1538 611; x_wconf 86' lang='lat' dir='ltr'><strong>quousque</strong></span> <span class='ocrx_word' id='word_1_32' title='bbox 1556 546 1907 609; x_wconf 79' lang='lat' dir='ltr'><strong>resurgentes</strong></span> <span class='ocrx_word' id='word_1_33' title='bbox 1926 552 2049 594; x_wconf 91' lang='lat' dir='ltr'><strong>cum</strong></span> 
     </span>
    </p>
   </div>
   <div class='ocr_carea' id='block_1_6' title="bbox 457 625 2052 701">
    <p class='ocr_par' dir='ltr' id='par_1_6' title="bbox 457 625 2052 701">
     <span class='ocr_line' id='line_1_6' title="bbox 457 625 2052 701; baseline -0.003 -16"><span class='ocrx_word' id='word_1_34' title='bbox 457 644 527 686; x_wconf 90' lang='lat' dir='ltr'><strong>eo</strong></span> <span class='ocrx_word' id='word_1_35' title='bbox 555 630 888 701; x_wconf 87' lang='lat' dir='ltr'><strong>apparebitis</strong></span> <span class='ocrx_word' id='word_1_36' title='bbox 907 630 961 684; x_wconf 90' lang='lat' dir='ltr'><strong>in</strong></span> <span class='ocrx_word' id='word_1_37' title='bbox 990 628 1164 700; x_wconf 79' lang='lat' dir='ltr'><strong>gloria</strong></span> <span class='ocrx_word' id='word_1_38' title='bbox 1194 627 1335 699; x_wconf 87' lang='lat' dir='ltr'><strong>ejus.</strong></span> <span class='ocrx_word' id='word_1_39' title='bbox 1388 627 1616 683; x_wconf 90' lang='lat' dir='ltr'><strong>Demum</strong></span> <span class='ocrx_word' id='word_1_40' title='bbox 1647 625 1944 682; x_wconf 90' lang='lat' dir='ltr'><strong>timendum</strong></span> <span class='ocrx_word' id='word_1_41' title='bbox 1969 634 2052 681; x_wconf 91' lang='lat' dir='ltr'><strong>est</strong></span> 
     </span>
    </p>
   </div>
   <div class='ocr_carea' id='block_1_7' title="bbox 457 719 2050 796">
    <p class='ocr_par' dir='ltr' id='par_1_7' title="bbox 457 719 2050 796">
     <span class='ocr_line' id='line_1_7' title="bbox 457 719 2050 796; baseline -0.003 -18"><span class='ocrx_word' id='word_1_42' title='bbox 457 723 749 794; x_wconf 92' lang='lat' dir='ltr'><strong>plurimum</strong></span> <span class='ocrx_word' id='word_1_43' title='bbox 771 765 787 791; x_wconf 96' lang='lat'><strong>,</strong></span> <span class='ocrx_word' id='word_1_44' title='bbox 827 739 897 779; x_wconf 87' lang='lat' dir='ltr'><strong>ne</strong></span> <span class='ocrx_word' id='word_1_45' title='bbox 942 724 1069 796; x_wconf 84' lang='lat' dir='ltr'><strong>quis</strong></span> <span class='ocrx_word' id='word_1_46' title='bbox 1111 723 1447 795; x_wconf 77' lang='lat' dir='ltr'><strong>ingrediatur</strong></span> <span class='ocrx_word' id='word_1_47' title='bbox 1474 731 1635 777; x_wconf 82' lang='lat' dir='ltr'><strong>nocte</strong></span> <span class='ocrx_word' id='word_1_48' title='bbox 1660 720 1731 777; x_wconf 89' lang='lat' dir='ltr'><strong>ad</strong></span> <span class='ocrx_word' id='word_1_49' title='bbox 1763 719 2050 775; x_wconf 88' lang='lat' dir='ltr'><strong>furandum</strong></span> 
     </span>
    </p>
   </div>
   <div class='ocr_carea' id='block_1_8' title="bbox 457 808 2054 888">
    <p class='ocr_par' dir='ltr' id='par_1_8' title="bbox 457 808 2054 888">
     <span class='ocr_line' id='line_1_8' title="bbox 457 808 2054 888; baseline -0.003 -16"><span class='ocrx_word' id='word_1_50' title='bbox 457 816 759 888; x_wconf 88' lang='lat' dir='ltr'><strong>pretiosum</strong></span> <span class='ocrx_word' id='word_1_51' title='bbox 807 817 1167 884; x_wconf 82' lang='lat' dir='ltr'><strong>thesaurum,</strong></span> <span class='ocrx_word' id='word_1_52' title='bbox 1218 815 1309 888; x_wconf 90' lang='lat' dir='ltr'><strong>qui</strong></span> <span class='ocrx_word' id='word_1_53' title='bbox 1356 816 1491 871; x_wconf 81' lang='lat' dir='ltr'><strong>latet</strong></span> <span class='ocrx_word' id='word_1_54' title='bbox 1532 816 1586 871; x_wconf 93' lang='lat' dir='ltr'><strong>in</strong></span> <span class='ocrx_word' id='word_1_55' title='bbox 1628 814 1856 869; x_wconf 90' lang='lat' dir='ltr'><strong>tumulo.</strong></span> <span class='ocrx_word' id='word_1_56' title='bbox 1915 808 2054 869; x_wconf 74' lang='lat' dir='ltr'><strong>Hin&#39;c</strong></span> 
     </span>
    </p>
   </div>
   <div class='ocr_carea' id='block_1_9' title="bbox 454 905 2053 977">
    <p class='ocr_par' dir='ltr' id='par_1_9' title="bbox 454 905 2053 977">
     <span class='ocr_line' id='line_1_9' title="bbox 454 905 2053 977; baseline -0.003 -12"><span class='ocrx_word' id='word_1_57' title='bbox 454 908 583 965; x_wconf 89' lang='lat' dir='ltr'><strong>inde</strong></span> <span class='ocrx_word' id='word_1_58' title='bbox 605 908 756 965; x_wconf 90' lang='lat' dir='ltr'><strong>fures</strong></span> <span class='ocrx_word' id='word_1_59' title='bbox 784 907 1020 975; x_wconf 90' lang='lat' dir='ltr'><strong>fodiunt,</strong></span> <span class='ocrx_word' id='word_1_60' title='bbox 1039 917 1097 963; x_wconf 90' lang='lat' dir='ltr'><strong>ut</strong></span> <span class='ocrx_word' id='word_1_61' title='bbox 1122 907 1369 963; x_wconf 89' lang='lat' dir='ltr'><strong>furentur</strong></span> <span class='ocrx_word' id='word_1_62' title='bbox 1392 907 1618 962; x_wconf 80' lang='lat' dir='ltr'><strong>infinitis</strong></span> <span class='ocrx_word' id='word_1_63' title='bbox 1633 906 1875 969; x_wconf 91' lang='lat' dir='ltr'><strong>astutiis,</strong></span> <span class='ocrx_word' id='word_1_64' title='bbox 1907 905 2053 977; x_wconf 92' lang='lat' dir='ltr'><strong>quod</strong></span> 
     </span>
    </p>
   </div>
   <div class='ocr_carea' id='block_1_10' title="bbox 456 998 2051 1073">
    <p class='ocr_par' dir='ltr' id='par_1_10' title="bbox 456 998 2051 1073">
     <span class='ocr_line' id='line_1_10' title="bbox 456 998 2051 1073; baseline -0.003 -15"><span class='ocrx_word' id='word_1_65' title='bbox 456 1001 602 1059; x_wconf 89' lang='lat' dir='ltr'><strong>intus</strong></span> <span class='ocrx_word' id='word_1_66' title='bbox 631 1001 886 1058; x_wconf 86' lang='lat' dir='ltr'><strong>habetur.</strong></span> <span class='ocrx_word' id='word_1_67' title='bbox 928 1001 1284 1057; x_wconf 91' lang='lat' dir='ltr'><strong>Custodiatur</strong></span> <span class='ocrx_word' id='word_1_68' title='bbox 1318 1015 1448 1073; x_wconf 85' lang='lat' dir='ltr'><strong>ergo</strong></span> <span class='ocrx_word' id='word_1_69' title='bbox 1475 999 1786 1071; x_wconf 87' lang='lat' dir='ltr'><strong>sepulcrum</strong></span> <span class='ocrx_word' id='word_1_70' title='bbox 1814 1014 1910 1071; x_wconf 91' lang='lat' dir='ltr'><strong>per</strong></span> <span class='ocrx_word' id='word_1_71' title='bbox 1935 998 2051 1068; x_wconf 86' lang='lat' dir='ltr'><strong>cpi--</strong></span> 
     </span>
    </p>
   </div>
   <div class='ocr_carea' id='block_1_11' title="bbox 455 1092 2051 1168">
    <p class='ocr_par' dir='ltr' id='par_1_11' title="bbox 455 1092 2051 1168">
     <span class='ocr_line' id='line_1_11' title="bbox 455 1092 2051 1168; baseline -0.004 -16"><span class='ocrx_word' id='word_1_72' title='bbox 455 1110 716 1168; x_wconf 88' lang='lat' dir='ltr'><strong>scopum:</strong></span> <span class='ocrx_word' id='word_1_73' title='bbox 748 1111 910 1168; x_wconf 88' lang='lat' dir='ltr'><strong>quem</strong></span> <span class='ocrx_word' id='word_1_74' title='bbox 940 1096 1085 1151; x_wconf 88' lang='lat' dir='ltr'><strong>Deus</strong></span> <span class='ocrx_word' id='word_1_75' title='bbox 1108 1095 1161 1151; x_wconf 92' lang='lat' dir='ltr'><strong>in</strong></span> <span class='ocrx_word' id='word_1_76' title='bbox 1194 1095 1353 1149; x_wconf 91' lang='lat' dir='ltr'><strong>vinea</strong></span> <span class='ocrx_word' id='word_1_77' title='bbox 1383 1109 1477 1149; x_wconf 90' lang='lat' dir='ltr'><strong>sua</strong></span> <span class='ocrx_word' id='word_1_78' title='bbox 1514 1093 1749 1158; x_wconf 84' lang='lat' dir='ltr'><strong>primum</strong></span> <span class='ocrx_word' id='word_1_79' title='bbox 1770 1092 2051 1148; x_wconf 85' lang='lat' dir='ltr'><strong>custodem</strong></span> 
     </span>
    </p>
   </div>
   <div class='ocr_carea' id='block_1_12' title="bbox 456 1184 2057 1262">
    <p class='ocr_par' dir='ltr' id='par_1_12' title="bbox 456 1184 2057 1262">
     <span class='ocr_line' id='line_1_12' title="bbox 456 1184 2057 1262; baseline -0.004 -17"><span class='ocrx_word' id='word_1_80' title='bbox 456 1189 777 1262; x_wconf 70' lang='lat' dir='ltr'><strong>prmposuit.</strong></span> <span class='ocrx_word' id='word_1_81' title='bbox 831 1188 1183 1245; x_wconf 89' lang='lat' dir='ltr'><strong>Custodiatur</strong></span> <span class='ocrx_word' id='word_1_82' title='bbox 1228 1196 1285 1243; x_wconf 88' lang='lat' dir='ltr'><strong>et</strong></span> <span class='ocrx_word' id='word_1_83' title='bbox 1312 1202 1407 1258; x_wconf 87' lang='lat' dir='ltr'><strong>per</strong></span> <span class='ocrx_word' id='word_1_84' title='bbox 1439 1185 1790 1257; x_wconf 77' lang='lat' dir='ltr'><strong>prtepositum</strong></span> <span class='ocrx_word' id='word_1_85' title='bbox 1832 1184 2057 1256; x_wconf 83' lang='lat' dir='ltr'><strong>presby-</strong></span> 
     </span>
    </p>
   </div>
   <div class='ocr_carea' id='block_1_13' title="bbox 456 1282 2056 1356">
    <p class='ocr_par' dir='ltr' id='par_1_13' title="bbox 456 1282 2056 1356">
     <span class='ocr_line' id='line_1_13' title="bbox 456 1282 2056 1356; baseline 0 -17"><span class='ocrx_word' id='word_1_86' title='bbox 456 1294 657 1354; x_wconf 85' lang='lat' dir='ltr'><strong>terum,</strong></span> <span class='ocrx_word' id='word_1_87' title='bbox 682 1284 775 1356; x_wconf 92' lang='lat' dir='ltr'><strong>qui</strong></span> <span class='ocrx_word' id='word_1_88' title='bbox 801 1284 977 1340; x_wconf 83' lang='lat' dir='ltr'><strong>vicem</strong></span> <span class='ocrx_word' id='word_1_89' title='bbox 1006 1287 1126 1355; x_wconf 82' lang='lat' dir='ltr'><strong>ejus</strong></span> <span class='ocrx_word' id='word_1_90' title='bbox 1154 1293 1305 1340; x_wconf 89' lang='lat' dir='ltr'><strong>tenet</strong></span> <span class='ocrx_word' id='word_1_91' title='bbox 1331 1284 1384 1339; x_wconf 91' lang='lat' dir='ltr'><strong>in</strong></span> <span class='ocrx_word' id='word_1_92' title='bbox 1409 1283 1533 1339; x_wconf 92' lang='lat' dir='ltr'><strong>loco</strong></span> <span class='ocrx_word' id='word_1_93' title='bbox 1558 1299 1573 1337; x_wconf 92' lang='lat'><strong>:</strong></span> <span class='ocrx_word' id='word_1_94' title='bbox 1607 1298 1673 1338; x_wconf 92' lang='lat' dir='ltr'><strong>ne</strong></span> <span class='ocrx_word' id='word_1_95' title='bbox 1697 1282 1820 1354; x_wconf 92' lang='lat' dir='ltr'><strong>quis</strong></span> <span class='ocrx_word' id='word_1_96' title='bbox 1842 1282 2056 1339; x_wconf 79' lang='lat' dir='ltr'><strong>incaute</strong></span> 
     </span>
    </p>
   </div>
   <div class='ocr_carea' id='block_1_14' title="bbox 458 1378 1697 1451">
    <p class='ocr_par' dir='ltr' id='par_1_14' title="bbox 458 1378 1697 1451">
     <span class='ocr_line' id='line_1_14' title="bbox 458 1378 1697 1451; baseline -0.005 -14"><span class='ocrx_word' id='word_1_97' title='bbox 458 1380 735 1437; x_wconf 83' lang='lat' dir='ltr'><strong>introeat:</strong></span> <span class='ocrx_word' id='word_1_98' title='bbox 768 1394 837 1434; x_wconf 89' lang='lat' dir='ltr'><strong>ne</strong></span> <span class='ocrx_word' id='word_1_99' title='bbox 867 1380 988 1451; x_wconf 87' lang='lat' dir='ltr'><strong>quis</strong></span> <span class='ocrx_word' id='word_1_100' title='bbox 1011 1378 1080 1433; x_wconf 90' lang='lat' dir='ltr'><strong>ad</strong></span> <span class='ocrx_word' id='word_1_101' title='bbox 1111 1378 1462 1433; x_wconf 90' lang='lat' dir='ltr'><strong>minuendum</strong></span> <span class='ocrx_word' id='word_1_102' title='bbox 1488 1384 1697 1449; x_wconf 79' lang='lat' dir='ltr'><strong>pergat.</strong></span> 
     </span>
    </p>
   </div>
   <div class='ocr_carea' id='block_1_15' title="bbox 529 1469 2058 1542">
    <p class='ocr_par' dir='ltr' id='par_1_15' title="bbox 529 1469 2058 1542">
     <span class='ocr_line' id='line_1_15' title="bbox 529 1469 2058 1542; baseline -0.004 -13"><span class='ocrx_word' id='word_1_103' title='bbox 529 1473 809 1529; x_wconf 83' lang='lat' dir='ltr'><strong>Murorum</strong></span> <span class='ocrx_word' id='word_1_104' title='bbox 850 1471 1243 1527; x_wconf 86' lang='lat' dir='ltr'><strong>munitionibus</strong></span> <span class='ocrx_word' id='word_1_105' title='bbox 1282 1470 1361 1527; x_wconf 87' lang='lat' dir='ltr'><strong>sic</strong></span> <span class='ocrx_word' id='word_1_106' title='bbox 1399 1470 1638 1542; x_wconf 88' lang='lat' dir='ltr'><strong>undique</strong></span> <span class='ocrx_word' id='word_1_107' title='bbox 1663 1469 2058 1539; x_wconf 82' lang='lat' dir='ltr'><strong>circumcinga-</strong></span> 
     </span>
    </p>
   </div>
   <div class='ocr_carea' id='block_1_16' title="bbox 462 1561 2057 1637">
    <p class='ocr_par' dir='ltr' id='par_1_16' title="bbox 462 1561 2057 1637">
     <span class='ocr_line' id='line_1_16' title="bbox 462 1561 2057 1637; baseline -0.004 -15"><span class='ocrx_word' id='word_1_108' title='bbox 462 1576 549 1623; x_wconf 92' lang='lat' dir='ltr'><strong>tur</strong></span> <span class='ocrx_word' id='word_1_109' title='bbox 578 1566 830 1632; x_wconf 88' lang='lat' dir='ltr'><strong>locellus,</strong></span> <span class='ocrx_word' id='word_1_110' title='bbox 861 1564 1008 1637; x_wconf 91' lang='lat' dir='ltr'><strong>quod</strong></span> <span class='ocrx_word' id='word_1_111' title='bbox 1038 1566 1133 1619; x_wconf 84' lang='lat' dir='ltr'><strong>vix</strong></span> <span class='ocrx_word' id='word_1_112' title='bbox 1163 1564 1355 1620; x_wconf 87' lang='lat' dir='ltr'><strong>avibus</strong></span> <span class='ocrx_word' id='word_1_113' title='bbox 1383 1563 1690 1632; x_wconf 74' lang='lat' dir='ltr'><strong>prtebeatur</strong></span> <span class='ocrx_word' id='word_1_114' title='bbox 1722 1562 1922 1617; x_wconf 88' lang='lat' dir='ltr'><strong>aditus.</strong></span> <span class='ocrx_word' id='word_1_115' title='bbox 1967 1561 2057 1617; x_wconf 88' lang='lat' dir='ltr'><strong>Sic</strong></span> 
     </span>
    </p>
   </div>
   <div class='ocr_carea' id='block_1_17' title="bbox 458 1652 2053 1728">
    <p class='ocr_par' dir='ltr' id='par_1_17' title="bbox 458 1652 2053 1728">
     <span class='ocr_line' id='line_1_17' title="bbox 458 1652 2053 1728; baseline -0.005 -13"><span class='ocrx_word' id='word_1_116' title='bbox 458 1659 755 1715; x_wconf 85' lang='lat' dir='ltr'><strong>tendantur</strong></span> <span class='ocrx_word' id='word_1_117' title='bbox 797 1660 934 1714; x_wconf 91' lang='lat' dir='ltr'><strong>muri</strong></span> <span class='ocrx_word' id='word_1_118' title='bbox 985 1658 1045 1714; x_wconf 88' lang='lat' dir='ltr'><strong>in</strong></span> <span class='ocrx_word' id='word_1_119' title='bbox 1075 1658 1241 1713; x_wconf 88' lang='lat' dir='ltr'><strong>altum</strong></span> <span class='ocrx_word' id='word_1_120' title='bbox 1268 1702 1283 1727; x_wconf 87' lang='lat'><strong>,</strong></span> <span class='ocrx_word' id='word_1_121' title='bbox 1329 1656 1472 1728; x_wconf 89' lang='lat' dir='ltr'><strong>quod</strong></span> <span class='ocrx_word' id='word_1_122' title='bbox 1506 1670 1613 1710; x_wconf 92' lang='lat' dir='ltr'><strong>non</strong></span> <span class='ocrx_word' id='word_1_123' title='bbox 1642 1654 1818 1710; x_wconf 91' lang='lat' dir='ltr'><strong>solum</strong></span> <span class='ocrx_word' id='word_1_124' title='bbox 1846 1668 1953 1709; x_wconf 91' lang='lat' dir='ltr'><strong>non</strong></span> <span class='ocrx_word' id='word_1_125' title='bbox 1986 1652 2053 1708; x_wconf 88' lang='lat' dir='ltr'><strong>li-</strong></span> 
     </span>
    </p>
   </div>
   <div class='ocr_carea' id='block_1_18' title="bbox 2151 439 3639 525">
    <p class='ocr_par' dir='ltr' id='par_1_18' title="bbox 2151 439 3639 525">
     <span class='ocr_line' id='line_1_18' title="bbox 2151 439 3639 525; baseline 0.012 -31"><span class='ocrx_word' id='word_1_126' title='bbox 2151 439 2264 507; x_wconf 87' lang='lat' dir='ltr'><strong>nis,</strong></span> <span class='ocrx_word' id='word_1_127' title='bbox 2296 439 2501 511; x_wconf 89' lang='lat' dir='ltr'><strong>fenum,</strong></span> <span class='ocrx_word' id='word_1_128' title='bbox 2533 451 2587 498; x_wconf 91' lang='lat' dir='ltr'><strong>et</strong></span> <span class='ocrx_word' id='word_1_129' title='bbox 2614 453 2824 500; x_wconf 84' lang='lat' dir='ltr'><strong>stercus</strong></span> <span class='ocrx_word' id='word_1_130' title='bbox 2852 444 3189 501; x_wconf 89' lang='lat' dir='ltr'><strong>immundum</strong></span> <span class='ocrx_word' id='word_1_131' title='bbox 3217 461 3277 503; x_wconf 90' lang='lat' dir='ltr'><strong>ex</strong></span> <span class='ocrx_word' id='word_1_132' title='bbox 3301 448 3528 509; x_wconf 90' lang='lat' dir='ltr'><strong>immundo</strong></span> <span class='ocrx_word' id='word_1_133' title='bbox 3546 469 3639 525; x_wconf 82' lang='lat' dir='ltr'><strong>pro-</strong></span> 
     </span>
    </p>
   </div>
   <div class='ocr_carea' id='block_1_19' title="bbox 2151 531 3646 608">
    <p class='ocr_par' dir='ltr' id='par_1_19' title="bbox 2151 531 3646 608">
     <span class='ocr_line' id='line_1_19' title="bbox 2151 531 3646 608; baseline 0.01 -21"><span class='ocrx_word' id='word_1_134' title='bbox 2151 531 2371 588; x_wconf 89' lang='lat' dir='ltr'><strong>ductum</strong></span> <span class='ocrx_word' id='word_1_135' title='bbox 2396 534 2640 591; x_wconf 85' lang='lat' dir='ltr'><strong>semine?</strong></span> <span class='ocrx_word' id='word_1_136' title='bbox 2663 535 2709 591; x_wconf 88' lang='grc' dir='ltr'><strong>Ο</strong></span> <span class='ocrx_word' id='word_1_137' title='bbox 2739 536 2786 593; x_wconf 90' lang='lat' dir='ltr'><strong>si</strong></span> <span class='ocrx_word' id='word_1_138' title='bbox 2814 544 2870 594; x_wconf 87' lang='lat' dir='ltr'><strong>te</strong></span> <span class='ocrx_word' id='word_1_139' title='bbox 2894 538 3068 594; x_wconf 86' lang='lat' dir='ltr'><strong>velles</strong></span> <span class='ocrx_word' id='word_1_140' title='bbox 3097 538 3303 608; x_wconf 89' lang='lat' dir='ltr'><strong>intueri,</strong></span> <span class='ocrx_word' id='word_1_141' title='bbox 3320 540 3539 599; x_wconf 84' lang='lat' dir='ltr'><strong>vilissima</strong></span> <span class='ocrx_word' id='word_1_142' title='bbox 3554 562 3646 603; x_wconf 87' lang='lat' dir='ltr'><strong>mu-</strong></span> 
     </span>
    </p>
   </div>
   <div class='ocr_carea' id='block_1_20' title="bbox 2150 623 3649 710">
    <p class='ocr_par' dir='ltr' id='par_1_20' title="bbox 2150 623 3649 710">
     <span class='ocr_line' id='line_1_20' title="bbox 2150 623 3649 710; baseline 0.012 -31"><span class='ocrx_word' id='word_1_143' title='bbox 2150 623 2384 680; x_wconf 90' lang='lat' dir='ltr'><strong>lierum:</strong></span> <span class='ocrx_word' id='word_1_144' title='bbox 2433 641 2595 697; x_wconf 89' lang='lat' dir='ltr'><strong>quam</strong></span> <span class='ocrx_word' id='word_1_145' title='bbox 2652 630 3106 687; x_wconf 86' lang='lat' dir='ltr'><strong>verecundareris</strong></span> <span class='ocrx_word' id='word_1_146' title='bbox 3166 630 3231 687; x_wconf 90' lang='lat' dir='ltr'><strong>de</strong></span> <span class='ocrx_word' id='word_1_147' title='bbox 3281 646 3505 704; x_wconf 89' lang='lat' dir='ltr'><strong>corpore,</strong></span> <span class='ocrx_word' id='word_1_148' title='bbox 3540 641 3649 710; x_wconf 88' lang='lat' dir='ltr'><strong>quod</strong></span> 
     </span>
    </p>
   </div>
   <div class='ocr_carea' id='block_1_21' title="bbox 2153 718 3655 793">
    <p class='ocr_par' dir='ltr' id='par_1_21' title="bbox 2153 718 3655 793">
     <span class='ocr_line' id='line_1_21' title="bbox 2153 718 3655 793; baseline 0.01 -22"><span class='ocrx_word' id='word_1_149' title='bbox 2153 724 2306 772; x_wconf 89' lang='lat' dir='ltr'><strong>tanto</strong></span> <span class='ocrx_word' id='word_1_150' title='bbox 2333 718 2482 773; x_wconf 87' lang='lat' dir='ltr'><strong>cultu</strong></span> <span class='ocrx_word' id='word_1_151' title='bbox 2510 720 2761 776; x_wconf 79' lang='lat' dir='ltr'><strong>excolis?</strong></span> <span class='ocrx_word' id='word_1_152' title='bbox 2809 721 2932 793; x_wconf 87' lang='lat' dir='ltr'><strong>Ipsa</strong></span> <span class='ocrx_word' id='word_1_153' title='bbox 2969 722 3170 778; x_wconf 91' lang='lat' dir='ltr'><strong>etenim</strong></span> <span class='ocrx_word' id='word_1_154' title='bbox 3198 723 3418 793; x_wconf 90' lang='lat' dir='ltr'><strong>jumento</strong></span> <span class='ocrx_word' id='word_1_155' title='bbox 3442 736 3489 782; x_wconf 88' lang='lat' dir='ltr'><strong>et</strong></span> <span class='ocrx_word' id='word_1_156' title='bbox 3508 728 3655 787; x_wconf 82' lang='lat' dir='ltr'><strong>bestiis</strong></span> 
     </span>
    </p>
   </div>
   <div class='ocr_carea' id='block_1_22' title="bbox 2154 821 3657 892">
    <p class='ocr_par' dir='ltr' id='par_1_22' title="bbox 2154 821 3657 892">
     <span class='ocr_line' id='line_1_22' title="bbox 2154 821 3657 892; baseline 0.008 -20"><span class='ocrx_word' id='word_1_157' title='bbox 2154 827 2316 874; x_wconf 84' lang='lat' dir='ltr'><strong>terrae</strong></span> <span class='ocrx_word' id='word_1_158' title='bbox 2340 863 2355 889; x_wconf 89' lang='lat'><strong>,</strong></span> <span class='ocrx_word' id='word_1_159' title='bbox 2406 829 2499 875; x_wconf 88' lang='lat' dir='ltr'><strong>aut</strong></span> <span class='ocrx_word' id='word_1_160' title='bbox 2543 835 2604 875; x_wconf 91' lang='lat' dir='ltr'><strong>es</strong></span> <span class='ocrx_word' id='word_1_161' title='bbox 2641 821 2868 892; x_wconf 80' lang='lat' dir='ltr'><strong>tequalis</strong></span> <span class='ocrx_word' id='word_1_162' title='bbox 2899 831 2993 877; x_wconf 91' lang='lat' dir='ltr'><strong>aut</strong></span> <span class='ocrx_word' id='word_1_163' title='bbox 3018 822 3284 878; x_wconf 89' lang='lat' dir='ltr'><strong>deterior:</strong></span> <span class='ocrx_word' id='word_1_164' title='bbox 3310 824 3437 881; x_wconf 89' lang='lat' dir='ltr'><strong>intus</strong></span> <span class='ocrx_word' id='word_1_165' title='bbox 3460 828 3657 884; x_wconf 83' lang='lat' dir='ltr'><strong>estundo</strong></span> 
     </span>
    </p>
   </div>
   <div class='ocr_carea' id='block_1_23' title="bbox 2152 910 3661 987">
    <p class='ocr_par' dir='ltr' id='par_1_23' title="bbox 2152 910 3661 987">
     <span class='ocr_line' id='line_1_23' title="bbox 2152 910 3661 987; baseline 0.007 -23"><span class='ocrx_word' id='word_1_166' title='bbox 2152 910 2437 980; x_wconf 77' lang='lat' dir='ltr'><strong>glorieris,</strong></span> <span class='ocrx_word' id='word_1_167' title='bbox 2468 926 2577 967; x_wconf 92' lang='lat' dir='ltr'><strong>non</strong></span> <span class='ocrx_word' id='word_1_168' title='bbox 2608 923 2781 968; x_wconf 89' lang='lat' dir='ltr'><strong>extra.</strong></span> <span class='ocrx_word' id='word_1_169' title='bbox 2836 913 2892 968; x_wconf 88' lang='lat' dir='ltr'><strong>In</strong></span> <span class='ocrx_word' id='word_1_170' title='bbox 2926 928 3060 970; x_wconf 89' lang='lat' dir='ltr'><strong>vase</strong></span> <span class='ocrx_word' id='word_1_171' title='bbox 3083 913 3186 969; x_wconf 93' lang='lat' dir='ltr'><strong>isto</strong></span> <span class='ocrx_word' id='word_1_172' title='bbox 3212 923 3309 969; x_wconf 89' lang='lat' dir='ltr'><strong>tam</strong></span> <span class='ocrx_word' id='word_1_173' title='bbox 3336 916 3461 987; x_wconf 82' lang='lat' dir='ltr'><strong>turpi</strong></span> <span class='ocrx_word' id='word_1_174' title='bbox 3488 917 3661 974; x_wconf 85' lang='lat' dir='ltr'><strong>thesau-</strong></span> 
     </span>
    </p>
   </div>
   <div class='ocr_carea' id='block_1_24' title="bbox 2156 1008 3663 1080">
    <p class='ocr_par' dir='ltr' id='par_1_24' title="bbox 2156 1008 3663 1080">
     <span class='ocr_line' id='line_1_24' title="bbox 2156 1008 3663 1080; baseline 0.007 -23"><span class='ocrx_word' id='word_1_175' title='bbox 2156 1019 2274 1058; x_wconf 90' lang='lat' dir='ltr'><strong>rum</strong></span> <span class='ocrx_word' id='word_1_176' title='bbox 2298 1014 2473 1069; x_wconf 89' lang='lat' dir='ltr'><strong>tenes.</strong></span> <span class='ocrx_word' id='word_1_177' title='bbox 2500 1022 2665 1077; x_wconf 88' lang='lat' dir='ltr'><strong>quem</strong></span> <span class='ocrx_word' id='word_1_178' title='bbox 2691 1021 2903 1063; x_wconf 90' lang='lat' dir='ltr'><strong>summa</strong></span> <span class='ocrx_word' id='word_1_179' title='bbox 2925 1023 3055 1064; x_wconf 89' lang='lat' dir='ltr'><strong>cum</strong></span> <span class='ocrx_word' id='word_1_180' title='bbox 3082 1008 3347 1080; x_wconf 75' lang='lat' dir='ltr'><strong>diligentia</strong></span> <span class='ocrx_word' id='word_1_181' title='bbox 3367 1010 3522 1066; x_wconf 89' lang='lat' dir='ltr'><strong>colere</strong></span> <span class='ocrx_word' id='word_1_182' title='bbox 3537 1010 3663 1068; x_wconf 85' lang='lat' dir='ltr'><strong>debes</strong></span> 
     </span>
    </p>
   </div>
   <div class='ocr_carea' id='block_1_25' title="bbox 2155 1103 3669 1161">
    <p class='ocr_par' dir='ltr' id='par_1_25' title="bbox 2155 1103 3669 1161">
     <span class='ocr_line' id='line_1_25' title="bbox 2155 1103 3669 1161; baseline 0.003 -4"><span class='ocrx_word' id='word_1_183' title='bbox 2155 1110 2210 1157; x_wconf 87' lang='lat' dir='ltr'><strong>et</strong></span> <span class='ocrx_word' id='word_1_184' title='bbox 2250 1115 2471 1157; x_wconf 90' lang='lat' dir='ltr'><strong>servare</strong></span> <span class='ocrx_word' id='word_1_185' title='bbox 2520 1118 2733 1158; x_wconf 91' lang='lat' dir='ltr'><strong>summa</strong></span> <span class='ocrx_word' id='word_1_186' title='bbox 2769 1103 3041 1159; x_wconf 90' lang='lat' dir='ltr'><strong>custodia.</strong></span> <span class='ocrx_word' id='word_1_187' title='bbox 3086 1103 3229 1160; x_wconf 84' lang='lat' dir='ltr'><strong>Nihil</strong></span> <span class='ocrx_word' id='word_1_188' title='bbox 3255 1103 3315 1159; x_wconf 87' lang='lat' dir='ltr'><strong>ad</strong></span> <span class='ocrx_word' id='word_1_189' title='bbox 3344 1113 3394 1159; x_wconf 89' lang='lat' dir='ltr'><strong>te</strong></span> <span class='ocrx_word' id='word_1_190' title='bbox 3416 1104 3478 1160; x_wconf 91' lang='lat' dir='ltr'><strong>de</strong></span> <span class='ocrx_word' id='word_1_191' title='bbox 3497 1120 3603 1161; x_wconf 84' lang='lat' dir='ltr'><strong>vase</strong></span> <span class='ocrx_word' id='word_1_192' title='bbox 3621 1107 3669 1161; x_wconf 83' lang='lat' dir='ltr'><strong>ft-</strong></span> 
     </span>
    </p>
   </div>
   <div class='ocr_carea' id='block_1_26' title="bbox 2155 1195 3672 1268">
    <p class='ocr_par' dir='ltr' id='par_1_26' title="bbox 2155 1195 3672 1268">
     <span class='ocr_line' id='line_1_26' title="bbox 2155 1195 3672 1268; baseline 0.002 -18"><span class='ocrx_word' id='word_1_193' title='bbox 2155 1195 2269 1250; x_wconf 89' lang='lat' dir='ltr'><strong>ctili</strong></span> <span class='ocrx_word' id='word_1_194' title='bbox 2296 1237 2313 1264; x_wconf 94' lang='lat'><strong>,</strong></span> <span class='ocrx_word' id='word_1_195' title='bbox 2362 1196 2408 1251; x_wconf 90' lang='lat' dir='ltr'><strong>si</strong></span> <span class='ocrx_word' id='word_1_196' title='bbox 2436 1198 2613 1268; x_wconf 88' lang='lat' dir='ltr'><strong>turpis</strong></span> <span class='ocrx_word' id='word_1_197' title='bbox 2643 1196 2816 1253; x_wconf 89' lang='lat' dir='ltr'><strong>forma</strong></span> <span class='ocrx_word' id='word_1_198' title='bbox 2846 1198 2920 1253; x_wconf 89' lang='lat' dir='ltr'><strong>sit</strong></span> <span class='ocrx_word' id='word_1_199' title='bbox 2942 1206 3098 1254; x_wconf 82' lang='lat' dir='ltr'><strong>extra</strong></span> <span class='ocrx_word' id='word_1_200' title='bbox 3126 1215 3140 1253; x_wconf 92' lang='lat'><strong>:</strong></span> <span class='ocrx_word' id='word_1_201' title='bbox 3174 1196 3444 1256; x_wconf 89' lang='lat' dir='ltr'><strong>dummodo</strong></span> <span class='ocrx_word' id='word_1_202' title='bbox 3469 1197 3591 1254; x_wconf 88' lang='lat' dir='ltr'><strong>intus</strong></span> <span class='ocrx_word' id='word_1_203' title='bbox 3620 1199 3672 1254; x_wconf 87' lang='lat' dir='ltr'><strong>sit</strong></span> 
     </span>
    </p>
   </div>
   <div class='ocr_carea' id='block_1_27' title="bbox 2155 1292 3676 1367">
    <p class='ocr_par' dir='ltr' id='par_1_27' title="bbox 2155 1292 3676 1367">
     <span class='ocr_line' id='line_1_27' title="bbox 2155 1292 3676 1367; baseline 0.005 -20"><span class='ocrx_word' id='word_1_204' title='bbox 2155 1292 2359 1360; x_wconf 92' lang='lat' dir='ltr'><strong>nobile,</strong></span> <span class='ocrx_word' id='word_1_205' title='bbox 2391 1292 2537 1348; x_wconf 91' lang='lat' dir='ltr'><strong>intus</strong></span> <span class='ocrx_word' id='word_1_206' title='bbox 2566 1293 2638 1349; x_wconf 89' lang='lat' dir='ltr'><strong>sit</strong></span> <span class='ocrx_word' id='word_1_207' title='bbox 2665 1294 2957 1364; x_wconf 88' lang='lat' dir='ltr'><strong>pulchrum</strong></span> <span class='ocrx_word' id='word_1_208' title='bbox 2978 1294 3125 1367; x_wconf 90' lang='lat' dir='ltr'><strong>quod</strong></span> <span class='ocrx_word' id='word_1_209' title='bbox 3156 1294 3303 1364; x_wconf 87' lang='lat' dir='ltr'><strong>latet,</strong></span> <span class='ocrx_word' id='word_1_210' title='bbox 3327 1294 3465 1352; x_wconf 87' lang='lat' dir='ltr'><strong>intus</strong></span> <span class='ocrx_word' id='word_1_211' title='bbox 3486 1294 3550 1352; x_wconf 89' lang='lat' dir='ltr'><strong>sit</strong></span> <span class='ocrx_word' id='word_1_212' title='bbox 3568 1295 3676 1355; x_wconf 75' lang='lat' dir='ltr'><strong>inte-</strong></span> 
     </span>
    </p>
   </div>
   <div class='ocr_carea' id='block_1_28' title="bbox 2155 1386 2784 1458">
    <p class='ocr_par' dir='ltr' id='par_1_28' title="bbox 2155 1386 2784 1458">
     <span class='ocr_line' id='line_1_28' title="bbox 2155 1386 2784 1458; baseline 0.003 -16"><span class='ocrx_word' id='word_1_213' title='bbox 2155 1401 2311 1458; x_wconf 89' lang='lat' dir='ltr'><strong>grum</strong></span> <span class='ocrx_word' id='word_1_214' title='bbox 2343 1386 2487 1457; x_wconf 92' lang='lat' dir='ltr'><strong>quod</strong></span> <span class='ocrx_word' id='word_1_215' title='bbox 2515 1394 2784 1445; x_wconf 89' lang='lat' dir='ltr'><strong>servatur.</strong></span> 
     </span>
    </p>
   </div>
   <div class='ocr_carea' id='block_1_29' title="bbox 2721 1480 3199 1540">
    <p class='ocr_par' dir='ltr' id='par_1_29' title="bbox 2721 1480 3199 1540">
     <span class='ocr_line' id='line_1_29' title="bbox 2721 1480 3199 1540; baseline -0.002 -1"><span class='ocrx_word' id='word_1_216' title='bbox 2721 1480 2950 1540; x_wconf 82' lang='lat' dir='ltr'><strong>CAPUT</strong></span> <span class='ocrx_word' id='word_1_217' title='bbox 3004 1483 3199 1540; x_wconf 87' lang='lat' dir='ltr'><strong>XXIX.</strong></span> 
     </span>
    </p>
   </div>
   <div class='ocr_carea' id='block_1_30' title="bbox 2492 1573 3401 1650">
    <p class='ocr_par' dir='ltr' id='par_1_30' title="bbox 2492 1573 3401 1650">
     <span class='ocr_line' id='line_1_30' title="bbox 2492 1573 3401 1650; baseline 0.001 -21"><span class='ocrx_word' id='word_1_218' title='bbox 2492 1573 2572 1631; x_wconf 90' lang='lat' dir='ltr'><strong>De</strong></span> <span class='ocrx_word' id='word_1_219' title='bbox 2594 1577 2822 1650; x_wconf 83' lang='lat' dir='ltr'><strong>periculo</strong></span> <span class='ocrx_word' id='word_1_220' title='bbox 2848 1576 3147 1633; x_wconf 78' lang='lat' dir='ltr'><strong>ambitionis</strong></span> <span class='ocrx_word' id='word_1_221' title='bbox 3180 1576 3401 1632; x_wconf 77' lang='lat' dir='ltr'><strong>vestium.</strong></span> 
     </span>
    </p>
   </div>
   <div class='ocr_carea' id='block_1_31' title="bbox 2229 1666 3694 1743">
    <p class='ocr_par' dir='ltr' id='par_1_31' title="bbox 2229 1666 3694 1743">
     <span class='ocr_line' id='line_1_31' title="bbox 2229 1666 3694 1743; baseline 0.002 -21"><span class='ocrx_word' id='word_1_222' title='bbox 2229 1666 2531 1739; x_wconf 90' lang='lat' dir='ltr'><strong>Propterea</strong></span> <span class='ocrx_word' id='word_1_223' title='bbox 2572 1685 2691 1737; x_wconf 89' lang='lat' dir='ltr'><strong>vos,</strong></span> <span class='ocrx_word' id='word_1_224' title='bbox 2736 1670 3113 1739; x_wconf 75' lang='lat' dir='ltr'><strong>charissimte,</strong></span> <span class='ocrx_word' id='word_1_225' title='bbox 3147 1686 3265 1743; x_wconf 66' lang='lat' dir='ltr'><strong>quae</strong></span> <span class='ocrx_word' id='word_1_226' title='bbox 3299 1668 3423 1726; x_wconf 89' lang='lat' dir='ltr'><strong>estis</strong></span> <span class='ocrx_word' id='word_1_227' title='bbox 3447 1684 3633 1740; x_wconf 77' lang='lat' dir='ltr'><strong>sponsa:</strong></span> <span class='ocrx_word' id='word_1_228' title='bbox 3653 1678 3694 1725; x_wconf 87' lang='lat' dir='ltr'><strong>ct</strong></span> 
     </span>
    </p>
   </div>
   <div class='ocr_carea' id='block_1_32' title="bbox 458 1738 3691 1834">
    <p class='ocr_par' dir='ltr' id='par_1_32' title="bbox 458 1738 3691 1834">
     <span class='ocr_line' id='line_1_32' title="bbox 458 1738 3691 1834; baseline -0.003 -9"><span class='ocrx_word' id='word_1_229' title='bbox 458 1761 581 1809; x_wconf 65' lang='grc' dir='ltr'><strong>θείη</strong></span> <span class='ocrx_word' id='word_1_230' title='bbox 621 1751 887 1825; x_wconf 68' lang='lat' dir='ltr'><strong>Pedibus;</strong></span> <span class='ocrx_word' id='word_1_231' title='bbox 936 1751 1033 1809; x_wconf 71' lang='lat' dir='ltr'><strong>sed</strong></span> <span class='ocrx_word' id='word_1_232' title='bbox 1061 1767 1163 1807; x_wconf 69' lang='lat'><strong>&quot;9°</strong></span> <span class='ocrx_word' id='word_1_233' title='bbox 1188 1751 1362 1807; x_wconf 72' lang='grc' dir='ltr'><strong>οουιίε</strong></span> <span class='ocrx_word' id='word_1_234' title='bbox 1390 1792 1405 1817; x_wconf 71' lang='lat' dir='ltr'><strong>r</strong></span> <span class='ocrx_word' id='word_1_235' title='bbox 1448 1765 1568 1820; x_wconf 70' lang='grc' dir='ltr'><strong>αυτε</strong></span> <span class='ocrx_word' id='word_1_236' title='bbox 1616 1750 1759 1804; x_wconf 68' lang='lat' dir='ltr'><strong>imus</strong></span> <span class='ocrx_word' id='word_1_237' title='bbox 1792 1758 2059 1820; x_wconf 59' lang='lat' dir='ltr'><strong>Serum&quot;?</strong></span> <span class='ocrx_word' id='word_1_238' title='bbox 2089 1738 2137 1799; x_wconf 78' lang='grc' dir='ltr'><strong>Β</strong></span> <span class='ocrx_word' id='word_1_239' title='bbox 2163 1757 2289 1815; x_wconf 76' lang='lat' dir='ltr'><strong>filia:</strong></span> <span class='ocrx_word' id='word_1_240' title='bbox 2321 1738 2470 1832; x_wconf 78' lang='lat' dir='ltr'><strong>regis</strong></span> <span class='ocrx_word' id='word_1_241' title='bbox 2511 1762 2739 1817; x_wconf 78' lang='lat' dir='ltr'><strong>aeterni:</strong></span> <span class='ocrx_word' id='word_1_242' title='bbox 2770 1762 2926 1834; x_wconf 85' lang='lat' dir='ltr'><strong>cujus</strong></span> <span class='ocrx_word' id='word_1_243' title='bbox 2957 1738 3182 1833; x_wconf 74' lang='lat' dir='ltr'><strong>regnum</strong></span> <span class='ocrx_word' id='word_1_244' title='bbox 3217 1778 3325 1819; x_wconf 91' lang='lat' dir='ltr'><strong>non</strong></span> <span class='ocrx_word' id='word_1_245' title='bbox 3351 1738 3691 1833; x_wconf 84' lang='lat' dir='ltr'><strong>corrumpetur,</strong></span> 
     </span>
    </p>
   </div>
   <div class='ocr_carea' id='block_1_33' title="bbox 458 1843 2057 1918">
    <p class='ocr_par' dir='ltr' id='par_1_33' title="bbox 458 1843 2057 1918">
     <span class='ocr_line' id='line_1_33' title="bbox 458 1843 2057 1918; baseline -0.002 -16"><span class='ocrx_word' id='word_1_246' title='bbox 458 1862 780 1918; x_wconf 81' lang='lat' dir='ltr'><strong>agnoscere.</strong></span> <span class='ocrx_word' id='word_1_247' title='bbox 818 1846 974 1902; x_wconf 87' lang='lat' dir='ltr'><strong>Ostia</strong></span> <span class='ocrx_word' id='word_1_248' title='bbox 1011 1855 1263 1903; x_wconf 88' lang='lat' dir='ltr'><strong>serentur</strong></span> <span class='ocrx_word' id='word_1_249' title='bbox 1291 1843 1503 1900; x_wconf 81' lang='lat' dir='ltr'><strong>fortiter</strong></span> <span class='ocrx_word' id='word_1_250' title='bbox 1541 1844 1807 1900; x_wconf 88' lang='lat' dir='ltr'><strong>clavibus.</strong></span> <span class='ocrx_word' id='word_1_251' title='bbox 1862 1843 2057 1899; x_wconf 85' lang='lat' dir='ltr'><strong>Claves</strong></span> 
     </span>
    </p>
   </div>
   <div class='ocr_carea' id='block_1_34' title="bbox 465 1937 2059 2014">
    <p class='ocr_par' dir='ltr' id='par_1_34' title="bbox 465 1937 2059 2014">
     <span class='ocr_line' id='line_1_34' title="bbox 465 1937 2059 2014; baseline -0.004 -15"><span class='ocrx_word' id='word_1_252' title='bbox 465 1958 596 2000; x_wconf 90' lang='lat' dir='ltr'><strong>vero</strong></span> <span class='ocrx_word' id='word_1_253' title='bbox 624 1942 883 2014; x_wconf 88' lang='lat' dir='ltr'><strong>disponat</strong></span> <span class='ocrx_word' id='word_1_254' title='bbox 908 1942 1235 2013; x_wconf 89' lang='lat' dir='ltr'><strong>episc0pus:</strong></span> <span class='ocrx_word' id='word_1_255' title='bbox 1264 1955 1332 1995; x_wconf 89' lang='lat' dir='ltr'><strong>ne</strong></span> <span class='ocrx_word' id='word_1_256' title='bbox 1362 1940 1483 2009; x_wconf 91' lang='lat' dir='ltr'><strong>quis</strong></span> <span class='ocrx_word' id='word_1_257' title='bbox 1512 1938 1613 1993; x_wconf 90' lang='lat' dir='ltr'><strong>nisi</strong></span> <span class='ocrx_word' id='word_1_258' title='bbox 1640 1937 1849 1993; x_wconf 88' lang='lat' dir='ltr'><strong>habens</strong></span> <span class='ocrx_word' id='word_1_259' title='bbox 1876 1947 2059 1993; x_wconf 86' lang='lat' dir='ltr'><strong>vestes</strong></span> 
     </span>
    </p>
   </div>
   <div class='ocr_carea' id='block_1_35' title="bbox 463 2027 2061 2109">
    <p class='ocr_par' dir='ltr' id='par_1_35' title="bbox 463 2027 2061 2109">
     <span class='ocr_line' id='line_1_35' title="bbox 463 2027 2061 2109; baseline -0.007 -16"><span class='ocrx_word' id='word_1_260' title='bbox 463 2036 736 2109; x_wconf 86' lang='lat' dir='ltr'><strong>nuptiales</strong></span> <span class='ocrx_word' id='word_1_261' title='bbox 762 2035 1005 2090; x_wconf 88' lang='lat' dir='ltr'><strong>introeat</strong></span> <span class='ocrx_word' id='word_1_262' title='bbox 1031 2034 1116 2089; x_wconf 90' lang='lat' dir='ltr'><strong>vel</strong></span> <span class='ocrx_word' id='word_1_263' title='bbox 1148 2042 1307 2090; x_wconf 85' lang='lat' dir='ltr'><strong>exeat</strong></span> <span class='ocrx_word' id='word_1_264' title='bbox 1341 2032 1461 2086; x_wconf 87' lang='lat' dir='ltr'><strong>sine</strong></span> <span class='ocrx_word' id='word_1_265' title='bbox 1484 2030 1602 2101; x_wconf 89' lang='lat' dir='ltr'><strong>ejus</strong></span> <span class='ocrx_word' id='word_1_266' title='bbox 1628 2044 1919 2085; x_wconf 90' lang='lat' dir='ltr'><strong>consensu.</strong></span> <span class='ocrx_word' id='word_1_267' title='bbox 1953 2027 2061 2084; x_wconf 82' lang='lat' dir='ltr'><strong>iSit</strong></span> 
     </span>
    </p>
   </div>
   <div class='ocr_carea' id='block_1_36' title="bbox 461 2121 2062 2199">
    <p class='ocr_par' dir='ltr' id='par_1_36' title="bbox 461 2121 2062 2199">
     <span class='ocr_line' id='line_1_36' title="bbox 461 2121 2062 2199; baseline -0.007 -12"><span class='ocrx_word' id='word_1_268' title='bbox 461 2144 645 2187; x_wconf 87' lang='lat' dir='ltr'><strong>autem</strong></span> <span class='ocrx_word' id='word_1_269' title='bbox 691 2144 798 2185; x_wconf 90' lang='lat' dir='ltr'><strong>una</strong></span> <span class='ocrx_word' id='word_1_270' title='bbox 841 2129 929 2185; x_wconf 90' lang='lat' dir='ltr'><strong>vel</strong></span> <span class='ocrx_word' id='word_1_271' title='bbox 974 2129 1163 2199; x_wconf 89' lang='lat' dir='ltr'><strong>plures</strong></span> <span class='ocrx_word' id='word_1_272' title='bbox 1202 2124 1514 2183; x_wconf 73' lang='lat' dir='ltr'><strong>fenestrulae</strong></span> <span class='ocrx_word' id='word_1_273' title='bbox 1546 2123 1700 2193; x_wconf 83' lang='lat' dir='ltr'><strong>juxta</strong></span> <span class='ocrx_word' id='word_1_274' title='bbox 1747 2121 2062 2192; x_wconf 81' lang='lat' dir='ltr'><strong>diSpositio-</strong></span> 
     </span>
    </p>
   </div>
   <div class='ocr_carea' id='block_1_37' title="bbox 464 2215 2062 2295">
    <p class='ocr_par' dir='ltr' id='par_1_37' title="bbox 464 2215 2062 2295">
     <span class='ocr_line' id='line_1_37' title="bbox 464 2215 2062 2295; baseline -0.006 -14"><span class='ocrx_word' id='word_1_275' title='bbox 464 2238 589 2281; x_wconf 91' lang='lat' dir='ltr'><strong>nem</strong></span> <span class='ocrx_word' id='word_1_276' title='bbox 612 2223 862 2295; x_wconf 87' lang='lat' dir='ltr'><strong>episcopi</strong></span> <span class='ocrx_word' id='word_1_277' title='bbox 886 2238 899 2277; x_wconf 94' lang='lat'><strong>:</strong></span> <span class='ocrx_word' id='word_1_278' title='bbox 928 2222 1007 2277; x_wconf 87' lang='lat' dir='ltr'><strong>sic</strong></span> <span class='ocrx_word' id='word_1_279' title='bbox 1038 2219 1235 2277; x_wconf 88' lang='lat' dir='ltr'><strong>ferreis</strong></span> <span class='ocrx_word' id='word_1_280' title='bbox 1262 2218 1430 2289; x_wconf 80' lang='lat' dir='ltr'><strong>virgis</strong></span> <span class='ocrx_word' id='word_1_281' title='bbox 1459 2226 1686 2272; x_wconf 75' lang='lat' dir='ltr'><strong>arctatte</strong></span> <span class='ocrx_word' id='word_1_282' title='bbox 1711 2215 1980 2287; x_wconf 90' lang='lat' dir='ltr'><strong>undique,</strong></span> <span class='ocrx_word' id='word_1_283' title='bbox 2004 2222 2062 2271; x_wconf 86' lang='lat' dir='ltr'><strong>ut</strong></span> 
     </span>
    </p>
   </div>
   <div class='ocr_carea' id='block_1_38' title="bbox 462 2307 2064 2387">
    <p class='ocr_par' dir='ltr' id='par_1_38' title="bbox 462 2307 2064 2387">
     <span class='ocr_line' id='line_1_38' title="bbox 462 2307 2064 2387; baseline -0.005 -17"><span class='ocrx_word' id='word_1_284' title='bbox 462 2315 556 2370; x_wconf 90' lang='lat' dir='ltr'><strong>vix</strong></span> <span class='ocrx_word' id='word_1_285' title='bbox 581 2314 753 2387; x_wconf 81' lang='lat' dir='ltr'><strong>digito</strong></span> <span class='ocrx_word' id='word_1_286' title='bbox 786 2322 971 2384; x_wconf 85' lang='lat' dir='ltr'><strong>pateat</strong></span> <span class='ocrx_word' id='word_1_287' title='bbox 1011 2313 1215 2367; x_wconf 87' lang='lat' dir='ltr'><strong>aditus.</strong></span> <span class='ocrx_word' id='word_1_288' title='bbox 1271 2312 1374 2366; x_wconf 89' lang='lat' dir='ltr'><strong>Per</strong></span> <span class='ocrx_word' id='word_1_289' title='bbox 1405 2309 1501 2365; x_wconf 90' lang='lat' dir='ltr'><strong>has</strong></span> <span class='ocrx_word' id='word_1_290' title='bbox 1527 2310 1678 2364; x_wconf 89' lang='lat' dir='ltr'><strong>horis</strong></span> <span class='ocrx_word' id='word_1_291' title='bbox 1706 2307 1938 2375; x_wconf 88' lang='lat' dir='ltr'><strong>debitis,</strong></span> <span class='ocrx_word' id='word_1_292' title='bbox 1967 2315 2064 2363; x_wconf 89' lang='lat' dir='ltr'><strong>aut</strong></span> 
     </span>
    </p>
   </div>
   <div class='ocr_carea' id='block_1_39' title="bbox 463 2401 2060 2475">
    <p class='ocr_par' dir='ltr' id='par_1_39' title="bbox 463 2401 2060 2475">
     <span class='ocr_line' id='line_1_39' title="bbox 463 2401 2060 2475; baseline -0.006 -11"><span class='ocrx_word' id='word_1_293' title='bbox 463 2407 825 2475; x_wconf 87' lang='lat' dir='ltr'><strong>necessitatis,</strong></span> <span class='ocrx_word' id='word_1_294' title='bbox 844 2416 935 2460; x_wconf 90' lang='lat' dir='ltr'><strong>aut</strong></span> <span class='ocrx_word' id='word_1_295' title='bbox 957 2402 1353 2470; x_wconf 72' lang='lat' dir='ltr'><strong>mdiﬁcationis,</strong></span> <span class='ocrx_word' id='word_1_296' title='bbox 1379 2403 1493 2457; x_wconf 88' lang='lat' dir='ltr'><strong>sive</strong></span> <span class='ocrx_word' id='word_1_297' title='bbox 1507 2401 2060 2467; x_wconf 86' lang='lat' dir='ltr'><strong>recreationiscausa,</strong></span> 
     </span>
    </p>
   </div>
   <div class='ocr_carea' id='block_1_40' title="bbox 466 2493 2065 2560">
    <p class='ocr_par' dir='ltr' id='par_1_40' title="bbox 466 2493 2065 2560">
     <span class='ocr_line' id='line_1_40' title="bbox 466 2493 2065 2560; baseline -0.006 -2"><span class='ocrx_word' id='word_1_298' title='bbox 466 2502 671 2559; x_wconf 88' lang='lat' dir='ltr'><strong>sanctis</strong></span> <span class='ocrx_word' id='word_1_299' title='bbox 700 2499 1043 2556; x_wconf 88' lang='lat' dir='ltr'><strong>sermonibus</strong></span> <span class='ocrx_word' id='word_1_300' title='bbox 1069 2513 1193 2553; x_wconf 91' lang='lat' dir='ltr'><strong>cum</strong></span> <span class='ocrx_word' id='word_1_301' title='bbox 1208 2496 1415 2551; x_wconf 85' lang='lat' dir='ltr'><strong>sanctis</strong></span> <span class='ocrx_word' id='word_1_302' title='bbox 1431 2494 1632 2560; x_wconf 89' lang='lat' dir='ltr'><strong>viduis,</strong></span> <span class='ocrx_word' id='word_1_303' title='bbox 1649 2503 1706 2549; x_wconf 89' lang='lat' dir='ltr'><strong>et</strong></span> <span class='ocrx_word' id='word_1_304' title='bbox 1731 2493 1854 2548; x_wconf 89' lang='lat' dir='ltr'><strong>aliis</strong></span> <span class='ocrx_word' id='word_1_305' title='bbox 1872 2493 2065 2548; x_wconf 90' lang='lat' dir='ltr'><strong>mulie-</strong></span> 
     </span>
    </p>
   </div>
   <div class='ocr_carea' id='block_1_41' title="bbox 465 2586 2063 2665">
    <p class='ocr_par' dir='ltr' id='par_1_41' title="bbox 465 2586 2063 2665">
     <span class='ocr_line' id='line_1_41' title="bbox 465 2586 2063 2665; baseline -0.006 -15"><span class='ocrx_word' id='word_1_306' title='bbox 465 2594 636 2658; x_wconf 85' lang='lat' dir='ltr'><strong>ribus,</strong></span> <span class='ocrx_word' id='word_1_307' title='bbox 655 2606 791 2665; x_wconf 90' lang='lat' dir='ltr'><strong>quas</strong></span> <span class='ocrx_word' id='word_1_308' title='bbox 806 2592 1036 2647; x_wconf 90' lang='lat' dir='ltr'><strong>vestium</strong></span> <span class='ocrx_word' id='word_1_309' title='bbox 1066 2588 1280 2644; x_wconf 89' lang='lat' dir='ltr'><strong>habitus</strong></span> <span class='ocrx_word' id='word_1_310' title='bbox 1302 2597 1357 2643; x_wconf 92' lang='lat' dir='ltr'><strong>et</strong></span> <span class='ocrx_word' id='word_1_311' title='bbox 1374 2586 1542 2642; x_wconf 88' lang='lat' dir='ltr'><strong>facies</strong></span> <span class='ocrx_word' id='word_1_312' title='bbox 1566 2595 1756 2641; x_wconf 88' lang='lat' dir='ltr'><strong>tenues</strong></span> <span class='ocrx_word' id='word_1_313' title='bbox 1780 2597 1834 2641; x_wconf 91' lang='lat' dir='ltr'><strong>et</strong></span> <span class='ocrx_word' id='word_1_314' title='bbox 1853 2586 2063 2655; x_wconf 73' lang='lat' dir='ltr'><strong>pudica:</strong></span> 
     </span>
    </p>
   </div>
   <div class='ocr_carea' id='block_1_42' title="bbox 468 2678 2060 2749">
    <p class='ocr_par' dir='ltr' id='par_1_42' title="bbox 468 2678 2060 2749">
     <span class='ocr_line' id='line_1_42' title="bbox 468 2678 2060 2749; baseline -0.007 -6"><span class='ocrx_word' id='word_1_315' title='bbox 468 2686 708 2745; x_wconf 83' lang='lat' dir='ltr'><strong>reddunt</strong></span> <span class='ocrx_word' id='word_1_316' title='bbox 737 2683 1114 2749; x_wconf 86' lang='lat' dir='ltr'><strong>venerabiles,</strong></span> <span class='ocrx_word' id='word_1_317' title='bbox 1157 2680 1442 2736; x_wconf 88' lang='lat' dir='ltr'><strong>sororibus</strong></span> <span class='ocrx_word' id='word_1_318' title='bbox 1492 2680 1652 2735; x_wconf 87' lang='lat' dir='ltr'><strong>liceat</strong></span> <span class='ocrx_word' id='word_1_319' title='bbox 1698 2679 1860 2733; x_wconf 88' lang='lat' dir='ltr'><strong>simul</strong></span> <span class='ocrx_word' id='word_1_320' title='bbox 1892 2678 2060 2747; x_wconf 91' lang='lat' dir='ltr'><strong>loqui.</strong></span> 
     </span>
    </p>
   </div>
   <div class='ocr_carea' id='block_1_43' title="bbox 466 2772 2064 2847">
    <p class='ocr_par' dir='ltr' id='par_1_43' title="bbox 466 2772 2064 2847">
     <span class='ocr_line' id='line_1_43' title="bbox 466 2772 2064 2847; baseline -0.006 -11"><span class='ocrx_word' id='word_1_321' title='bbox 466 2779 765 2837; x_wconf 88' lang='lat' dir='ltr'><strong>Prohibitis</strong></span> <span class='ocrx_word' id='word_1_322' title='bbox 796 2786 850 2833; x_wconf 92' lang='lat' dir='ltr'><strong>et</strong></span> <span class='ocrx_word' id='word_1_323' title='bbox 893 2778 1160 2847; x_wconf 91' lang='lat' dir='ltr'><strong>suspectis</strong></span> <span class='ocrx_word' id='word_1_324' title='bbox 1186 2775 1336 2829; x_wconf 90' lang='lat' dir='ltr'><strong>horis</strong></span> <span class='ocrx_word' id='word_1_325' title='bbox 1366 2774 1676 2829; x_wconf 86' lang='lat' dir='ltr'><strong>fenestrulae</strong></span> <span class='ocrx_word' id='word_1_326' title='bbox 1704 2774 1904 2829; x_wconf 84' lang='lat' dir='ltr'><strong>clausae</strong></span> <span class='ocrx_word' id='word_1_327' title='bbox 1946 2772 2064 2827; x_wconf 89' lang='lat' dir='ltr'><strong>ma-</strong></span> 
     </span>
    </p>
   </div>
   <div class='ocr_carea' id='block_1_44' title="bbox 471 2864 2066 2935">
    <p class='ocr_par' dir='ltr' id='par_1_44' title="bbox 471 2864 2066 2935">
     <span class='ocr_line' id='line_1_44' title="bbox 471 2864 2066 2935; baseline -0.007 -4"><span class='ocrx_word' id='word_1_328' title='bbox 471 2882 656 2931; x_wconf 89' lang='lat' dir='ltr'><strong>neant.</strong></span> <span class='ocrx_word' id='word_1_329' title='bbox 680 2874 745 2929; x_wconf 88' lang='lat' dir='ltr'><strong>Et</strong></span> <span class='ocrx_word' id='word_1_330' title='bbox 759 2872 937 2928; x_wconf 89' lang='lat' dir='ltr'><strong>claves</strong></span> <span class='ocrx_word' id='word_1_331' title='bbox 958 2870 1227 2926; x_wconf 82' lang='lat' dir='ltr'><strong>abbatissa</strong></span> <span class='ocrx_word' id='word_1_332' title='bbox 1250 2867 1555 2935; x_wconf 89' lang='lat' dir='ltr'><strong>domus,vel</strong></span> <span class='ocrx_word' id='word_1_333' title='bbox 1573 2875 1762 2923; x_wconf 89' lang='lat' dir='ltr'><strong>sancta</strong></span> <span class='ocrx_word' id='word_1_334' title='bbox 1780 2864 1888 2920; x_wconf 89' lang='lat' dir='ltr'><strong>alia</strong></span> <span class='ocrx_word' id='word_1_335' title='bbox 1910 2880 2066 2921; x_wconf 90' lang='lat' dir='ltr'><strong>soror</strong></span> 
     </span>
    </p>
   </div>
   <div class='ocr_carea' id='block_1_45' title="bbox 467 2960 2067 3033">
    <p class='ocr_par' dir='ltr' id='par_1_45' title="bbox 467 2960 2067 3033">
     <span class='ocr_line' id='line_1_45' title="bbox 467 2960 2067 3033; baseline -0.006 -8"><span class='ocrx_word' id='word_1_336' title='bbox 467 2967 782 3025; x_wconf 89' lang='lat' dir='ltr'><strong>custodiat:</strong></span> <span class='ocrx_word' id='word_1_337' title='bbox 812 2981 882 3022; x_wconf 88' lang='lat' dir='ltr'><strong>ne</strong></span> <span class='ocrx_word' id='word_1_338' title='bbox 925 2980 1125 3021; x_wconf 89' lang='lat' dir='ltr'><strong>corvus</strong></span> <span class='ocrx_word' id='word_1_339' title='bbox 1174 2962 1481 3033; x_wconf 83' lang='lat' dir='ltr'><strong>egrediatur</strong></span> <span class='ocrx_word' id='word_1_340' title='bbox 1520 2976 1616 3033; x_wconf 92' lang='lat' dir='ltr'><strong>per</strong></span> <span class='ocrx_word' id='word_1_341' title='bbox 1658 2960 1954 3017; x_wconf 77' lang='lat' dir='ltr'><strong>fenestram</strong></span> <span class='ocrx_word' id='word_1_342' title='bbox 1997 2975 2067 3016; x_wconf 89' lang='lat' dir='ltr'><strong>ex</strong></span> 
     </span>
    </p>
   </div>
   <div class='ocr_carea' id='block_1_46' title="bbox 472 3053 2068 3127">
    <p class='ocr_par' dir='ltr' id='par_1_46' title="bbox 472 3053 2068 3127">
     <span class='ocr_line' id='line_1_46' title="bbox 472 3053 2068 3127; baseline -0.006 -10"><span class='ocrx_word' id='word_1_343' title='bbox 472 3077 621 3118; x_wconf 83' lang='lat' dir='ltr'><strong>arca.</strong></span> <span class='ocrx_word' id='word_1_344' title='bbox 656 3059 904 3127; x_wconf 87' lang='lat' dir='ltr'><strong>Credite,</strong></span> <span class='ocrx_word' id='word_1_345' title='bbox 958 3056 1048 3113; x_wconf 91' lang='lat' dir='ltr'><strong>hic</strong></span> <span class='ocrx_word' id='word_1_346' title='bbox 1089 3054 1389 3111; x_wconf 90' lang='lat' dir='ltr'><strong>timendum</strong></span> <span class='ocrx_word' id='word_1_347' title='bbox 1420 3063 1503 3110; x_wconf 88' lang='lat' dir='ltr'><strong>est</strong></span> <span class='ocrx_word' id='word_1_348' title='bbox 1538 3053 1797 3109; x_wconf 90' lang='lat' dir='ltr'><strong>thesauro</strong></span> <span class='ocrx_word' id='word_1_349' title='bbox 1826 3070 1859 3107; x_wconf 89' lang='lat' dir='ltr'><strong>a</strong></span> <span class='ocrx_word' id='word_1_350' title='bbox 1883 3055 2068 3108; x_wconf 79' lang='lat' dir='ltr'><strong>timore</strong></span> 
     </span>
    </p>
   </div>
   <div class='ocr_carea' id='block_1_47' title="bbox 2164 1854 3699 1929">
    <p class='ocr_par' dir='ltr' id='par_1_47' title="bbox 2164 1854 3699 1929">
     <span class='ocr_line' id='line_1_47' title="bbox 2164 1854 3699 1929; baseline 0.001 -19"><span class='ocrx_word' id='word_1_351' title='bbox 2164 1869 2265 1910; x_wconf 90' lang='lat' dir='ltr'><strong>nec</strong></span> <span class='ocrx_word' id='word_1_352' title='bbox 2311 1854 2590 1910; x_wconf 86' lang='lat' dir='ltr'><strong>auferetur</strong></span> <span class='ocrx_word' id='word_1_353' title='bbox 2633 1856 2702 1911; x_wconf 92' lang='lat' dir='ltr'><strong>ab</strong></span> <span class='ocrx_word' id='word_1_354' title='bbox 2741 1872 2850 1912; x_wconf 92' lang='lat' dir='ltr'><strong>eo:</strong></span> <span class='ocrx_word' id='word_1_355' title='bbox 2897 1856 2968 1911; x_wconf 90' lang='lat' dir='ltr'><strong>sit</strong></span> <span class='ocrx_word' id='word_1_356' title='bbox 3002 1858 3071 1911; x_wconf 90' lang='lat' dir='ltr'><strong>ab</strong></span> <span class='ocrx_word' id='word_1_357' title='bbox 3097 1858 3249 1913; x_wconf 90' lang='lat' dir='ltr'><strong>intus</strong></span> <span class='ocrx_word' id='word_1_358' title='bbox 3277 1857 3445 1914; x_wconf 88' lang='lat' dir='ltr'><strong>omnis</strong></span> <span class='ocrx_word' id='word_1_359' title='bbox 3465 1856 3699 1929; x_wconf 79' lang='lat' dir='ltr'><strong>gloriare-</strong></span> 
     </span>
    </p>
   </div>
   <div class='ocr_carea' id='block_1_48' title="bbox 2162 1946 3702 2018">
    <p class='ocr_par' dir='ltr' id='par_1_48' title="bbox 2162 1946 3702 2018">
     <span class='ocr_line' id='line_1_48' title="bbox 2162 1946 3702 2018; baseline 0 -17"><span class='ocrx_word' id='word_1_360' title='bbox 2162 1954 2296 2002; x_wconf 89' lang='lat' dir='ltr'><strong>stra.</strong></span> <span class='ocrx_word' id='word_1_361' title='bbox 2345 1946 2545 2004; x_wconf 90' lang='lat' dir='ltr'><strong>Sedete</strong></span> <span class='ocrx_word' id='word_1_362' title='bbox 2580 1947 2648 2003; x_wconf 88' lang='lat' dir='ltr'><strong>ad</strong></span> <span class='ocrx_word' id='word_1_363' title='bbox 2677 1947 2966 2005; x_wconf 88' lang='lat' dir='ltr'><strong>dexteram</strong></span> <span class='ocrx_word' id='word_1_364' title='bbox 2994 1948 3185 2018; x_wconf 86' lang='lat' dir='ltr'><strong>sponsi</strong></span> <span class='ocrx_word' id='word_1_365' title='bbox 3226 1949 3278 2005; x_wconf 93' lang='lat' dir='ltr'><strong>in</strong></span> <span class='ocrx_word' id='word_1_366' title='bbox 3310 1950 3497 2005; x_wconf 90' lang='lat' dir='ltr'><strong>vestitu</strong></span> <span class='ocrx_word' id='word_1_367' title='bbox 3519 1962 3610 2003; x_wconf 89' lang='lat' dir='ltr'><strong>non</strong></span> <span class='ocrx_word' id='word_1_368' title='bbox 3632 1962 3702 2003; x_wconf 85' lang='lat' dir='ltr'><strong>ex-</strong></span> 
     </span>
    </p>
   </div>
   <div class='ocr_carea' id='block_1_49' title="bbox 2165 2039 3707 2108">
    <p class='ocr_par' dir='ltr' id='par_1_49' title="bbox 2165 2039 3707 2108">
     <span class='ocr_line' id='line_1_49' title="bbox 2165 2039 3707 2108; baseline -0.001 -14"><span class='ocrx_word' id='word_1_369' title='bbox 2165 2040 2383 2108; x_wconf 89' lang='lat' dir='ltr'><strong>teriori,</strong></span> <span class='ocrx_word' id='word_1_370' title='bbox 2442 2040 2539 2096; x_wconf 90' lang='lat' dir='ltr'><strong>sed</strong></span> <span class='ocrx_word' id='word_1_371' title='bbox 2590 2041 2881 2099; x_wconf 89' lang='lat' dir='ltr'><strong>interiori:</strong></span> <span class='ocrx_word' id='word_1_372' title='bbox 2926 2040 3194 2097; x_wconf 88' lang='lat' dir='ltr'><strong>deaurato</strong></span> <span class='ocrx_word' id='word_1_373' title='bbox 3236 2056 3370 2097; x_wconf 90' lang='lat' dir='ltr'><strong>auro</strong></span> <span class='ocrx_word' id='word_1_374' title='bbox 3397 2039 3707 2097; x_wconf 82' lang='lat' dir='ltr'><strong>eharitatisiu</strong></span> 
     </span>
    </p>
   </div>
   <div class='ocr_carea' id='block_1_50' title="bbox 2164 2134 3713 2208">
    <p class='ocr_par' dir='ltr' id='par_1_50' title="bbox 2164 2134 3713 2208">
     <span class='ocr_line' id='line_1_50' title="bbox 2164 2134 3713 2208; baseline -0.002 -20"><span class='ocrx_word' id='word_1_375' title='bbox 2164 2134 2393 2189; x_wconf 82' lang='lat' dir='ltr'><strong>fimbriis</strong></span> <span class='ocrx_word' id='word_1_376' title='bbox 2424 2134 2604 2191; x_wconf 86' lang='lat' dir='ltr'><strong>aureis</strong></span> <span class='ocrx_word' id='word_1_377' title='bbox 2623 2177 2638 2203; x_wconf 95' lang='lat'><strong>,</strong></span> <span class='ocrx_word' id='word_1_378' title='bbox 2666 2134 2721 2191; x_wconf 92' lang='lat' dir='ltr'><strong>id</strong></span> <span class='ocrx_word' id='word_1_379' title='bbox 2747 2144 2833 2192; x_wconf 91' lang='lat' dir='ltr'><strong>est</strong></span> <span class='ocrx_word' id='word_1_380' title='bbox 2856 2178 2872 2204; x_wconf 91' lang='lat'><strong>,</strong></span> <span class='ocrx_word' id='word_1_381' title='bbox 2905 2134 3191 2194; x_wconf 85' lang='lat' dir='ltr'><strong>charitatis</strong></span> <span class='ocrx_word' id='word_1_382' title='bbox 3220 2136 3497 2208; x_wconf 68' lang='lat' dir='ltr'><strong>praeceptis</strong></span> <span class='ocrx_word' id='word_1_383' title='bbox 3521 2154 3532 2189; x_wconf 92' lang='lat'><strong>:</strong></span> <span class='ocrx_word' id='word_1_384' title='bbox 3561 2135 3621 2191; x_wconf 87' lang='lat' dir='ltr'><strong>sit</strong></span> <span class='ocrx_word' id='word_1_385' title='bbox 3640 2150 3713 2187; x_wconf 86' lang='lat' dir='ltr'><strong>nn-</strong></span> 
     </span>
    </p>
   </div>
   <div class='ocr_carea' id='block_1_51' title="bbox 2164 2228 3715 2300">
    <p class='ocr_par' dir='ltr' id='par_1_51' title="bbox 2164 2228 3715 2300">
     <span class='ocr_line' id='line_1_51' title="bbox 2164 2228 3715 2300; baseline -0.001 -16"><span class='ocrx_word' id='word_1_386' title='bbox 2164 2228 2327 2299; x_wconf 90' lang='lat' dir='ltr'><strong>dique</strong></span> <span class='ocrx_word' id='word_1_387' title='bbox 2372 2229 2546 2285; x_wconf 88' lang='lat' dir='ltr'><strong>vestis</strong></span> <span class='ocrx_word' id='word_1_388' title='bbox 2591 2230 2928 2287; x_wconf 87' lang='lat' dir='ltr'><strong>circumdata</strong></span> <span class='ocrx_word' id='word_1_389' title='bbox 2971 2232 3365 2289; x_wconf 88' lang='lat' dir='ltr'><strong>varietatibus:</strong></span> <span class='ocrx_word' id='word_1_390' title='bbox 3404 2240 3462 2285; x_wconf 91' lang='lat' dir='ltr'><strong>ut</strong></span> <span class='ocrx_word' id='word_1_391' title='bbox 3492 2228 3590 2300; x_wconf 90' lang='lat' dir='ltr'><strong>jam</strong></span> <span class='ocrx_word' id='word_1_392' title='bbox 3609 2228 3715 2285; x_wconf 83' lang='lat' dir='ltr'><strong>nihil</strong></span> 
     </span>
    </p>
   </div>
   <div class='ocr_carea' id='block_1_52' title="bbox 2167 2321 3718 2395">
    <p class='ocr_par' dir='ltr' id='par_1_52' title="bbox 2167 2321 3718 2395">
     <span class='ocr_line' id='line_1_52' title="bbox 2167 2321 3718 2395; baseline -0.001 -19"><span class='ocrx_word' id='word_1_393' title='bbox 2167 2322 2219 2376; x_wconf 89' lang='lat' dir='ltr'><strong>in</strong></span> <span class='ocrx_word' id='word_1_394' title='bbox 2242 2322 2580 2377; x_wconf 87' lang='lat' dir='ltr'><strong>ornamentis</strong></span> <span class='ocrx_word' id='word_1_395' title='bbox 2601 2321 2671 2379; x_wconf 89' lang='lat' dir='ltr'><strong>de</strong></span> <span class='ocrx_word' id='word_1_396' title='bbox 2698 2324 2990 2379; x_wconf 87' lang='lat' dir='ltr'><strong>virtutibus</strong></span> <span class='ocrx_word' id='word_1_397' title='bbox 3020 2325 3187 2382; x_wconf 90' lang='lat' dir='ltr'><strong>desit.</strong></span> <span class='ocrx_word' id='word_1_398' title='bbox 3218 2325 3340 2381; x_wconf 89' lang='lat' dir='ltr'><strong>Sint</strong></span> <span class='ocrx_word' id='word_1_399' title='bbox 3367 2323 3583 2395; x_wconf 81' lang='lat' dir='ltr'><strong>myrrha,</strong></span> <span class='ocrx_word' id='word_1_400' title='bbox 3608 2332 3718 2394; x_wconf 81' lang='lat' dir='ltr'><strong>gutta</strong></span> 
     </span>
    </p>
   </div>
   <div class='ocr_carea' id='block_1_53' title="bbox 2166 2413 3720 2479">
    <p class='ocr_par' dir='ltr' id='par_1_53' title="bbox 2166 2413 3720 2479">
     <span class='ocr_line' id='line_1_53' title="bbox 2166 2413 3720 2479; baseline 0.001 -12"><span class='ocrx_word' id='word_1_401' title='bbox 2166 2423 2216 2467; x_wconf 82' lang='lat' dir='ltr'><strong>et</strong></span> <span class='ocrx_word' id='word_1_402' title='bbox 2243 2414 2383 2467; x_wconf 80' lang='lat' dir='ltr'><strong>casia</strong></span> <span class='ocrx_word' id='word_1_403' title='bbox 2403 2430 2435 2467; x_wconf 85' lang='grc' dir='ltr'><em>α</em></span> <span class='ocrx_word' id='word_1_404' title='bbox 2454 2414 2768 2469; x_wconf 79' lang='lat' dir='ltr'><strong>vestimentis</strong></span> <span class='ocrx_word' id='word_1_405' title='bbox 2786 2431 2806 2472; x_wconf 89' lang='lat'><strong>:</strong></span> <span class='ocrx_word' id='word_1_406' title='bbox 2833 2426 2893 2471; x_wconf 93' lang='lat' dir='ltr'><strong>ut</strong></span> <span class='ocrx_word' id='word_1_407' title='bbox 2919 2417 2972 2471; x_wconf 92' lang='lat' dir='ltr'><strong>in</strong></span> <span class='ocrx_word' id='word_1_408' title='bbox 3001 2416 3232 2473; x_wconf 89' lang='lat' dir='ltr'><strong>odorem</strong></span> <span class='ocrx_word' id='word_1_409' title='bbox 3260 2417 3516 2472; x_wconf 89' lang='lat' dir='ltr'><strong>virtutum</strong></span> <span class='ocrx_word' id='word_1_410' title='bbox 3535 2423 3586 2469; x_wconf 90' lang='lat' dir='ltr'><strong>et</strong></span> <span class='ocrx_word' id='word_1_411' title='bbox 3606 2413 3720 2479; x_wconf 69' lang='lat' dir='ltr'><strong>vita,</strong></span> 
     </span>
    </p>
   </div>
   <div class='ocr_carea' id='block_1_54' title="bbox 2167 2505 3725 2565">
    <p class='ocr_par' dir='ltr' id='par_1_54' title="bbox 2167 2505 3725 2565">
     <span class='ocr_line' id='line_1_54' title="bbox 2167 2505 3725 2565; baseline -0.001 -4"><span class='ocrx_word' id='word_1_412' title='bbox 2167 2513 2379 2561; x_wconf 76' lang='lat' dir='ltr'><strong>caeteras</strong></span> <span class='ocrx_word' id='word_1_413' title='bbox 2428 2505 2495 2560; x_wconf 92' lang='lat' dir='ltr'><strong>ad</strong></span> <span class='ocrx_word' id='word_1_414' title='bbox 2546 2508 2893 2563; x_wconf 88' lang='lat' dir='ltr'><strong>sanctitatem</strong></span> <span class='ocrx_word' id='word_1_415' title='bbox 2925 2519 3160 2565; x_wconf 90' lang='lat' dir='ltr'><strong>vestram</strong></span> <span class='ocrx_word' id='word_1_416' title='bbox 3199 2508 3607 2565; x_wconf 74' lang='lat' dir='ltr'><strong>adolescentulos</strong></span> <span class='ocrx_word' id='word_1_417' title='bbox 3631 2523 3725 2561; x_wconf 86' lang='lat' dir='ltr'><strong>cur-</strong></span> 
     </span>
    </p>
   </div>
   <div class='ocr_carea' id='block_1_55' title="bbox 2168 2599 3725 2660">
    <p class='ocr_par' dir='ltr' id='par_1_55' title="bbox 2168 2599 3725 2660">
     <span class='ocr_line' id='line_1_55' title="bbox 2168 2599 3725 2660; baseline -0.001 -6"><span class='ocrx_word' id='word_1_418' title='bbox 2168 2608 2291 2655; x_wconf 85' lang='lat' dir='ltr'><strong>rant</strong></span> <span class='ocrx_word' id='word_1_419' title='bbox 2337 2599 2405 2655; x_wconf 91' lang='lat' dir='ltr'><strong>de</strong></span> <span class='ocrx_word' id='word_1_420' title='bbox 2447 2602 2671 2657; x_wconf 84' lang='lat' dir='ltr'><strong>saeculo.</strong></span> <span class='ocrx_word' id='word_1_421' title='bbox 2704 2601 2761 2657; x_wconf 89' lang='lat' dir='ltr'><strong>In</strong></span> <span class='ocrx_word' id='word_1_422' title='bbox 2806 2602 2910 2658; x_wconf 90' lang='lat' dir='ltr'><strong>hoc</strong></span> <span class='ocrx_word' id='word_1_423' title='bbox 2940 2603 3147 2659; x_wconf 91' lang='lat' dir='ltr'><strong>honore</strong></span> <span class='ocrx_word' id='word_1_424' title='bbox 3187 2612 3377 2660; x_wconf 89' lang='lat' dir='ltr'><strong>vestro</strong></span> <span class='ocrx_word' id='word_1_425' title='bbox 3405 2600 3725 2660; x_wconf 86' lang='lat' dir='ltr'><strong>delectemini.</strong></span> 
     </span>
    </p>
   </div>
   <div class='ocr_carea' id='block_1_56' title="bbox 2170 2692 3735 2763">
    <p class='ocr_par' dir='ltr' id='par_1_56' title="bbox 2170 2692 3735 2763">
     <span class='ocr_line' id='line_1_56' title="bbox 2170 2692 3735 2763; baseline -0.001 -16"><span class='ocrx_word' id='word_1_426' title='bbox 2170 2693 2298 2749; x_wconf 71' lang='lat' dir='ltr'><strong>ﬁlias</strong></span> <span class='ocrx_word' id='word_1_427' title='bbox 2318 2694 2465 2763; x_wconf 88' lang='lat' dir='ltr'><strong>regis</strong></span> <span class='ocrx_word' id='word_1_428' title='bbox 2491 2695 2706 2751; x_wconf 74' lang='lat' dir='ltr'><strong>aeterni.</strong></span> <span class='ocrx_word' id='word_1_429' title='bbox 2749 2695 2906 2751; x_wconf 91' lang='lat' dir='ltr'><strong>llunc</strong></span> <span class='ocrx_word' id='word_1_430' title='bbox 2943 2705 3197 2753; x_wconf 89' lang='lat' dir='ltr'><strong>vestrum</strong></span> <span class='ocrx_word' id='word_1_431' title='bbox 3240 2696 3499 2752; x_wconf 88' lang='lat' dir='ltr'><strong>decorem</strong></span> <span class='ocrx_word' id='word_1_432' title='bbox 3523 2692 3735 2762; x_wconf 89' lang='lat' dir='ltr'><strong>concupi-</strong></span> 
     </span>
    </p>
   </div>
   <div class='ocr_carea' id='block_1_57' title="bbox 2168 2783 3730 2857">
    <p class='ocr_par' dir='ltr' id='par_1_57' title="bbox 2168 2783 3730 2857">
     <span class='ocr_line' id='line_1_57' title="bbox 2168 2783 3730 2857; baseline -0.004 -16"><span class='ocrx_word' id='word_1_433' title='bbox 2168 2794 2286 2841; x_wconf 88' lang='lat' dir='ltr'><strong>scet</strong></span> <span class='ocrx_word' id='word_1_434' title='bbox 2314 2801 2410 2841; x_wconf 89' lang='lat' dir='ltr'><strong>rex</strong></span> <span class='ocrx_word' id='word_1_435' title='bbox 2436 2796 2620 2842; x_wconf 90' lang='lat' dir='ltr'><strong>vester</strong></span> <span class='ocrx_word' id='word_1_436' title='bbox 2648 2795 2705 2842; x_wconf 90' lang='lat' dir='ltr'><strong>et</strong></span> <span class='ocrx_word' id='word_1_437' title='bbox 2731 2802 2990 2857; x_wconf 91' lang='lat' dir='ltr'><strong>sponsus.</strong></span> <span class='ocrx_word' id='word_1_438' title='bbox 3051 2787 3144 2845; x_wconf 90' lang='lat' dir='ltr'><strong>Sic</strong></span> <span class='ocrx_word' id='word_1_439' title='bbox 3180 2803 3374 2844; x_wconf 88' lang='lat' dir='ltr'><strong>secum</strong></span> <span class='ocrx_word' id='word_1_440' title='bbox 3410 2783 3671 2842; x_wconf 90' lang='lat' dir='ltr'><strong>manebitis</strong></span> <span class='ocrx_word' id='word_1_441' title='bbox 3692 2783 3730 2836; x_wconf 87' lang='lat' dir='ltr'><strong>in</strong></span> 
     </span>
    </p>
   </div>
   <div class='ocr_carea' id='block_1_58' title="bbox 2170 2876 3740 2936">
    <p class='ocr_par' dir='ltr' id='par_1_58' title="bbox 2170 2876 3740 2936">
     <span class='ocr_line' id='line_1_58' title="bbox 2170 2876 3740 2936; baseline -0.003 -4"><span class='ocrx_word' id='word_1_442' title='bbox 2170 2877 2408 2933; x_wconf 89' lang='lat' dir='ltr'><strong>thalamo</strong></span> <span class='ocrx_word' id='word_1_443' title='bbox 2452 2877 2509 2934; x_wconf 93' lang='lat' dir='ltr'><strong>in</strong></span> <span class='ocrx_word' id='word_1_444' title='bbox 2554 2878 2745 2934; x_wconf 67' lang='lat' dir='ltr'><strong>laetitia</strong></span> <span class='ocrx_word' id='word_1_445' title='bbox 2774 2888 2832 2935; x_wconf 87' lang='lat' dir='ltr'><strong>et</strong></span> <span class='ocrx_word' id='word_1_446' title='bbox 2860 2880 3258 2936; x_wconf 86' lang='lat' dir='ltr'><strong>exsultatione.</strong></span> <span class='ocrx_word' id='word_1_447' title='bbox 3311 2878 3468 2935; x_wconf 87' lang='lat' dir='ltr'><strong>Tune</strong></span> <span class='ocrx_word' id='word_1_448' title='bbox 3492 2876 3740 2932; x_wconf 82' lang='lat' dir='ltr'><strong>nascentur</strong></span> 
     </span>
    </p>
   </div>
   <div class='ocr_carea' id='block_1_59' title="bbox 2170 2970 3738 3042">
    <p class='ocr_par' dir='ltr' id='par_1_59' title="bbox 2170 2970 3738 3042">
     <span class='ocr_line' id='line_1_59' title="bbox 2170 2970 3738 3042; baseline -0.004 -15"><span class='ocrx_word' id='word_1_449' title='bbox 2170 2986 2239 3027; x_wconf 86' lang='lat' dir='ltr'><strong>ex</strong></span> <span class='ocrx_word' id='word_1_450' title='bbox 2267 2971 2424 3028; x_wconf 89' lang='lat' dir='ltr'><strong>vobis</strong></span> <span class='ocrx_word' id='word_1_451' title='bbox 2452 2971 2546 3027; x_wconf 87' lang='lat' dir='ltr'><strong>filii</strong></span> <span class='ocrx_word' id='word_1_452' title='bbox 2570 3016 2584 3041; x_wconf 93' lang='lat'><strong>,</strong></span> <span class='ocrx_word' id='word_1_453' title='bbox 2640 2973 2730 3041; x_wconf 88' lang='lat' dir='ltr'><strong>qui</strong></span> <span class='ocrx_word' id='word_1_454' title='bbox 2762 2985 2870 3027; x_wconf 91' lang='lat' dir='ltr'><strong>non</strong></span> <span class='ocrx_word' id='word_1_455' title='bbox 2900 2971 3010 3041; x_wconf 91' lang='lat' dir='ltr'><strong>jam</strong></span> <span class='ocrx_word' id='word_1_456' title='bbox 3040 2979 3257 3029; x_wconf 89' lang='lat' dir='ltr'><strong>terram</strong></span> <span class='ocrx_word' id='word_1_457' title='bbox 3281 3018 3297 3042; x_wconf 88' lang='lat'><strong>,</strong></span> <span class='ocrx_word' id='word_1_458' title='bbox 3341 2971 3443 3027; x_wconf 88' lang='lat' dir='ltr'><strong>sed</strong></span> <span class='ocrx_word' id='word_1_459' title='bbox 3471 2970 3649 3027; x_wconf 77' lang='lat' dir='ltr'><strong>ctelum</strong></span> <span class='ocrx_word' id='word_1_460' title='bbox 3672 2982 3738 3021; x_wconf 85' lang='lat' dir='ltr'><strong>re-</strong></span> 
     </span>
    </p>
   </div>
   <div class='ocr_carea' id='block_1_60' title="bbox 2172 3065 3748 3138">
    <p class='ocr_par' dir='ltr' id='par_1_60' title="bbox 2172 3065 3748 3138">
     <span class='ocr_line' id='line_1_60' title="bbox 2172 3065 3748 3138; baseline -0.003 -18"><span class='ocrx_word' id='word_1_461' title='bbox 2172 3065 2438 3135; x_wconf 90' lang='lat' dir='ltr'><strong>plebunt:</strong></span> <span class='ocrx_word' id='word_1_462' title='bbox 2469 3079 2613 3137; x_wconf 89' lang='lat' dir='ltr'><strong>quos</strong></span> <span class='ocrx_word' id='word_1_463' title='bbox 2647 3065 2812 3122; x_wconf 90' lang='lat' dir='ltr'><strong>Pater</strong></span> <span class='ocrx_word' id='word_1_464' title='bbox 2835 3067 3132 3122; x_wconf 90' lang='lat' dir='ltr'><strong>constituet</strong></span> <span class='ocrx_word' id='word_1_465' title='bbox 3162 3066 3463 3138; x_wconf 89' lang='lat' dir='ltr'><strong>principes</strong></span> <span class='ocrx_word' id='word_1_466' title='bbox 3486 3079 3639 3137; x_wconf 90' lang='lat' dir='ltr'><strong>super</strong></span> <span class='ocrx_word' id='word_1_467' title='bbox 3659 3076 3748 3117; x_wconf 87' lang='lat' dir='ltr'><strong>om-</strong></span> 
     </span>
    </p>
   </div>
   <div class='ocr_carea' id='block_1_61' title="bbox 472 3137 2555 3223">
    <p class='ocr_par' dir='ltr' id='par_1_61' title="bbox 472 3137 2555 3223">
     <span class='ocr_line' id='line_1_61' title="bbox 472 3137 2555 3223; baseline -0.003 -14"><span class='ocrx_word' id='word_1_468' title='bbox 472 3164 747 3210; x_wconf 80' lang='lat' dir='ltr'><strong>nocturno.</strong></span> <span class='ocrx_word' id='word_1_469' title='bbox 821 3150 866 3206; x_wconf 85' lang='lat' dir='ltr'><strong><em>A</em></strong></span> <span class='ocrx_word' id='word_1_470' title='bbox 900 3151 1088 3223; x_wconf 82' lang='lat' dir='ltr'><strong>sagitta</strong></span> <span class='ocrx_word' id='word_1_471' title='bbox 1127 3148 1332 3204; x_wconf 80' lang='lat' dir='ltr'><strong>volante</strong></span> <span class='ocrx_word' id='word_1_472' title='bbox 1352 3150 1407 3202; x_wconf 85' lang='lat' dir='ltr'><strong>in</strong></span> <span class='ocrx_word' id='word_1_473' title='bbox 1431 3148 1537 3214; x_wconf 86' lang='lat' dir='ltr'><strong>die,</strong></span> <span class='ocrx_word' id='word_1_474' title='bbox 1565 3166 1597 3201; x_wconf 92' lang='lat' dir='ltr'><strong>a</strong></span> <span class='ocrx_word' id='word_1_475' title='bbox 1626 3148 1827 3219; x_wconf 85' lang='lat' dir='ltr'><strong>negotio</strong></span> <span class='ocrx_word' id='word_1_476' title='bbox 1858 3165 2067 3219; x_wconf 82' lang='lat' dir='ltr'><strong>perant-</strong></span> <span class='ocrx_word' id='word_1_477' title='bbox 2097 3137 2143 3203; x_wconf 86' lang='lat' dir='ltr'><strong>C</strong></span> <span class='ocrx_word' id='word_1_478' title='bbox 2174 3173 2298 3214; x_wconf 78' lang='lat' dir='ltr'><strong>nem</strong></span> <span class='ocrx_word' id='word_1_479' title='bbox 2331 3168 2555 3214; x_wconf 59' lang='lat' dir='ltr'><strong>terram,</strong></span> 
     </span>
    </p>
   </div>
   <div class='ocr_carea' id='block_1_62' title="bbox 471 3239 2066 3300">
    <p class='ocr_par' dir='ltr' id='par_1_62' title="bbox 471 3239 2066 3300">
     <span class='ocr_line' id='line_1_62' title="bbox 471 3239 2066 3300; baseline -0.003 0"><span class='ocrx_word' id='word_1_480' title='bbox 471 3244 685 3300; x_wconf 86' lang='lat' dir='ltr'><strong>bulante</strong></span> <span class='ocrx_word' id='word_1_481' title='bbox 704 3246 757 3298; x_wconf 87' lang='lat' dir='ltr'><strong>in</strong></span> <span class='ocrx_word' id='word_1_482' title='bbox 790 3242 1009 3297; x_wconf 80' lang='lat' dir='ltr'><strong>tenebris</strong></span> <span class='ocrx_word' id='word_1_483' title='bbox 1036 3257 1055 3296; x_wconf 90' lang='lat'><strong>:</strong></span> <span class='ocrx_word' id='word_1_484' title='bbox 1085 3243 1147 3295; x_wconf 89' lang='lat' dir='ltr'><strong>ab</strong></span> <span class='ocrx_word' id='word_1_485' title='bbox 1169 3242 1379 3295; x_wconf 84' lang='lat' dir='ltr'><strong>incursu</strong></span> <span class='ocrx_word' id='word_1_486' title='bbox 1400 3247 1450 3293; x_wconf 87' lang='lat' dir='ltr'><strong>et</strong></span> <span class='ocrx_word' id='word_1_487' title='bbox 1475 3240 1728 3293; x_wconf 74' lang='lat' dir='ltr'><strong>dwmonio</strong></span> <span class='ocrx_word' id='word_1_488' title='bbox 1758 3239 2066 3295; x_wconf 83' lang='lat' dir='ltr'><strong>meridiano.</strong></span> 
     </span>
    </p>
   </div>
   <div class='ocr_carea' id='block_1_63' title="bbox 421 3333 1925 3411">
    <p class='ocr_par' dir='ltr' id='par_1_63' title="bbox 421 3333 1925 3411">
     <span class='ocr_line' id='line_1_63' title="bbox 421 3333 1925 3411; baseline -0.006 -14"><span class='ocrx_word' id='word_1_489' title='bbox 421 3394 424 3397; x_wconf 84' lang='lat'><strong>.</strong></span> <span class='ocrx_word' id='word_1_490' title='bbox 474 3340 704 3411; x_wconf 86' lang='lat' dir='ltr'><strong>Semper</strong></span> <span class='ocrx_word' id='word_1_491' title='bbox 731 3338 878 3395; x_wconf 72' lang='lat' dir='ltr'><strong>horae</strong></span> <span class='ocrx_word' id='word_1_492' title='bbox 906 3336 990 3393; x_wconf 68' lang='lat' dir='ltr'><strong>hie</strong></span> <span class='ocrx_word' id='word_1_493' title='bbox 1018 3345 1287 3406; x_wconf 70' lang='lat' dir='ltr'><strong>suspectae</strong></span> <span class='ocrx_word' id='word_1_494' title='bbox 1309 3335 1418 3389; x_wconf 88' lang='lat' dir='ltr'><strong>sint</strong></span> <span class='ocrx_word' id='word_1_495' title='bbox 1437 3333 1709 3390; x_wconf 89' lang='lat' dir='ltr'><strong>mentibus</strong></span> <span class='ocrx_word' id='word_1_496' title='bbox 1741 3333 1925 3389; x_wconf 88' lang='lat' dir='ltr'><strong>castis.</strong></span> 
     </span>
    </p>
   </div>
   <div class='ocr_carea' id='block_1_64' title="bbox 1024 3472 1529 3532">
    <p class='ocr_par' dir='ltr' id='par_1_64' title="bbox 1024 3472 1529 3532">
     <span class='ocr_line' id='line_1_64' title="bbox 1024 3472 1529 3532; baseline -0.008 0"><span class='ocrx_word' id='word_1_497' title='bbox 1024 3474 1252 3532; x_wconf 82' lang='lat' dir='ltr'><strong>CAPUT</strong></span> <span class='ocrx_word' id='word_1_498' title='bbox 1290 3472 1529 3530; x_wconf 78' lang='lat' dir='ltr'><strong>XXVIII.</strong></span> 
     </span>
    </p>
   </div>
   <div class='ocr_carea' id='block_1_65' title="bbox 742 3589 1812 3660">
    <p class='ocr_par' dir='ltr' id='par_1_65' title="bbox 742 3589 1812 3660">
     <span class='ocr_line' id='line_1_65' title="bbox 742 3589 1812 3660; baseline -0.006 -10"><span class='ocrx_word' id='word_1_499' title='bbox 742 3595 822 3650; x_wconf 82' lang='lat' dir='ltr'><strong>De</strong></span> <span class='ocrx_word' id='word_1_500' title='bbox 848 3592 1185 3650; x_wconf 81' lang='lat' dir='ltr'><strong>detestatione</strong></span> <span class='ocrx_word' id='word_1_501' title='bbox 1213 3592 1555 3660; x_wconf 85' lang='lat' dir='ltr'><strong>pretiosarum</strong></span> <span class='ocrx_word' id='word_1_502' title='bbox 1579 3589 1812 3644; x_wconf 78' lang='lat' dir='ltr'><strong>vestium.</strong></span> 
     </span>
    </p>
   </div>
   <div class='ocr_carea' id='block_1_66' title="bbox 550 3703 2076 3783">
    <p class='ocr_par' dir='ltr' id='par_1_66' title="bbox 550 3703 2076 3783">
     <span class='ocr_line' id='line_1_66' title="bbox 550 3703 2076 3783; baseline -0.005 -16"><span class='ocrx_word' id='word_1_503' title='bbox 550 3710 908 3783; x_wconf 87' lang='lat' dir='ltr'><strong>Prophetieus</strong></span> <span class='ocrx_word' id='word_1_504' title='bbox 947 3709 1043 3765; x_wconf 90' lang='lat' dir='ltr'><strong>ille</strong></span> <span class='ocrx_word' id='word_1_505' title='bbox 1082 3721 1265 3763; x_wconf 89' lang='lat' dir='ltr'><strong>sermo</strong></span> <span class='ocrx_word' id='word_1_506' title='bbox 1295 3721 1638 3777; x_wconf 89' lang='lat' dir='ltr'><strong>nequaquam</strong></span> <span class='ocrx_word' id='word_1_507' title='bbox 1670 3704 1973 3776; x_wconf 89' lang='lat' dir='ltr'><strong>proferatur</strong></span> <span class='ocrx_word' id='word_1_508' title='bbox 2007 3703 2076 3761; x_wconf 89' lang='lat' dir='ltr'><strong>de</strong></span> 
     </span>
    </p>
   </div>
   <div class='ocr_carea' id='block_1_67' title="bbox 478 3801 2079 3875">
    <p class='ocr_par' dir='ltr' id='par_1_67' title="bbox 478 3801 2079 3875">
     <span class='ocr_line' id='line_1_67' title="bbox 478 3801 2079 3875; baseline -0.005 -14"><span class='ocrx_word' id='word_1_509' title='bbox 478 3808 633 3864; x_wconf 85' lang='lat' dir='ltr'><strong>vobis</strong></span> <span class='ocrx_word' id='word_1_510' title='bbox 659 3825 673 3862; x_wconf 90' lang='lat'><strong>:</strong></span> <span class='ocrx_word' id='word_1_511' title='bbox 712 3806 868 3862; x_wconf 80' lang='lat' dir='ltr'><strong>Filia:</strong></span> <span class='ocrx_word' id='word_1_512' title='bbox 892 3822 1071 3861; x_wconf 87' lang='lat' dir='ltr'><strong>eorum</strong></span> <span class='ocrx_word' id='word_1_513' title='bbox 1094 3804 1409 3875; x_wconf 69' lang='lat' dir='ltr'><strong>compositor,</strong></span> <span class='ocrx_word' id='word_1_514' title='bbox 1436 3803 1828 3856; x_wconf 76' lang='lat' dir='ltr'><strong>circuntornatw</strong></span> <span class='ocrx_word' id='word_1_515' title='bbox 1858 3809 1911 3853; x_wconf 85' lang='lat' dir='ltr'><strong>ut</strong></span> <span class='ocrx_word' id='word_1_516' title='bbox 1936 3801 2079 3854; x_wconf 84' lang='lat' dir='ltr'><strong>simi-</strong></span> 
     </span>
    </p>
   </div>
   <div class='ocr_carea' id='block_1_68' title="bbox 480 3898 2078 3975">
    <p class='ocr_par' dir='ltr' id='par_1_68' title="bbox 480 3898 2078 3975">
     <span class='ocr_line' id='line_1_68' title="bbox 480 3898 2078 3975; baseline -0.006 -18"><span class='ocrx_word' id='word_1_517' title='bbox 480 3903 652 3959; x_wconf 84' lang='lat' dir='ltr'><strong>litudo</strong></span> <span class='ocrx_word' id='word_1_518' title='bbox 680 3901 901 3975; x_wconf 83' lang='lat' dir='ltr'><strong>templi:</strong></span> <span class='ocrx_word' id='word_1_519' title='bbox 944 3912 999 3957; x_wconf 88' lang='lat' dir='ltr'><strong>et</strong></span> <span class='ocrx_word' id='word_1_520' title='bbox 1028 3900 1291 3955; x_wconf 87' lang='lat' dir='ltr'><strong>dealbatae</strong></span> <span class='ocrx_word' id='word_1_521' title='bbox 1328 3898 1577 3953; x_wconf 82' lang='lat' dir='ltr'><strong>abextra</strong></span> <span class='ocrx_word' id='word_1_522' title='bbox 1606 3906 1665 3951; x_wconf 91' lang='lat' dir='ltr'><strong>ut</strong></span> <span class='ocrx_word' id='word_1_523' title='bbox 1704 3903 2078 3963; x_wconf 85' lang='lat' dir='ltr'><strong>monumenta,</strong></span> 
     </span>
    </p>
   </div>
   <div class='ocr_carea' id='block_1_69' title="bbox 483 3988 2082 4070">
    <p class='ocr_par' dir='ltr' id='par_1_69' title="bbox 483 3988 2082 4070">
     <span class='ocr_line' id='line_1_69' title="bbox 483 3988 2082 4070; baseline -0.006 -19"><span class='ocrx_word' id='word_1_524' title='bbox 483 4013 606 4070; x_wconf 77' lang='lat' dir='ltr'><strong>qua:</strong></span> <span class='ocrx_word' id='word_1_525' title='bbox 635 4007 790 4052; x_wconf 87' lang='lat' dir='ltr'><strong>extra</strong></span> <span class='ocrx_word' id='word_1_526' title='bbox 817 4010 952 4050; x_wconf 89' lang='lat' dir='ltr'><strong>auro</strong></span> <span class='ocrx_word' id='word_1_527' title='bbox 978 3994 1223 4050; x_wconf 87' lang='lat' dir='ltr'><strong>relucent</strong></span> <span class='ocrx_word' id='word_1_528' title='bbox 1257 4009 1270 4045; x_wconf 93' lang='lat'><strong>:</strong></span> <span class='ocrx_word' id='word_1_529' title='bbox 1304 3990 1448 4046; x_wconf 90' lang='lat' dir='ltr'><strong>intus</strong></span> <span class='ocrx_word' id='word_1_530' title='bbox 1473 3998 1654 4045; x_wconf 88' lang='lat' dir='ltr'><strong>autem</strong></span> <span class='ocrx_word' id='word_1_531' title='bbox 1687 3998 1810 4043; x_wconf 94' lang='lat' dir='ltr'><strong>sunt</strong></span> <span class='ocrx_word' id='word_1_532' title='bbox 1834 3988 2082 4059; x_wconf 90' lang='lat' dir='ltr'><strong>turpissi-</strong></span> 
     </span>
    </p>
   </div>
   <div class='ocr_carea' id='block_1_70' title="bbox 486 4081 2083 4157">
    <p class='ocr_par' dir='ltr' id='par_1_70' title="bbox 486 4081 2083 4157">
     <span class='ocr_line' id='line_1_70' title="bbox 486 4081 2083 4157; baseline -0.006 -13"><span class='ocrx_word' id='word_1_533' title='bbox 486 4105 572 4144; x_wconf 86' lang='lat' dir='ltr'><strong>ma</strong></span> <span class='ocrx_word' id='word_1_534' title='bbox 604 4097 660 4144; x_wconf 90' lang='lat' dir='ltr'><strong>et</strong></span> <span class='ocrx_word' id='word_1_535' title='bbox 684 4087 983 4152; x_wconf 88' lang='lat' dir='ltr'><strong>immunda,</strong></span> <span class='ocrx_word' id='word_1_536' title='bbox 1008 4088 1165 4157; x_wconf 86' lang='lat' dir='ltr'><strong>plena</strong></span> <span class='ocrx_word' id='word_1_537' title='bbox 1191 4083 1552 4140; x_wconf 84' lang='lat' dir='ltr'><strong>cadaveribus</strong></span> <span class='ocrx_word' id='word_1_538' title='bbox 1577 4091 1917 4138; x_wconf 90' lang='lat' dir='ltr'><strong>mortuorum</strong></span> <span class='ocrx_word' id='word_1_539' title='bbox 1943 4099 1956 4138; x_wconf 93' lang='lat'><strong>:</strong></span> <span class='ocrx_word' id='word_1_540' title='bbox 1986 4081 2083 4135; x_wconf 89' lang='lat' dir='ltr'><strong>hu-</strong></span> 
     </span>
    </p>
   </div>
   <div class='ocr_carea' id='block_1_71' title="bbox 484 4174 2084 4250">
    <p class='ocr_par' dir='ltr' id='par_1_71' title="bbox 484 4174 2084 4250">
     <span class='ocr_line' id='line_1_71' title="bbox 484 4174 2084 4250; baseline -0.004 -16"><span class='ocrx_word' id='word_1_541' title='bbox 484 4179 723 4250; x_wconf 91' lang='lat' dir='ltr'><strong>jusmodi</strong></span> <span class='ocrx_word' id='word_1_542' title='bbox 758 4196 862 4233; x_wconf 88' lang='lat' dir='ltr'><strong>non</strong></span> <span class='ocrx_word' id='word_1_543' title='bbox 897 4179 1023 4233; x_wconf 69' lang='lat' dir='ltr'><strong>filim</strong></span> <span class='ocrx_word' id='word_1_544' title='bbox 1048 4177 1191 4248; x_wconf 84' lang='lat' dir='ltr'><strong>regis</strong></span> <span class='ocrx_word' id='word_1_545' title='bbox 1214 4175 1449 4243; x_wconf 85' lang='lat' dir='ltr'><strong>Christi,</strong></span> <span class='ocrx_word' id='word_1_546' title='bbox 1480 4175 1578 4231; x_wconf 92' lang='lat' dir='ltr'><strong>sed</strong></span> <span class='ocrx_word' id='word_1_547' title='bbox 1609 4175 1761 4244; x_wconf 84' lang='lat' dir='ltr'><strong>Tyri.</strong></span> <span class='ocrx_word' id='word_1_548' title='bbox 1812 4174 1909 4229; x_wconf 68' lang='lat' dir='ltr'><strong>Ila:</strong></span> <span class='ocrx_word' id='word_1_549' title='bbox 1935 4190 2084 4230; x_wconf 89' lang='lat' dir='ltr'><strong>sem-</strong></span> 
     </span>
    </p>
   </div>
   <div class='ocr_carea' id='block_1_72' title="bbox 487 4266 2085 4345">
    <p class='ocr_par' dir='ltr' id='par_1_72' title="bbox 487 4266 2085 4345">
     <span class='ocr_line' id='line_1_72' title="bbox 487 4266 2085 4345; baseline -0.004 -15"><span class='ocrx_word' id='word_1_550' title='bbox 487 4291 591 4345; x_wconf 88' lang='lat' dir='ltr'><strong>per</strong></span> <span class='ocrx_word' id='word_1_551' title='bbox 617 4274 672 4329; x_wconf 92' lang='lat' dir='ltr'><strong>in</strong></span> <span class='ocrx_word' id='word_1_552' title='bbox 699 4272 1018 4329; x_wconf 89' lang='lat' dir='ltr'><strong>muneribus</strong></span> <span class='ocrx_word' id='word_1_553' title='bbox 1038 4312 1054 4339; x_wconf 93' lang='lat'><strong>,</strong></span> <span class='ocrx_word' id='word_1_554' title='bbox 1092 4271 1177 4325; x_wconf 87' lang='lat' dir='ltr'><strong>hae</strong></span> <span class='ocrx_word' id='word_1_555' title='bbox 1201 4270 1379 4325; x_wconf 90' lang='lat' dir='ltr'><strong>vultus</strong></span> <span class='ocrx_word' id='word_1_556' title='bbox 1406 4267 1739 4339; x_wconf 88' lang='lat' dir='ltr'><strong>impudicitia</strong></span> <span class='ocrx_word' id='word_1_557' title='bbox 1763 4282 1860 4337; x_wconf 84' lang='lat' dir='ltr'><strong>per</strong></span> <span class='ocrx_word' id='word_1_558' title='bbox 1889 4266 2085 4323; x_wconf 89' lang='lat' dir='ltr'><strong>divites</strong></span> 
     </span>
    </p>
   </div>
   <div class='ocr_carea' id='block_1_73' title="bbox 492 4360 2085 4437">
    <p class='ocr_par' dir='ltr' id='par_1_73' title="bbox 492 4360 2085 4437">
     <span class='ocr_line' id='line_1_73' title="bbox 492 4360 2085 4437; baseline -0.004 -16"><span class='ocrx_word' id='word_1_559' title='bbox 492 4367 669 4435; x_wconf 89' lang='lat' dir='ltr'><strong>plebis</strong></span> <span class='ocrx_word' id='word_1_560' title='bbox 708 4369 995 4437; x_wconf 89' lang='lat' dir='ltr'><strong>capiuntur</strong></span> <span class='ocrx_word' id='word_1_561' title='bbox 1037 4376 1091 4420; x_wconf 89' lang='lat' dir='ltr'><strong>et</strong></span> <span class='ocrx_word' id='word_1_562' title='bbox 1120 4364 1362 4434; x_wconf 88' lang='lat' dir='ltr'><strong>capiunt.</strong></span> <span class='ocrx_word' id='word_1_563' title='bbox 1422 4360 1935 4432; x_wconf 87' lang='lat' dir='ltr'><strong>Imperfectissimus</strong></span> <span class='ocrx_word' id='word_1_564' title='bbox 1963 4377 2085 4416; x_wconf 86' lang='lat' dir='ltr'><strong>mu-</strong></span> 
     </span>
    </p>
   </div>
   <div class='ocr_carea' id='block_1_74' title="bbox 482 4455 2082 4525">
    <p class='ocr_par' dir='ltr' id='par_1_74' title="bbox 482 4455 2082 4525">
     <span class='ocr_line' id='line_1_74' title="bbox 482 4455 2082 4525; baseline -0.004 -10"><span class='ocrx_word' id='word_1_565' title='bbox 482 4458 681 4515; x_wconf 90' lang='lat' dir='ltr'><strong>lierum</strong></span> <span class='ocrx_word' id='word_1_566' title='bbox 738 4458 983 4513; x_wconf 82' lang='lat' dir='ltr'><strong>affectus.</strong></span> <span class='ocrx_word' id='word_1_567' title='bbox 1052 4456 1280 4525; x_wconf 89' lang='lat' dir='ltr'><strong>Semper</strong></span> <span class='ocrx_word' id='word_1_568' title='bbox 1330 4455 1385 4510; x_wconf 91' lang='lat' dir='ltr'><strong>in</strong></span> <span class='ocrx_word' id='word_1_569' title='bbox 1432 4455 1717 4521; x_wconf 89' lang='lat' dir='ltr'><strong>vestibus,</strong></span> <span class='ocrx_word' id='word_1_570' title='bbox 1772 4468 1989 4525; x_wconf 89' lang='lat' dir='ltr'><strong>semper</strong></span> <span class='ocrx_word' id='word_1_571' title='bbox 2031 4455 2082 4508; x_wconf 90' lang='lat' dir='ltr'><strong>in</strong></span> 
     </span>
    </p>
   </div>
   <div class='ocr_carea' id='block_1_75' title="bbox 2243 3248 3753 3319">
    <p class='ocr_par' dir='ltr' id='par_1_75' title="bbox 2243 3248 3753 3319">
     <span class='ocr_line' id='line_1_75' title="bbox 2243 3248 3753 3319; baseline -0.003 -14"><span class='ocrx_word' id='word_1_572' title='bbox 2243 3252 2397 3319; x_wconf 82' lang='lat' dir='ltr'><strong>Quod</strong></span> <span class='ocrx_word' id='word_1_573' title='bbox 2429 3253 2474 3307; x_wconf 88' lang='lat' dir='ltr'><strong>si</strong></span> <span class='ocrx_word' id='word_1_574' title='bbox 2506 3267 2606 3307; x_wconf 86' lang='lat' dir='ltr'><strong>vos</strong></span> <span class='ocrx_word' id='word_1_575' title='bbox 2631 3253 2959 3309; x_wconf 82' lang='lat' dir='ltr'><strong>exteriorum</strong></span> <span class='ocrx_word' id='word_1_576' title='bbox 2993 3252 3235 3310; x_wconf 89' lang='lat' dir='ltr'><strong>vestium</strong></span> <span class='ocrx_word' id='word_1_577' title='bbox 3278 3252 3591 3310; x_wconf 87' lang='lat' dir='ltr'><strong>delectaret</strong></span> <span class='ocrx_word' id='word_1_578' title='bbox 3615 3248 3753 3305; x_wconf 87' lang='lat' dir='ltr'><strong>ambi-</strong></span> 
     </span>
    </p>
   </div>
   <div class='ocr_carea' id='block_1_76' title="bbox 2172 3340 3750 3417">
    <p class='ocr_par' dir='ltr' id='par_1_76' title="bbox 2172 3340 3750 3417">
     <span class='ocr_line' id='line_1_76' title="bbox 2172 3340 3750 3417; baseline 0.002 -18"><span class='ocrx_word' id='word_1_579' title='bbox 2172 3345 2249 3399; x_wconf 90' lang='lat' dir='ltr'><strong>tio</strong></span> <span class='ocrx_word' id='word_1_580' title='bbox 2270 3388 2286 3416; x_wconf 87' lang='lat'><strong>,</strong></span> <span class='ocrx_word' id='word_1_581' title='bbox 2317 3345 2362 3400; x_wconf 94' lang='lat' dir='ltr'><strong>si</strong></span> <span class='ocrx_word' id='word_1_582' title='bbox 2403 3360 2640 3415; x_wconf 76' lang='lat' dir='ltr'><strong>egressa:</strong></span> <span class='ocrx_word' id='word_1_583' title='bbox 2676 3344 2745 3400; x_wconf 88' lang='lat' dir='ltr'><strong>de</strong></span> <span class='ocrx_word' id='word_1_584' title='bbox 2772 3346 2959 3402; x_wconf 63' lang='lat' dir='ltr'><strong>saeculi</strong></span> <span class='ocrx_word' id='word_1_585' title='bbox 2986 3361 3187 3417; x_wconf 87' lang='lat' dir='ltr'><strong>pompa</strong></span> <span class='ocrx_word' id='word_1_586' title='bbox 3216 3388 3235 3415; x_wconf 89' lang='lat'><strong>,</strong></span> <span class='ocrx_word' id='word_1_587' title='bbox 3267 3346 3344 3404; x_wconf 89' lang='lat' dir='ltr'><strong>de</strong></span> <span class='ocrx_word' id='word_1_588' title='bbox 3382 3347 3551 3403; x_wconf 89' lang='lat' dir='ltr'><strong>domo</strong></span> <span class='ocrx_word' id='word_1_589' title='bbox 3570 3340 3750 3402; x_wconf 63' lang='lat' dir='ltr'><strong>diaboli,</strong></span> 
     </span>
    </p>
   </div>
   <div class='ocr_carea' id='block_1_77' title="bbox 2175 3433 3760 3511">
    <p class='ocr_par' dir='ltr' id='par_1_77' title="bbox 2175 3433 3760 3511">
     <span class='ocr_line' id='line_1_77' title="bbox 2175 3433 3760 3511; baseline -0.005 -18"><span class='ocrx_word' id='word_1_590' title='bbox 2175 3448 2230 3493; x_wconf 91' lang='lat' dir='ltr'><strong>et</strong></span> <span class='ocrx_word' id='word_1_591' title='bbox 2262 3437 2329 3493; x_wconf 88' lang='lat' dir='ltr'><strong>de</strong></span> <span class='ocrx_word' id='word_1_592' title='bbox 2359 3437 2782 3508; x_wconf 86' lang='lat' dir='ltr'><strong>congregatione</strong></span> <span class='ocrx_word' id='word_1_593' title='bbox 2818 3438 3085 3494; x_wconf 90' lang='lat' dir='ltr'><strong>malorum</strong></span> <span class='ocrx_word' id='word_1_594' title='bbox 3111 3480 3127 3504; x_wconf 90' lang='lat'><strong>,</strong></span> <span class='ocrx_word' id='word_1_595' title='bbox 3186 3439 3394 3511; x_wconf 88' lang='lat' dir='ltr'><strong>populi</strong></span> <span class='ocrx_word' id='word_1_596' title='bbox 3424 3438 3597 3496; x_wconf 84' lang='lat' dir='ltr'><strong>vestri</strong></span> <span class='ocrx_word' id='word_1_597' title='bbox 3621 3444 3667 3490; x_wconf 92' lang='lat' dir='ltr'><strong>et</strong></span> <span class='ocrx_word' id='word_1_598' title='bbox 3687 3433 3760 3487; x_wconf 83' lang='lat' dir='ltr'><strong>do-</strong></span> 
     </span>
    </p>
   </div>
   <div class='ocr_carea' id='block_1_78' title="bbox 2176 3529 3751 3599">
    <p class='ocr_par' dir='ltr' id='par_1_78' title="bbox 2176 3529 3751 3599">
     <span class='ocr_line' id='line_1_78' title="bbox 2176 3529 3751 3599; baseline -0.006 -13"><span class='ocrx_word' id='word_1_599' title='bbox 2176 3546 2297 3586; x_wconf 89' lang='lat' dir='ltr'><strong>mus</strong></span> <span class='ocrx_word' id='word_1_600' title='bbox 2344 3529 2513 3599; x_wconf 89' lang='lat' dir='ltr'><strong>patris</strong></span> <span class='ocrx_word' id='word_1_601' title='bbox 2564 3544 2672 3585; x_wconf 92' lang='lat' dir='ltr'><strong>non</strong></span> <span class='ocrx_word' id='word_1_602' title='bbox 2714 3531 2911 3587; x_wconf 88' lang='lat' dir='ltr'><strong>essetis</strong></span> <span class='ocrx_word' id='word_1_603' title='bbox 2940 3531 3125 3586; x_wconf 75' lang='lat' dir='ltr'><strong>oblita:</strong></span> <span class='ocrx_word' id='word_1_604' title='bbox 3161 3533 3451 3599; x_wconf 88' lang='lat' dir='ltr'><strong>totalitcr,</strong></span> <span class='ocrx_word' id='word_1_605' title='bbox 3485 3529 3751 3588; x_wconf 80' lang='lat' dir='ltr'><strong>extollentes</strong></span> 
     </span>
    </p>
   </div>
   <div class='ocr_carea' id='block_1_79' title="bbox 2177 3621 3757 3695">
    <p class='ocr_par' dir='ltr' id='par_1_79' title="bbox 2177 3621 3757 3695">
     <span class='ocr_line' id='line_1_79' title="bbox 2177 3621 3757 3695; baseline -0.003 -18"><span class='ocrx_word' id='word_1_606' title='bbox 2177 3638 2276 3679; x_wconf 89' lang='lat' dir='ltr'><strong>vos</strong></span> <span class='ocrx_word' id='word_1_607' title='bbox 2299 3633 2391 3678; x_wconf 91' lang='lat' dir='ltr'><strong>aut</strong></span> <span class='ocrx_word' id='word_1_608' title='bbox 2415 3623 2484 3678; x_wconf 94' lang='lat' dir='ltr'><strong>de</strong></span> <span class='ocrx_word' id='word_1_609' title='bbox 2505 3633 2789 3693; x_wconf 90' lang='lat' dir='ltr'><strong>parentum</strong></span> <span class='ocrx_word' id='word_1_610' title='bbox 2823 3623 3200 3695; x_wconf 77' lang='lat' dir='ltr'><strong>dignitatibus,</strong></span> <span class='ocrx_word' id='word_1_611' title='bbox 3244 3635 3353 3680; x_wconf 87' lang='lat' dir='ltr'><strong>aut</strong></span> <span class='ocrx_word' id='word_1_612' title='bbox 3378 3625 3454 3681; x_wconf 90' lang='lat' dir='ltr'><strong>de</strong></span> <span class='ocrx_word' id='word_1_613' title='bbox 3481 3621 3646 3681; x_wconf 84' lang='lat' dir='ltr'><strong>carnis</strong></span> <span class='ocrx_word' id='word_1_614' title='bbox 3662 3632 3757 3691; x_wconf 86' lang='lat' dir='ltr'><strong>pro-</strong></span> 
     </span>
    </p>
   </div>
   <div class='ocr_carea' id='block_1_80' title="bbox 2180 3709 3765 3787">
    <p class='ocr_par' dir='ltr' id='par_1_80' title="bbox 2180 3709 3765 3787">
     <span class='ocr_line' id='line_1_80' title="bbox 2180 3709 3765 3787; baseline 0.002 -16"><span class='ocrx_word' id='word_1_615' title='bbox 2180 3717 2327 3787; x_wconf 89' lang='lat' dir='ltr'><strong>sapia</strong></span> <span class='ocrx_word' id='word_1_616' title='bbox 2350 3759 2369 3785; x_wconf 82' lang='lat'><strong>,</strong></span> <span class='ocrx_word' id='word_1_617' title='bbox 2413 3714 2531 3771; x_wconf 86' lang='lat' dir='ltr'><strong>sive</strong></span> <span class='ocrx_word' id='word_1_618' title='bbox 2563 3716 2633 3771; x_wconf 89' lang='lat' dir='ltr'><strong>de</strong></span> <span class='ocrx_word' id='word_1_619' title='bbox 2662 3715 2978 3786; x_wconf 87' lang='lat' dir='ltr'><strong>hujusmodi</strong></span> <span class='ocrx_word' id='word_1_620' title='bbox 3017 3717 3380 3773; x_wconf 87' lang='lat' dir='ltr'><strong>vanitatibus</strong></span> <span class='ocrx_word' id='word_1_621' title='bbox 3409 3709 3765 3773; x_wconf 65' lang='lat' dir='ltr'><strong>caducissimis.</strong></span> 
     </span>
    </p>
   </div>
   <div class='ocr_carea' id='block_1_81' title="bbox 2180 3807 3783 3877">
    <p class='ocr_par' dir='ltr' id='par_1_81' title="bbox 2180 3807 3783 3877">
     <span class='ocr_line' id='line_1_81' title="bbox 2180 3807 3783 3877; baseline -0.001 -15"><span class='ocrx_word' id='word_1_622' title='bbox 2180 3818 2344 3864; x_wconf 70' lang='lat' dir='ltr'><strong>terra:</strong></span> <span class='ocrx_word' id='word_1_623' title='bbox 2369 3807 2697 3877; x_wconf 88' lang='lat' dir='ltr'><strong>vaporibus,</strong></span> <span class='ocrx_word' id='word_1_624' title='bbox 2728 3808 2804 3863; x_wconf 89' lang='lat' dir='ltr'><strong>uti</strong></span> <span class='ocrx_word' id='word_1_625' title='bbox 2834 3808 3059 3863; x_wconf 91' lang='lat' dir='ltr'><strong>solitum</strong></span> <span class='ocrx_word' id='word_1_626' title='bbox 3084 3816 3173 3864; x_wconf 89' lang='lat' dir='ltr'><strong>est</strong></span> <span class='ocrx_word' id='word_1_627' title='bbox 3209 3808 3432 3865; x_wconf 85' lang='lat' dir='ltr'><strong>incolis</strong></span> <span class='ocrx_word' id='word_1_628' title='bbox 3463 3818 3656 3866; x_wconf 74' lang='lat' dir='ltr'><strong>term:</strong></span> <span class='ocrx_word' id='word_1_629' title='bbox 3683 3818 3783 3875; x_wconf 77' lang='lat' dir='ltr'><strong>pro-</strong></span> 
     </span>
    </p>
   </div>
   <div class='ocr_carea' id='block_1_82' title="bbox 2181 3898 3788 3971">
    <p class='ocr_par' dir='ltr' id='par_1_82' title="bbox 2181 3898 3788 3971">
     <span class='ocr_line' id='line_1_82' title="bbox 2181 3898 3788 3971; baseline -0.002 -16"><span class='ocrx_word' id='word_1_630' title='bbox 2181 3901 2327 3955; x_wconf 90' lang='lat' dir='ltr'><strong>tinus</strong></span> <span class='ocrx_word' id='word_1_631' title='bbox 2374 3914 2669 3971; x_wconf 86' lang='lat' dir='ltr'><strong>assurgens</strong></span> <span class='ocrx_word' id='word_1_632' title='bbox 2721 3914 2818 3955; x_wconf 86' lang='lat' dir='ltr'><strong>rex</strong></span> <span class='ocrx_word' id='word_1_633' title='bbox 2869 3898 3301 3970; x_wconf 88' lang='lat' dir='ltr'><strong>potentissimus</strong></span> <span class='ocrx_word' id='word_1_634' title='bbox 3335 3902 3628 3959; x_wconf 86' lang='lat' dir='ltr'><strong>accinctus</strong></span> <span class='ocrx_word' id='word_1_635' title='bbox 3654 3908 3788 3965; x_wconf 81' lang='lat' dir='ltr'><strong>super</strong></span> 
     </span>
    </p>
   </div>
   <div class='ocr_carea' id='block_1_83' title="bbox 2183 3990 3802 4063">
    <p class='ocr_par' dir='ltr' id='par_1_83' title="bbox 2183 3990 3802 4063">
     <span class='ocr_line' id='line_1_83' title="bbox 2183 3990 3802 4063; baseline -0.002 -17"><span class='ocrx_word' id='word_1_636' title='bbox 2183 3991 2358 4049; x_wconf 88' lang='lat' dir='ltr'><strong>femur</strong></span> <span class='ocrx_word' id='word_1_637' title='bbox 2388 4007 2543 4048; x_wconf 91' lang='lat' dir='ltr'><strong>suum</strong></span> <span class='ocrx_word' id='word_1_638' title='bbox 2571 3991 2752 4063; x_wconf 88' lang='lat' dir='ltr'><strong>gladio</strong></span> <span class='ocrx_word' id='word_1_639' title='bbox 2777 3992 2864 4046; x_wconf 90' lang='lat' dir='ltr'><strong>bis</strong></span> <span class='ocrx_word' id='word_1_640' title='bbox 2894 4001 3055 4047; x_wconf 89' lang='lat' dir='ltr'><strong>acuto</strong></span> <span class='ocrx_word' id='word_1_641' title='bbox 3079 4033 3094 4058; x_wconf 92' lang='lat'><strong>,</strong></span> <span class='ocrx_word' id='word_1_642' title='bbox 3142 3994 3419 4062; x_wconf 85' lang='lat' dir='ltr'><strong>expellet</strong></span> <span class='ocrx_word' id='word_1_643' title='bbox 3460 4009 3567 4051; x_wconf 90' lang='lat' dir='ltr'><strong>vos</strong></span> <span class='ocrx_word' id='word_1_644' title='bbox 3588 3990 3802 4058; x_wconf 79' lang='lat' dir='ltr'><strong>undique</strong></span> 
     </span>
    </p>
   </div>
   <div class='ocr_carea' id='block_1_84' title="bbox 2183 4082 3807 4142">
    <p class='ocr_par' dir='ltr' id='par_1_84' title="bbox 2183 4082 3807 4142">
     <span class='ocr_line' id='line_1_84' title="bbox 2183 4082 3807 4142; baseline -0.001 -4"><span class='ocrx_word' id='word_1_645' title='bbox 2183 4085 2504 4140; x_wconf 78' lang='lat' dir='ltr'><strong>vulneratos</strong></span> <span class='ocrx_word' id='word_1_646' title='bbox 2547 4085 2770 4140; x_wconf 84' lang='lat' dir='ltr'><strong>dextera</strong></span> <span class='ocrx_word' id='word_1_647' title='bbox 2814 4099 2912 4138; x_wconf 89' lang='lat' dir='ltr'><strong>sua</strong></span> <span class='ocrx_word' id='word_1_648' title='bbox 2959 4084 3029 4139; x_wconf 90' lang='lat' dir='ltr'><strong>de</strong></span> <span class='ocrx_word' id='word_1_649' title='bbox 3080 4084 3475 4142; x_wconf 89' lang='lat' dir='ltr'><strong>tabernaculo</strong></span> <span class='ocrx_word' id='word_1_650' title='bbox 3503 4102 3629 4142; x_wconf 89' lang='lat' dir='ltr'><strong>suo.</strong></span> <span class='ocrx_word' id='word_1_651' title='bbox 3675 4082 3807 4136; x_wconf 83' lang='lat' dir='ltr'><strong>Tunc</strong></span> 
     </span>
    </p>
   </div>
   <div class='ocr_carea' id='block_1_85' title="bbox 2184 4174 3815 4247">
    <p class='ocr_par' dir='ltr' id='par_1_85' title="bbox 2184 4174 3815 4247">
     <span class='ocr_line' id='line_1_85' title="bbox 2184 4174 3815 4247; baseline -0.004 -15"><span class='ocrx_word' id='word_1_652' title='bbox 2184 4178 2521 4235; x_wconf 75' lang='lat' dir='ltr'><strong>acutissimas</strong></span> <span class='ocrx_word' id='word_1_653' title='bbox 2566 4176 2687 4247; x_wconf 90' lang='lat' dir='ltr'><strong>ejus</strong></span> <span class='ocrx_word' id='word_1_654' title='bbox 2731 4176 2945 4247; x_wconf 64' lang='lat' dir='ltr'><strong>sagittae</strong></span> <span class='ocrx_word' id='word_1_655' title='bbox 2996 4174 3399 4246; x_wconf 75' lang='lat' dir='ltr'><strong>perforabant</strong></span> <span class='ocrx_word' id='word_1_656' title='bbox 3444 4178 3626 4235; x_wconf 84' lang='lat' dir='ltr'><strong>corda</strong></span> <span class='ocrx_word' id='word_1_657' title='bbox 3653 4184 3815 4230; x_wconf 83' lang='lat' dir='ltr'><strong>vestra</strong></span> 
     </span>
    </p>
   </div>
   <div class='ocr_carea' id='block_1_86' title="bbox 2185 4266 3819 4338">
    <p class='ocr_par' dir='ltr' id='par_1_86' title="bbox 2185 4266 3819 4338">
     <span class='ocr_line' id='line_1_86' title="bbox 2185 4266 3819 4338; baseline -0.004 -14"><span class='ocrx_word' id='word_1_658' title='bbox 2185 4269 2241 4324; x_wconf 89' lang='lat' dir='ltr'><strong>in</strong></span> <span class='ocrx_word' id='word_1_659' title='bbox 2271 4266 2636 4323; x_wconf 87' lang='lat' dir='ltr'><strong>amaritudine</strong></span> <span class='ocrx_word' id='word_1_660' title='bbox 2664 4285 2679 4322; x_wconf 94' lang='lat'><strong>:</strong></span> <span class='ocrx_word' id='word_1_661' title='bbox 2712 4267 2973 4338; x_wconf 86' lang='lat' dir='ltr'><strong>quoniam</strong></span> <span class='ocrx_word' id='word_1_662' title='bbox 3004 4268 3151 4336; x_wconf 89' lang='lat' dir='ltr'><strong>virga</strong></span> <span class='ocrx_word' id='word_1_663' title='bbox 3182 4268 3553 4325; x_wconf 85' lang='lat' dir='ltr'><strong>directionis</strong></span> <span class='ocrx_word' id='word_1_664' title='bbox 3580 4270 3723 4338; x_wconf 86' lang='lat' dir='ltr'><strong>virga</strong></span> <span class='ocrx_word' id='word_1_665' title='bbox 3750 4280 3819 4318; x_wconf 86' lang='lat' dir='ltr'><strong>rc-</strong></span> 
     </span>
    </p>
   </div>
   <div class='ocr_carea' id='block_1_87' title="bbox 2185 4355 3824 4431">
    <p class='ocr_par' dir='ltr' id='par_1_87' title="bbox 2185 4355 3824 4431">
     <span class='ocr_line' id='line_1_87' title="bbox 2185 4355 3824 4431; baseline -0.003 -16"><span class='ocrx_word' id='word_1_666' title='bbox 2185 4360 2282 4430; x_wconf 86' lang='lat' dir='ltr'><strong>gni</strong></span> <span class='ocrx_word' id='word_1_667' title='bbox 2325 4359 2431 4415; x_wconf 89' lang='lat' dir='ltr'><strong>sui.</strong></span> <span class='ocrx_word' id='word_1_668' title='bbox 2483 4360 2553 4415; x_wconf 87' lang='lat' dir='ltr'><strong>Et</strong></span> <span class='ocrx_word' id='word_1_669' title='bbox 2591 4359 2940 4430; x_wconf 92' lang='lat' dir='ltr'><strong>postmodum</strong></span> <span class='ocrx_word' id='word_1_670' title='bbox 2988 4359 3239 4431; x_wconf 86' lang='lat' dir='ltr'><strong>abjectas</strong></span> <span class='ocrx_word' id='word_1_671' title='bbox 3301 4362 3387 4419; x_wconf 86' lang='lat' dir='ltr'><strong>de</strong></span> <span class='ocrx_word' id='word_1_672' title='bbox 3424 4362 3607 4419; x_wconf 81' lang='lat' dir='ltr'><strong>domo</strong></span> <span class='ocrx_word' id='word_1_673' title='bbox 3625 4355 3824 4417; x_wconf 80' lang='lat' dir='ltr'><strong>Domini</strong></span> 
     </span>
    </p>
   </div>
   <div class='ocr_carea' id='block_1_88' title="bbox 2187 4454 3822 4525">
    <p class='ocr_par' dir='ltr' id='par_1_88' title="bbox 2187 4454 3822 4525">
     <span class='ocr_line' id='line_1_88' title="bbox 2187 4454 3822 4525; baseline 0.001 -20"><span class='ocrx_word' id='word_1_674' title='bbox 2187 4455 2384 4524; x_wconf 85' lang='lat' dir='ltr'><strong>vestri,</strong></span> <span class='ocrx_word' id='word_1_675' title='bbox 2418 4470 2608 4510; x_wconf 88' lang='lat' dir='ltr'><strong>omnes</strong></span> <span class='ocrx_word' id='word_1_676' title='bbox 2645 4454 2971 4510; x_wconf 89' lang='lat' dir='ltr'><strong>deridebunt</strong></span> <span class='ocrx_word' id='word_1_677' title='bbox 2995 4469 3131 4514; x_wconf 89' lang='lat' dir='ltr'><strong>vos:</strong></span> <span class='ocrx_word' id='word_1_678' title='bbox 3174 4465 3246 4512; x_wconf 86' lang='lat' dir='ltr'><strong>et</strong></span> <span class='ocrx_word' id='word_1_679' title='bbox 3274 4456 3492 4515; x_wconf 87' lang='lat' dir='ltr'><strong>dicent</strong></span> <span class='ocrx_word' id='word_1_680' title='bbox 3523 4458 3598 4514; x_wconf 88' lang='lat' dir='ltr'><strong>de</strong></span> <span class='ocrx_word' id='word_1_681' title='bbox 3623 4454 3822 4525; x_wconf 83' lang='lat' dir='ltr'><strong>singulit</strong></span> 
     </span>
    </p>
   </div>
   <div class='ocr_carea' id='block_1_89' title="bbox 488 4530 3822 4625">
    <p class='ocr_par' dir='ltr' id='par_1_89' title="bbox 488 4530 3822 4625">
     <span class='ocr_line' id='line_1_89' title="bbox 488 4530 3822 4625; baseline -0.001 -20"><span class='ocrx_word' id='word_1_682' title='bbox 488 4567 620 4606; x_wconf 86' lang='lat' dir='ltr'><strong>auro</strong></span> <span class='ocrx_word' id='word_1_683' title='bbox 644 4593 660 4614; x_wconf 88' lang='lat'><strong>,</strong></span> <span class='ocrx_word' id='word_1_684' title='bbox 709 4551 978 4622; x_wconf 88' lang='lat' dir='ltr'><strong>lapidibus</strong></span> <span class='ocrx_word' id='word_1_685' title='bbox 1006 4550 1262 4622; x_wconf 90' lang='lat' dir='ltr'><strong>pretiosis</strong></span> <span class='ocrx_word' id='word_1_686' title='bbox 1293 4557 1347 4604; x_wconf 91' lang='lat' dir='ltr'><strong>et</strong></span> <span class='ocrx_word' id='word_1_687' title='bbox 1372 4549 1707 4603; x_wconf 88' lang='lat' dir='ltr'><strong>ornamentis</strong></span> <span class='ocrx_word' id='word_1_688' title='bbox 1733 4549 2078 4616; x_wconf 85' lang='lat' dir='ltr'><strong>extrinsecis,</strong></span> <span class='ocrx_word' id='word_1_689' title='bbox 2108 4530 2161 4589; x_wconf 81' lang='lat' dir='ltr'><strong>D</strong></span> <span class='ocrx_word' id='word_1_690' title='bbox 2187 4557 2422 4605; x_wconf 91' lang='lat' dir='ltr'><strong>vestrum</strong></span> <span class='ocrx_word' id='word_1_691' title='bbox 2451 4566 2465 4604; x_wconf 94' lang='lat'><strong>:</strong></span> <span class='ocrx_word' id='word_1_692' title='bbox 2518 4546 2660 4602; x_wconf 83' lang='lat' dir='ltr'><strong>Filia</strong></span> <span class='ocrx_word' id='word_1_693' title='bbox 2700 4546 2987 4620; x_wconf 77' lang='lat' dir='ltr'><strong>Babylonis</strong></span> <span class='ocrx_word' id='word_1_694' title='bbox 3022 4548 3218 4603; x_wconf 83' lang='lat' dir='ltr'><strong>misera</strong></span> <span class='ocrx_word' id='word_1_695' title='bbox 3248 4565 3271 4604; x_wconf 88' lang='lat'><strong>:</strong></span> <span class='ocrx_word' id='word_1_696' title='bbox 3315 4568 3453 4625; x_wconf 66' lang='lat' dir='ltr'><strong>qua</strong></span> <span class='ocrx_word' id='word_1_697' title='bbox 3494 4568 3613 4607; x_wconf 88' lang='lat' dir='ltr'><strong>non</strong></span> <span class='ocrx_word' id='word_1_698' title='bbox 3635 4547 3822 4623; x_wconf 79' lang='lat' dir='ltr'><strong>posuist</strong></span> 
     </span>
    </p>
   </div>
   <div class='ocr_carea' id='block_1_90' title="bbox 488 4641 2084 4716">
    <p class='ocr_par' dir='ltr' id='par_1_90' title="bbox 488 4641 2084 4716">
     <span class='ocr_line' id='line_1_90' title="bbox 488 4641 2084 4716; baseline -0.003 -15"><span class='ocrx_word' id='word_1_699' title='bbox 488 4646 713 4716; x_wconf 88' lang='lat' dir='ltr'><strong>gloriam</strong></span> <span class='ocrx_word' id='word_1_700' title='bbox 766 4652 997 4716; x_wconf 84' lang='lat' dir='ltr'><strong>ponunt.</strong></span> <span class='ocrx_word' id='word_1_701' title='bbox 1053 4645 1169 4699; x_wconf 84' lang='lat' dir='ltr'><strong>Non</strong></span> <span class='ocrx_word' id='word_1_702' title='bbox 1213 4642 1414 4697; x_wconf 74' lang='lat' dir='ltr'><strong>sufficit</strong></span> <span class='ocrx_word' id='word_1_703' title='bbox 1460 4642 1540 4698; x_wconf 91' lang='lat' dir='ltr'><strong>eis</strong></span> <span class='ocrx_word' id='word_1_704' title='bbox 1577 4641 1741 4697; x_wconf 90' lang='lat' dir='ltr'><strong>libido</strong></span> <span class='ocrx_word' id='word_1_705' title='bbox 1771 4642 1955 4697; x_wconf 82' lang='lat' dir='ltr'><strong>innata</strong></span> <span class='ocrx_word' id='word_1_706' title='bbox 1987 4659 2084 4697; x_wconf 66' lang='grc' dir='ltr'><strong>ητις-</strong></span> 
     </span>
    </p>
   </div>
   <div class='ocr_carea' id='block_1_91' title="bbox 496 4732 2079 4807">
    <p class='ocr_par' dir='ltr' id='par_1_91' title="bbox 496 4732 2079 4807">
     <span class='ocr_line' id='line_1_91' title="bbox 496 4732 2079 4807; baseline -0.002 -14"><span class='ocrx_word' id='word_1_707' title='bbox 496 4748 667 4794; x_wconf 81' lang='lat' dir='ltr'><strong>turae:</strong></span> <span class='ocrx_word' id='word_1_708' title='bbox 718 4738 813 4793; x_wconf 86' lang='lat' dir='ltr'><strong>sed</strong></span> <span class='ocrx_word' id='word_1_709' title='bbox 860 4736 1176 4792; x_wconf 83' lang='lat' dir='ltr'><strong>occasiones</strong></span> <span class='ocrx_word' id='word_1_710' title='bbox 1220 4744 1468 4807; x_wconf 86' lang='lat' dir='ltr'><strong>quaerunt</strong></span> <span class='ocrx_word' id='word_1_711' title='bbox 1509 4732 1796 4803; x_wconf 83' lang='lat' dir='ltr'><strong>explendae</strong></span> <span class='ocrx_word' id='word_1_712' title='bbox 1821 4732 2079 4790; x_wconf 87' lang='lat' dir='ltr'><strong>libidinis.</strong></span> 
     </span>
    </p>
   </div>
   <div class='ocr_carea' id='block_1_92' title="bbox 493 4827 2087 4900">
    <p class='ocr_par' dir='ltr' id='par_1_92' title="bbox 493 4827 2087 4900">
     <span class='ocr_line' id='line_1_92' title="bbox 493 4827 2087 4900; baseline -0.004 -13"><span class='ocrx_word' id='word_1_713' title='bbox 493 4830 765 4887; x_wconf 78' lang='lat' dir='ltr'><strong>Aﬂ&#39;eetant</strong></span> <span class='ocrx_word' id='word_1_714' title='bbox 792 4827 1183 4900; x_wconf 88' lang='lat' dir='ltr'><strong>proculdubio,</strong></span> <span class='ocrx_word' id='word_1_715' title='bbox 1216 4838 1274 4881; x_wconf 92' lang='lat' dir='ltr'><strong>ut</strong></span> <span class='ocrx_word' id='word_1_716' title='bbox 1302 4828 1443 4882; x_wconf 92' lang='lat' dir='ltr'><strong>oculi</strong></span> <span class='ocrx_word' id='word_1_717' title='bbox 1467 4828 1708 4883; x_wconf 89' lang='lat' dir='ltr'><strong>virorum</strong></span> <span class='ocrx_word' id='word_1_718' title='bbox 1741 4842 1930 4881; x_wconf 90' lang='lat' dir='ltr'><strong>aurum</strong></span> <span class='ocrx_word' id='word_1_719' title='bbox 1952 4842 2087 4881; x_wconf 92' lang='lat' dir='ltr'><strong>con-</strong></span> 
     </span>
    </p>
   </div>
   <div class='ocr_carea' id='block_1_93' title="bbox 495 4920 2083 4994">
    <p class='ocr_par' dir='ltr' id='par_1_93' title="bbox 495 4920 2083 4994">
     <span class='ocr_line' id='line_1_93' title="bbox 495 4920 2083 4994; baseline -0.003 -15"><span class='ocrx_word' id='word_1_720' title='bbox 495 4924 823 4994; x_wconf 90' lang='lat' dir='ltr'><strong>templantes</strong></span> <span class='ocrx_word' id='word_1_721' title='bbox 864 4930 921 4978; x_wconf 89' lang='lat' dir='ltr'><strong>et</strong></span> <span class='ocrx_word' id='word_1_722' title='bbox 957 4936 1199 4991; x_wconf 84' lang='lat' dir='ltr'><strong>gemmas</strong></span> <span class='ocrx_word' id='word_1_723' title='bbox 1219 4964 1233 4987; x_wconf 94' lang='lat'><strong>,</strong></span> <span class='ocrx_word' id='word_1_724' title='bbox 1268 4920 1481 4975; x_wconf 89' lang='lat' dir='ltr'><strong>tandem</strong></span> <span class='ocrx_word' id='word_1_725' title='bbox 1512 4920 1741 4991; x_wconf 76' lang='lat' dir='ltr'><strong>ligantur</strong></span> <span class='ocrx_word' id='word_1_726' title='bbox 1770 4922 1821 4976; x_wconf 88' lang='lat' dir='ltr'><strong>in</strong></span> <span class='ocrx_word' id='word_1_727' title='bbox 1852 4920 2083 4983; x_wconf 82' lang='lat' dir='ltr'><strong>faciem;</strong></span> 
     </span>
    </p>
   </div>
   <div class='ocr_carea' id='block_1_94' title="bbox 496 5011 2091 5071">
    <p class='ocr_par' dir='ltr' id='par_1_94' title="bbox 496 5011 2091 5071">
     <span class='ocr_line' id='line_1_94' title="bbox 496 5011 2091 5071; baseline -0.002 -1"><span class='ocrx_word' id='word_1_728' title='bbox 496 5026 558 5070; x_wconf 91' lang='lat' dir='ltr'><strong>ut</strong></span> <span class='ocrx_word' id='word_1_729' title='bbox 589 5017 871 5071; x_wconf 90' lang='lat' dir='ltr'><strong>oculorum</strong></span> <span class='ocrx_word' id='word_1_730' title='bbox 904 5028 1125 5068; x_wconf 83' lang='lat' dir='ltr'><strong>suorum</strong></span> <span class='ocrx_word' id='word_1_731' title='bbox 1174 5011 1393 5066; x_wconf 89' lang='lat' dir='ltr'><strong>nutibus</strong></span> <span class='ocrx_word' id='word_1_732' title='bbox 1425 5011 1632 5066; x_wconf 88' lang='lat' dir='ltr'><strong>facilius</strong></span> <span class='ocrx_word' id='word_1_733' title='bbox 1676 5012 1899 5067; x_wconf 89' lang='lat' dir='ltr'><strong>incitent</strong></span> <span class='ocrx_word' id='word_1_734' title='bbox 1923 5012 1988 5067; x_wconf 91' lang='lat' dir='ltr'><strong>ad</strong></span> <span class='ocrx_word' id='word_1_735' title='bbox 2024 5012 2091 5068; x_wconf 84' lang='lat' dir='ltr'><strong>li-</strong></span> 
     </span>
    </p>
   </div>
   <div class='ocr_carea' id='block_1_95' title="bbox 497 5103 2092 5173">
    <p class='ocr_par' dir='ltr' id='par_1_95' title="bbox 497 5103 2092 5173">
     <span class='ocr_line' id='line_1_95' title="bbox 497 5103 2092 5173; baseline -0.003 -11"><span class='ocrx_word' id='word_1_736' title='bbox 497 5108 805 5164; x_wconf 88' lang='lat' dir='ltr'><strong>bidinosum</strong></span> <span class='ocrx_word' id='word_1_737' title='bbox 828 5105 1159 5161; x_wconf 89' lang='lat' dir='ltr'><strong>incendium.</strong></span> <span class='ocrx_word' id='word_1_738' title='bbox 1174 5103 1337 5170; x_wconf 83' lang='lat' dir='ltr'><strong>Quid,</strong></span> <span class='ocrx_word' id='word_1_739' title='bbox 1355 5104 1615 5158; x_wconf 88' lang='lat' dir='ltr'><strong>meretrix</strong></span> <span class='ocrx_word' id='word_1_740' title='bbox 1633 5105 1962 5170; x_wconf 90' lang='lat' dir='ltr'><strong>communis,</strong></span> <span class='ocrx_word' id='word_1_741' title='bbox 1977 5104 2092 5173; x_wconf 85' lang='lat' dir='ltr'><strong>glo-</strong></span> 
     </span>
    </p>
   </div>
   <div class='ocr_carea' id='block_1_96' title="bbox 499 5195 2095 5269">
    <p class='ocr_par' dir='ltr' id='par_1_96' title="bbox 499 5195 2095 5269">
     <span class='ocr_line' id='line_1_96' title="bbox 499 5195 2095 5269; baseline -0.003 -14"><span class='ocrx_word' id='word_1_742' title='bbox 499 5196 662 5256; x_wconf 91' lang='lat' dir='ltr'><strong>riaris</strong></span> <span class='ocrx_word' id='word_1_743' title='bbox 706 5198 758 5252; x_wconf 92' lang='lat' dir='ltr'><strong>in</strong></span> <span class='ocrx_word' id='word_1_744' title='bbox 810 5196 1115 5269; x_wconf 83' lang='lat' dir='ltr'><strong>margaritis</strong></span> <span class='ocrx_word' id='word_1_745' title='bbox 1161 5204 1216 5251; x_wconf 91' lang='lat' dir='ltr'><strong>et</strong></span> <span class='ocrx_word' id='word_1_746' title='bbox 1246 5195 1509 5266; x_wconf 84' lang='lat' dir='ltr'><strong>gemmis?</strong></span> <span class='ocrx_word' id='word_1_747' title='bbox 1562 5195 1698 5264; x_wconf 86' lang='lat' dir='ltr'><strong>Quid</strong></span> <span class='ocrx_word' id='word_1_748' title='bbox 1726 5198 1792 5249; x_wconf 89' lang='lat' dir='ltr'><strong>ad</strong></span> <span class='ocrx_word' id='word_1_749' title='bbox 1823 5207 1874 5251; x_wconf 91' lang='lat' dir='ltr'><strong>te</strong></span> <span class='ocrx_word' id='word_1_750' title='bbox 1901 5198 2095 5252; x_wconf 90' lang='lat' dir='ltr'><strong>attinet</strong></span> 
     </span>
    </p>
   </div>
   <div class='ocr_carea' id='block_1_97' title="bbox 501 5290 2096 5365">
    <p class='ocr_par' dir='ltr' id='par_1_97' title="bbox 501 5290 2096 5365">
     <span class='ocr_line' id='line_1_97' title="bbox 501 5290 2096 5365; baseline -0.001 -16"><span class='ocrx_word' id='word_1_751' title='bbox 501 5303 783 5365; x_wconf 86' lang='lat' dir='ltr'><strong>argentum</strong></span> <span class='ocrx_word' id='word_1_752' title='bbox 812 5300 867 5346; x_wconf 90' lang='lat' dir='ltr'><strong>et</strong></span> <span class='ocrx_word' id='word_1_753' title='bbox 891 5290 1130 5347; x_wconf 83' lang='lat' dir='ltr'><strong>aurum?</strong></span> <span class='ocrx_word' id='word_1_754' title='bbox 1159 5290 1297 5359; x_wconf 90' lang='lat' dir='ltr'><strong>Quid</strong></span> <span class='ocrx_word' id='word_1_755' title='bbox 1322 5290 1574 5346; x_wconf 82' lang='lat' dir='ltr'><strong>exaltaris</strong></span> <span class='ocrx_word' id='word_1_756' title='bbox 1606 5291 1661 5345; x_wconf 89' lang='lat' dir='ltr'><strong>in</strong></span> <span class='ocrx_word' id='word_1_757' title='bbox 1692 5291 2096 5361; x_wconf 86' lang='lat' dir='ltr'><strong>pulchritudine</strong></span> 
     </span>
    </p>
   </div>
   <div class='ocr_carea' id='block_1_98' title="bbox 498 5384 2097 5460">
    <p class='ocr_par' dir='ltr' id='par_1_98' title="bbox 498 5384 2097 5460">
     <span class='ocr_line' id='line_1_98' title="bbox 498 5384 2097 5460; baseline 0 -18"><span class='ocrx_word' id='word_1_758' title='bbox 498 5387 708 5460; x_wconf 87' lang='lat' dir='ltr'><strong>panni?</strong></span> <span class='ocrx_word' id='word_1_759' title='bbox 758 5384 950 5441; x_wconf 86' lang='lat' dir='ltr'><strong>Nonne</strong></span> <span class='ocrx_word' id='word_1_760' title='bbox 984 5395 1067 5441; x_wconf 89' lang='lat' dir='ltr'><strong>est</strong></span> <span class='ocrx_word' id='word_1_761' title='bbox 1095 5384 1274 5441; x_wconf 89' lang='lat' dir='ltr'><strong>omnis</strong></span> <span class='ocrx_word' id='word_1_762' title='bbox 1299 5401 1425 5441; x_wconf 90' lang='lat' dir='ltr'><strong>caro</strong></span> <span class='ocrx_word' id='word_1_763' title='bbox 1454 5385 1593 5441; x_wconf 91' lang='lat' dir='ltr'><strong>cinis</strong></span> <span class='ocrx_word' id='word_1_764' title='bbox 1624 5397 1677 5440; x_wconf 90' lang='lat' dir='ltr'><strong>et</strong></span> <span class='ocrx_word' id='word_1_765' title='bbox 1706 5386 1918 5455; x_wconf 73' lang='lat' dir='ltr'><strong>fenum,</strong></span> <span class='ocrx_word' id='word_1_766' title='bbox 1955 5395 2010 5442; x_wconf 91' lang='lat' dir='ltr'><strong>et</strong></span> <span class='ocrx_word' id='word_1_767' title='bbox 2038 5396 2097 5442; x_wconf 89' lang='lat' dir='ltr'><strong>ut</strong></span> 
     </span>
    </p>
   </div>
   <div class='ocr_carea' id='block_1_99' title="bbox 503 5481 2093 5553">
    <p class='ocr_par' dir='ltr' id='par_1_99' title="bbox 503 5481 2093 5553">
     <span class='ocr_line' id='line_1_99' title="bbox 503 5481 2093 5553; baseline 0 -16"><span class='ocrx_word' id='word_1_768' title='bbox 503 5484 689 5540; x_wconf 89' lang='lat' dir='ltr'><strong>verius</strong></span> <span class='ocrx_word' id='word_1_769' title='bbox 736 5481 952 5551; x_wconf 87' lang='lat' dir='ltr'><strong>dicam,</strong></span> <span class='ocrx_word' id='word_1_770' title='bbox 1004 5497 1182 5536; x_wconf 90' lang='lat' dir='ltr'><strong>massa</strong></span> <span class='ocrx_word' id='word_1_771' title='bbox 1232 5481 1577 5553; x_wconf 88' lang='lat' dir='ltr'><strong>putredinis,</strong></span> <span class='ocrx_word' id='word_1_772' title='bbox 1626 5482 1780 5539; x_wconf 90' lang='lat' dir='ltr'><strong>cibus</strong></span> <span class='ocrx_word' id='word_1_773' title='bbox 1828 5485 2093 5539; x_wconf 88' lang='lat' dir='ltr'><strong>vermium</strong></span> 
     </span>
    </p>
   </div>
   <div class='ocr_carea' id='block_1_100' title="bbox 503 5573 2096 5644">
    <p class='ocr_par' dir='ltr' id='par_1_100' title="bbox 503 5573 2096 5644">
     <span class='ocr_line' id='line_1_100' title="bbox 503 5573 2096 5644; baseline -0.001 -13"><span class='ocrx_word' id='word_1_774' title='bbox 503 5585 558 5631; x_wconf 87' lang='lat' dir='ltr'><strong>et</strong></span> <span class='ocrx_word' id='word_1_775' title='bbox 584 5575 972 5630; x_wconf 85' lang='lat' dir='ltr'><strong>fetidissimum</strong></span> <span class='ocrx_word' id='word_1_776' title='bbox 1002 5576 1245 5628; x_wconf 87' lang='lat' dir='ltr'><strong>stercus?</strong></span> <span class='ocrx_word' id='word_1_777' title='bbox 1276 5573 1412 5642; x_wconf 91' lang='lat' dir='ltr'><strong>Quid</strong></span> <span class='ocrx_word' id='word_1_778' title='bbox 1441 5574 1493 5628; x_wconf 90' lang='lat' dir='ltr'><strong>in</strong></span> <span class='ocrx_word' id='word_1_779' title='bbox 1523 5582 1573 5628; x_wconf 91' lang='lat' dir='ltr'><strong>te</strong></span> <span class='ocrx_word' id='word_1_780' title='bbox 1603 5573 1907 5629; x_wconf 87' lang='lat' dir='ltr'><strong>mirandum</strong></span> <span class='ocrx_word' id='word_1_781' title='bbox 1927 5620 1940 5643; x_wconf 92' lang='lat'><strong>,</strong></span> <span class='ocrx_word' id='word_1_782' title='bbox 1968 5574 2096 5644; x_wconf 88' lang='lat' dir='ltr'><strong>quid</strong></span> 
     </span>
    </p>
   </div>
   <div class='ocr_carea' id='block_1_101' title="bbox 503 5666 2099 5739">
    <p class='ocr_par' dir='ltr' id='par_1_101' title="bbox 503 5666 2099 5739">
     <span class='ocr_line' id='line_1_101' title="bbox 503 5666 2099 5739; baseline -0.001 -16"><span class='ocrx_word' id='word_1_783' title='bbox 503 5668 833 5724; x_wconf 86' lang='lat' dir='ltr'><strong>laudandum</strong></span> <span class='ocrx_word' id='word_1_784' title='bbox 867 5681 1162 5739; x_wconf 91' lang='lat' dir='ltr'><strong>puerorum</strong></span> <span class='ocrx_word' id='word_1_785' title='bbox 1189 5667 1602 5737; x_wconf 88' lang='lat' dir='ltr'><strong>spectaculum?</strong></span> <span class='ocrx_word' id='word_1_786' title='bbox 1628 5666 1817 5722; x_wconf 88' lang='lat' dir='ltr'><strong>Nonne</strong></span> <span class='ocrx_word' id='word_1_787' title='bbox 1842 5674 1896 5722; x_wconf 87' lang='lat' dir='ltr'><strong>et</strong></span> <span class='ocrx_word' id='word_1_788' title='bbox 1918 5670 1961 5721; x_wconf 91' lang='lat' dir='ltr'><strong>si</strong></span> <span class='ocrx_word' id='word_1_789' title='bbox 1982 5669 2099 5722; x_wconf 86' lang='lat' dir='ltr'><strong>lau-</strong></span> 
     </span>
    </p>
   </div>
   <div class='ocr_carea' id='block_1_102' title="bbox 511 5758 2100 5832">
    <p class='ocr_par' dir='ltr' id='par_1_102' title="bbox 511 5758 2100 5832">
     <span class='ocr_line' id='line_1_102' title="bbox 511 5758 2100 5832; baseline 0.002 -18"><span class='ocrx_word' id='word_1_790' title='bbox 511 5760 670 5817; x_wconf 89' lang='lat' dir='ltr'><strong>detur</strong></span> <span class='ocrx_word' id='word_1_791' title='bbox 709 5776 1042 5831; x_wconf 85' lang='lat' dir='ltr'><strong>gemmarum</strong></span> <span class='ocrx_word' id='word_1_792' title='bbox 1086 5767 1145 5817; x_wconf 83' lang='lat' dir='ltr'><strong>et</strong></span> <span class='ocrx_word' id='word_1_793' title='bbox 1190 5758 1529 5815; x_wconf 85' lang='lat' dir='ltr'><strong>metallorum</strong></span> <span class='ocrx_word' id='word_1_794' title='bbox 1561 5759 1870 5831; x_wconf 88' lang='lat' dir='ltr'><strong>pretiositas</strong></span> <span class='ocrx_word' id='word_1_795' title='bbox 1897 5800 1913 5827; x_wconf 90' lang='lat'><strong>,</strong></span> <span class='ocrx_word' id='word_1_796' title='bbox 1938 5775 2100 5832; x_wconf 90' lang='lat' dir='ltr'><strong>quam</strong></span> 
     </span>
    </p>
   </div>
   <div class='ocr_carea' id='block_1_103' title="bbox 2188 4640 3813 4712">
    <p class='ocr_par' dir='ltr' id='par_1_103' title="bbox 2188 4640 3813 4712">
     <span class='ocr_line' id='line_1_103' title="bbox 2188 4640 3813 4712; baseline -0.001 -17"><span class='ocrx_word' id='word_1_797' title='bbox 2188 4641 2352 4696; x_wconf 86' lang='lat' dir='ltr'><strong>Deum</strong></span> <span class='ocrx_word' id='word_1_798' title='bbox 2397 4640 2692 4711; x_wconf 86' lang='lat' dir='ltr'><strong>adjutorem</strong></span> <span class='ocrx_word' id='word_1_799' title='bbox 2742 4641 2833 4694; x_wconf 86' lang='lat' dir='ltr'><strong>tibi</strong></span> <span class='ocrx_word' id='word_1_800' title='bbox 2858 4682 2873 4702; x_wconf 83' lang='lat'><strong>.</strong></span> <span class='ocrx_word' id='word_1_801' title='bbox 2916 4640 3006 4695; x_wconf 84' lang='lat' dir='ltr'><strong>sed</strong></span> <span class='ocrx_word' id='word_1_802' title='bbox 3041 4644 3285 4712; x_wconf 82' lang='lat' dir='ltr'><strong>sperasti</strong></span> <span class='ocrx_word' id='word_1_803' title='bbox 3328 4644 3397 4699; x_wconf 82' lang='lat' dir='ltr'><strong>in</strong></span> <span class='ocrx_word' id='word_1_804' title='bbox 3444 4646 3693 4700; x_wconf 76' lang='lat' dir='ltr'><strong>vanitate</strong></span> <span class='ocrx_word' id='word_1_805' title='bbox 3732 4651 3813 4695; x_wconf 79' lang='lat' dir='ltr'><strong>tua</strong></span> 
     </span>
    </p>
   </div>
   <div class='ocr_carea' id='block_1_104' title="bbox 2187 4731 3826 4809">
    <p class='ocr_par' dir='ltr' id='par_1_104' title="bbox 2187 4731 3826 4809">
     <span class='ocr_line' id='line_1_104' title="bbox 2187 4731 3826 4809; baseline -0.002 -19"><span class='ocrx_word' id='word_1_806' title='bbox 2187 4734 2316 4790; x_wconf 85' lang='lat' dir='ltr'><strong>sede</strong></span> <span class='ocrx_word' id='word_1_807' title='bbox 2353 4734 2463 4804; x_wconf 89' lang='lat' dir='ltr'><strong>jam</strong></span> <span class='ocrx_word' id='word_1_808' title='bbox 2509 4747 2673 4803; x_wconf 91' lang='lat' dir='ltr'><strong>super</strong></span> <span class='ocrx_word' id='word_1_809' title='bbox 2716 4731 2939 4787; x_wconf 85' lang='lat' dir='ltr'><strong>ﬂumina</strong></span> <span class='ocrx_word' id='word_1_810' title='bbox 2970 4732 3288 4805; x_wconf 85' lang='lat' dir='ltr'><strong>Babylonis</strong></span> <span class='ocrx_word' id='word_1_811' title='bbox 3320 4752 3338 4791; x_wconf 92' lang='lat'><strong>:</strong></span> <span class='ocrx_word' id='word_1_812' title='bbox 3391 4736 3621 4809; x_wconf 82' lang='lat' dir='ltr'><strong>plange</strong></span> <span class='ocrx_word' id='word_1_813' title='bbox 3650 4745 3711 4793; x_wconf 82' lang='lat' dir='ltr'><strong>et</strong></span> <span class='ocrx_word' id='word_1_814' title='bbox 3738 4747 3826 4789; x_wconf 86' lang='lat' dir='ltr'><strong>sus</strong></span> 
     </span>
    </p>
   </div>
   <div class='ocr_carea' id='block_1_105' title="bbox 2188 4825 3827 4897">
    <p class='ocr_par' dir='ltr' id='par_1_105' title="bbox 2188 4825 3827 4897">
     <span class='ocr_line' id='line_1_105' title="bbox 2188 4825 3827 4897; baseline -0.001 -15"><span class='ocrx_word' id='word_1_815' title='bbox 2188 4827 2362 4897; x_wconf 83' lang='lat' dir='ltr'><strong>pende</strong></span> <span class='ocrx_word' id='word_1_816' title='bbox 2406 4827 2459 4881; x_wconf 91' lang='lat' dir='ltr'><strong>in</strong></span> <span class='ocrx_word' id='word_1_817' title='bbox 2509 4825 2770 4881; x_wconf 88' lang='lat' dir='ltr'><strong>salicibus</strong></span> <span class='ocrx_word' id='word_1_818' title='bbox 2818 4842 3021 4895; x_wconf 85' lang='lat' dir='ltr'><strong>organa</strong></span> <span class='ocrx_word' id='word_1_819' title='bbox 3050 4868 3066 4893; x_wconf 94' lang='lat'><strong>,</strong></span> <span class='ocrx_word' id='word_1_820' title='bbox 3116 4825 3264 4882; x_wconf 89' lang='lat' dir='ltr'><strong>dum</strong></span> <span class='ocrx_word' id='word_1_821' title='bbox 3316 4831 3678 4887; x_wconf 85' lang='lat' dir='ltr'><strong>recordaris</strong></span> <span class='ocrx_word' id='word_1_822' title='bbox 3727 4826 3827 4883; x_wconf 87' lang='lat' dir='ltr'><strong>ttnd</strong></span> 
     </span>
    </p>
   </div>
   <div class='ocr_carea' id='block_1_106' title="bbox 2188 4917 3829 4993">
    <p class='ocr_par' dir='ltr' id='par_1_106' title="bbox 2188 4917 3829 4993">
     <span class='ocr_line' id='line_1_106' title="bbox 2188 4917 3829 4993; baseline -0.004 -15"><span class='ocrx_word' id='word_1_823' title='bbox 2188 4920 2415 4993; x_wconf 88' lang='lat' dir='ltr'><strong>expulsa</strong></span> <span class='ocrx_word' id='word_1_824' title='bbox 2442 4935 2521 4976; x_wconf 90' lang='lat' dir='ltr'><strong>es.</strong></span> <span class='ocrx_word' id='word_1_825' title='bbox 2572 4917 2711 4974; x_wconf 91' lang='lat' dir='ltr'><strong>Nam</strong></span> <span class='ocrx_word' id='word_1_826' title='bbox 2741 4933 2862 4989; x_wconf 83' lang='lat' dir='ltr'><strong>quae</strong></span> <span class='ocrx_word' id='word_1_827' title='bbox 2885 4918 3101 4975; x_wconf 86' lang='lat' dir='ltr'><strong>solebas</strong></span> <span class='ocrx_word' id='word_1_828' title='bbox 3126 4929 3393 4978; x_wconf 84' lang='lat' dir='ltr'><strong>cantare</strong></span> <span class='ocrx_word' id='word_1_829' title='bbox 3422 4924 3731 4980; x_wconf 84' lang='lat' dir='ltr'><strong>canticum</strong></span> <span class='ocrx_word' id='word_1_830' title='bbox 3758 4920 3829 4975; x_wconf 77' lang='lat' dir='ltr'><strong>lat</strong></span> 
     </span>
    </p>
   </div>
   <div class='ocr_carea' id='block_1_107' title="bbox 2195 5014 3833 5087">
    <p class='ocr_par' dir='ltr' id='par_1_107' title="bbox 2195 5014 3833 5087">
     <span class='ocr_line' id='line_1_107' title="bbox 2195 5014 3833 5087; baseline 0 -15"><span class='ocrx_word' id='word_1_831' title='bbox 2195 5016 2279 5072; x_wconf 90' lang='lat' dir='ltr'><strong>dis</strong></span> <span class='ocrx_word' id='word_1_832' title='bbox 2320 5027 2376 5073; x_wconf 90' lang='lat' dir='ltr'><strong>et</strong></span> <span class='ocrx_word' id='word_1_833' title='bbox 2414 5015 2656 5072; x_wconf 66' lang='lat' dir='ltr'><strong>laetitiae:</strong></span> <span class='ocrx_word' id='word_1_834' title='bbox 2690 5015 2853 5071; x_wconf 90' lang='lat' dir='ltr'><strong>modo</strong></span> <span class='ocrx_word' id='word_1_835' title='bbox 2882 5014 3066 5087; x_wconf 88' lang='lat' dir='ltr'><strong>ploras</strong></span> <span class='ocrx_word' id='word_1_836' title='bbox 3093 5014 3161 5071; x_wconf 87' lang='lat' dir='ltr'><strong>ad</strong></span> <span class='ocrx_word' id='word_1_837' title='bbox 3200 5024 3455 5076; x_wconf 84' lang='lat' dir='ltr'><strong>terram</strong></span> <span class='ocrx_word' id='word_1_838' title='bbox 3496 5020 3757 5078; x_wconf 87' lang='lat' dir='ltr'><strong>alienam</strong></span> <span class='ocrx_word' id='word_1_839' title='bbox 3787 5016 3833 5072; x_wconf 66' lang='lat' dir='ltr'><strong>dt</strong></span> 
     </span>
    </p>
   </div>
   <div class='ocr_carea' id='block_1_108' title="bbox 2195 5109 2374 5166">
    <p class='ocr_par' dir='ltr' id='par_1_108' title="bbox 2195 5109 2374 5166">
     <span class='ocr_line' id='line_1_108' title="bbox 2195 5109 2374 5166; baseline -0.011 0"><span class='ocrx_word' id='word_1_840' title='bbox 2195 5109 2374 5166; x_wconf 89' lang='lat' dir='ltr'><strong>ducta.</strong></span> 
     </span>
    </p>
   </div>
   <div class='ocr_carea' id='block_1_109' title="bbox 2768 5179 3327 5237">
    <p class='ocr_par' dir='ltr' id='par_1_109' title="bbox 2768 5179 3327 5237">
     <span class='ocr_line' id='line_1_109' title="bbox 2768 5179 3327 5237; baseline -0.002 0"><span class='ocrx_word' id='word_1_841' title='bbox 2768 5179 2997 5237; x_wconf 81' lang='lat' dir='ltr'><strong>CAPUT</strong></span> <span class='ocrx_word' id='word_1_842' title='bbox 3047 5179 3230 5236; x_wconf 80' lang='lat' dir='ltr'><strong>XXX.</strong></span> <span class='ocrx_word' id='word_1_843' title='bbox 3320 5204 3327 5210; x_wconf 59' lang='lat'>&#39;</span> 
     </span>
    </p>
   </div>
   <div class='ocr_carea' id='block_1_110' title="bbox 2432 5274 3645 5351">
    <p class='ocr_par' dir='ltr' id='par_1_110' title="bbox 2432 5274 3645 5351">
     <span class='ocr_line' id='line_1_110' title="bbox 2432 5274 3645 5351; baseline 0.004 -21"><span class='ocrx_word' id='word_1_844' title='bbox 2432 5275 2510 5332; x_wconf 88' lang='lat' dir='ltr'><strong>De</strong></span> <span class='ocrx_word' id='word_1_845' title='bbox 2537 5274 2951 5331; x_wconf 82' lang='lat' dir='ltr'><strong>consideratione</strong></span> <span class='ocrx_word' id='word_1_846' title='bbox 2976 5275 3199 5330; x_wconf 73' lang='lat' dir='ltr'><strong>extremi</strong></span> <span class='ocrx_word' id='word_1_847' title='bbox 3230 5275 3365 5332; x_wconf 83' lang='lat' dir='ltr'><strong>diei</strong></span> <span class='ocrx_word' id='word_1_848' title='bbox 3387 5278 3645 5351; x_wconf 70' lang='lat' dir='ltr'><strong>iudicii.</strong></span> 
     </span>
    </p>
   </div>
   <div class='ocr_carea' id='block_1_111' title="bbox 2271 5390 3836 5468">
    <p class='ocr_par' dir='ltr' id='par_1_111' title="bbox 2271 5390 3836 5468">
     <span class='ocr_line' id='line_1_111' title="bbox 2271 5390 3836 5468; baseline 0.001 -21"><span class='ocrx_word' id='word_1_849' title='bbox 2271 5394 2487 5463; x_wconf 89' lang='lat' dir='ltr'><strong>Itaque,</strong></span> <span class='ocrx_word' id='word_1_850' title='bbox 2519 5391 2855 5447; x_wconf 61' lang='lat' dir='ltr'><strong>charissima:</strong></span> <span class='ocrx_word' id='word_1_851' title='bbox 2886 5390 3149 5457; x_wconf 66' lang='lat' dir='ltr'><strong>dominae,</strong></span> <span class='ocrx_word' id='word_1_852' title='bbox 3200 5405 3361 5449; x_wconf 90' lang='lat' dir='ltr'><strong>cum</strong></span> <span class='ocrx_word' id='word_1_853' title='bbox 3400 5395 3719 5468; x_wconf 81' lang='lat' dir='ltr'><strong>Apostolo</strong></span> <span class='ocrx_word' id='word_1_854' title='bbox 3752 5394 3836 5449; x_wconf 81' lang='lat' dir='ltr'><strong>arl</strong></span> 
     </span>
    </p>
   </div>
   <div class='ocr_carea' id='block_1_112' title="bbox 2200 5485 3836 5560">
    <p class='ocr_par' dir='ltr' id='par_1_112' title="bbox 2200 5485 3836 5560">
     <span class='ocr_line' id='line_1_112' title="bbox 2200 5485 3836 5560; baseline 0.002 -20"><span class='ocrx_word' id='word_1_855' title='bbox 2200 5487 2415 5542; x_wconf 91' lang='lat' dir='ltr'><strong>tremini</strong></span> <span class='ocrx_word' id='word_1_856' title='bbox 2445 5502 2543 5541; x_wconf 91' lang='lat' dir='ltr'><strong>vos</strong></span> <span class='ocrx_word' id='word_1_857' title='bbox 2590 5487 2643 5542; x_wconf 92' lang='lat' dir='ltr'><strong>in</strong></span> <span class='ocrx_word' id='word_1_858' title='bbox 2689 5485 2795 5541; x_wconf 88' lang='lat' dir='ltr'><strong>hoc</strong></span> <span class='ocrx_word' id='word_1_859' title='bbox 2844 5485 3046 5541; x_wconf 68' lang='lat' dir='ltr'><strong>smculo</strong></span> <span class='ocrx_word' id='word_1_860' title='bbox 3076 5491 3393 5557; x_wconf 83' lang='lat' dir='ltr'><strong>stercora,</strong></span> <span class='ocrx_word' id='word_1_861' title='bbox 3432 5498 3503 5546; x_wconf 84' lang='lat' dir='ltr'><strong>et</strong></span> <span class='ocrx_word' id='word_1_862' title='bbox 3536 5490 3753 5547; x_wconf 84' lang='lat' dir='ltr'><strong>mundi</strong></span> <span class='ocrx_word' id='word_1_863' title='bbox 3782 5504 3836 5560; x_wconf 83' lang='lat' dir='ltr'><strong>pt</strong></span> 
     </span>
    </p>
   </div>
   <div class='ocr_carea' id='block_1_113' title="bbox 2200 5578 3832 5655">
    <p class='ocr_par' dir='ltr' id='par_1_113' title="bbox 2200 5578 3832 5655">
     <span class='ocr_line' id='line_1_113' title="bbox 2200 5578 3832 5655; baseline 0.004 -22"><span class='ocrx_word' id='word_1_864' title='bbox 2200 5588 2450 5649; x_wconf 87' lang='lat' dir='ltr'><strong>gamenta</strong></span> <span class='ocrx_word' id='word_1_865' title='bbox 2481 5596 2495 5634; x_wconf 91' lang='lat'><strong>:</strong></span> <span class='ocrx_word' id='word_1_866' title='bbox 2528 5588 2587 5634; x_wconf 92' lang='lat' dir='ltr'><strong>ut</strong></span> <span class='ocrx_word' id='word_1_867' title='bbox 2629 5593 2834 5650; x_wconf 89' lang='lat' dir='ltr'><strong>sponso</strong></span> <span class='ocrx_word' id='word_1_868' title='bbox 2874 5585 3060 5633; x_wconf 88' lang='lat' dir='ltr'><strong>vestro</strong></span> <span class='ocrx_word' id='word_1_869' title='bbox 3107 5578 3377 5650; x_wconf 82' lang='lat' dir='ltr'><strong>placere</strong></span> <span class='ocrx_word' id='word_1_870' title='bbox 3421 5585 3718 5655; x_wconf 85' lang='lat' dir='ltr'><strong>possitis.</strong></span> <span class='ocrx_word' id='word_1_871' title='bbox 3768 5584 3832 5639; x_wconf 74' lang='lat' dir='ltr'><strong>Ni</strong></span> 
     </span>
    </p>
   </div>
   <div class='ocr_carea' id='block_1_114' title="bbox 2203 5670 3836 5746">
    <p class='ocr_par' dir='ltr' id='par_1_114' title="bbox 2203 5670 3836 5746">
     <span class='ocr_line' id='line_1_114' title="bbox 2203 5670 3836 5746; baseline 0.002 -20"><span class='ocrx_word' id='word_1_872' title='bbox 2203 5671 2272 5727; x_wconf 90' lang='lat' dir='ltr'><strong>ad</strong></span> <span class='ocrx_word' id='word_1_873' title='bbox 2312 5686 2409 5728; x_wconf 91' lang='lat' dir='ltr'><strong>vos</strong></span> <span class='ocrx_word' id='word_1_874' title='bbox 2436 5672 2504 5728; x_wconf 90' lang='lat' dir='ltr'><strong>de</strong></span> <span class='ocrx_word' id='word_1_875' title='bbox 2533 5673 2745 5743; x_wconf 91' lang='lat' dir='ltr'><strong>pompis</strong></span> <span class='ocrx_word' id='word_1_876' title='bbox 2772 5672 2958 5728; x_wconf 57' lang='grc' dir='ltr'><strong>δεῖευιί</strong></span> <span class='ocrx_word' id='word_1_877' title='bbox 2983 5670 3185 5728; x_wconf 89' lang='lat' dir='ltr'><strong>attinet</strong></span> <span class='ocrx_word' id='word_1_878' title='bbox 3218 5690 3236 5726; x_wconf 92' lang='lat'><strong>:</strong></span> <span class='ocrx_word' id='word_1_879' title='bbox 3276 5690 3436 5746; x_wconf 73' lang='lat' dir='ltr'><strong>qua:</strong></span> <span class='ocrx_word' id='word_1_880' title='bbox 3463 5677 3836 5736; x_wconf 81' lang='lat' dir='ltr'><strong>abrenuntia</strong></span> 
     </span>
    </p>
   </div>
   <div class='ocr_carea' id='block_1_115' title="bbox 2206 5764 3810 5847">
    <p class='ocr_par' dir='ltr' id='par_1_115' title="bbox 2206 5764 3810 5847">
     <span class='ocr_line' id='line_1_115' title="bbox 2206 5764 3810 5847; baseline 0.003 -25"><span class='ocrx_word' id='word_1_881' title='bbox 2206 5766 2305 5824; x_wconf 83' lang='lat' dir='ltr'><strong>stis</strong></span> <span class='ocrx_word' id='word_1_882' title='bbox 2348 5765 2402 5825; x_wconf 92' lang='lat' dir='ltr'><strong>in</strong></span> <span class='ocrx_word' id='word_1_883' title='bbox 2431 5766 2760 5840; x_wconf 87' lang='lat' dir='ltr'><strong>baptismate</strong></span> <span class='ocrx_word' id='word_1_884' title='bbox 2790 5766 2994 5824; x_wconf 92' lang='lat' dir='ltr'><strong>mundo</strong></span> <span class='ocrx_word' id='word_1_885' title='bbox 3018 5808 3033 5833; x_wconf 91' lang='lat'><strong>,</strong></span> <span class='ocrx_word' id='word_1_886' title='bbox 3083 5764 3351 5825; x_wconf 85' lang='lat' dir='ltr'><strong>diabolo</strong></span> <span class='ocrx_word' id='word_1_887' title='bbox 3373 5813 3393 5839; x_wconf 89' lang='lat'><strong>,</strong></span> <span class='ocrx_word' id='word_1_888' title='bbox 3456 5781 3530 5830; x_wconf 82' lang='lat' dir='ltr'><strong>et</strong></span> <span class='ocrx_word' id='word_1_889' title='bbox 3556 5774 3810 5847; x_wconf 87' lang='lat' dir='ltr'><strong>pompis</strong></span> 
     </span>
    </p>
   </div>
  </div>
