3918 6294
198 384 291 451 ll‘l

1435 322 1722 442 REGULA
1762 370 2275 438 MONACHARUM.

3382 372 3491 441 418

199 526 356 569 rum:
399 508 548 583 quod
585 518 642 568 et
667 505 1032 582 postmodum
1062 506 1433 567 confirmastis
1460 506 1561 563 sub
1585 502 1799 576 pollici-
1823 502 1879 563 A
1902 500 2093 569 grandi
2122 499 2345 556 minime
2372 508 2598 571 possunt
2628 497 2841 558 haberi.
2875 494 3246 558 Histrionibus
3265 508 3322 558 et
3346 500 3494 558 luso-

201 605 401 660 tatione
445 604 784 675 juramenti,
836 604 891 660 in
941 612 1137 660 vestrae
1185 599 1474 672 religionis
1519 600 1788 669 ingressu.

200 697 391 755 Nullus
413 712 671 769 umquam
700 697 847 754 inter
874 712 975 753 vos
1002 711 1186 753 sermo
1215 695 1476 751 habeatur
1500 691 1569 748 de
1598 690 1796 747 nobili-

199 790 402 849 tatibus
430 791 650 864 generis
674 833 690 861 ,
740 790 812 848 de
852 790 1106 862 prosapia
1134 789 1336 846 carnis.
1382 788 1464 844 Sit
1488 786 1711 858 aequalis
1738 786 1791 841 in

198 884 292 943 Dei
324 884 590 959 obsequio
614 933 630 957 ,
659 884 773 941 ﬁlia
802 887 946 959 regis
966 927 983 953 ,
1011 885 1127 942 sive
1148 884 1360 941 rustici.
1401 883 1603 938 Omnes
1632 879 1793 935 simul

197 980 573 1049 nobilitatem,
608 990 663 1037 et
697 979 1016 1051 dignitatem
1042 994 1205 1035 unam
1239 976 1452 1032 habetis
1481 990 1545 1031 ex
1568 987 1790 1045 sponso.

198 1072 425 1130 Exeatis
453 1073 714 1129 continue
743 1081 899 1129 extra
926 1080 1112 1127 castra
1139 1086 1263 1127 cum
1288 1068 1508 1125 Christo
1532 1086 1545 1121 :
1578 1078 1639 1121 ut
1667 1080 1791 1121 cum

198 1165 422 1223 Christo
466 1164 861 1238 crucifigamini
908 1164 1112 1221 mundo
1171 1172 1229 1220 et
1272 1162 1462 1229 vitiis,
1513 1167 1793 1231 portantes

198 1274 316 1316 cum
348 1260 472 1330 ipso
500 1259 838 1331 improperia
864 1276 877 1312 :
908 1266 965 1315 et
989 1272 1177 1314 amore
1197 1257 1338 1327 ejus,
1369 1255 1671 1312 officiorum
1696 1253 1794 1309 do-

201 1366 321 1408 mus
346 1351 505 1408 labor
530 1351 710 1408 dulcis
739 1360 1018 1425 appareat.

269 1442 388 1500 Non
435 1443 748 1515 disputetur
790 1443 861 1500 de
891 1444 1205 1515 majoritate
1228 1442 1533 1500 ofﬁciorum
1553 1482 1569 1509 ,
1602 1440 1699 1497 sed
1725 1439 1794 1496 de

211 1538 494 1595 devotione
557 1546 615 1594 et
672 1538 870 1595 ati’ectu
927 1538 1417 1609 implorandorum.
1491 1536 1793 1606 Numquam

207 1649 464 1701 murmur,
510 1647 810 1704 numquam
857 1631 1151 1688 verborum
1187 1629 1423 1700 turpium
1451 1673 1467 1700 ,
1500 1643 1795 1699 numquam

202 1728 369 1783 litium
390 1726 633 1797 sonitus,
658 1726 803 1783 inter
832 1736 1075 1782 mortuas
1103 1725 1289 1781 saeculi
1320 1732 1537 1781 sonent.
1575 1723 1795 1794 Sepulta

201 1823 466 1877 cadavera
506 1835 805 1892 numquam
854 1818 1001 1875 inter
1050 1818 1303 1889 sejurgia
1334 1826 1599 1889 peragunt
1627 1817 1679 1870 in
1708 1830 1797 1870 se-

1896 592 2052 649 ribus
2084 609 2272 665 regum
2303 603 2359 649 et
2406 594 2710 666 principum
2746 596 2972 663 saeculi,
3013 594 3197 651 mollia
3245 605 3372 650 sunt
3408 610 3496 651 re-

1895 687 2211 755 linquenda.
2268 687 2492 744 Joannis
2518 688 2587 745 de
2615 690 2741 761 pilis
2768 690 3100 745 camelorum
3138 689 3365 745 interest
3396 705 3493 747 ve-

1896 780 2036 835 stiri.
2083 781 2287 836 Pudeat
2340 780 2506 853 igitur
2554 781 2838 853 religionis
2865 798 3065 839 nomen
3098 780 3321 850 habere,
3352 790 3408 838 et
3430 796 3492 839 se

1896 876 2045 929 cultu
2074 876 2307 931 vestium
2335 875 2658 932 histrionem
2686 876 2996 933 ostendere.
3030 874 3271 948 Ideoque
3292 915 3312 946 ,
3360 876 3494 932 cha-

1895 966 2161 1034 rissimae,
2207 968 2333 1023 volo
2379 983 2477 1024 vos
2525 975 2770 1025 mortuas
2820 968 3056 1036 saeculo,
3096 984 3217 1041 quae
3256 966 3493 1024 totaliter

1895 1060 2159 1115 mundum
2187 1060 2472 1128 calcastis,
2503 1060 2810 1133 procedere
2836 1060 2917 1118 sic
2938 1060 3168 1117 deformi
3199 1067 3255 1117 et
3278 1059 3492 1115 incom-

1896 1154 2074 1223 posita
2105 1165 2288 1210 ve5te:
2314 1154 2459 1225 quod
2489 1154 2535 1210 si
2569 1154 2857 1226 impudicis
2876 1153 3048 1210 oculis
3076 1153 3265 1209 liceret
3294 1151 3491 1208 intueri

1894 1262 2014 1316 vos,
2044 1249 2184 1305 risus
2213 1250 2394 1320 potius
2422 1261 3008 1321 provocareturquam
3036 1250 3294 1320 cogitatio
3323 1249 3487 1304 mala.

1903 1342 2103 1398 Fateor
2143 1345 2359 1415 quidem
2391 1346 2513 1399 illos
2537 1346 2755 1401 mentiri
2781 1392 2796 1413 ,
2842 1346 2932 1417 qui
2960 1345 3266 1414 gloriantur
3291 1359 3351 1398 se
3379 1357 3493 1399 ser-

1900 1451 2032 1492 vare
2060 1439 2362 1494 castitatem
2391 1455 2404 1492 :
2437 1448 2490 1493 et
2518 1438 2573 1494 in
2601 1438 2846 1494 vestibus
2876 1437 3241 1494 iubricitatem
3279 1447 3492 1493 sectan-

1897 1540 2007 1586 tur.
2058 1531 2277 1587 Pannus
2322 1533 2507 1604 itaque
2552 1545 2756 1602 vester,
2798 1542 2852 1588 et
2880 1533 2925 1587 si
2956 1532 3108 1589 albus
3130 1540 3185 1588 et
3209 1530 3490 1596 candidus,

1899 1634 2081 1682 tamen
2109 1642 2334 1696 grossus
2357 1636 2411 1681 et
2441 1626 2567 1681 vilis
2603 1627 2675 1682 sit
2699 1644 2712 1681 :
2741 1634 2880 1682 utet
2906 1625 3057 1681 color
3085 1623 3381 1681 candorem
3406 1639 3496 1680 ca-

1899 1718 2102 1773 stitatis
2133 1719 2525 1786 intrinsecum,
2558 1730 2614 1775 et
2649 1719 2828 1775 unitas
2854 1726 3226 1789 contemptum
3251 1725 3498 1773 terreno-

1900 1827 2023 1868 rum
2048 1812 2361 1870 exhibeant.
2418 1813 2547 1869 Haec
2577 1814 2748 1885 gloria
2777 1813 3169 1871 monacharum
3196 1830 3212 1868 :
3245 1810 3349 1867 hoc
3378 1818 3497 1866 stu-

202 1913 429 1984 pulcris,
460 1927 761 1983 numquam
795 1911 1208 1983 blasphemaut,
1241 1925 1533 1981 numquam
1566 1918 1795 1964 conten—
1824 1906 1873 1966 B
1899 1905 2046 1962 dium
2090 1908 2467 1978 religiosarum
2500 1909 2762 1963 mentium
2792 1927 2803 1961 :
2848 1908 2953 1963 hoc
2987 1905 3241 1963 indicium
3267 1920 3496 1977 sponsa-

200 2008 369 2065 dunt:
405 2006 489 2063 sic
517 2016 572 2063 et
602 2022 702 2061 vos
721 2048 737 2071 ,
767 2006 1140 2072 charissimte,
1169 2005 1361 2076 sopita:
1382 2020 1577 2061 somno
1597 2003 1797 2075 quietis

200 2109 250 2154 et
274 2100 429 2170 pacis
478 2098 815 2170 exspectetis
847 2113 1112 2170 sponsum
1162 2108 1218 2153 et
1242 2097 1479 2168 judicem
1521 2106 1794 2153 vestrum:

200 2193 530 2264 exspectetis
595 2207 851 2263 magnum
908 2200 965 2248 et
1020 2190 1324 2247 terribilem
1378 2191 1520 2246 diem
1564 2190 1794 2260 judicii,

198 2289 338 2343 diem
364 2285 623 2343 videlicet
653 2287 772 2350 irm,
805 2285 950 2342 diem
975 2285 1304 2340 calamitatis
1329 2301 1343 2339 :
1376 2284 1467 2339 ubi
1496 2282 1693 2340 caelum
1720 2282 1796 2337 si-

200 2382 307 2437 mul
336 2396 466 2437 cum
497 2389 643 2437 terra
667 2380 919 2450 pavebit,
971 2380 1238 2435 caelorum
1286 2392 1475 2434 omnes
1499 2378 1799 2434 movebun-

202 2484 282 2532 tur
310 2476 579 2540 virtutes,
610 2482 909 2531 trementes
931 2483 1093 2529 erunt
1119 2475 1300 2544 angeli
1326 2472 1490 2529 simul
1517 2488 1642 2529 cum
1669 2487 1798 2529 san-

202 2566 302 2621 ctis
354 2567 661 2623 omnibus:
714 2574 843 2622 tunc
882 2566 1220 2638 singulorum
1269 2566 1396 2621 vitae
1438 2566 1801 2622 discutientur

207 2659 542 2728 discrimina,
572 2669 630 2716 et
657 2659 852 2716 merita
879 2660 1237 2730 apparebunt.
1298 2660 1528 2733 Semper
1555 2661 1681 2718 tuba
1710 2661 1800 2716 illa

218 2755 459 2811 terribilis
490 2755 690 2811 vestris
711 2761 1022 2826 perstrepat
1039 2754 1298 2811 auribus:
1329 2756 1563 2828 Surgite,
1589 2757 1797 2823 mortui,

216 2846 375 2901 uenite
394 2847 459 2899 ad
477 2848 767 2920 judicium.
812 2847 958 2904 Ecce
979 2864 1075 2904 rex
1103 2848 1160 2904 in
1190 2865 1352 2905 manu
1383 2851 1585 2919 potenti
1614 2851 1797 2906 venit:

210 2954 240 2993 δ
268 2943 473 2998 cunctis
501 2943 616 2998 vult
648 2945 869 3015 exigere
900 2946 1167 3000 rationem
1190 2986 1206 3014 ,
1252 2952 1404 3001 certe
1425 2946 1494 3002 de
1517 2948 1802 3019 cogitatio-

205 3034 362 3091 nibus
384 3036 654 3102 minimis,
681 3044 832 3093 certe
857 3036 925 3092 de
953 3036 1166 3093 levibus
1193 3048 1248 3094 et
1280 3038 1473 3094 otiosis
1498 3040 1701 3096 verbis.
1743 3041 1803 3097 Si

202 3128 438 3185 reddere
465 3129 535 3185 de
554 3128 791 3200 singulis
819 3130 1086 3185 rationem
1120 3141 1326 3201 paratae
1348 3147 1454 3187 non
1477 3133 1655 3200 eritis,
1688 3150 1805 3203 pro-

198 3217 467 3287 jiciemini
496 3221 550 3276 in
581 3236 857 3277 carcerem
891 3224 1250 3279 exteriorem:
1284 3224 1562 3280 audietisa
1581 3225 1801 3294 judice:

1898 1992 2020 2057 ru’m
2052 2001 2150 2056 Dei
2182 2001 2374 2056 aeterni
2400 2020 2414 2055 :
2453 2001 2557 2056 hoc
2590 2001 2805 2071 signum
2832 2005 3171 2058 mortuarum
3201 1998 3405 2056 saeculo
3440 2004 3499 2054 et

1898 2095 2230 2168 sepultarum
2261 2110 2383 2152 cum
2413 2094 2655 2152 Christo.

2448 2274 2677 2333 CAPUT
2716 2272 2938 2333 XXXII.

2149 2411 2229 2467 De
2265 2413 2564 2468 austeritate
2600 2412 2921 2485 exquirenda
2955 2411 3011 2465 in
3036 2417 3226 2465 stratu.

1972 2571 2293 2643 Conjugataa
2323 2582 2379 2627 et
2406 2571 2580 2627 vidua:
2602 2586 2722 2642 qum
2744 2579 2967 2627 manent
3011 2569 3065 2625 in
3095 2566 3318 2635 saeculo,
3349 2566 3495 2623 circa

1903 2664 2160 2737 plurima,
2195 2665 2339 2720 circa
2367 2664 2639 2719 laboriosa
2672 2663 2917 2719 sollicita:
2944 2662 3054 2718 sint
3082 2679 3097 2716 :
3126 2660 3368 2731 quotidie
3391 2659 3497 2715 cir-

1902 2773 1967 2814 ca
1996 2757 2259 2828 frequens
2286 2757 2649 2813 ministerium
2675 2763 2953 2826 occupata:
2979 2770 3102 2811 cum
3128 2754 3337 2810 Martha
3381 2752 3492 2808 sal-

1904 2858 2101 2905 ventur
2132 2864 2234 2918 per
2260 2863 2426 2918 opera
2460 2847 2700 2918 pietatis,
2726 2845 2856 2903 Jesu
2884 2845 3262 2901 ministrantes
3288 2845 3341 2900 in
3365 2860 3499 2916 pau~

1905 2958 2058 3013 pere,
2113 2943 2367 3012 frangant
2417 2941 2787 2998 esurientibus
2840 2956 3034 3011 panem
3065 2954 3496 3009 suumzegenos

1904 3045 1960 3092 et
1988 3051 2152 3107 vagos
2182 3035 2403 3091 domum
2450 3036 2711 3091 inducant
2740 3052 2755 3089 :
2785 3034 3106 3105 cooperient
3135 3033 3332 3099 nudos,
3366 3031 3500 3088 insi-

1903 3139 2053 3185 stant
2089 3129 2584 3185 misericordiarum
2646 3129 2901 3200 operibus
2937 3146 2950 3182 :
2982 3126 3340 3199 proculdubio
3384 3130 3503 3181 tam

1906 3221 2200 3279 fructuosis
2221 3233 2277 3278 et
2301 3222 2480 3287 bonis,
2520 3221 2665 3292 quod
2687 3219 3024 3292 impossibile
3052 3229 3135 3276 est
3161 3216 3305 3289 quod
3330 3217 3501 3273 Deum

202 3308 299 3379 Ite,
326 3313 629 3368 maledicta:
651 3355 667 3382 ,
697 3314 751 3369 in
778 3314 952 3387 ignem
985 3324 1233 3371 aeternum
1255 3327 1495 3389 paratum
1526 3319 1734 3374 diabolo
1757 3327 1805 3375 et
1834 3304 1880 3369 C
1913 3334 2021 3375 non
2059 3320 2278 3390 placent
2319 3320 2537 3374 iratum.
2569 3318 2957 3388 Colligationes
2989 3316 3283 3389 impietatis
3303 3315 3504 3371 dissol-

202 3409 398 3478 cngelis
432 3408 567 3479 ejus.
780 3478 1007 3537 CAPUT
1042 3479 1216 3537 xxx]

455 3570 538 3631 De
569 3573 859 3649 abjectione
885 3577 1207 3647 exquirenda
1237 3578 1288 3633 in
1318 3578 1555 3635 uestibus.

266 3686 389 3747 Heu
418 3703 518 3745 cor
565 3689 999 3747 inielicissimum
1027 3733 1043 3758 ,
1096 3708 1251 3750 mens
1294 3694 1805 3766 infortunatissima,

199 3798 321 3855 qua:
345 3785 501 3841 diem
522 3783 716 3855 judicii
744 3794 852 3841 tam
886 3785 1214 3844 horrendam
1240 3804 1348 3845 non
1372 3789 1663 3847 meditatur
1685 3808 1811 3863 quo-

198 3880 371 3935 tidie:
407 3888 467 3935 ct
492 3878 541 3934 si
570 3878 885 3947 meditatur,
913 3881 1312 3952 fatuissimum,
1345 3886 1389 3939 si
1419 3886 1627 3957 appetit
1655 3888 1812 3958 quid-

196 3988 368 4043 quam
397 3972 472 4030 de
496 3974 706 4030 stcculo
729 3984 785 4031 et
812 3974 1027 4047 pompis
1050 3976 1189 4047 ejus.
1219 3976 1381 4034 Nullo
1407 3994 1503 4035 vos
1526 3980 1635 4049 die,
1664 3981 1810 4037 nulla

200 4079 305 4119 vos
344 4066 483 4120 hora
529 4075 811 4123 transeant
855 4067 973 4124 haec
1006 4072 1213 4125 omnia.
1245 4070 1481 4139 Quilibet
1506 4074 1688 4144 paries
1711 4074 1813 4129 do-

204 4172 359 4225 mus,
385 4159 611 4229 quilibet
639 4162 869 4233 angulus
891 4203 907 4228 ,
938 4163 1135 4219 vestris
1163 4165 1575 4222 demonstretur
1599 4168 1653 4223 in
1683 4183 1812 4224 ocu-

194 4249 308 4317 lis,
371 4250 477 4307 ista
520 4252 613 4308 die
649 4253 920 4325 depictus.
973 4254 1031 4312 Si
1083 4256 1199 4312 haec
1230 4273 1336 4314 non
1370 4262 1813 4330 praetermittatur

188 4345 406 4401 lcetio:
441 4356 571 4402 tunc
597 4347 835 4419 abjectio
866 4350 1124 4417 vestium,
1146 4350 1304 4420 cujus
1333 4352 1495 4407 ttedet
1519 4354 1812 4411 muliercu.

185 4436 275 4492 las
311 4436 506 4493 fatuas
531 4478 548 4505 ,
579 4452 679 4494 vos
709 4438 1022 4495 delectabit.
1071 4441 1221 4497 Tunc
1244 4443 1549 4500 rusticanus
1576 4457 1632 4502 et
1656 4446 1811 4517 abje-

180 4543 320 4585 ctus
360 4546 615 4601 pannus,
662 4548 921 4604 purpura:
952 4547 1299 4605 prmponctur
1326 4549 1379 4594 et
1418 4539 1601 4612 bysso.
1664 4541 1813 4598 Tunc

176 4637 389 4677 crassa
441 4632 495 4677 et
516 4622 685 4689 1rudis
731 4625 1001 4681 velamina
1056 4628 1252 4697 capitis
1302 4631 1718 4689 aestimabuntur
1746 4651 1811 4692 ex

1910 3423 2079 3471 vant:
2112 3422 2167 3469 et
2198 3413 2487 3469 fasciculos
2536 3412 2921 3482 dissolventes,
2952 3421 3008 3469 et
3037 3428 3200 3468 omne
3250 3427 3389 3468 onus
3417 3411 3501 3467 di-

1910 3518 2191 3579 rumpant.

1984 3604 2094 3659 Vos
2121 3611 2323 3673 autem,
2372 3602 2731 3675 charissima},
2762 3618 2884 3675 qua:
2936 3602 3221 3660 meliorem
3258 3611 3492 3676 partem,

1910 3695 2078 3753 immo
2096 3698 2355 3768 optimam
2384 3698 2626 3769 elegistis
2648 3713 2769 3754 cum
2799 3699 2989 3763 Maria,
3033 3698 3220 3755 sedete
3245 3700 3503 3755 continue

1911 3803 2072 3846 secus
2095 3790 2259 3860 pedes
2284 3789 2436 3857 Jesu,
2490 3806 2769 3846 sacrarum
2801 3790 3203 3863 Scripturarum
3228 3792 3504 3846 volumina

1911 3885 2083 3940 sacris
2105 3884 2434 3940 revolvenda
2460 3884 2811 3939 lectionibus.
2840 3883 2979 3938 Lava
2992 3894 3044 3938 te
3077 3884 3194 3953 ejus
3219 3884 3386 3956 pedes
3414 3899 3506 3939 as-

1912 3976 2086 4033 siduis
2123 3976 2558 4047 compunctionis
2587 3984 2644 4031 et
2686 3975 2891 4045 gaudii,
2941 3975 3225 4031 charitatis
3246 3990 3309 4031 ac
3335 3974 3507 4030 devo-

1914 4071 2079 4124 tionis
2098 4068 2377 4140 lacrymis,
2425 4066 2911 4137 contemplationis
2941 4067 3163 4123 intenta:
3199 4066 3508 4125 dulcedini.

1914 4159 2137 4231 Capillis
2188 4159 2502 4231 extergatis,
2552 4170 2896 4216 terrenorum
2945 4159 3189 4217 omnium
3222 4160 3509 4232 superﬂui-

1912 4256 2224 4324 tatem3per
2253 4268 2372 4308 eam
2426 4253 2769 4324 expellentes
2816 4252 2886 4309 de
2913 4252 3099 4309 corde.
3149 4254 3399 4309 Audiatis
3438 4254 3507 4311 de

1915 4362 2012 4403 ore
2037 4345 2166 4402 Jesu
2191 4346 2416 4402 verbum
2438 4346 2590 4414 quasi
2612 4346 2847 4416 gladium
2879 4360 3078 4415 anceps
3131 4345 3508 4417 pertransiens

1915 4438 2078 4496 corda
2110 4456 2124 4493 ς
2151 4438 2407 4494 scindens
2453 4453 2767 4511 compagem
2820 4441 3190 4494 membrorum
3224 4455 3415 4511 usque
3444 4442 3511 4497 ad

1915 4533 2244 4589 divisionem
2277 4532 2523 4603 spiritus.
2557 4534 2672 4587 Hoc
2696 4532 2920 4589 verbum
2951 4533 3110 4591 dulce
3137 4534 3241 4589 erit
3266 4535 3515 4591 faucibus

1916 4627 2115 4681 vestris
2141 4640 2305 4696 super
2335 4627 2438 4680 mel
2463 4635 2516 4681 et
2566 4626 2770 4681 favum.
2824 4626 2939 4683 Hoc
2967 4628 3193 4684 verbum
3238 4644 3335 4700 per
3373 4629 3518 4701 quod

172 4713 431 4771 sericis.
460 4713 624 4772 Certe
653 4724 806 4773 tanta
834 4719 938 4774 erit
966 4695 1284 4777 deformitas
1315 4724 1365 4777 in
1396 4725 1634 4793 melotis,
1666 4736 1799 4783 tanta

1923 4719 2062 4775 faeta
2086 4730 2215 4774 sunt
2240 4720 2423 4773 omnia
2457 4736 2469 4771 :
2501 4718 2605 4774 hoc
2631 4720 2854 4774 verbum
2884 4722 3027 4791 quod
3050 4721 3391 4777 centurionis
3420 4738 3518 4791 po-

174 4808 507 4879 grossities
528 4806 582 4863 in
612 4810 868 4879 cucullis,
900 4811 1117 4881 caputia
1140 4822 1244 4867 tam
1276 4814 1394 4869 rudi
1424 4816 1654 4872 artificio
1678 4836 1813 4887 prte-

178 4913 433 4974 parata,
472 4901 620 4973 quod
666 4904 711 4959 si
745 4903 834 4960 hic
870 4904 1058 4975 forent,
1090 4904 1446 4981 smcularium;
1473 4908 1812 4980 indumenta,

166 4998 491 5052 artiﬁcum
540 4997 703 5068 panni
767 4996 917 5054 brevi
968 5008 1214 5070 tempore
1258 5001 1463 5070 periret
1511 5003 1689 5060 omnis
1728 5004 1814 5060 in-

166 5089 453 5146 dustria.

249 5185 389 5240 Ista
420 5223 437 5248 ,
463 5181 839 5253 charissima},
874 5184 1071 5243 decent
1105 5186 1400 5243 monacbas
1430 5207 1442 5243 :
1475 5204 1580 5245 non
1614 5189 1816 5247 strictis

166 5274 453 5334 nianicis
475 5317 491 5342 ,
525 5277 781 5346 pretiosis
803 5288 858 5332 et
885 5280 1205 5349 compositis
1239 5280 1465 5351 pannis,
1501 5280 1683 5336 subtili
1722 5297 1815 5338 ve-

172 5373 433 5430 lamine
454 5371 651 5427 velatis
679 5372 985 5443 superciliis
1006 5417 1021 5441 ,
1054 5388 1149 5429 cor
1196 5375 1543 5431 meretricum
1571 5392 1676 5432 non
1708 5384 1817 5432 tam

161 5463 565 5543 praetendere
586 5482 749 5538 quam
784 5466 1006 5523 habere.
1030 5465 1149 5522 Non
1178 5468 1313 5524 tales
1341 5467 1593 5524 exisﬁmo
1624 5485 1818 5525 mona-

158 5562 331 5617 clias
370 5599 394 5624 .
442 5558 538 5615 sed
580 5561 848 5630 pessimas
889 5560 1237 5627 meretrices,
1267 5572 1321 5616 et
1346 5570 1586 5617 scortum
1620 5562 1820 5618 vilissio

160 5666 397 5713 mum.
445 5649 564 5707 Non
608 5660 693 5708 est
735 5651 880 5708 enim
930 5667 1067 5723 opus
1096 5652 1449 5710 cadaveribus
1480 5665 1822 5712 mortuorum

158 5745 481 5823 pretiosis
506 5755 561 5801 et
584 5746 901 5817 compositis
929 5747 1266 5803 ornamentis
1303 5748 1360 5802 in
1384 5749 1677 5819 sepulcris.
1710 5751 1821 5806 Mo—

159 5848 485 5900 nttmenta
526 5854 634 5895 non
683 5839 925 5911 indigent
954 5840 1173 5909 ,talibus
1197 5886 1212 5913 ,
1263 5846 1580 5899 monasterii
1619 5845 1823 5916 lapides

158 5951 305 5995 non
377 5940 645 6003 appetunt
685 5932 919 6006 gloriam
965 5934 1193 5992 vestium
1220 5976 1235 6007 ,
1294 5952 1413 6008 qua:
1454 5934 1575 5996 sine
1602 5950 1824 6011 peccato

1923 4814 2109 4870 scebat
2133 4812 2375 4877 devotio,
2406 4822 2462 4866 ut
2488 4821 2773 4867 sanaretur
2801 4830 2932 4883 puer
2961 4816 3098 4883 ejus.
3150 4814 3324 4885 Hujus
3368 4814 3520 4870 verbi

1924 4905 2261 4961 dulcedinem
2291 4905 2466 4960 solum
2498 4917 2721 4970 norunt,
2768 4907 2862 4978 qui
2892 4909 3137 4963 audiunt.
3162 4908 3275 4963 Hoc
3296 4907 3519 4963 verbum

1924 4998 2114 5053 audire
2143 5012 2251 5051 non
2278 5008 2505 5067 possunt
2529 4999 2858 5054 somnolenti
2883 5009 2938 5055 et
2962 5001 3189 5072 ignaviae
3210 4999 3402 5055 dediti.

1997 5091 2361 5161 Quapropter,
2392 5091 2751 5160 charissimte,
2782 5095 2903 5148 volo
2934 5109 3033 5150 vos
3057 5094 3287 5165 singulis
3338 5097 3517 5154 nocti-

1926 5184 2028 5241 bus
2067 5185 2213 5240 brevi
2244 5195 2297 5240 ct
2325 5185 2462 5240 duro
2516 5196 2691 5240 stratu
2719 5186 2903 5256 jacere
2932 5188 2983 5241 in
3032 5186 3244 5243 cellulis
3274 5189 3513 5247 vestris:

1926 5295 2032 5335 non
2065 5279 2117 5334 in
2141 5279 2338 5349 plumis
2362 5288 2417 5333 et
2438 5280 2708 5347 mollibus,
2734 5280 2828 5335 sed
2859 5291 2947 5335 aut
2975 5280 3028 5335 in
3054 5281 3226 5352 paleis
3249 5293 3345 5339 aut
3371 5293 3514 5340 stra-

1926 5371 2184 5440 minibus,
2220 5370 2333 5427 sive
2358 5375 2410 5427 in
2438 5372 2631 5442 ligneis
2663 5375 2841 5443 potius
2862 5375 3041 5447 capsis
3071 5392 3231 5447 quam
3263 5377 3477 5433 lectulis
3504 5392 3519 5432 :

1927 5474 1988 5521 ut
2032 5475 2084 5521 et
2143 5465 2384 5520 membra
2435 5465 2699 5533 domata,
2753 5465 2931 5536 potius
2975 5476 3207 5523 stratum
3264 5468 3524 5525 horreant

1928 5573 2088 5630 quam
2118 5558 2376 5615 aﬂ'ectcnt
2408 5576 2417 5612 :
2454 5559 2637 5628 potius
2667 5560 2844 5614 somni
2901 5560 3233 5617 imminentis
3282 5561 3521 5631 quietem

1926 5653 2098 5725 magis
2134 5652 2432 5722 compellat
2486 5653 2789 5709 necessitas
2828 5669 2991 5724 quam
3039 5654 3309 5710 voluntas.
3341 5652 3433 5711 Sic
3452 5656 3524 5712 ob

1926 5748 2182 5805 duritiem
2211 5748 2392 5804 brevis
2424 5755 2481 5803 et
2508 5746 2645 5803 levis
2676 5757 2907 5818 occupet
2924 5762 3109 5819 s0por,
3139 5748 3286 5820 quod
3314 5764 3426 5804 non
3450 5750 3523 5806 sit

1925 5841 2008 5899 fas
2060 5844 2235 5901 solitis
2278 5841 2623 5901 illusionibus
2676 5842 2939 5915 noctium,
2997 5852 3236 5903 mentem
3288 5845 3522 5918 sepitatn

1927 5940 2191 6009 torqueri.
