3918 6294
409 312 510 374 419

949 414 1178 475 CAPUT
1217 411 1436 469 XXXIII
1449 452 1461 465 .

521 521 598 576 De
618 511 870 573 matutino
903 507 1114 565 etmodo
1146 504 1355 559 dicendi
1387 501 1618 557 divinum
1641 501 1893 573 ofﬁcium.

481 614 564 672 Ad
604 609 898 667 matutinas
928 601 1186 659 excubias
1241 597 1417 652 media
1443 612 1550 650 nox
1577 609 1671 650 vos
1710 599 2001 665 praeparet.

412 707 631 765 Nullam
684 717 752 757 ex
793 697 949 754 vobis
980 695 1345 749 dormientem
1400 689 1640 757 reperiat
1682 684 2005 756 campanilis

409 800 642 857 sonitus.
674 794 790 850 Non
839 790 1126 863 ignoretur
1157 800 1229 839 an
1262 784 1429 837 fuerit
1476 784 1547 837 ob
1578 797 1831 851 soporem
1864 798 1878 834 :
1907 779 2003 833 sed

412 894 591 968 potius
621 891 689 946 ob
720 882 1217 955 contemplationis
1253 879 1511 934 extasim.
1546 879 1620 931 De
1650 875 1858 931 cellulis
1882 888 2008 928 ora-

410 967 562 1044 tione
586 982 894 1057 praemissa,
922 976 1119 1032 mediae
1148 974 1323 1029 noctis
1361 986 1576 1026 summa
1609 971 1793 1041 quiete
1820 967 1885 1023 ad
1919 982 2009 1023 ec-

414 1083 639 1139 clesiam
684 1076 914 1147 singula:
959 1086 1179 1127 sorores
1227 1066 1602 1128 advenientes,
1635 1078 1893 1133 Sponsum
1926 1061 2006 1116 di-

410 1177 613 1231 lectum
645 1168 925 1226 matutinis
977 1165 1216 1220 excitent
1252 1159 1523 1227 laudibus,
1570 1167 1631 1211 ut
1660 1164 1917 1225 exsurgat
1952 1155 2007 1209 in

414 1285 600 1326 earum
628 1266 906 1322 auxilium.
940 1261 1032 1317 Sic
1054 1258 1311 1314 distincte
1346 1253 1653 1309 alternatim
1681 1250 1871 1320 psalmi
1900 1248 2009 1304 Icc—

415 1363 698 1432 tionesque
747 1373 914 1413 sacra:
956 1352 1315 1425 proferantur,
1364 1356 1420 1400 ut
1472 1345 1544 1399 ub
1589 1343 1903 1399 collisiones
1953 1350 2008 1396 et

414 1454 594 1509 hiatus
622 1465 682 1505 ac
716 1447 1115 1509 barbarismos,
1174 1441 1241 1495 ad
1292 1440 1459 1494 risum
1491 1453 1597 1491 non
1647 1442 2010 1507 provocentur

414 1543 646 1615 angelici
701 1541 949 1611 spiritus.
985 1536 1075 1592 Sic
1130 1549 1351 1604 semper
1380 1531 1712 1593 moderatus,
1742 1537 2003 1593 attentus,

416 1641 654 1711 quietus,
686 1644 743 1692 et
771 1634 954 1689 suavis
976 1644 1143 1685 sonus
1172 1628 1227 1682 in
1255 1627 1500 1692 vocibus,
1526 1632 1586 1679 ut
1614 1624 1756 1678 nulla
1788 1636 2004 1691 pompa,

418 1734 676 1802 nullaque
706 1726 946 1785 carnalis
971 1724 1268 1780 delectatio
1292 1721 1489 1776 habeat
1521 1720 1697 1775 locum
1728 1718 1782 1772 in
1808 1718 2007 1772 divinis

1387 349 1390 353 .
1430 293 1486 350 S.
1529 289 1916 348 IlIERONYMI
1967 280 2257 343 OPERUM
2297 283 2667 343 MANTISSA.

3552 292 3645 355 420

2024 409 2072 471 Α
2105 403 2344 469 modum,
2388 414 2482 459 aut
2526 402 2744 469 orandi,
2787 409 2883 457 aut
2930 398 3145 472 legendi
3189 413 3337 456 sacra
3386 378 3647 479 volumina,

2110 496 2229 551 sive
2253 496 2411 551 aliter
2436 494 2699 565 operandi
2746 508 2871 565 qua;
2900 500 3089 548 sancta
3114 500 3260 548 sunt.
3290 488 3476 551 Deinde
3499 496 3653 555 doctae

2108 587 2367 657 puellulas
2399 587 2632 642 novitias
2660 588 2728 642 de
2761 584 3078 656 evangelica
3106 583 3239 649 vita,
3264 584 3328 639 de
3354 588 3537 641 sanetis
3553 605 3653 645 mo-

2104 681 2281 743 ribus,
2316 681 2383 734 de
2413 680 2606 735 ofﬁciis
2652 679 2870 745 domus,
2916 678 2983 734 de
3016 679 3353 749 regularibus
3380 679 3653 752 disciplinis

2107 787 2282 841 usque
2302 774 2370 827 ad
2398 772 2713 828 refecuonis
2741 772 2929 829 horam
2984 773 3276 829 instruant.
3311 773 3660 843 Przuparentur

2105 871 2164 919 et
2190 863 2410 919 interim
2443 864 2573 931 cibi,
2606 864 2802 936 quibus
2828 878 3059 936 corpora
3094 864 3452 921 reiocilleutur
3478 868 3541 923 ad
3562 884 3660 941 pte-

2108 957 2351 1012 ttitentia:
2374 957 2587 1028 jugum.
3166 1004 3174 1017 κ

2185 1049 2344 1103 Nullo
2374 1064 2628 1121 umquam
2654 1049 2815 1107 detur
2841 1050 2955 1105 otio
2984 1049 3217 1117 animus,
3265 1066 3330 1106 ne
3352 1051 3558 1120 quando
3582 1068 3664 1110 co-

2106 1141 2399 1212 gitationes
2428 1151 2485 1197 et
2504 1150 2704 1209 motus,
2737 1142 3010 1197 mentibus
3040 1140 3264 1198 titilleut
3294 1143 3473 1198 illicita
3499 1162 3511 1199 :
3543 1149 3668 1215 quod

2103 1236 2153 1288 si
2183 1236 2497 1305 aliqualiter
2527 1236 2810 1306 insurgere
2840 1236 3169 1306 inceperim,
3210 1237 3391 1293 statim
3420 1238 3579 1295 elidat
3597 1250 3672 1295 tur

2109 1325 2163 1380 in
2196 1329 2425 1395 semine,
2460 1344 2525 1382 ne
2549 1341 2798 1383 crescant
2825 1330 3032 1384 zizania
3072 1345 3199 1384 cum
3235 1329 3417 1385 tritico
3449 1346 3464 1384 :
3496 1334 3675 1387 autia-

2108 1418 2334 1501 boribus
2362 1408 2456 1475 aut
2482 1424 2743 1492 operibus
2771 1438 3027 1481 manuum
3054 1424 3319 1495 quidquid
3348 1428 3486 1482 male
3503 1429 3674 1483 conci-

2108 1514 2273 1583 pitur,
2322 1527 2629 1574 evanescat.
2684 1518 2860 1575 Adeat
2896 1528 3142 1574 sanctam
3191 1535 3436 1576 sororem
3465 1532 3519 1576 ut
3536 1523 3673 1578 locu-

2110 1608 2347 1663 tionibus
2385 1611 2559 1664 sacris
2585 1610 2904 1680 projiciatur
2949 1611 3315 1667 immundum.
3344 1614 3675 1671 Tutissimum

2109 1701 2266 1755 valde
2320 1711 2404 1756 est
2431 1702 2650 1757 ﬁdelem
2698 1713 2752 1757 et
2794 1705 2999 1772 justum
3042 1703 3246 1760 habere
3292 1707 3525 1761 amicum
3559 1724 3571 1760 :
3600 1708 3681 1761 cui

416 1823 987 1897 praeconiiszsumma
1032 1817 1268 1882 devotio,
1317 1815 1514 1869 crebra
1560 1812 1792 1882 5tt5piria
1846 1818 1901 1865 et
1929 1810 2000 1863 la-

2114 1792 2368 1863 qnidquid
2400 1810 2602 1851 arcano
2639 1794 2822 1853 cordis
2871 1798 2994 1851 sinu
3025 1796 3179 1864 latet,
3204 1798 3456 1868 protinus
3491 1814 3685 1855 resere-

418 1934 633 1990 crymas
659 1915 869 1971 fundat.

489 2012 582 2067 Sic
632 2009 941 2073 morositas,
996 2005 1077 2061 sic
1132 2002 1391 2059 velocitas
1417 2009 1672 2057 teneatur
1724 2000 1775 2053 in
1806 1997 2005 2073 modo:

417 2105 560 2178 quod
582 2120 681 2159 uec
705 2101 1005 2169 fastidium,
1023 2115 1123 2155 uec
1147 2096 1427 2168 impeditio
1447 2096 1643 2165 lingua:
1664 2092 1832 2162 possit
1851 2090 2005 2145 oriri.

416 2200 572 2255 Nulla
587 2211 841 2267 umquam
868 2194 1036 2248 verba
1059 2200 1565 2263 quantumcumque
1588 2185 1867 2241 utilissima
1887 2201 2009 2253 pro-

416 2294 662 2349 ferantur
684 2292 828 2347 inter
851 2289 1149 2360 psallentes
1185 2303 1198 2339 :
1232 2283 1327 2339 sed
1361 2282 1491 2337 illud
1534 2284 1585 2335 in
1618 2280 1819 2335 mentis
1854 2293 2009 2331 arca-

416 2404 508 2455 no,
542 2401 752 2441 summa
793 2399 917 2437 cum
974 2379 1258 2450 diligentia
1299 2381 1605 2432 ruminetur
1657 2372 2004 2434 intrinsecus,

415 2480 559 2552 quod
608 2486 975 2549 pertractatur
1022 2472 1384 2529 extrinsecus.
1438 2469 1647 2524 Nullius
1690 2477 1772 2522 est
1832 2464 2008 2521 meriti

412 2588 579 2627 orare
638 2570 820 2623 divina
878 2566 1058 2622 ofﬁcia
1110 2564 1563 2620 verbositatezet
1601 2562 1794 2615 misera
1827 2569 2009 2613 mente

415 2681 535 2735 qua:
566 2663 908 2718 extrinsecus
937 2660 1247 2724 imminent,
1285 2657 1531 2728 vagando
1560 2654 1875 2710 circumire.
1900 2652 2009 2707 Ex-

413 2758 577 2830 pletis
604 2770 739 2812 vero
769 2754 1021 2810 laudibus
1046 2751 1481 2815 matutinalibus,
1507 2764 1607 2804 nec
1639 2756 1764 2802 tunc
1784 2760 2007 2803 somnus

415 2851 642 2922 arripiat
690 2868 703 2904 :
752 2865 822 2905 ne
879 2848 1162 2904 differatur
1210 2846 1338 2916 quid
1378 2858 1607 2915 Sponsus
1660 2841 2007 2913 petitionibus

415 2960 739 3018 Sponsamm
778 2943 1133 3015 respondeat.
1190 2943 1249 2996 In
1279 2940 1518 3011 capitulo
1553 2953 1676 2992 mox
1705 2937 1926 2991 attentis
1952 2942 2008 2988 et

412 3041 623 3099 devotis
653 3039 953 3108 sororibus,
987 3045 1298 3092 sanctorum
1346 3035 1610 3089 librorum
1643 3032 1843 3087 devota
1892 3032 2004 3085 lec-

408 3137 489 3191 tio
516 3135 584 3190 de
613 3134 892 3189 voiuntate
924 3132 1132 3186 Domini
1163 3131 1244 3184 sui
1277 3129 1476 3198 pandat
1529 3126 1791 3197 quidquid
1841 3140 2006 3195 agen-

2110 1895 2217 1939 tur.
2260 1886 2376 1939 Non
2404 1884 2552 1941 enim
2586 1888 2639 1941 iu
2692 1889 2805 1941 suis
2854 1902 3003 1958 saepe
3052 1898 3239 1960 potest
3278 1890 3443 1945 homo
3472 1893 3686 1962 negotiis

2110 1983 2315 2032 rectum
2348 1976 2549 2034 habere
2573 1978 2859 2047 judicium.

2184 2069 2523 2126 Advenieute
2553 2086 2688 2127 vero
2741 2072 3055 2129 refcctiouis
3099 2074 3257 2139 born,
3304 2090 3414 2145 qua
3469 2074 3687 2131 reddere

2110 2163 2324 2232 corpori
2350 2164 2593 2220 debitum
2626 2176 2815 2220 natura
2845 2167 3126 2235 compellit
3158 2168 3403 2227 :dicbus
3456 2184 3690 2225 commu-

2110 2262 2273 2317 nibus
2296 2264 2479 2327 laudes
2508 2264 2550 2318 Τ
2555 2266 2707 2319 ertia:
2726 2278 2780 2318 et
2803 2272 2984 2321 Sexta
3013 2265 3276 2320 horarum
3308 2269 3463 2336 prius
3482 2267 3592 2322 Deo
3612 2268 3697 2321 de-

2111 2366 2235 2411 vote
2257 2357 2558 2411 solrantur.
2589 2357 2938 2412 Postmodum
2971 2374 3095 2415 cum
3118 2363 3271 2413 omni
3305 2361 3593 2427 modestia,
3616 2360 3699 2414 be-

2110 2452 2418 2506 nedictione
2465 2452 2535 2505 ab
2564 2452 2840 2506 abbatissa
2889 2454 3195 2521 prmissa,
3248 2454 3435 2508 cibum
3471 2464 3698 2520 sumant,

2110 2561 2343 2615 parsque
2372 2546 2664 2600 ministret.
2700 2546 2995 2615 Postquam
3026 2561 3159 2602 vero
3185 2560 3419 2604 cantem:
3452 2548 3700 2603 comede-

2108 2636 2243 2704 rint,
2276 2646 2333 2693 et
2362 2638 2494 2703 ipsae
2514 2654 2636 2708 quae
2668 2640 3135 2707 niinistraverant,
3160 2641 3489 2708 comedam,
3514 2651 3572 2697 et
3599 2640 3695 2697 sibi

2108 2734 2452 2791 ministretur
2478 2734 2548 2786 ab
2573 2733 2716 2787 aliis.
2758 2733 2891 2789 Cum
2918 2748 3051 2794 vero
3066 2733 3271 2804 jejunii
3297 2742 3521 2806 tempus
3549 2735 3709 2790 refec-

2110 2829 2323 2883 tionem
2356 2830 2648 2883 tardiorem
2678 2827 2939 2897 eﬁ‘ecerit,
2991 2843 3146 2883 sacra
3194 2831 3471 2900 mysteria
3520 2829 3709 2896 Missae,

2110 2918 2291 2976 Tertia
2322 2930 2378 2976 et
2407 2920 2573 2977 Sexta
2604 2933 2659 2976 et
2679 2922 2833 2976 Nona
2860 2922 3273 2990 prmveniantur
3305 2941 3319 2977 :
3352 2924 3580 2979 caeteris
3610 2923 3714 2977 die-

2106 3012 2212 3069 bus
2265 3022 2385 3084 post
2435 3014 2788 3069 refectionem
2818 3014 2970 3068 Nona
3027 3015 3248 3070 dicatur
3298 3017 3442 3071 hora
3495 3024 3711 3081 statuta,

2104 3120 2233 3162 eum
2281 3107 2393 3178 jam
2447 3108 2528 3163 sol
2578 3108 2633 3162 in
2686 3107 2871 3164 medio
2917 3122 3052 3179 gyro
3104 3108 3258 3165 diem
3316 3109 3555 3166 exhibet
3610 3123 3717 3164 me-

338 3256 343 3259 <
404 3229 536 3285 dum
587 3227 678 3283 sit.
734 3227 802 3280 Et
853 3227 931 3280 sic
977 3225 1172 3281 cedant
1232 3224 1548 3276 illusioucs:
1581 3232 1635 3274 et
1686 3220 1993 3273 daemonum
2031 3216 2074 3275 Ο
2105 3199 2279 3256 ’λίθω-

414 3327 819 3399 phantasmata,
858 3336 979 3393 qua:
1010 3318 1344 3375 dormientes
1370 3314 1683 3369 illudercnt.
1708 3311 1862 3367 illico
1892 3313 2004 3366 lec—

412 3421 548 3477 tioni
570 3420 672 3474 alia
689 3417 944 3471 succedat
973 3409 1296 3467 brevissima
1351 3408 1539 3472 lectio,
1577 3406 1645 3462 de
1674 3405 1759 3458 bis
1784 3420 1905 3474 quae
1937 3404 2001 3456 :ul

411 3513 732 3585 apostolica:
764 3511 887 3565 vita:
914 3507 1330 3562 instruetionem
1386 3504 1674 3573 pertinent,
1706 3501 2003 3570 qualicum-

411 3624 517 3679 que
541 3606 687 3677 stylo
713 3605 966 3675 praesenti
999 3598 1261 3671 opusculo
1293 3605 1622 3667 pertractate
1654 3611 1668 3646 :
1700 3604 1761 3649 ut
1788 3593 1869 3647 sic
1890 3591 2004 3646 sin-

406 3700 551 3771 gulis
600 3698 793 3752 diebus
819 3696 970 3766 quasi
1024 3694 1257 3760 quodam
1288 3691 1414 3745 bolo
1456 3691 1540 3759 pia
1598 3704 1750 3742 mens
1798 3689 1999 3756 depas-

404 3802 483 3855 ta,
516 3790 857 3846 dulcedinem
914 3796 1133 3858 appetat
1193 3804 1204 3837 :
1253 3798 1353 3839 nec
1412 3782 1714 3838 retardetur
1759 3781 1997 3841 fastidio.

410 3892 469 3940 et
522 3883 590 3938 de
642 3881 873 3937 modicis
920 3882 1120 3934 eximia
1176 3879 1397 3946 cogitet.
1442 3876 1747 3946 Sequautur
1805 3874 1997 3930 lectio-

404 3994 505 4036 nes
542 4022 556 4042 ,
613 3976 984 4033 confessiones
1042 3976 1328 4029 criminum
1382 3971 1437 4025 in
1494 3971 1836 4041 regularibus
1892 3970 2000 4024 dis-

400 4072 625 4144 ciplinis
676 4086 862 4126 coram
914 4067 1191 4123 abbatissa
1238 4065 1433 4120 domus
1488 4073 1543 4118 et
1583 4064 1803 4118 caneris
1847 4077 2000 4118 soro-

404 4167 578 4222 libus.

481 4255 791 4313 Prodantur
830 4255 885 4310 in
931 4254 1209 4325 publicum
1262 4265 1617 4324 quaecumque
1665 4259 1815 4321 gesta
1864 4259 2000 4305 sunt

401 4358 593 4408 contra
640 4348 919 4419 regulares
968 4347 1353 4401 observantias
1404 4354 1459 4400 et
1514 4344 1885 4408 obedientias,
1941 4353 2000 4396 ut

400 4444 514 4516 iam
562 4443 873 4498 nullatenus
916 4441 1203 4511 quidquam
1238 4440 1641 4494 inemendatum
1694 4450 1748 4493 et
1780 4439 1997 4506 impune

400 4547 767 4610 pertranseat,
815 4554 913 4592 nec
944 4537 1107 4591 lateat
1136 4548 1361 4591 matrem
1394 4544 1449 4591 et
1480 4551 1699 4590 sorores
1732 4534 1993 4587 uniuscu-

2640 3290 2872 3350 ΟΜ)οΤ
2933 3294 3151 3350 XXXV.

2465 3393 2542 3448 De
2562 3395 2686 3449 cibis
2721 3405 2768 3449 et
2812 3396 2994 3450 ordine
3018 3397 3359 3452 comedendi.

2178 3508 2404 3577 Quando
2426 3510 2569 3567 enim
2601 3524 2699 3565 vos
2725 3510 2791 3564 ad
2823 3509 3179 3565 refecuonem
3224 3511 3370 3566 hora
3406 3510 3604 3571 debita
3635 3510 3720 3565 ad-

2110 3604 2381 3670 unaverit,
2414 3603 2466 3657 in
2498 3602 2637 3657 cibis
2662 3603 2858 3657 vestris
2889 3602 3116 3658 minime
3147 3605 3444 3675 refulgeat
3469 3617 3715 3660 cocorum

2104 3696 2390 3751 industria.
2425 3695 2544 3752 Non
2570 3695 2818 3751 ciborum
2847 3694 3102 3751 nobilitas
3126 3700 3456 3766 appetitum
3493 3706 3720 3762 moveat,

2102 3788 2203 3843 sed
2253 3788 2425 3843 fames
2458 3806 2471 3841 :
2503 3802 2611 3843 non
2671 3798 3012 3858 apponuntur
3054 3789 3357 3844 incitativa
3413 3791 3725 3852 libidinum.

2104 3885 2200 3940 sed
2229 3900 2348 3955 quae
2395 3885 2605 3954 possint
2630 3883 2826 3939 famem
2856 3886 3216 3955 exstinguere
3246 3902 3260 3938 :
3298 3897 3404 3941 aut
3432 3887 3733 3959 legumina,

2101 3988 2197 4033 aut
2216 3978 2363 4033 olera
2398 3977 2727 4032 condiantur
2746 3978 2800 4032 in
2831 3977 2975 4035 oleo.
3001 3976 3215 4033 Carnes
3239 3993 3390 4035 vero
3421 3981 3611 4035 solum
3632 3980 3737 4034 sint

2101 4086 2167 4125 ex
2193 4069 2409 4125 licentia
2433 4070 2721 4123 abbatissae
2748 4068 2971 4124 indulta:
3000 4068 3293 4125 debilibus
3342 4080 3406 4127 et
3463 4073 3739 4128 inﬁrmis:

2101 4163 2339 4234 alioquin
2370 4163 2528 4232 cujus
2560 4163 2668 4217 sint
2698 4164 2910 4231 saporis
2930 4207 2944 4231 ,
2978 4164 3192 4233 ignoret
3226 4167 3603 4221 coenobium.
3631 4166 3739 4221 Ova

2096 4267 2153 4314 et
2182 4258 2436 4313 lactentia
2469 4268 2587 4328 post
2610 4257 2813 4327 jejunia
2847 4257 3144 4313 debilitatis
3169 4261 3490 4318 sororibus
3520 4274 3575 4318 et
3612 4277 3749 4332 prte-

2100 4351 2275 4420 cipuis
2300 4350 2687 4405 festivitatibus
2717 4353 3107 4421 permittuntur
3135 4368 3203 4407 ex
3258 4358 3485 4424 gratia.

2173 4448 2313 4501 [iaro
2337 4448 2581 4501 sciantur
2611 4463 2732 4513 quae
2758 4447 2809 4500 in
2836 4446 2993 4516 aquis
3017 4448 3281 4503 oriantur
3306 4460 3366 4505 et
3396 4452 3625 4516 vivant,
3646 4450 3749 4506 nisi

2102 4539 2253 4609 parvi
2288 4540 2551 4610 pisciculi.
2581 4538 3040 4594 Gulachorridum
3091 4540 3311 4609 scelus,
3367 4543 3637 4612 genitrix
3664 4545 3748 4597 lu-

397 4632 597 4703 iusque
616 4632 860 4686 conditio
893 4647 908 4685 :
942 4641 1213 4701 quatenus
1239 4641 1295 4685 et
1322 4630 1645 4684 verecundia
1678 4638 1731 4683 ct
1754 4628 1994 4695 discipli-
2018 4608 2069 4668 Ῑ)
2100 4634 2291 4699 xurim,
2318 4633 2939 4697 ctcastitatiscaruifex,
2965 4650 3086 4689 cum
3111 4635 3213 4689 Dei
3253 4639 3507 4695 ancillis
3541 4640 3757 4696 nullam

390 4741 470 4782 11a
498 4742 657 4796 quam
701 4732 873 4780 mater
904 4723 1134 4794 imponit
1171 4726 1317 4778 circa
1351 4723 1587 4778 futttrttm
1618 4732 1832 4792 tempus
1862 4738 1994 4776 una-

392 4834 627 4891 quaeque
654 4818 911 4873 reddatur
940 4826 1139 4872 astuta.
1194 4818 1359 4871 Extra
1390 4832 1519 4872 vero
1566 4817 1863 4887 capitulum
1893 4817 1992 4871 ali-

392 4913 523 4983 quid
542 4913 611 4967 de
650 4913 738 4967 his
766 4929 1016 4983 umquam
1067 4913 1457 4983 qualicumque
1502 4912 1668 4967 verbo
1722 4912 1807 4966 vel
1853 4924 1988 4966 nutu

394 5008 665 5079 proferre,
699 5005 768 5060 sit
798 5007 1105 5061 anathema.
1153 5006 1265 5061 lloc
1295 5008 1473 5076 itaque
1502 5004 1608 5061 ﬁne
1652 5021 1754 5061 nox
1800 5016 1986 5061 sancta

394 5100 584 5155 clausa
608 5098 877 5153 discedat.

927 5190 1157 5248 CAPUT
1199 5189 1439 5245 XXXIV.

500 5288 578 5343 De
611 5287 789 5343 ordine
809 5288 1144 5355 dicendarum
1185 5288 1427 5359 horarum
1457 5286 1655 5356 primm,
1688 5286 1873 5356 ter-tiro,

970 5368 1101 5414 extre
1151 5368 1197 5412 ει
1256 5374 1424 5413 nonis.

456 5477 593 5533 Cum
625 5477 873 5533 laudibus
896 5475 1097 5530 Prima:
1130 5474 1247 5530 dies
1287 5474 1542 5529 salutaris
1577 5472 1799 5543 incipiat
1829 5489 1843 5525 :
1873 5472 1985 5543 qui-

385 5572 489 5629 bus
521 5573 773 5642 cxpletis,
806 5583 979 5625 sacrae
1011 5569 1185 5624 Missm
1237 5567 1493 5640 mysteria
1520 5570 1590 5620 ob
1622 5568 1806 5637 sponsi
1841 5583 1979 5638 pite-

384 5668 640 5733 sentiam,
665 5678 985 5735 sponsarum
1010 5663 1173 5716 corda
1206 5660 1508 5725 laetiﬁceut,
1540 5659 1827 5715 cltaritatis
1866 5660 1979 5713 ine-

384 5761 565 5816 brieut
596 5758 820 5829 populo,
842 5757 1174 5829 {devotionis
1223 5766 1277 5811 et
1311 5756 1437 5810 ﬁdei
1470 5755 1668 5810 satient
1693 5754 1893 5825 pabulo
1922 5754 1972 5807 in

388 5855 642 5913 convivio
684 5856 938 5911 salutari.
982 5853 1068 5911 Sit
1115 5853 1456 5927 postmodum
1508 5854 1795 5925 ubicmque
1824 5869 1972 5911 com-

2098 4728 2295 4783 halieat
2324 4739 2548 4783 sortem.
2575 4728 2808 4795 ideoque
2840 4735 2983 4782 tanta
3014 4728 3083 4783 sit
3106 4729 3165 4783 'iu
3188 4733 3504 4789 sumendo
3535 4733 3757 4788 sobrie-

2098 4830 2203 4885 tas,
2254 4830 2401 4875 tauta
2447 4822 2676 4891 talisque
2711 4822 2944 4890 parcitas
2979 4839 2989 4873 :
3022 4829 3078 4874 ut
3123 4832 3345 4879 venter
3384 4829 3592 4896 potius
3626 4842 3763 4883 con-

2097 4927 2358 4986 queratur
2380 4933 2541 4985 quaut
2566 4916 2817 4987 gaudeat.
2848 4916 2966 4970 Non
2994 4924 3149 4985 egeat
3177 4916 3237 4971 in
3274 4919 3620 4990 digerendo
3641 4932 3762 4977 sto-

2100 5008 2327 5064 machus
2350 5008 2638 5063 medicinis
2673 5022 2899 5064 :ructus
2926 5012 3108 5079 potius
3136 5013 3426 5069 vacuatio
3458 5032 3643 5086 quam
3678 5018 3767 5071 ni-

2092 5104 2199 5157 mia
2230 5105 2458 5173 repletio
2510 5104 2749 5158 inducat.
2802 5103 2913 5159 Nec
2961 5104 3162 5174 cinguli
3220 5111 3644 5178 arupliatione
3697 5114 3767 5164 sit

2089 5212 2226 5267 Opus
2260 5216 2272 5251 :
2314 5210 2371 5252 ut
2394 5210 2447 5253 et
2481 5200 2560 5253 sic
2592 5214 2748 5253 mens
2774 5214 2799 5251 a
2828 5197 2921 5253 Dei
2966 5199 3467 5260 meditationibus
3520 5206 3771 5262 minime

2087 5294 2396 5347 retardetur
2417 5308 2507 5360 per
2537 5291 2838 5359 crapulam,
2866 5302 2919 5347 et
2953 5306 3152 5360 corpus
3182 5309 3311 5349 non
3351 5310 3542 5368 egeat
3579 5300 3769 5355 medi-

2087 5386 2243 5439 cinis.
2283 5385 2367 5439 Sit
2391 5400 2609 5454 semper
2647 5386 2895 5439 ordinata
2920 5394 2976 5440 et
3000 5387 3333 5455 composita
3391 5391 3457 5447 in
3492 5409 3610 5451 suo
3646 5411 3773 5450 m0-

2086 5478 2156 5533 do
2181 5479 2463 5533 comestio.
2494 5478 2607 5532 Non
2659 5479 2729 5531 sit
2758 5478 2809 5532 in
2842 5478 3108 5533 sumendo
3147 5479 3392 5538 ferculo
3419 5487 3568 5541 talis
3603 5490 3768 5543 velo-

2087 5574 2224 5626 citas
2257 5571 2519 5635 faucium,
2578 5579 2634 5626 et
2663 5582 2767 5624 tam
2812 5571 2969 5625 velox
3018 5570 3355 5627 masticatio
3413 5577 3575 5646 lioli,
3609 5580 3770 5652 quod

2085 5666 2282 5717 mei-ito
2308 5664 2374 5717 de
2405 5663 2646 5732 ingluvie
2673 5663 2850 5733 aliqua
2894 5664 3065 5733 possit
3093 5662 3238 5718 oriri
3290 5672 3611 5739 suspicio.
3646 5674 3776 5728 Non

2082 5766 2188 5811 tam
2243 5759 2292 5810 in
2350 5759 2685 5811 comestione
2716 5756 2891 5822 cibus,
2947 5772 3107 5827 quam
3141 5760 3365 5826 turpis
3402 5764 3638 5823 modus
3678 5783 3773 5822 re.

2076 5849 2508 5923 prehendendus
2539 5858 2645 5907 est.
2672 5849 2827 5922 Saepe
2857 5851 3067 5923 etenim
3096 5850 3148 5906 in
3202 5846 3376 5909 fabis
3413 5868 3477 5913 et
3516 5861 3787 5932 panibus
