3918 6294
179 343 254 402 iii
391 343 394 358 '
1361 342 1645 404 REGULA
1685 341 2186 410 MONACHARUM.

3245 351 3428 426 .492

177 457 460 516 hordeaceis
493 457 662 523 nimia
689 457 925 516 aviditas
965 458 1175 532 grande
1203 472 1484 531 peccatum
1514 471 1721 518 causat.
1753 471 1801 524 Α
1833 461 2033 518 habere
2058 464 2296 532 virtutis,
2329 465 2469 538 quod
2501 465 2815 538 indiscretio
2839 467 2990 539 facit,
3031 470 3179 542 quod
3218 469 3426 543 impru-

174 553 488 624 Neqnaquam
515 553 663 610 avidi
681 562 738 610 et
762 553 1064 624 vagabundi
1097 555 1240 612 oculi
1270 572 1366 623 per
1382 555 1727 613 discumben-

174 654 236 700 tes
260 645 356 701 huc
386 646 630 716 illucque
661 646 930 717 vagando,
963 647 1105 703 hanc
1147 647 1232 704 vel
1262 647 1406 704 illam
1440 653 1610 721 magis
1641 648 1731 705 vel

172 738 312 793 minus
339 739 607 794 denotent
637 739 1040 795 comedentem.
1075 739 1192 796 Non
1227 739 1607 808 prandentium
1633 759 1732 798 nu-

170 846 314 888 merus
335 832 582 888 animum
614 840 847 902 occupet
870 831 1328 904 uniuscujusque.

662 964 896 1024 CAPUT
959 965 1206 1023 XXXVI.

571 1058 650 1115 De
682 1059 960 1116 sobrietate
993 1071 1040 1115 et
1063 1061 1296 1133 jejunio.

215 1195 670 1268 Vinum-quoque,
696 1197 750 1252 in
779 1212 889 1268 quo
918 1205 1003 1253 est
1025 1196 1258 1261 luxuria,
1283 1196 1500 1267 sponsis
1526 1195 1731 1253 Christi

169 1297 411 1359 tamquam
442 1304 716 1345 venenum
759 1301 1070 1358 suspectum
1107 1289 1199 1345 sit.
1233 1287 1422 1344 Potius
1463 1289 1732 1344 stomachi

163 1382 381 1452 languor,
416 1389 472 1436 et
499 1380 712 1435 afﬂicta:
745 1389 951 1436 natura:
986 1380 1236 1436 debilitas
1266 1377 1537 1441 consulat.
1570 1395 1730 1451 quam

165 1474 426 1530 delectatio
452 1483 548 1529 aut
579 1473 868 1545 ingluvies.
893 1473 1050 1542 Quod
1080 1474 1130 1528 si
1157 1489 1378 1529 sumere
1416 1473 1562 1545 cogit
1594 1489 1733 1544 pene

163 1567 260 1638 ipsa
284 1569 580 1623 necessitas
610 1585 624 1620 :
659 1575 786 1622 tunc
831 1577 927 1622 aut
954 1568 1034 1623 sic
1056 1566 1238 1624 debile
1283 1568 1491 1636 vinum,
1523 1579 1617 1621 aut
1654 1566 1734 1622 sic

157 1675 270 1730 aqua
295 1660 632 1731 permitttum
657 1662 967 1730 prmbeatur
1015 1661 1065 1714 in
1109 1670 1317 1731 potum,
1348 1660 1494 1731 quod
1527 1675 1731 1730 nequa-

155 1767 292 1824 quam
320 1769 398 1808 ει
431 1753 838 1807 fumositatibus
867 1752 1138 1821 repletum
1187 1763 1374 1823 caput,
1431 1751 1733 1808 ridiculosa

1831 553 2011 619 (lentia
2039 557 2264 628 injiciat,
2293 570 2347 616 et
2372 559 2690 632 improvisio
2715 561 2928 620 doceat.

2355 691 2585 750 CAPUT
2624 692 2893 751 XXXVII.

2240 781 2314 839 De
2347 785 2652 842 lectionibus
2679 789 2745 842 ad
2770 805 3019 845 mensam.

1909 894 1999 953 Sic
2027 895 2202 954 dulcia
2234 916 2367 956 sano
2398 904 2587 974 palato
2615 904 2828 975 eloquia
2855 905 3066 961 Domini
3090 914 3256 974 sunt,
3289 908 3430 980 quod

1835 1003 2130 1057 numquam
2164 989 2449 1062 degustala
2477 994 2774 1050 fastidiunt.
2815 995 3040 1068 Semper
3070 1015 3240 1053 novos
3267 1015 3436 1070 gene-

1833 1090 1957 1136 rant
1989 1098 2098 1151 pree
2126 1085 2388 1142 suavitate
2417 1097 2472 1142 et
2500 1088 2786 1144 dulcedine
2828 1091 3114 1161 appetitus.
3148 1092 3256 1148 Vos
3289 1110 3433 1148 sem-

1834 1187 1932 1243 per
1959 1190 2020 1230 ea
2052 1175 2339 1247 degustare
2369 1179 2545 1236 decet.
2575 1181 2735 1237 Nullo
2768 1197 3018 1254 umquam
3060 1195 3303 1258 tempore
3341 1203 3434 1242 vo-

1834 1264 1918 1320 bis
1959 1277 2040 1322 est
2093 1270 2161 1323 ab
2199 1272 2451 1328 oratione
2487 1275 2838 1331 cessandum.
2883 1277 3108 1348 Semper
3147 1295 3240 1334 vos
3271 1295 3432 1337 orare

1836 1360 2128 1429 Apostolus
2151 1362 2389 1432 instruit,
2423 1382 2544 1436 qua:
2575 1383 2682 1421 non
2715 1384 2818 1439 pro
2850 1369 3029 1424 carnis
3052 1371 3318 1427 illecebris
3340 1389 3433 1428 va-

1835 1467 1961 1510 care
1990 1456 2055 1509 ad
2083 1465 2295 1525 tempus
2329 1457 2642 1529 obligamini
2672 1459 2818 1515 velut
2845 1461 3168 1532 conjugatae.
3199 1461 3433 1535 Ideoque

1835 1558 2052 1616 semper
2090 1561 2189 1618 pro
2228 1562 2387 1620 posse
2415 1551 2586 1607 oretis
2621 1571 2633 1606 :
2663 1563 2720 1607 ut
2761 1551 2890 1609 dum
2935 1570 3135 1627 corpus
3159 1556 3435 1628 saginatur

1836 1639 1959 1695 cibo
1988 1684 2002 1708 ,
2056 1649 2333 1698 saturetur
2381 1646 2560 1700 anima
2600 1645 2856 1703 lectione.
2901 1647 3018 1705 Non
3049 1658 3136 1705 est
3163 1649 3245 1704 fas
3274 1651 3433 1705 etiam

1837 1732 2192 1792 smcnlaribus
2230 1739 2390 1795 simul
2437 1740 2617 1796 cibum
2679 1752 2895 1811 terere,
2941 1752 2997 1798 et
3053 1742 3232 1799 inania
3274 1745 3436 1800 verba

154 1856 229 1899 aut
255 1845 488 1910 puerilia
520 1843 682 1900 verba
707 1844 1014 1916 depromat.
1050 1845 1408 1915 Sacrilegium
1452 1852 1732 1916 reputatur
1762 1856 1810 1918 Β
1840 1839 2076 1886 “10mm-

154 1939 395 2004 ehrictas,
440 1937 494 1992 in
546 1935 746 1992 femina
799 1939 1094 2010 praecipue,
1135 1939 1229 1994 sed
1271 1937 1484 1993 inlinito
1533 1938 1727 2009 plus,in

156 2030 344 2085 Domini
381 2045 607 2100 sponsa.
642 2025 756 2084 Noe
782 2025 1079 2085 denudatio
1107 2028 1497 2096 verendorum,
1546 2037 1605 2085 et
1626 2028 1731 2085 Lot

150 2120 373 2179 incestus
435 2124 507 2179 ob
552 2121 1249 2190 ebrietatem,vos‘cautas
1302 2123 1569 2194 instituat,
1633 2141 1729 2180 vos

153 2230 350 2287 semper
383 2207 582 2271 reddat
610 2215 826 2271 timidas
857 2232 1184 2288 semperque
1215 2227 1522 2288 suSpectas.
1584 2213 1728 2273 Vere

154 2309 376 2366 credatis
407 2304 551 2380 quod
593 2308 774 2381 ignem
806 2319 986 2380 portat
1018 2309 1073 2366 in
1119 2309 1350 2383 gremio,
1396 2311 1485 2381 qui
1508 2309 1732 2366 assiduo

158 2406 297 2459 utitur
326 2397 488 2459 vino.

212 2501 578 2574 Nequaquam,
629 2517 840 2574 quaso,
873 2502 1016 2558 inter
1064 2514 1305 2559 mortuas
1333 2502 1575 2574 corpori,
1610 2519 1732 2574 qua:

152 2595 388 2650 omnibus
430 2593 805 2664 voluptatibus
828 2609 886 2650 se
915 2593 1240 2650 abdicarunt
1269 2609 1366 2664 pro
1391 2591 1630 2662 Christo,
1666 2595 1732 2648 tle

155 2687 284 2755 gula:
330 2687 604 2744 horrendo
655 2688 922 2757 facinore,
972 2697 1028 2744 et
1059 2688 1340 2744 ebrietatis
1387 2685 1728 2743 itnmundilia

155 2792 325 2833 sermo
358 2779 512 2833 etiam
548 2779 806 2834 minimus
829 2782 1111 2835 habeatur.
1145 2778 1364 2835 Ventris
1385 2780 1649 2850 ingluvies
1676 2791 1730 2835 et

149 2869 398 2939 ebrietas,
433 2880 538 2927 tam
594 2871 791 2926 anima:
831 2871 1202 2938 infirmitatis,
1253 2887 1412 2942 quam
1462 2867 1730 2942 corporis,

141 2981 351 3023 causam
386 2977 442 3024 et
489 2968 778 3024 materiam
827 2968 1093 3022 tribuunt.
1123 2965 1358 3038 Ideoque
1411 2963 1734 3020 medicinale

139 3053 398 3128 jejunium
443 3071 666 3113 omnem
699 3056 911 3113 auferat
961 3058 1278 3129 languorem
1306 3099 1321 3122 ,
1373 3071 1591 3111 onmem
1630 3055 1736 3110 tri-

139 3149 257 3206 buat
279 3153 547 3206 virtutem
580 3159 636 3205 et
673 3151 926 3220 gratiam.
988 3149 1101 3205 lloc
1126 3166 1224 3205 vos
1265 3149 1551 3221 legislator
1592 3149 1727 3205 edo-

1907 1923 2126 1981 Sacram
2160 1925 2227 1980 de
2252 1925 2418 1981 veteri
2445 1923 2823 1995 Testamento,
2855 1937 2909 1985 et
2939 1929 3005 1985 de
3027 1947 3192 1994 novo,
3218 1942 3436 1987 sancto-

1835 2032 1952 2072 rum
1981 2019 2150 2089 gestis
2171 2028 2226 2075 et
2255 2016 2437 2088 dictis,
2463 2021 2692 2092 singulis
2719 2021 3151 2079 hebdomadibus
3180 2023 3436 2096 deputata

1835 2125 1992 2166 soror
2018 2111 2432 2170 comedet-tibus
2458 2113 2749 2172 lectionem
2779 2116 2946 2186 legat.
2995 2116 3146 2172 Tunc
3173 2116 3435 2174 uniuscu-

1830 2202 2027 2275 jusque
2051 2220 2205 2261 mens
2229 2205 2412 2262 sobria
2439 2208 2653 2262 intenta
2675 2209 2748 2264 sit
2778 2209 3059 2265 dulcedini
3098 2211 3254 2267 verbi
3295 2211 3392 2267 Dei
3419 2254 3434 2278 ,

1834 2299 2073 2368 su5piret
2098 2300 2258 2354 anxia
2281 2343 2295 2368 ,
2340 2315 2463 2355 cum
2497 2302 2850 2372 propheticus
2877 2311 2970 2357 aut
2998 2303 3292 2358 historicus
3319 2319 3438 2360 ser-

1832 2403 1925 2446 mo
1950 2391 2048 2447 Dei
2067 2391 2331 2448 saevitiam
2355 2403 2622 2449 monstrat
2649 2395 2702 2450 in
2730 2411 2944 2465 pravos.
2975 2395 3188 2452 Gaudio
3218 2398 3434 2468 replea-

1836 2491 1924 2536 tur
1961 2484 2228 2539 immenso
2254 2529 2269 2553 ,
2302 2500 2423 2540 cum
2477 2486 2786 2557 benignitas
2829 2488 2922 2544 Dei
2971 2489 3328 2546 annuntiatur
3380 2492 3432 2546 in

1831 2577 2029 2633 bonus.
2063 2578 2321 2651 Respiret
2348 2595 2502 2650 spes,
2544 2595 2666 2636 cum
2718 2598 2846 2653 erga
2884 2583 3210 2653 pcenitentes
3255 2583 3436 2640 indul-

1833 2671 2073 2741 gentiam
2129 2661 2290 2742 posse
2340 2673 2589 2730 exhiberi
2641 2683 2981 2733 monstratur
3030 2681 3304 2748 promisso
3349 2683 3433 2736 vel

1831 2761 2002 2818 facto.
2039 2764 2291 2836 Erigatur
2322 2767 2490 2835 fides,
2533 2782 2655 2822 cum
2693 2770 2745 2824 in
2774 2771 3058 2839 promissis
3091 2773 3229 2827 Deus
3259 2771 3436 2829 ﬁdelis

1795 2926 1807 2937 _
1841 2856 2169 2913 ostenditur.
2198 2857 2450 2914 Charitas
2477 2860 2840 2930 accendatur,
2869 2877 2996 2918 cum
3023 2873 3104 2920 tot
3139 2865 3435 2937 privilegiis

1835 2960 1894 3006 et
1918 2951 2236 3007 muneribus
2265 2965 2329 3008 ex
2362 2949 2565 3008 Christi
2593 2955 2907 3022 nativitate,
2960 2963 3016 3012 et
3061 2957 3183 3028 ejus
3230 2959 3342 3013 vita
3383 2969 3438 3016 et

1836 3045 2092 3114 passione
2125 3061 2189 3101 ac
2231 3049 2632 3104 resurrectione
2658 3091 2672 3116 ,
2723 3062 2908 3105 nostra
2949 3052 3167 3108 dotatur
3189 3051 3439 3109 humani-

1831 3145 1951 3205 tas,
1991 3149 2159 3211 atque
2198 3153 2385 3196 nostra
2416 3142 2599 3198 vilitas
2639 3143 2985 3201 sublimatur.
3023 3145 3144 3202 “Non
3175 3159 3438 3204 resonent

138 3252 290 3299 ceat:
333 3244 426 3299 cui
463 3243 549 3298 lex
601 3258 707 3298 non
741 3242 903 3298 datur
954 3243 1269 3313 priusquaut
1298 3241 1564 3312 jejunium
1593 3255 1725 3312 qua-

1842 3231 2002 3287 verba
2029 3277 2041 3297 ,
2064 3233 2159 3290 sed
2189 3235 2429 3304 gemitus
2464 3253 2478 3290 :
2512 3252 2619 3291 non
2669 3237 2815 3294 risus
2853 3250 2910 3294 et
2943 3239 3241 3296 cachinnus
3269 3282 3285 3308 ,
3339 3243 3436 3298 sed

138 3335 494 3407 dagesimale
520 3335 813 3406 perﬁcitur.
849 3333 995 3390 Elias
1021 3337 1075 3389 in
1120 3331 1436 3390 fortitudine
1476 3333 1730 3390 subcinc-

139 3426 237 3484 ricii
267 3430 467 3501 panis,
491 3428 712 3499 jejunus
741 3445 838 3499 per
857 3428 1220 3500 quadraginta
1247 3428 1364 3485 dies
1395 3428 1636 3498 perrexit
1660 3427 1727 3483 ad

138 3529 374 3578 ruentem
405 3520 510 3576 Dei
531 3519 698 3578 (δι-ει).
727 3522 868 3590 Quid
910 3536 1041 3578 vero
1081 3520 1305 3577 virtutis
1331 3521 1618 3577 contineat
1647 3535 1734 3576 sa-

139 3625 269 3673 crum
326 3615 611 3687 jejunium
640 3656 657 3682 ,
700 3631 735 3672 a
785 3627 972 3672 vestro
1018 3613 1419 3689 investigemini
1468 3629 1671 3688 sponso
1713 3634 1730 3673 :

125 3710 209 3777 qui
229 3709 685 3782 quadragenario
703 3720 932 3781 peracto
955 3705 1186 3780 jejunio,
1217 3713 1574 3767 tentatiouem
1618 3710 1732 3766 dia-

131 3805 240 3860 boli
270 3806 435 3861 vicit.
493 3803 610 3860 Viri
640 3803 897 3861 Νίιιίτίιω
940 3820 1049 3860 non
1099 3806 1316 3872 sileant,
1367 3806 1458 3877 qui
1500 3805 1725 3877 jejuniis

129 3911 434 3954 commune
463 3907 763 3954 evaserunt
797 3900 1050 3965 exitium,
1096 3908 1152 3955 et
1194 3897 1609 3954 irrevocabilem
1639 3900 1733 3955 Dei

135 4001 498 4054 mutaverunt
529 3994 875 4048 sententiam.
912 3991 1041 4049 Haec
1066 4007 1186 4059 vos,
1215 3991 1579 4059 charissimm,
1611 3993 1738 4048 imi-

134 4086 496 4143 tamiuizsed
549 4087 920 4156 assequamini
975 4089 1276 4156 sapienter,
1333 4101 1403 4142 ne
1450 4085 1661 4143 dicatur
1705 4101 1733 4141 a

139 4177 425 4234 Domino:
452 4179 580 4234 Non
601 4190 676 4233 est
707 4178 804 4233 hac
818 4181 1079 4252 jejunium
1120 4181 1258 4248 quod
1295 4179 1445 4250 elegi.

181 4273 480 4344 Castigare
511 4273 755 4328 membra
795 4281 972 4332 vestra
1015 4317 1031 4341 ,
1067 4272 1162 4327 sed
1191 4273 1365 4328 noli-te
1397 4272 1732 4328 interﬁcere.

105 4367 233 4424 Non
293 4380 495 4424 causct
539 4365 809 4438 jejunium
850 4368 1238 4424 vereCundiam
1272 4411 1287 4435 ,
1325 4379 1384 4422 ut
1420 4366 1734 4422 scandalum

101 4461 174 4514 sit
205 4460 452 4517 caeteris
484 4477 500 4515 :
555 4474 661 4516 non
687 4458 879 4516 dolore
907 4461 1098 4530 capitis
1145 4470 1198 4515 et
1234 4459 1512 4515 debilitate
1541 4473 1735 4529 corpo-

95 4557 180 4608 ris
211 4567 413 4609 sacra:
436 4552 760 4607 omittantur
793 4552 1060 4609 iectiones
1087 4594 1101 4617 ,
1149 4567 1250 4608 nec
1289 4553 1570 4607 ora-tiones
1595 4551 1734 4606 deii-

1835 3331 2110 3404 lacryntze.
2151 3331 2270 3388 Non
2315 3344 2650 3406 occupentur
2693 3349 2894 3391 manus
2927 3337 3285 3394 incisionibus
3317 3339 3437 3394 inu-

1830 3420 2020 3481 tilibus
2055 3443 2068 3479 :
2102 3424 2196 3481 sed
2241 3440 2311 3482 ex
2359 3424 2742 3482 recordatione
2791 3428 3086 3486 criminum
3140 3432 3438 3487 tunduntur

1835 3531 2076 3591 pectora.
2125 3519 2221 3576 His
2259 3519 2406 3577 enim
2447 3521 2621 3576 frenis
2659 3523 2860 3592 agitata
2889 3539 3032 3580 saeva
3064 3525 3204 3596 gula:
3231 3528 3438 3596 rapaci-

1829 3621 1919 3669 tas
1970 3613 2287 3669 sobrietatis
2327 3629 2436 3669 non
2463 3614 2679 3670 excedit
2716 3615 2956 3673 limites:
3000 3615 3208 3673 foribus
3235 3618 3440 3676 ventris

1833 3720 1940 3763 non
1968 3707 2142 3763 aderit
2167 3708 2395 3779 crapula
2428 3726 2442 3762 :
2471 3707 2692 3764 demum
2724 3717 2960 3767 aestuans
2999 3708 3172 3768 libido
3201 3728 3312 3768 non
3343 3728 3440 3769 no-

1835 3803 1984 3859 cebit
2011 3801 2331 3874 quidquam.
2349 3873 2580 3931 CAPGT
2621 3875 2893 3932 xxxv!“

2086 3967 2170 4025 De
2189 3969 2429 4041 operibus
2458 3986 2697 4026 sororum
2722 3979 2838 4044 post
2866 3971 3166 4042 prandium.

1902 4084 2137 4158 Sumpto
2166 4085 2403 4155 denique
2430 4086 2589 4156 cibo,
2622 4103 2720 4143 nec
2752 4096 2878 4142 tunc
2908 4087 3214 4143 adeundum
3244 4097 3328 4144 est
3359 4087 3440 4144 fa-

1835 4177 2026 4243 bulas,
2058 4178 2151 4234 sed
2179 4178 2376 4234 Christi
2410 4181 2664 4248 exemplo
2700 4223 2714 4246 ,
2756 4195 2878 4236 cum
2927 4180 3020 4236 Dei
3077 4180 3325 4237 laudibus
3369 4183 3437 4236 ad

1837 4272 2136 4342 gratiarum
2160 4274 2405 4328 actiones
2432 4285 2766 4344 consurgant
2793 4318 2807 4341 ,
2863 4273 3086 4345 Deoqne
3118 4278 3171 4331 in
3202 4277 3437 4332 ecclesia

1839 4365 2067 4437 hymnos
2113 4367 2447 4436 persolvant.
2497 4367 2700 4422 Deinde
2729 4382 2852 4422 cum
2882 4369 3028 4422 omni
3060 4368 3289 4424 silentio
3314 4413 3331 4435 ,
3379 4382 3442 4426 ut

1836 4471 1991 4514 sacra
2035 4459 2204 4514 lectio
2250 4461 2391 4514 lecta
2433 4460 2712 4526 proficiat,
2754 4470 2813 4515 ut
2853 4462 3019 4515 menti
3061 4461 3436 4518 inscribuntur

1838 4561 2052 4606 narrata
2085 4569 2100 4607 :
2130 4567 2470 4623 unaqumque
2495 4554 2773 4623 sigillatim
2800 4555 3005 4626 relegat
3033 4567 3088 4611 et
3115 4561 3433 4623 confirmet,

93 4652 262 4704 ciant.
291 4691 311 4717 ,
376 4662 444 4701 ne
493 4659 720 4701 necesse
769 4647 850 4700 'sit
903 4645 1397 4716 contemplationes
1452 4645 1730 4700 deserere.
1764 4641 1812 4700 D
1838 4655 1933 4698 aut
1963 4645 2015 4698 in
2047 4645 2274 4700 ecclesia
2303 4644 2480 4700 dehis
2505 4661 2626 4715 qum
2650 4646 2835 4702 didicit
2866 4649 3160 4705 meditetur
3195 4669 3207 4705 :
3241 4667 3438 4722 quous-

87 4744 486 4812 Unaquaeque
514 4753 628 4794 suae
677 4738 870 4794 salutis
901 4754 998 4810 per
1035 4739 1304 4809 jejunium
1331 4738 1433 4792 sibi
1457 4739 1736 4793 medelam

88 4835 414 4888 adhibeat.
450 4830 756 4902 Frangatur
784 4846 984 4902 corpus
1023 4830 1251 4901 jejuniis
1284 4846 1299 4888 :
1327 4831 1632 4900 caS'tigetnr
1685 4831 1736 4884 in

85 4929 252 4983 nulla
293 4925 657 4980 verberibus.
693 4923 752 4980 Si
773 4924 1069 4995 quidquam
1097 4923 1438 4990 concupiscit
1469 4923 1737 4985 illicitum.

90 5018 579 5090 multiplicemur
609 5020 949 5074 abstinentia:
968 5067 982 5089 ,
1013 5020 1374 5074 adhibeantur
1407 5017 1742 5088 gravissimae

77 5113 442 5190 disciplina:
473 5130 488 5170 :
522 5115 695 5170 donec
750 5114 829 5169 sic
865 5114 1108 5183 humile,
1134 5115 1219 5169 sic
1267 5114 1564 5184 benignum
1611 5111 1734 5178 Dat,

79 5211 253 5280 quod
320 5207 462 5262 nihil
504 5207 607 5260 sibi
642 5207 896 5263 vendicet
922 5207 1146 5262 noxium
1173 5248 1188 5273 ,
1220 5205 1351 5260 nihil
1386 5207 1564 5275 exigat
1591 5205 1734 5276 quod

71 5327 207 5365 tum
247 5305 461 5362 vultis.
487 5305 739 5374 Erigatur
754 5305 996 5368 domina,
1021 5304 1358 5376 principctur
1381 5304 1432 5357 in
1455 5301 1734 5357 omnibus:

71 5396 498 5470 subjiciatur,
548 5397 924 5467 suppeditetur
987 5406 1044 5452 et
1111 5396 1462 5452 conculcetur
1515 5393 1734 5450 ancilla.

61 5491 274 5565 Quod
325 5490 375 5544 si
419 5489 616 5544 iterum
660 5498 823 5558 atque
845 5487 1042 5544 iterum
1071 5489 1235 5556 erigit
1254 5503 1314 5544 se
1339 5499 1526 5543 contra
1555 5486 1736 5542 domi-

67 5605 267 5653 nam,
329 5583 576 5655 ejiciatur
600 5583 822 5650 ancilla,
851 5583 1177 5648 denudetur,
1208 5581 1460 5652 fatigetur
1484 5590 1539 5635 et
1563 5580 1737 5634 humi-

61 5689 293 5740 Iicurr
333 5679 400 5731 ad
427 5684 640 5732 votum.
667 5675 728 5730 Si
753 5689 887 5731 vero
916 5675 1154 5746 quietum
1185 5687 1381 5744 corpus
1409 5674 1548 5729 ultra
1569 5675 1734 5740 vires,

57 5780 256 5834 uitra
320 5767 730 5825 condeccntiatn
762 5767 942 5823 velitis
995 5780 1359 5836 exasperare,
1402 5766 1736 5838 indignatum

52 5887 188 5928 vos
235 5865 324 5923 in
351 5862 557 5922 foveam
585 5861 805 5934 dejiciet
831 5860 1172 5919 indiscretus.
1215 5857 1300 5917 Nil
1333 5859 1532 5935 quippe
1559 5861 1736 5938 poteSt

1845 4755 1949 4806 que
1979 4737 2138 4793 simul
2165 4735 2355 4792 diebus
2377 4739 2779 4805 communibus,
2815 4753 2934 4809 post
2966 4743 3252 4812 prandium
3285 4741 3440 4800 horae

1839 4828 2031 4896 Nonm,
2063 4830 2119 4883 in
2151 4828 2392 4884 Ecclesia
2422 4828 2824 4886 celebraverint
2855 4831 3050 4903 dignas
3077 4834 3264 4889 laudes
3297 4852 3311 4888 :
3344 4844 3441 4891 aut

1842 4928 1887 4979 si
1923 4925 2068 4980 forte
2117 4924 2397 4994 prandium
2435 4924 2759 4994 pt-aevenerit
2788 4926 2921 4982 hora
2953 4929 3104 4984 Nona
3144 4931 3334 4986 diebus
3352 4933 3437 5002 je-

1838 5017 2118 5092 juniorum
2140 5060 2154 5084 ,
2184 5032 2463 5089 quousque
2485 5020 2822 5090 campanella
2853 5022 2905 5075 in
2929 5021 3169 5078 claustro
3201 5024 3442 5093 pulsabi-

1839 5123 1932 5169 tur
1963 5130 1978 5169 :
2009 5111 2228 5168 interim
2267 5113 2311 5167 si
2345 5113 2586 5169 brevitas
2619 5114 2854 5169 noctium
2885 5125 2940 5170 et
2970 5124 3273 5188 temporum
3299 5133 3434 5174 con-

1841 5206 1974 5261 ditio
2023 5217 2078 5262 et
2132 5215 2339 5261 natura;
2385 5205 2679 5262 necessitas
2731 5210 3012 5277 exegerit:
3049 5219 3170 5278 post
3200 5210 3432 5282 aliquam

1843 5297 2092 5354 bornlam
2125 5299 2177 5353 in
2207 5314 2310 5369 qua
2354 5298 2639 5368 legendum
2697 5309 2779 5354 est
2825 5311 2947 5373 post
2987 5303 3273 5372 prandium
3305 5349 3320 5372 ,
3353 5306 3440 5362 vel

1843 5392 2110 5448 orandum
2139 5435 2154 5460 ,
2195 5392 2358 5450 liceat
2401 5393 2676 5463 paulisper
2711 5393 3022 5450 volentibus
3054 5399 3236 5468 quiete
3259 5401 3438 5470 potius

1842 5500 2006 5556 quam
2035 5497 2226 5538 somno
2252 5498 2449 5556 corpus
2477 5483 2783 5541 refocillare
2807 5529 2822 5553 ,
2855 5497 2915 5542 ut
2944 5488 3142 5546 fortius
3173 5491 3433 5548 reddatur

1842 5578 2144 5635 ‘tahoribus.

1913 5671 2044 5728 Post
2067 5670 2302 5742 quietem
2329 5670 2548 5743 quidem
2579 5671 2712 5727 hora
2739 5671 2888 5729 Nona
2923 5674 3150 5731 decursa
3181 5675 3269 5732 vel
3315 5680 3438 5749 pul-

1843 5774 1957 5819 sata
2000 5764 2371 5835 campanella,
2407 5778 2510 5819 nec
2537 5764 2831 5836 quidquam
2864 5767 3100 5823 otiosum
3131 5771 3303 5837 possit
3324 5771 3439 5830 dia-

1841 5858 2000 5919 bolus
2054 5857 2346 5918 invenire:
2388 5872 2458 5916 ne
2503 5858 2658 5917 vanis
2696 5857 2984 5920 desideriis
3035 5871 3217 5936 pateat
3252 5866 3437 5928 cordis
