3918 6294
492 366 603 431 495

1531 357 1592 419 S.
1633 346 2014 417 HIERONYMI
2053 344 2343 411 OPERUM
2382 339 2753 405 MANTISSA.

3660 334 3754 401 ἀει

494 489 681 546 aditus
712 504 728 545 :
758 485 929 543 altera
957 493 1207 539 sororum
1235 477 1409 537 libros
1444 476 1688 544 scribat,
1732 483 1790 530 ut
1819 484 1873 530 et
1896 484 2090 527 manus
2117 473 2172 533 Α
2192 478 2283 540 get
2312 468 2568 539 protinus
2590 465 2645 520 in
2675 460 2939 519 auxilium
2960 469 3178 531 sponsa:
3202 470 3341 514 sum.
3370 453 3525 514 Scuto
3549 453 3750 511 circnma

494 582 708 646 labore,
735 589 790 635 et
813 592 970 633 mens
996 574 1182 630 divino
1209 572 1482 643 repleatur
1512 568 1730 641 pabulo.
1766 568 1900 623 Suat
1918 564 2089 620 altera

495 673 738 732 eucullas
783 683 1032 727 sororum
1060 707 1076 734 ,
1115 674 1173 723 et
1220 663 1431 721 tunicas
1474 672 1531 719 et
1577 660 1827 716 melotas.
1871 658 2091 713 Plantas

499 769 706 824 olerum
733 765 940 835 plantet
960 762 1134 818 altera
1163 759 1217 816 in
1248 758 1484 827 hortulo,
1516 762 1578 811 ut
1596 760 1908 811 crescentes
1937 750 2094 805 vobis

499 862 784 935 praebeant
830 873 1005 914 escas.
1057 855 1243 911 Altera
1292 852 1501 910 semina
1552 851 1740 921 jactet.
1796 848 2093 919 lrrigentur

495 954 693 1010 areola:
720 993 736 1020 ,
785 962 842 1007 ut
868 949 1169 1006 seminibus
1213 956 1356 1019 aptae
1388 947 1540 1002 fiant.
1570 944 1884 999 Inserantur
1905 938 2096 995 fructi-

497 1048 628 1105 ferae
657 1046 883 1103 arbores
906 1041 1261 1099 infructuosis
1289 1058 1305 1099 :
1339 1050 1396 1095 ut
1431 1056 1519 1095 ars
1549 1041 1655 1093 vim
1686 1036 1912 1107 repellat
1939 1044 2093 1089 natu-

498 1156 598 1197 rae.
626 1141 705 1196 Ex
737 1138 823 1195 his
852 1147 1105 1209 resurgat
1140 1149 1297 1192 mens
1335 1143 1561 1206 pr0pter
1582 1130 1875 1187 visibilium
1902 1128 2094 1183 horum

498 1234 889 1307 inspectionem
935 1233 1002 1288 ad
1043 1229 1412 1287 meditandum
1438 1228 1507 1284 de
1538 1225 1902 1283 invisibilibus
1932 1223 2029 1279 Dei
2062 1239 2077 1278 :

498 1330 708 1386 oriatur
749 1326 1038 1383 admiratio
1063 1324 1263 1381 divina:
1296 1324 1553 1395 potentia:
1584 1323 1636 1377 in
1665 1319 1874 1376 semine
1896 1361 1912 1386 ,
1946 1316 2095 1389 quod

499 1437 570 1477 ex
598 1420 676 1476 sic
707 1434 906 1491 parvo,
935 1418 1015 1472 sic
1043 1415 1229 1482 arido,
1263 1423 1429 1470 tanta:
1466 1411 1856 1483 magnitudinis
1887 1418 1943 1465 et
1966 1408 2095 1463 viri-

498 1515 685 1572 ditatis
707 1558 724 1582 ,
755 1524 809 1569 et
835 1511 1257 1585 pulchritudinis
1297 1520 1545 1565 creatura
1578 1508 1866 1563 formetur.
1897 1505 1973 1561 Ex
2003 1502 2101 1558 ad-

500 1608 794 1667 miratione
842 1615 1053 1663 crescat
1100 1605 1359 1672 devotio,
1409 1619 1476 1660 ex
1524 1602 1817 1658 devotione
1864 1598 2097 1655 elevatio

505 1704 709 1761 mentis
742 1719 758 1759 :
784 1703 858 1758 ita
884 1710 944 1757 ut
975 1701 1085 1771 jam
1111 1700 1226 1770 ipse
1257 1698 1511 1753 hortulus
1540 1696 1635 1751 ﬁat
1663 1693 1964 1751 oratorium
1995 1733 2010 1758 ,
2043 1701 2100 1746 et

500 1808 766 1855 creaturae
812 1793 1159 1851 insensibiles
1194 1790 1460 1848 creatoris
1504 1786 1929 1860 magnitudinem
1960 1801 2099 1857 pra:-

2194 563 2346 620 dabit
2372 577 2493 619 eam
2520 603 2535 626 ,
2583 576 2651 617 ne
2694 559 2807 630 jam
2855 558 3046 613 timeat
3088 570 3118 610 a
3159 555 3353 609 timore
3393 556 3661 607 nocturno.
3688 549 3749 604 Et

2192 656 2389 715 cadent
2418 656 2605 712 statim
2637 670 2668 710 a
2698 654 2869 708 latere
2894 649 3013 721 ejus
3041 646 3190 703 mille
3215 687 3231 712 ,
3274 653 3330 701 et
3373 642 3555 699 decem
3601 641 3749 697 millia

2194 768 2226 808 a
2253 752 2464 807 dextris
2493 750 2617 820 ejus
2650 766 2664 804 :
2700 752 2817 813 necf
2844 739 3354 817 appropinquabunt
3393 737 3459 792 ad
3483 750 3615 792 eam.
3640 734 3753 790 Pos-

2194 858 2372 904 tremo
2402 845 2612 917 angelis
2638 843 2755 899 suis
2790 838 3067 900 mandabit
3092 880 3107 905 ,
3153 844 3209 891 ut
3237 832 3544 891 custodiant
3570 846 3677 886 eam
3705 830 3751 885 in

2197 941 2457 998 omnibus
2484 940 2589 996 viis
2617 938 2737 1009 ejus
2762 980 2778 1007 ,
2820 952 2889 993 ne
2915 934 3057 991 forte
3081 928 3319 988 offendat
3339 925 3405 983 ad
3430 924 3650 996 lapidem
3676 939 3753 996 pe-

2199 1035 2326 1091 dem
2370 1050 2550 1092 suum.

2802 1098 3035 1159 CAPUT
3073 1096 3188 1155 XL.

2342 1199 2421 1256 De
2446 1199 2699 1254 charitate
2723 1196 2978 1253 servanda
2997 1209 3121 1265 erga
3149 1191 3385 1262 inﬁrmas
3409 1202 3623 1244 sorores.

2274 1318 2604 1375 Balnearum
2628 1313 2912 1371 mollitiem
2938 1352 2955 1379 ,
3008 1322 3138 1364 caro
3170 1320 3386 1378 sponsae
3411 1301 3507 1359 Dei
3537 1315 3637 1358 non
3658 1310 3757 1356 sus-

2201 1412 2389 1484 cipiat.
2420 1410 2625 1466 Harum
2661 1422 2795 1464 usus
2834 1404 3004 1462 castis
3027 1400 3347 1473 corporibus
3374 1414 3480 1453 non
3507 1396 3755 1467 competit.

2202 1506 2351 1564 Satis
2382 1520 2483 1561 nos
2505 1503 2607 1573 ipsi
2635 1501 2846 1573 experti
2880 1496 3127 1569 quotidie
3165 1500 3403 1565 quantus
3433 1491 3486 1545 in
3524 1485 3754 1545 membris

2201 1600 2403 1657 nostris
2450 1596 2691 1653 libidinis
2738 1593 2879 1664 ignis
2927 1598 3161 1657 exurat,
3201 1586 3506 1649 sentimus,
3553 1578 3760 1638 etiamsi

2200 1696 2343 1768 ignis
2375 1696 2614 1749 fomenta
2643 1689 2965 1745 auferantur
3012 1699 3112 1756 pro
3159 1696 3345 1755 posse.
3385 1677 3554 1735 Nimis
3580 1685 3656 1733 est
3685 1673 3762 1730 de-

2202 1807 2357 1848 mens
2383 1799 2439 1845 et
2464 1789 2644 1842 fatuus
2672 1828 2687 1854 ,
2734 1783 2827 1855 qui
2866 1780 3150 1839 materiam
3202 1789 3519 1850 praeparans
3562 1770 3664 1844 igni
3701 1769 3756 1824 ad

505 1893 714 1949 dicent-
740 1890 849 1947 Sed
876 1888 1175 1945 cavendum
1208 1896 1291 1943 est
1311 1886 1616 1958 ροιίεεὶηιθ,
1649 1900 1719 1940 ne
1758 1898 1950 1938 manus
1979 1895 2099 1936 VCS-
2129 1882 2177 1944 B
2204 1882 2516 1942 incendium
2542 1923 2558 1950 ,
2591 1895 2698 1935 non
2724 1876 2842 1932 vult
2866 1884 2928 1932 ut
2952 1874 3163 1931 ardeat.
3194 1871 3306 1927 lsta
3333 1869 3526 1945 decent
3552 1862 3760 1921 miserri-

427 2021 436 2032 -
505 1998 604 2042 trze
624 1983 915 2057 quidquam
937 1984 1253 2053 contingere
1275 1980 1531 2047 audeant,
1560 1977 1705 2051 quod
1726 1977 1882 2033 vanis
1914 1975 2102 2031 usibus

502 2082 679 2153 possit
706 2078 906 2151 aptari.

718 2149 755 2232 ρ’
1040 2152 1272 2212 CAPUT
1308 2149 1558 2212 xxm.

758 2250 836 2307 De
864 2247 1003 2305 horis
1039 2246 1374 2321 vespertinis,
1408 2254 1456 2300 et
1486 2240 1853 2317 Completorio.

581 2369 823 2440 Serpens
845 2380 1058 2422 morum
1087 2405 1104 2429 ,
1152 2362 1330 2418 omnis
1359 2360 1569 2417 otiosus
1596 2372 1778 2414 sermo
1801 2354 2105 2427 expellatur

505 2463 574 2520 de
624 2462 804 2518 medio
848 2459 1035 2515 vestri.
1081 2456 1385 2527 Numquam
1429 2455 1574 2509 risus
1608 2498 1623 2523 ,
1678 2465 1969 2522 numquam
2014 2465 2104 2505 ca-

506 2557 743 2614 chinnus
763 2570 859 2611 cor
897 2567 1094 2608 vanum
1121 2549 1455 2623 pronuntiet.
1490 2547 1581 2604 Sic
1601 2546 1798 2614 sancti,
1825 2546 1904 2601 sic
1925 2544 2105 2615 pudici

508 2652 619 2708 sint
664 2658 819 2705 actus
864 2645 1115 2717 corporis
1153 2643 1381 2711 cuncti,
1428 2649 1490 2697 ut
1524 2641 1724 2696 mentis
1752 2640 2105 2698 sanctitatem

508 2752 804 2817 exponant.
842 2741 1017 2798 Homo
1048 2754 1254 2810 nempe
1282 2737 1526 2794 exterior
1552 2778 1567 2802 ,
1616 2735 1904 2792 interioris
1936 2733 2105 2789 index

510 2848 619 2897 est.
650 2840 856 2895 Sancto
884 2851 982 2892 vos
1008 2834 1061 2890 in
1094 2834 1316 2901 labore,
1366 2842 1558 2887 sancto
1589 2844 1684 2885 vos
1716 2830 1769 2884 in
1812 2844 1980 2900 opere
2007 2827 2105 2883 de-

512 2932 774 2988 bellantes
824 2928 1103 2985 diabolum
1133 2970 1147 2992 ,
1184 2928 1495 2996 vespertina
1523 2922 1656 2978 hora
1682 2923 1926 2993 reperiat
1954 2937 1970 2983 ;
2001 2936 2106 2992 qua

511 3026 566 3082 in
597 3023 845 3081 Ecclesia
873 3022 1076 3077 sanctis
1106 3021 1247 3074 Deus
1272 3017 1525 3073 laudetur
1551 3014 1769 3071 ofﬁciis.

583 3120 641 3176 Si
673 3115 986 3174 festivitatis
1034 3113 1321 3170 celebritas
1342 3152 1359 3178 ,
1394 3112 1439 3166 si
1484 3109 1653 3165 nimia
1679 3107 1932 3164 debilitas
1958 3122 2110 3163 com-

514 3226 734 3271 munem
756 3208 1027 3267 cmnulam
1065 3210 1397 3277 brevemque
1427 3203 1881 3260 refocillationem
1909 3217 2105 3273 corpo«

2206 1994 2324 2037 mas
2348 1974 2719 2039 mulierculas,
2737 1987 2862 2028 eum
2887 1968 3269 2040 periclitantur
3290 1960 3567 2033 naufragio
3590 1965 3761 2030 partus.

2206 2076 2412 2134 Tamen
2438 2077 2482 2129 si
2511 2082 2755 2128 extrema
2786 2066 3087 2125 necessitas
3118 2059 3423 2120 inﬁrmanti
3448 2051 3763 2114 consuluerit,

2205 2176 2421 2228 servato
2451 2166 2627 2223 omnis
2661 2160 2932 2236 pudicitiae
2966 2160 3192 2226 honore,
3221 2171 3348 2212 cum
3371 2152 3518 2210 omni
3540 2144 3759 2206 modestia

2206 2264 2322 2321 ﬁat.
2373 2262 2526 2318 Alias
2574 2261 2629 2315 in
2664 2254 2840 2313 servis
2886 2252 2987 2311 Dei
3034 2251 3165 2308 talia
3211 2250 3459 2321 cogitare
3506 2245 3573 2300 sit
3618 2239 3761 2297 nefas.

2205 2359 2567 2427 Summopere
2596 2360 2848 2409 servetur
2877 2348 2933 2404 in
2957 2347 3112 2404 vobis
3136 2390 3153 2416 ,
3196 2355 3265 2401 ut
3306 2359 3436 2416 erga
3466 2341 3756 2399 inﬁrmantes

2206 2464 2430 2507 sorores
2455 2490 2469 2516 ,
2498 2464 2620 2504 cum
2648 2446 2796 2501 omni
2824 2441 3195 2500 sollicitudine
3221 2482 3239 2508 ,
3273 2438 3454 2495 omnis
3484 2434 3759 2493 exhibentur

2208 2560 2336 2601 cura
2369 2541 2751 2613 liOSpitalitatis
2772 2581 2786 2607 ,
2825 2547 2883 2597 et
2915 2539 3268 2610 praebeantur
3298 2536 3523 2606 integrat
3556 2538 3608 2586 et
3631 2526 3762 2582 totius

2207 2639 2425 2713 pietatis
2453 2637 2737 2706 obsequia.
2767 2633 2825 2691 Si
2857 2632 3158 2703 periculum
3187 2626 3478 2698 exegerit,
3530 2620 3758 2679 medicum

2209 2732 2450 2789 sobrium
2481 2742 2537 2785 et
2566 2729 2845 2802 pudicum,
2887 2737 2943 2783 et
2968 2725 3117 2789 onmi
3146 2723 3463 2796 suspicione
3486 2726 3760 2780 carentem,

2210 2828 2458 2898 protinus
2481 2824 2803 2881 consulant:
2835 2828 2892 2879 et
2911 2837 3033 2893 quae
3055 2819 3404 2876 mandaverit
3426 2813 3629 2872 sanitati
3653 2825 3759 2866 con-

2208 2937 2341 2993 grua
2368 2966 2382 2991 ,
2419 2919 2567 2975 omni
2599 2917 2795 2973 domus
2826 2916 3155 2972 necessitate
3192 2910 3491 2984 postposita
3520 2951 3535 2977 ,
3575 2908 3763 2976 benigne

2211 3016 2363 3073 ﬁant.
2388 3016 2446 3072 Si
2468 3030 2599 3072 vero
2624 3014 2822 3071 desunt
2840 3010 3148 3068 necessaria
3177 3025 3191 3063 :
3227 3007 3530 3065 vendantur
3548 3016 3657 3075 qua:
3674 3014 3762 3055 mo-

2211 3112 2435 3172 nasterii
2456 3120 2603 3176 sunt,
2632 3126 2704 3167 ne
2735 3107 3035 3180 temporale
3063 3104 3288 3176 aliquod
3318 3098 3762 3159 misericordiarutn

2212 3206 2476 3280 impediat
2503 3220 2693 3276 opera.

513 3306 591 3364 ris
616 3304 794 3377 potius
811 3317 971 3375 quam
994 3300 1061 3356 ad
1083 3297 1502 3356 delectationem
1526 3306 1767 3368 paratam
1795 3294 2108 3352 indulserit:
2136 3284 2183 3351 C
2286 3300 2439 3356 Nulla
2468 3300 2554 3356 lex
2574 3314 2717 3354 esca;
2737 3342 2753 3367 ,
2787 3296 2873 3353 vel
2903 3304 3064 3365 potus
3091 3301 3186 3350 aut
3207 3300 3414 3350 stratus
3440 3289 3679 3359 astringat
3697 3282 3761 3338 in-

518 3397 844 3469 vespertinte
902 3393 1090 3451 laudes
1140 3393 1253 3448 Deo
1302 3390 1683 3461 tempestivius
1734 3389 2111 3459 persolvantur

514 3509 675 3568 quam
708 3491 923 3549 caeteris
959 3487 1293 3560 jejuniorum
1328 3486 1521 3542 diebus
1554 3503 1569 3540 :
1603 3495 1663 3541 ut
1702 3500 1805 3541 nec
1829 3486 1991 3541 etiam
2017 3484 2114 3541 de-

517 3588 647 3644 bitas
669 3584 861 3642 laudes
885 3585 940 3640 in
971 3583 1162 3639 ultima
1203 3581 1337 3637 hora
1365 3580 1509 3650 diei,
1532 3581 1623 3636 vel
1652 3582 1999 3647 omittantur,
2027 3579 2116 3635 vel

521 3684 780 3755 iualiquo
827 3679 1222 3737 detruncentur
1272 3677 1344 3733 ob
1386 3691 1622 3732 cmnam.
1673 3675 1805 3731 Post
1842 3683 2114 3745 peractam

521 3792 755 3842 ctenam,
780 3773 865 3831 vel
894 3773 939 3829 si
962 3769 1229 3827 omittitur
1251 3777 1376 3841 post
1396 3769 1634 3839 aliquam
1661 3767 1935 3835 horulam,
1963 3767 2114 3838 juxta

520 3870 851 3943 exigentiam
892 3866 1153 3937 temporis
1193 3863 1260 3919 ad
1312 3863 1599 3919 ecclesiam
1634 3876 1855 3918 sorores
1895 3876 2116 3933 campa-

523 3969 667 4025 nella
698 3970 857 4021 vocet
888 3980 901 4016 :
935 3961 1025 4017 ubi
1049 3960 1132 4016 vel
1163 3958 1231 4015 de
1261 3967 1571 4012 sanctorum
1599 3956 1769 4028 gestis
1799 3956 1880 4012 vel
1905 3956 1972 4011 de
1997 3956 2118 4010 aliis

521 4059 855 4119 mirabilibus
878 4056 974 4111 Dei
1004 4054 1165 4109 lectio
1196 4053 1388 4107 devota
1422 4049 1659 4106 dicatur.
1693 4050 1792 4106 Cui
1823 4049 2121 4105 succedant

524 4150 880 4225 Completorii
908 4146 1097 4204 laudes
1131 4164 1144 4200 :
1175 4154 1234 4200 ut
1257 4161 1324 4201 ex
1361 4143 1447 4199 bis
1484 4144 1755 4201 roborata:
1784 4154 1996 4199 mentes
2038 4143 2122 4200 di-

527 4249 655 4305 vino
704 4242 947 4317 pabulo,
994 4241 1279 4295 nocturnis
1312 4236 1615 4307 phantasiis
1646 4237 1990 4308 occultisque
2015 4236 2118 4291 fal-

522 4342 679 4398 laciis
715 4336 916 4394 diaboli
948 4346 1238 4389 occurrere
1266 4346 1372 4385 non
1405 4328 1731 4394 formident,
1765 4342 1863 4383 nec
1894 4327 2121 4383 timeant

521 4436 782 4492 dimicare
811 4449 826 4487 :
855 4437 910 4486 et
929 4429 1009 4484 sic
1029 4443 1059 4483 a
1083 4424 1283 4481 divinis
1308 4423 1589 4494 obsequiis
1612 4431 1839 4479 exortus
1868 4420 2007 4488 dies,
2037 4420 2121 4476 di-

526 4529 667 4586 vinis
698 4526 916 4581 ﬁuiatur
942 4520 997 4577 in
1020 4518 1299 4576 laudibus.

600 4622 729 4678 Post
775 4614 1204 4686 Completorium
1250 4625 1381 4667 vero
1414 4608 1551 4664 nihil
1580 4607 1726 4665 aliud
1769 4622 1931 4679 quam
1956 4608 2123 4665 silen-

484 4774 487 4781 ,
527 4720 662 4776 tium
691 4712 958 4770 sentiatur
986 4752 1001 4776 ,
1045 4718 1104 4763 ut
1140 4718 1361 4762 sorores
1393 4704 1593 4774 quietae
1629 4714 1855 4759 semotae
1884 4703 2119 4757 totaliter
2146 4690 2197 4751 D

526 4808 805 4883 corporeis
832 4803 1084 4861 sensibus
1109 4816 1231 4873 quae
1261 4801 1315 4855 in
1345 4799 1624 4871 praeterito
1656 4808 1903 4869 tempore
1923 4796 2121 4852 divinis

528 4907 826 4964 audierunt
846 4896 1097 4955 lectionis
1117 4936 1133 4962 ,
1163 4891 1446 4949 ruminent
1476 4901 1681 4959 mente,
1709 4902 1764 4947 et
1793 4892 2124 4960 rcstringant

530 5003 584 5058 in
629 4997 817 5056 corde.
866 4992 993 5048 llmc
1026 4987 1292 5045 meditans
1319 5000 1661 5056 unaquaeque
1692 4999 1844 5039 suam
1871 4983 2120 5039 cellulam

530 5093 727 5159 adeat,
756 5083 1138 5143 benedictione
1176 5079 1367 5135 matris
1405 5085 1656 5146 suscepta
1683 5119 1698 5145 ,
1744 5085 1798 5131 et
1838 5075 2121 5146 religionis

532 5188 769 5243 habitum
798 5190 1012 5252 gestans
1039 5219 1053 5242 ,
1087 5184 1145 5229 ut
1174 5174 1219 5227 si
1248 5180 1441 5227 natura
1470 5171 1714 5241 exegerit
1750 5184 1809 5224 se
1854 5170 1905 5224 in
1952 5181 2123 5225 Stratu

530 5281 597 5337 ad
620 5273 1005 5350 quiescendum
1028 5274 1337 5336 componat.
1366 5263 1422 5319 Si
1452 5276 1584 5318 vero
1615 5260 1982 5317 dormientem
2012 5261 2125 5316 da:-

535 5387 661 5429 tnon
691 5364 901 5435 insequi
931 5356 1159 5430 coeperit
1185 5369 1347 5426 quam
1379 5353 1691 5424 vigilantem
1721 5360 1988 5408 metuerat
2008 5393 2023 5419 ,
2077 5354 2123 5409 si

530 5464 813 5525 illusiones
843 5453 1133 5513 immiserit
1158 5493 1173 5519 ,
1204 5450 1252 5506 si
1285 5449 1464 5519 turpia
1493 5447 1755 5520 cogitatui
1782 5448 2121 5520 opposuerit,

533 5575 658 5619 mox
687 5565 749 5613 ut
783 5553 880 5609 Dei
927 5562 1123 5620 sponsa
1154 5543 1508 5616 persenserit,
1551 5552 1831 5613 exsurgat,
1863 5541 2124 5612 cedatque

531 5651 758 5725 ignaviae
810 5654 867 5702 et
910 5638 1097 5712 sopori
1136 5637 1297 5693 velox
1344 5634 1653 5691 excubitus.
1702 5634 1831 5690 Inde
1869 5634 2123 5704 protinus

532 5743 865 5805 horrendum
925 5747 981 5792 et
1033 5731 1373 5789 tremendum
1422 5728 1645 5786 diabolo
1692 5729 1905 5799 signum
1948 5730 2123 5785 crucis

534 5848 796 5915 opponat,
827 5831 1017 5906 sponsi
1043 5826 1225 5885 dilecti
1256 5827 1473 5882 invocet
1500 5823 1781 5891 auxilium,
1811 5833 1866 5880 et
1893 5838 2125 5896 sponsus

534 5939 839 6009 zelotypus,
880 5926 973 6002 qui
1002 5924 1169 5984 nimio
1197 5921 1314 5981 zelo
1340 5935 1592 5993 sponsam
1626 5918 1863 5979 custodit
1891 5962 1905 5991 ,
1934 5935 2126 5979 exsur—

2214 3396 2425 3452 ﬁrmam
2471 3393 2560 3449 vel
2596 3392 2855 3449 debilem.
2893 3391 3098 3447 Tamen
3141 3388 3381 3445 sollicite
3404 3384 3678 3442 cavendum
3700 3385 3761 3434 est

2214 3508 2284 3549 ne
2322 3490 2592 3563 ingluvies
2630 3486 2936 3560 gulositatis
2976 3486 3077 3541 sub
3123 3483 3464 3540 infirmitatis
3500 3474 3759 3539 velamine,

2217 3602 2315 3643 sua
2346 3581 2631 3641 commoda
2674 3588 2914 3652 quaerat,
2950 3589 3006 3634 et
3049 3592 3118 3633 ne
3161 3576 3459 3633 inﬁrmitas
3495 3574 3590 3630 sub
3622 3566 3756 3640 specie

2217 3680 2547 3746 sanctitatis,
2572 3692 2776 3748 corpus
2806 3672 3155 3730 abstinentiis
3184 3680 3439 3729 conterat
3469 3670 3604 3725 ultra
3623 3664 3751 3723 viret.

2221 3791 2291 3832 ne
2312 3788 2511 3845 corpus
2541 3770 2746 3842 duplici
2776 3770 3006 3824 fractum
3037 3767 3301 3835 stimulo,
3328 3765 3472 3838 apud
3496 3764 3678 3836 justum
3698 3754 3761 3825 ius

2220 3868 2399 3924 dicem
2442 3864 2702 3922 deﬁciens
2728 3906 2743 3929 ,
2782 3862 3008 3933 impium
3058 3859 3386 3916 criminetur
3415 3853 3697 3914 coenobium
3724 3851 3765 3901 el

2223 3960 2575 4018 homicidam.
2626 3958 2967 4030 Deputentur
2995 3955 3253 4011 custodes
3286 3950 3666 4011 infirmantibus
3685 3942 3770 3999 dis-

2221 4064 2386 4111 cret'e
2421 4063 2476 4108 et
2511 4058 2717 4108 sancta:
2748 4064 2967 4106 sorores
3000 4089 3017 4116 ,
3051 4063 3171 4119 qua:
3196 4047 3454 4103 sollicita:
3479 4040 3773 4118 prmcaveanl

2223 4149 2461 4222 pericula
2486 4191 2501 4217 ,
2528 4148 2662 4219 'qute
2695 4146 2977 4202 imminere
3000 4152 3225 4214 possunt
3260 4141 3499 4199 inﬁrmis
3526 4158 3540 4195 :
3571 4152 3633 4194 ne
3674 4126 3773 4203 quid

2221 4241 2531 4319 aliqualiter
2553 4242 2831 4311 contingat
2859 4236 3097 4295 adversi.
3122 4235 3331 4308 Onera,
3354 4248 3555 4308 quaeso,
3584 4243 3678 4286 non
3704 4238 3775 4293 ag-

2221 4344 2455 4408 gravent
2502 4333 2837 4390 servitrices.
2895 4332 3125 4402 Semper
3166 4330 3451 4387 Christum
3492 4326 3704 4397 cogitent
3731 4318 3771 4372 in

2222 4429 2435 4485 inﬁrma
2482 4443 2674 4484 sorore
2713 4427 2968 4483 latentem
2998 4444 3014 4483 :
3044 4440 3261 4495 semper
3298 4441 3359 4481 se
3388 4424 3625 4496 cogitent
3646 4426 3773 4490 posse

2225 4522 2282 4579 in
2311 4524 2554 4578 futurum
2582 4521 2782 4577 talibus
2808 4521 3069 4591 indigere.
3121 4519 3357 4591 Semper
3382 4519 3465 4576 lex
3492 4517 3578 4573 illa
3606 4520 3774 4568 natura

2223 4617 2452 4674 astricta
2486 4624 2737 4673 teneatur
2765 4617 2885 4671 sinu
2914 4616 3133 4683 mentis,
3160 4613 3440 4670 hominem
3472 4612 3659 4668 debere
3678 4601 3774 4660 aliis

2224 4709 2278 4765 id
2305 4709 2565 4766 exhibere
2588 4751 2603 4776 ,
2629 4708 2771 4781 quod
2802 4707 2870 4763 ab
2900 4708 3033 4778 ipsis
3059 4713 3175 4778 ipse
3202 4706 3552 4775 deposceret.
3583 4700 3686 4759 Non
3711 4697 3773 4751 in-

2223 4803 2388 4870 ﬁciat,
2413 4818 2621 4874 quaeso,
2640 4800 3035 4872 hospitalitatis
3063 4816 3226 4871 opera
3258 4816 3527 4865 murmur,
3550 4795 3637 4853 sed
3659 4784 3775 4863 quod

2222 4896 2341 4952 ﬁeri
2390 4896 2584 4964 decet,
2643 4911 2766 4950 cum
2824 4895 2971 4951 omni
3022 4894 3442 4951 mansuetudine
3489 4894 3617 4958 ﬁat,
3653 4887 3776 4958 juxta

2225 4990 2548 5061 Apostolum
2581 4989 2852 5045 dicentem
2887 4987 3355 5062 :Hospitafitatem
3380 4994 3649 5052 sectantes,
3674 4974 3778 5034 inri-

2228 5099 2333 5139 cem
2354 5084 2408 5138 in
2438 5082 2687 5138 charitate
2716 5083 2825 5138 sine
2847 5084 3284 5139 murmuratione.

2826 5198 3057 5256 CAPUT
3088 5197 3229 5257 XLI.

2234 5292 2313 5349 De
2356 5294 2661 5349 auctoritate
2706 5292 2958 5365 Ερίεοορί
3005 5300 3054 5347 et
3096 5292 3378 5363 prmpositi,
3411 5291 3546 5346 circa
3579 5290 3778 5342 observa-

2815 5365 2977 5420 tiones
3010 5365 3231 5420 ordinis.

2303 5457 2447 5516 Ecce
2470 5458 2645 5527 vobis,
2676 5473 2796 5513 mea
2822 5458 3041 5515 domina
3084 5457 3471 5524 Eustochium,
3515 5464 3569 5512 et
3595 5459 3777 5509 cetera:

2231 5549 2600 5606 dilectissimm
2628 5549 2755 5605 ﬁliae
2784 5548 3016 5618 Christi,
3041 5551 3389 5623 apostolicam
3420 5549 3578 5604 vitam
3606 5539 3711 5601 rudi
3736 5542 3781 5589 el

2231 5657 2419 5699 crasso
2460 5643 2602 5714 stylo
2649 5642 2737 5697 his
2765 5641 3033 5699 chartulis
3062 5644 3343 5714 scriptam,
3381 5654 3547 5697 senex
3576 5644 3711 5707 pater
3735 5634 3779 5681 el

2229 5735 2568 5807 propinquus
2591 5734 2702 5806 jam
2749 5735 2935 5803 morti,
2966 5744 3155 5805 utpote
3184 5716 3526 5792 centenarias
3550 5729 3600 5784 in
3625 5729 3775 5780 aetate.

2230 5828 2430 5885 devoto
2461 5828 2656 5884 aﬁ‘ectu
2691 5829 3009 5885 transmisit.
3058 5829 3176 5886 Hoc
3222 5824 3497 5901 speculum
3526 5826 3776 5875 aeternum.

2232 5938 2331 5996 per
2360 5922 2463 5983 hoc
2493 5921 2784 5996 mnigmate
2813 5922 2867 5982 in
2913 5922 3172 5996 praesenti
3202 5924 3331 5992 vita,
3378 5912 3634 5977 felicitatis
3659 5907 3779 5966 viam
