3918 6294
207 284 302 341 λεδ

1422 267 1741 329 CANONES
1776 260 2393 327 PlENlTENTlALES.

3387 252 3497 321 426

204 410 519 469 unaquaeque
571 394 833 461 ﬁliarum,
882 388 1105 447 assidua
1156 387 1516 444 meditatione
1568 391 1776 440 cernat.
1810 388 1861 444 Α
1889 392 1979 437 tur
2004 380 2428 451 defectus,_quae
2453 372 2746 447 aliquando
2773 368 3128 428 correctione
3173 383 3281 426 non
3313 379 3491 440 egeat.

202 490 305 546 Non
330 499 514 546 causet
541 488 827 560 grnssities
849 483 1095 551 corticis,
1130 482 1425 538 medullam
1465 477 1777 552 requirendi

200 593 570 654 contemptum.
600 581 720 637 Non
752 580 1038 649 imperitus
1062 588 1115 632 et
1134 576 1443 632 rusticanus
1470 587 1651 628 sermo
1676 570 1785 625 fas-

204 679 372 733 tidiutn
400 685 653 747 generet.
685 674 839 729 'l‘alia
870 672 1068 728 decent
1107 670 1353 740 poeticas
1395 665 1622 720 fabulas.
1666 662 1782 717 Non

201 780 280 825 est
312 784 437 840 opus
486 768 709 840 pietatis
749 776 804 823 et
848 767 1017 822 totius
1059 763 1309 820 veritatis
1348 760 1454 831 legi
1502 759 1782 814 rhetorum

203 865 414 933 pompis.
443 863 575 918 Haec
601 860 784 917 omnia
808 860 1073 930 juvenum
1103 858 1400 912 intersunt.
1437 854 1512 907 Ex
1542 851 1645 909 bac
1670 852 1780 905 sin-

199 957 326 1027 gulis
351 955 543 1011 diebus
571 955 725 1010 velut
750 970 816 1009 ex
834 949 1149 1009 delectabili
1180 948 1413 1014 ferculo,
1444 944 1784 1015 singulorum

199 1049 340 1104 vobis
368 1049 570 1103 sumite
608 1048 815 1102 bolum.
868 1046 1025 1102 Hunc
1056 1060 1165 1100 non
1196 1038 1660 1112 transglutiendo,
1688 1036 1787 1094 sed

199 1156 378 1211 magna
419 1141 743 1196 morositate
784 1136 1147 1202 masticando,
1178 1135 1308 1191 hinc
1339 1119 1477 1190 inde
1499 1130 1790 1188 transferte

198 1250 290 1307 per
312 1251 425 1301 ora,
450 1244 511 1289 ut
533 1233 743 1290 sentire
767 1232 999 1289 valeatis
1016 1229 1385 1287 dulcedinem.
1421 1225 1619 1283 Fateor
1643 1224 1787 1280 enim

199 1330 346 1385 vobis
370 1329 521 1401 quod
553 1346 619 1385 ex
649 1328 736 1383 his
764 1343 889 1400 quae
917 1327 1254 1391 scribuntur,
1282 1324 1327 1379 si
1351 1321 1542 1378 sedula
1574 1320 1643 1375 sit
1670 1334 1788 1374 me-

196 1421 393 1488 ditatio,
423 1430 721 1493 exsurgent
747 1420 908 1477 vobis
938 1420 1089 1486 talia,
1124 1418 1305 1490 qualia
1336 1417 1522 1487 lingua
1555 1416 1792 1469 humana

198 1534 295 1573 non
325 1517 495 1583 novit,
531 1531 863 1588 quamquam
893 1523 951 1572 et
977 1516 1081 1571 hoc
1107 1512 1485 1584 imperfectum
1516 1508 1589 1564 sit
1630 1521 1790 1577 opus.

197 1609 341 1666 Nulla
369 1611 518 1666 enim
566 1620 679 1666 tam
723 1617 937 1676 sancta,
988 1616 1097 1663 tam
1124 1607 1300 1677 justa,
1342 1614 1399 1661 et
1444 1603 1536 1658 diu
1568 1601 1792 1673 provisa

197 1714 273 1760 est
292 1702 641 1785 constitutio,
673 1718 797 1775 qua:
824 1704 879 1758 in
910 1702 1151 1757 futurum
1177 1696 1447 1771 plurimos
1480 1709 1588 1751 non
1620 1693 1790 1765 patia-

1890 474 2189 545 Propterea
2235 473 2279 527 si
2312 470 2440 543 quid
2480 472 2531 525 in
2572 468 2674 524 hac
2717 467 2967 523 normula
3005 463 3324 536 apostolica:
3367 463 3492 519 vita:

1890 579 1947 628 et
1976 570 2278 642 religionis,
2309 565 2738 638 dispensatione,
2782 562 3146 628 correctione,
3176 560 3262 617 vel
3294 559 3493 615 immu-

1893 669 2096 724 tatione
2146 664 2379 736 indiget,
2408 663 2663 733 episcopo
2688 669 2895 727 vestro,
2926 666 3019 714 aut
3067 655 3366 728 praeposito
3392 670 3493 711 ve-

1891 772 2010 821 stro
2040 761 2362 834 presbytero
2384 766 2573 815 sancto
2621 755 2923 819 committo,
2952 762 3013 809 ut
3042 751 3343 809 secundum
3375 750 3492 821 ple-

1893 855 2195 913 nitudinem
2208 853 2445 925 Spiritus
2460 850 2953 920 sanctidispensct,
2976 855 3150 903 mutet
3166 842 3491 915 etcorrigat.

1892 950 1983 1007 Sic
2011 952 2212 1021 itaque,
2241 943 2586 1003 charissima:
2617 943 2765 1008 filiae,
2795 951 3012 999 sanctos
3036 940 3202 995 vivite
3229 936 3371 994 dies.
3402 936 3492 992 Sic

1891 1044 2112 1101 Christo
2144 1042 2376 1114 nuptiali
2399 1040 2605 1097 foedere
2629 1038 2921 1110 copulatae,
2947 1044 3009 1091 ut
3034 1050 3142 1091 non
3166 1049 3333 1090 vacua
3358 1032 3493 1089 lam-

1894 1139 2032 1212 pade
2053 1146 2274 1210 paratas
2299 1151 2399 1191 vos
2426 1148 2644 1205 semper
2665 1131 2843 1189 media
2871 1132 2926 1186 in
2950 1136 3114 1185 nocte
3138 1143 3260 1185 cum
3284 1126 3499 1183 venerit

1894 1247 2129 1305 sponsus
2158 1239 2449 1287 vocaturus
2478 1228 2546 1283 ad
2590 1227 2813 1298 nuptias
2860 1222 3121 1290 inveniat,
3155 1235 3497 1293 nequaquam

1896 1326 2052 1383 vobis
2071 1340 2168 1397 per
2186 1323 2460 1381 exteriora
2482 1319 2856 1392 qumrentihus
2887 1318 3091 1386 oleum,
3128 1332 3194 1371 ne
3220 1324 3497 1386 tamquam

1895 1420 2057 1476 fatuis
2111 1434 2180 1475 ex
2221 1418 2501 1486 tarditate,
2552 1413 2773 1469 thalami
2814 1420 3046 1483 negetur
3088 1410 3367 1465 introitus.
3400 1408 3502 1465 Se-

1896 1521 2169 1569 nectutem
2194 1510 2363 1568 vestri
2395 1506 2578 1566 devoti
2609 1506 2929 1577 llieronymi
2960 1503 3167 1560 sanctis
3190 1503 3391 1560 vestris
3418 1502 3505 1573 ju-

1896 1615 2020 1664 vate
2051 1607 2413 1665 orationibus.

198 1805 3484 1845 ww

826 1921 1453 2002 ADMONITIO
1511 1919 1658 1995 DE
1714 1917 2253 2007 SEQUENTI
2300 1915 2877 1996 OPUSCULO.

262 2201 478 2286 Primus
508 2201 858 2286 supposititiis
884 2200 1191 2286 Hieronymi
1212 2207 1421 2279 satlptis
1450 2204 1842 2286 Canones‘i‘stos
1875 2197 2270 2286 Paenitentile
2313 2192 2665 2252 Martianwua
2717 2189 2961 2286 adjunxit
3006 2208 3209 2277 ca:_ms.
3239 2187 3516 2274 codices.

199 2278 418 2358 Andreg
438 2262 1284 2358 pr‘ope'Avenionem,‘quinttnos,
1302 2262 1367 2334 γίιτ
1385 2262 1501 2354 ipse
1531 2262 1625 2349 ait,
1654 2280 1756 2336 400
1787 2282 1970 2349 refert.
1999 2271 2442 2358 Excerpti‘qlttem
2463 2263 2773 2358 sunthqugd
2798 2279 2947 2347 nemo
2969 2266 3149 2318 statim
3177 2278 3279 2358 ξομ
3308 2262 3515 2345 sentiet,

200 2332 452 2423 cierat-iis,
476 2346 750 2407 Canonum
781 2332 1237 2423 compildtionibus
1260 2332 1284 2407 τ’
1319 2332 1747 2423 εοήῗιὲιιὶιιίιῖᾳιίεν
1776 2332 2045 2423 interdum
2090 2332 2218 2399 mia
2242 2343 2369 2406 λέξιν
2423 2354 2538 2392 cum
2682 2337 2956 2423 .decretis',
2998 2351 3130 2419 qua:
3185 2332 3319 2423 {glas
3364 2335 3519 2423 etiqm

205 2418 540 2495 Eutychiauo
567 2406 720 2495 papa:
747 2404 1103 2487 ascribuntur,
1141 2404 1271 2475 tant
1294 2404 2146 2495 ltisﬂquaa-alii,Ptenitentialibus,
2172 2404 2535 2495 qttosirocanl,
2574 2408 2717 2495 tibiis
2745 2407 3007 2491 compleri
3026 2404 3168 2490 sunt.
3187 2404 3322 2495 Plan
3346 2404 3521 2489 perdet

198 2475 538 2565 operatuiqui
568 2475 673 2543 Ἰιὸδ
708 2507 1019 2565 comparare
1046 2475 1163 2545 cum
1210 2495 1341 2561 illis,
1370 2475 1597 2565 quorum
1611 2475 1760 2550 Hann—e
1800 2494 1980 2565 ingens
2022 2496 2095 2543 est
2124 2475 2388 2565 numerus,
2418 2480 2558 2535 velit.
2596 2475 2942 2565 Illerrtiqnte'us
2966 2479 3152 2546 inquit,
3182 2475 3417 2565 'Canojtes
3439 2476 3525 2528 isti

199 2563 372 2643 multis
411 2564 647 2643 indigent
672 2547 1228 2643 animaduersionibus,
1257 2547 1309 2620 et
1328 2547 1826 2637 castiga-tionibus:
1859 2547 1960 2617 Ἱιοδ
1987 2576 2128 2623 vero,
2172 2566 2325 2629 prout
2353 2555 2417 2637 .in
2575 2550 2751 2604 codice
2773 2547 3527 2643 inpertiuntur,Jdescripsimus

202 2636 471 2710 hocloco,
496 2620 1141 2710 castigatissolmnmodo
1184 2620 1744 2710 eiset-interiasﬁnntiqni
1789 2635 2049 2710 errorilgus
2080 2620 2411 2710 non‘pa‘ucis’.
2437 2623 2650 2710 .N'eque
2671 2636 2790 2676 vero
2831 2620 3066 2678 Conone:
3114 2620 3169 2674 id
3201 2635 3364 2692 genus
3404 2626 3523 2673 sunt

198 2707 319 2762 tanti
342 2694 707 2773 momentifut
732 2705 1035 2777 diligentius
1059 2725 1089 2762 a
1116 2710 1266 2764 nobis
1289 2694 1617 2783 expendendi
1646 2694 1707 2765 άε
1746 2709 1884 2763 notis
1919 2701 2227 2761 illustrandi
2255 2699 2399 2769 digni
2430 2694 2743 2749 habeantur.

1047 2884 1588 2972 CANONES
1647 2864 2674 2969 POENITENTIALES.

274 3022 357 3081 De
375 3026 585 3081 ebrioso
618 3025 874 3098 Episcopo
896 3034 941 3081 et
961 3025 1026 3081 de
1057 3025 1371 3098 Presbytero
1392 3036 1440 3081 et
1470 3027 1731 3081 Diacono.

272 3118 331 3176 Si
353 3119 478 3189 quis
502 3120 817 3191 cpiscopus,
844 3126 936 3174 aut
961 3120 1157 3190 aliquis
1180 3119 1482 3189 ordinatus,
1502 3118 1558 3174 in
1585 3127 1817 3175 consue-

207 3212 403 3268 tudine
418 3212 611 3267 vitium
636 3213 885 3268 habuerit
901 3213 1218 3269 ebrietatis:
1242 3222 1335 3269 aut
1355 3214 1589 3280 desinat,
1614 3222 1708 3267 aut
1722 3212 1819 3267 de-

209 3316 469 3376 ponatur.
495 3305 550 3362 Si
566 3308 868 3361 monachus
888 3322 985 3378 per
1004 3306 1328 3362 ebrietatem
1350 3308 1474 3362 facit
1496 3306 1818 3379 [Suppl.vo-

207 3396 532 3468 mitum],xx
550 3399 666 3454 dies
680 3399 961 3470 paeniteat.
977 3399 1033 3455 Si
1050 3401 1336 3472 presbyter
1346 3412 1437 3455 aut
1451 3400 1711 3456 diaconus
1726 3414 1821 3469 per

207 3492 536 3549 ebrietatem
549 3492 810 3549 vomitum
833 3493 984 3561 facit,
1006 3510 1079 3549 ιιι
1100 3494 1516 3567 diespceniteat,
1541 3493 1820 3549 abstinens

210 3598 307 3641 se:
333 3585 455 3641 dies
494 3588 777 3656 paeniteat.
819 3584 875 3640 Si
906 3600 1038 3641 vero
1076 3602 1174 3657 pro
1196 3587 1534 3653 iulirmitate,
1578 3596 1671 3641 aut
1698 3586 1819 3657 quia

210 3680 377 3753 longo
405 3690 652 3752 tempore
670 3696 729 3737 se
754 3680 1100 3748 abstinuerit,
1127 3691 1184 3737 et
1212 3683 1265 3737 in
1288 3680 1684 3739 consuetudine
1716 3694 1822 3735 non

210 3777 318 3834 erit
338 3779 389 3833 ei
412 3778 638 3833 multum
667 3776 877 3843 bibere,
892 3777 981 3833 vel
1007 3777 1361 3844 manducare,
1396 3786 1482 3832 aut
1502 3791 1612 3846 prae
1626 3774 1824 3845 gaudio

211 3871 271 3927 in
304 3870 489 3927 natale
518 3869 757 3937 Domini,
806 3878 904 3925 aut
947 3871 1001 3925 in
1048 3871 1277 3935 Pascha,
1307 3877 1401 3925 aut
1447 3882 1548 3939 pro
1595 3865 1823 3935 alicujus

212 3974 531 4019 sanctorum
579 3956 1118 4029 commemoratione,
1164 3973 1221 4019 et
1264 3972 1390 4018 tunc
1436 3962 1557 4032 plus
1592 3975 1704 4014 non
1732 3973 1826 4013 ac-

209 4062 362 4129 cepit
408 4074 573 4130 quam
628 4059 909 4115 decretum
960 4067 1045 4113 est
1087 4073 1117 4112 a
1166 4056 1493 4119 senioribus,
1538 4060 1718 4109 nocet.
1766 4051 1824 4108 Si

213 4160 512 4223 episcopus
534 4153 786 4222 jusserit,
821 4169 932 4209 non
963 4162 1125 4209 nocet
1151 4153 1251 4220 illi,
1281 4153 1384 4207 nisi
1416 4152 1533 4222 ipse
1574 4149 1827 4205 similiter

214 4246 408 4303 faciat.
430 4247 491 4303 Si
512 4247 682 4303 laicus
705 4247 882 4303 ﬁdelis
906 4262 1003 4317 per
1025 4246 1349 4303 ebrietatem
1380 4249 1642 4301 vomitum
1666 4241 1823 4308 facit,

214 4354 289 4395 xv
312 4340 437 4395 dies
457 4341 740 4411 pteniteat.
770 4340 873 4407 Qui
899 4354 1035 4396 vero
1065 4339 1367 4395 inebriatus
1397 4348 1584 4395 contra
1611 4334 1826 4391 Domini

1834 3023 1885 3083 B
1918 3016 2101 3082 luerit,
2145 3022 2203 3071 et
2240 3026 2347 3067 non
2383 3005 2648 3080 potuerit,
2688 3017 2746 3058 ιιι
2786 2999 2945 3057 annis
2981 2998 3265 3071 poeniteat.
3308 2997 3362 3054 Si
3404 2996 3527 3069 quis

1922 3108 2116 3166 nolens
2155 3100 2510 3159 homicidium
2541 3095 2733 3152 fecerit
2760 3110 2791 3149 v
2833 3092 2992 3148 annis
3039 3091 3325 3163 paeniteat,
3354 3104 3412 3146 ιιι
3456 3104 3528 3145 ex

1922 3203 2006 3259 his
2040 3203 2091 3257 in
2120 3214 2263 3271 pane
2292 3206 2348 3252 et
2377 3207 2537 3265 aqua.
2566 3189 2628 3247 Si
2652 3189 2771 3261 quis
2796 3187 3055 3243 occiderit
3088 3186 3408 3256 episcopum
3436 3182 3524 3238 vel

1924 3294 2329 3367 presbyterum,
2372 3288 2489 3357 regi
2534 3280 2916 3339 dimittendum
2968 3286 3056 3335 est
3098 3278 3371 3349 judicare.
3427 3276 3530 3342 Qui

1923 3387 2129 3445 occidit
2156 3381 2487 3441 monachum
2518 3378 2603 3434 vel
2649 3376 2934 3441 clericum,
2969 3372 3240 3443 judicium
3282 3370 3534 3442 episcopi

1924 3489 2031 3539 est.
2078 3482 2240 3535 Arma
2283 3474 2560 3545 relinquat
2598 3480 2653 3527 et
2683 3468 2800 3527 Deo
2845 3466 3071 3533 serviat,
3114 3467 3199 3522 vel
3249 3480 3323 3521 xu
3375 3464 3532 3519 annis

1925 3574 2210 3647 poeniteat.
2242 3571 2298 3628 Si
2339 3568 2464 3639 quis
2509 3563 2774 3621 occiderit
2813 3562 3097 3618 hominem
3145 3575 3246 3631 per
3291 3560 3453 3626 iram,
3500 3573 3530 3615 κ

1925 3686 2097 3726 annos
2130 3666 2410 3738 pmniteat.
2442 3660 2544 3728 Qui
2598 3672 2732 3714 vero
2764 3664 2989 3728 propter
3018 3653 3316 3710 vindictam
3359 3651 3534 3723 patris

1926 3768 2011 3822 vel
2061 3763 2269 3825 fratris,
2304 3775 2363 3816 ιιι
2393 3755 2552 3813 annis
2598 3752 2886 3826 poeniteat.
2919 3752 2978 3809 Si
3026 3750 3401 3821 composuerit
3440 3761 3535 3818 pa-

1927 3862 2198 3926 rentibus,
2249 3857 2533 3915 dimidium
2568 3853 2760 3924 spatii.
2798 3851 2857 3907 Si
2900 3849 3025 3920 quis
3066 3848 3236 3902 laicus
3274 3844 3536 3901 occiderit

1928 3956 2164 4012 alterum
2191 3950 2342 4017 odio,
2376 3948 2421 4005 si
2451 3962 2560 4002 non
2587 3944 2704 4000 vult
2730 3956 2877 3997 arma
2912 3941 3247 4011 relinquere,
3280 3953 3351 3992 vn
3379 3935 3538 3991 annis

1929 4048 2193 4121 poeniteat
2241 4044 2364 4098 sine
2408 4054 2579 4096 carne
2613 4047 2670 4094 et
2698 4036 2847 4091 vino.
2881 4032 2938 4091 Si
2968 4032 3090 4104 quis
3135 4046 3257 4086 cum
3307 4044 3436 4101 rege
3479 4030 3535 4085 in

1929 4120 2121 4212 praelio
2169 4134 2443 4192 hominem
2494 4128 2779 4192 occiderit,
2832 4142 2903 4181 χι.
2960 4124 3077 4180 dies
3127 4123 3419 4195 pceniteat.
3478 4120 3536 4177 Si

1930 4244 2105 4291 mater
2136 4229 2306 4286 illium
2332 4241 2490 4284 suum
2521 4222 2815 4288 occiderit,
2848 4236 2917 4276 xv
2942 4219 3127 4287 annis,
3159 4227 3213 4273 et
3240 4230 3541 4287 numquam

1930 4330 2113 4386 mittet
2163 4326 2264 4382 nisi
2315 4324 2403 4380 die
2447 4319 2754 4377 Dominica.
2800 4315 2862 4374 Si
2907 4314 3237 4385 paupercula
3278 4311 3542 4368 occiderit

214 4405 600 4500 interdictum,
628 4434 674 4489 si
717 4405 979 4489 vomitum
1012 4433 1282 4490 satietatis
1313 4432 1586 4497 habuerit,
1624 4445 1678 4485 vt
1709 4428 1825 4485 dies
1854 4445 1901 4509 ο
1932 4423 2107 4479 filium
2138 4434 2318 4483 suum,
2350 4432 2425 4472 vn
2447 4414 2605 4470 annis
2627 4410 2909 4484 pmniteat.
2943 4407 3001 4464 Si
3033 4406 3155 4476 quis
3180 4405 3416 4476 aliquem
3443 4420 3539 4475 per

216 4529 490 4598 mallent
538 4528 593 4583 in
637 4543 798 4599 aqua,
831 4529 918 4584 vel
966 4544 1039 4583 xx
1072 4528 1193 4583 dies
1237 4529 1356 4584 sine
1389 4525 1737 4597 pinguedine.
1769 4524 1826 4579 Si

218 4622 398 4677 laicus
427 4620 549 4677 sine
593 4620 723 4677 vino
772 4635 869 4692 per
914 4622 1208 4691 nequitiam
1256 4621 1491 4676 inebriat
1527 4618 1712 4685 alium,
1758 4633 1828 4672 ιιι.

219 4712 346 4768 dies
396 4712 680 4782 poeniteat.
714 4712 815 4780 Qui
864 4728 962 4785 per
1011 4713 1321 4769 satietatem
1363 4711 1625 4767 vomitum
1656 4710 1823 4764 facit:

225 4807 306 4861 in.
330 4807 538 4876 putuit.
583 4805 742 4861 Sicut
783 4806 1072 4879 sacrificio,
1104 4823 1179 4862 vn
1218 4806 1359 4861 dies.
1391 4804 1450 4859 Si
1496 4799 1828 4858 infirmitatis

220 4910 418 4961 causa,
466 4896 586 4953 sine
630 4911 793 4953 causa
835 4906 939 4953 est.
974 4897 1035 4952 Si
1069 4898 1192 4968 quis
1240 4894 1588 4952 homicidium
1638 4892 1832 4948 fecerit

226 4992 574 5062 episcopus,
626 5005 696 5044 xv
744 4992 903 5046 annis
960 4993 1223 5061 pmniteat
1276 5000 1332 5044 et
1386 4988 1719 5059 deponatur,
1780 4993 1836 5040 et

230 5085 455 5139 cunctis
485 5082 679 5140 diebus
707 5086 834 5140 vitm
880 5100 1014 5149 sum,
1051 5083 1447 5155 peregrinando
1478 5080 1629 5135 finiat
1668 5080 1835 5134 vitam

228 5195 417 5237 suam.
462 5178 756 5251 Presbyter
803 5195 875 5235 xu
910 5180 1067 5235 annis
1114 5181 1400 5250 ptenitcat,
1445 5192 1502 5233 ιιι
1549 5191 1615 5231 ex
1654 5174 1739 5229 his
1782 5174 1835 5229 in

232 5285 382 5345 pane
432 5280 489 5327 et
537 5285 675 5343 aqua
715 5271 982 5343 pteniteat
1021 5279 1076 5326 et
1105 5272 1431 5341 deponatur.
1466 5270 1739 5325 Diaconos
1779 5284 1836 5334 ι,

230 5380 293 5421 ιιι
333 5378 406 5420 ex
435 5361 521 5419 bis
560 5364 614 5419 in
660 5379 800 5436 pane
837 5376 891 5421 et
936 5379 1095 5435 aqua.
1139 5363 1385 5421 Clericus
1428 5363 1517 5418 vel
1566 5360 1737 5417 laicus
1767 5374 1841 5414 vn

232 5459 401 5515 annis
439 5459 492 5513 in
534 5473 677 5531 pane
718 5468 777 5516 et
812 5475 973 5531 aqua,
1017 5468 1075 5515 et
1119 5458 1185 5515 ad
1236 5459 1499 5516 honorem
1549 5456 1841 5514 sacerdotii

234 5552 542 5611 ascendere
569 5570 677 5610 non
707 5563 1023 5625 praesumat.
1053 5554 1109 5609 Si
1138 5567 1268 5608 vcro
1296 5554 1436 5609 bene
1465 5552 1643 5623 egerit
1670 5549 1847 5619 paeni-

237 5648 502 5716 tentiam,
538 5649 950 5706 reconcilietur.
987 5649 1121 5705 Item
1158 5647 1204 5703 si
1232 5648 1355 5719 quis
1385 5647 1452 5702 ad
1492 5645 1846 5701 homicidium

237 5744 555 5804 faciendum
586 5746 951 5812 consenserit,
1002 5752 1056 5801 et
1100 5744 1299 5800 factum
1335 5741 1518 5809 fuerit,
1565 5757 1640 5797 vn
1690 5740 1848 5795 annis

1931 4516 2067 4571 iram
2097 4510 2451 4584 percusserit,
2487 4518 2542 4561 et
2585 4501 2905 4575 sanguinem
2940 4499 3164 4568 fuderit,
3197 4507 3292 4553 aut
3340 4497 3537 4553 debili-

1932 4607 2152 4671 taverit,
2189 4604 2365 4660 solvat
2401 4600 2450 4656 ei
2490 4613 2679 4669 opera,
2710 4604 2767 4652 et
2810 4592 3082 4650 medicum
3109 4598 3339 4662 qumrat.
3385 4589 3457 4644 Et
3494 4589 3542 4643 si

1930 4703 2101 4758 laicus
2124 4707 2230 4764 est,
2258 4713 2327 4754 ιι,
2352 4696 2469 4751 dies
2504 4692 2764 4764 pmniteat
2791 4690 2845 4745 in
2878 4703 3018 4761 pane
3047 4695 3102 4743 et
3140 4702 3299 4759 aqua.
3332 4684 3393 4741 Si
3426 4684 3543 4741 cle-

1931 4796 2098 4863 ricus,
2133 4793 2268 4847 duas
2298 4786 2770 4862 quadragesimas.
2798 4783 2858 4839 Si
2881 4781 3166 4851 diaconus,
3198 4796 3269 4835 vn
3298 4792 3540 4835 menses.

1931 4890 1990 4947 Si
2016 4887 2319 4960 presbyter,
2354 4897 2521 4938 unum
2552 4894 2757 4937 annum
2784 4878 3078 4948 integrum.
3118 4873 3340 4931 Parvuli
3371 4887 3432 4927 se
3461 4872 3543 4927 in-

1938 4982 2113 5037 vicem
2144 4976 2531 5050 percutientes,
2560 4988 2636 5027 vn
2661 4971 2784 5027 dies
2809 4970 3139 5042 pmniteant.
3177 4966 3233 5025 Si
3254 4980 3385 5021 vero
3415 4964 3548 5021 ado-

1943 5074 2235 5139 lescentes,
2250 5085 2322 5124 ιιι.
2344 5067 2482 5124 dies.
2497 5065 2555 5122 Si
2574 5065 2696 5136 quis
2720 5061 2991 5120 infantem
3014 5074 3169 5118 suum
3188 5057 3554 5129 oppresserit,

1944 5184 2002 5224 ιιι
2033 5166 2191 5223 annis
2218 5163 2505 5235 paeniteat,
2540 5174 2714 5215 unum
2744 5173 2813 5214 ex
2844 5158 2930 5214 his
2962 5158 3016 5212 in
3047 5168 3186 5226 pane
3214 5162 3268 5210 et
3300 5168 3462 5225 aqua,
3494 5162 3555 5209 et

1945 5260 2217 5316 abstineat
2248 5271 2311 5313 se
2349 5271 2379 5311 a
2411 5252 2623 5311 luxuria
2662 5260 2913 5322 tempore
2954 5246 3312 5320 poenitentiae.
3347 5245 3403 5302 Si
3431 5244 3554 5317 quis

1947 5361 2270 5424 conceptum
2325 5348 2575 5405 mulieris
2629 5344 2934 5416 deceperit,
2986 5342 3148 5397 annis
3192 5341 3455 5412 paeniteat
3488 5354 3551 5407 ιι,

1949 5464 2117 5504 unum
2144 5448 2198 5503 in
2218 5460 2359 5517 pane
2385 5452 2441 5500 et
2461 5458 2623 5514 aqua.
2647 5440 2704 5497 Si
2735 5453 2839 5510 qua
2869 5437 3069 5495 mulier
3085 5437 3337 5494 abortum
3363 5432 3557 5489 volun-

1951 5543 2088 5599 tarie
2121 5539 2334 5608 fecerit,
2366 5553 2425 5595 ιιι
2455 5550 2629 5593 annos
2656 5531 2943 5605 pteniteat.
2988 5531 3046 5589 Si
3090 5531 3309 5596 nolens,
3338 5542 3396 5583 ιιι
3422 5539 3560 5597 qua-

1952 5637 2309 5709 dragesimas.
2342 5633 2597 5690 Mulieres
2614 5644 2738 5701 qua:
2760 5627 3124 5694 fornicamur,
3152 5634 3203 5679 et
3226 5630 3410 5695 partus
3432 5632 3566 5673 suos

1955 5742 2178 5802 necant,
2211 5738 2268 5786 et
2304 5728 2412 5783 illa:
2443 5741 2562 5796 qua!
2586 5730 2775 5793 agunt,
2821 5730 2883 5777 ut
2922 5726 3224 5789 conceptos
3262 5712 3567 5781 excutiant,

238 5838 536 5915 peniteat,
582 5848 692 5895 tres
723 5854 789 5894 ex
816 5839 899 5895 eis
930 5837 984 5892 in
1015 5852 1154 5907 pane
1180 5846 1235 5894 et
1265 5850 1423 5908 aqua.
1455 5807 1516 5893 Si
1539 5844 1723 5891 autem
1750 5848 1849 5889 νο·
1877 5812 1931 5877 Ι)
1958 5826 2163 5900 antiqui
2210 5822 2617 5882 constituerunt
2650 5831 2823 5889 usque
2866 5816 2932 5873 ad
2982 5816 3193 5869 exitum
3238 5807 3394 5874 vittc;
3428 5820 3575 5863 nunc

586 5940 866 6003 Ρλτιιοιι.
916 5936 1132 6001 XXX.

2976 5908 3053 5971 1h
