3918 6294
366 262 471 323 ΔΞἸ

1410 255 1469 313 S.
1512 252 1897 313 HIERONYMI
1935 250 2221 313 OPERUM
2260 251 2623 313 MANTISSA.

3563 248 3673 308 ηε

368 395 499 438 vero
528 377 821 437 humanius
851 375 1135 434 deﬁnitum
1162 379 1270 441 est,
1302 380 1362 430 ut
1392 388 1426 428 x
1457 372 1615 430 annis
1645 372 1963 441 preniteaut.
1996 373 2049 432 Α
2074 384 2198 425 rum
2245 384 2309 425 ea
2342 384 2503 440 quam
2540 368 2792 424 dominus
2839 367 3057 441 reliquit
3084 382 3257 425 uxore
3297 366 3668 429 fornicaverit,

366 474 557 529 Mulier
582 487 706 542 qum
729 469 987 539 concipit,
1007 476 1058 524 ct
1087 467 1286 524 occidit
1318 464 1488 521 [ilium
1520 482 1675 521 suum
1701 464 1755 520 in
1787 472 1966 533 utero,

373 576 502 623 ante
530 581 598 621 xt.
626 564 745 621 dies
771 578 935 619 unum
964 576 1168 618 annum
1194 559 1474 630 pmniteat.
1507 558 1564 615 Si
1595 568 1715 629 post
1736 557 1972 628 quadra-

371 661 519 731 ginta
545 659 683 725 dies,
710 664 767 713 ut
799 654 1155 711 homicidium
1186 652 1347 710 debet
1377 652 1665 723 poenitere.
1696 650 1860 706 Pater
1881 658 1973 705 aut

373 764 548 808 mater
576 751 671 822 qui
719 758 879 806 necat
922 748 1092 803 lilium
1140 762 1296 803 suum
1344 755 1471 801 ante
1519 744 1871 815 baptismum,
1918 758 1969 798 rx

374 860 547 900 annos
573 842 854 912 pwniteat,
883 840 980 897 sed
1006 856 1128 895 cum
1161 839 1409 896 consilio.
1440 837 1607 907 Cujus
1633 835 1844 908 parvuli
1877 849 1973 906 per

377 938 760 1011 negligentiam
809 937 928 993 sine
971 935 1246 1007 baptismo
1294 934 1628 999 moriuntur,
1665 932 1719 987 in
1752 946 1893 1002 pane
1920 940 1977 985 et

375 1049 513 1105 aqua
553 1048 612 1089 ιιι
656 1030 840 1089 annis.
894 1028 1100 1095 Infans,
1135 1027 1404 1093 infirmus,
1447 1035 1502 1083 et
1548 1039 1789 1097 paganus
1825 1039 1971 1079 com-

377 1126 666 1183 mendatus
723 1123 1041 1196 presbytero
1110 1120 1158 1179 si
1212 1120 1445 1178 moritur
1501 1118 1619 1173 sine
1670 1116 1971 1188 baptismo,

378 1221 668 1293 presbyter
716 1220 1044 1289 deponatur.
1098 1216 1169 1273 Et
1219 1216 1264 1271 si
1314 1214 1642 1284 negligentia
1689 1220 1973 1283 parentum

377 1315 560 1382 fuerit,
593 1330 609 1369 ι
638 1328 783 1369 anno
806 1312 1087 1382 pmuiteat.
1122 1310 1178 1367 Si
1207 1310 1329 1380 quis
1350 1308 1631 1380 quodlibet
1672 1307 1974 1363 membrum

378 1408 478 1465 sibi
511 1407 818 1463 voluntarie
862 1403 1115 1469 abscidit,
1161 1419 1218 1459 ιιι
1248 1402 1531 1473 paeniteat,
1583 1418 1601 1456 ι
1642 1400 1694 1455 iu
1745 1415 1883 1470 pane
1925 1410 1978 1454 et

378 1517 538 1571 aqua.
583 1498 851 1564 Eunuchi,
905 1499 947 1551 si
1001 1495 1070 1553 ab
1118 1495 1240 1552 aliis
1292 1493 1433 1550 facta
1482 1492 1705 1560 fuerint,
1761 1506 1979 1561 promo-

378 1603 610 1649 veantur
642 1593 693 1647 iu
726 1592 874 1647 clero
902 1609 915 1645 :
947 1590 993 1645 si
1016 1599 1167 1646 certe
1197 1604 1256 1644 se
1287 1586 1979 1654 absciderint,nullatenus

382 1695 831 1757 promoveantur.
868 1684 932 1739 Et
984 1683 1032 1738 si
1064 1681 1355 1754 presbyter
1388 1679 1705 1744 absciderit,
1739 1678 1981 1749 depona-

2075 463 2367 534 episeopus
2394 478 2468 519 xu
2499 462 2658 519 annis
2687 461 2967 534 poeniteat,
2998 478 3057 519 ιιι
3090 465 3144 517 in
3175 476 3314 534 pane
3343 472 3400 517 et
3425 476 3585 533 aqua,
3615 468 3673 517 et

2074 572 2104 611 a
2136 558 2522 613 communione
2552 557 2814 627 privetur.
2847 557 3142 631 Presbyter
3164 573 3261 624 xu,
3292 572 3351 613 ut
3401 569 3467 612 ex
3499 554 3582 611 his
3611 555 3664 611 in

2076 667 2214 722 pane
2243 661 2299 708 et
2343 667 2501 723 aqua.
2538 652 2809 708 Diaconos
2835 664 2891 709 et
2926 652 3229 708 monachus
3266 667 3339 708 vu
3368 651 3525 706 annis
3558 664 3667 721 pte-

2077 750 2263 815 niteat,
2298 764 2353 802 ιιι
2384 763 2450 802 ex
2484 746 2569 801 his
2597 747 2650 801 in
2694 762 2833 817 pane
2860 756 2916 802 et
2940 762 3101 817 aqua.
3134 745 3377 801 Clericus
3420 754 3474 800 ct
3502 745 3675 801 laicus

2076 858 2141 908 v;
2178 858 2217 897 ιι
2248 857 2313 897 ex
2366 840 2448 895 his
2479 840 2531 895 in
2565 856 2703 911 pane
2742 850 2797 896 et
2836 853 2995 912 aqua,
3042 848 3099 896 et
3146 840 3215 895 ab
3242 839 3449 895 honore
3493 854 3675 895 sacer-

2075 936 2212 992 dotii
2263 937 2565 1007 priventur.
2617 935 2677 991 Si
2713 936 2835 1007 quis
2877 951 3001 992 cum
3034 934 3401 1006 quadrupedia
3445 934 3678 991 fornica-

2076 1029 2238 1096 verit,
2269 1029 2562 1099 episcopus
2580 1044 2655 1084 xu
2685 1029 2843 1084 annis
2872 1030 3153 1099 paeniteat,
3186 1046 3243 1085 ιιι
3266 1046 3328 1085 ex
3353 1028 3437 1084 his
3459 1030 3510 1084 in
3538 1042 3678 1099 pane

2078 1132 2133 1179 et
2161 1138 2323 1193 aqua,
2352 1133 2406 1177 et
2433 1122 2761 1193 deponatur.
2790 1121 3089 1194 Presbyter
3125 1138 3155 1177 x
3190 1123 3372 1187 annis.
3409 1139 3464 1179 ιιι
3495 1139 3557 1179 ex
3590 1122 3677 1178 his

2078 1216 2131 1271 in
2161 1231 2300 1286 pane
2345 1226 2398 1271 et
2424 1231 2585 1286 aqua,
2619 1228 2671 1271 et
2701 1215 3032 1287 deponatur.
3064 1216 3345 1271 ‘Diaconus
3386 1227 3440 1271 et
3488 1232 3679 1270 mona-

2077 1311 2214 1366 chus
2244 1325 2348 1376 vu;
2383 1326 2441 1366 ιιι
2468 1326 2535 1366 cx
2567 1310 2652 1365 his
2683 1311 2735 1365 in
2766 1324 2907 1379 pane
2952 1319 3008 1366 et
3037 1324 3196 1380 aqua.
3246 1319 3299 1365 et
3348 1308 3674 1379 deponatur.

2078 1406 2324 1461 Clericus
2349 1418 2402 1461 et
2429 1406 2606 1462 laicus
2636 1421 2713 1472 ιιι,
2747 1422 2762 1461 l
2793 1422 2857 1461 ex
2890 1409 2973 1460 his
3003 1406 3059 1460 in
3090 1421 3229 1475 pane
3257 1412 3312 1461 et
3336 1418 3497 1475 aqua,
3530 1412 3587 1459 et
3612 1402 3680 1458 ad

2081 1500 2375 1556 sacerdotii
2426 1500 2657 1571 gradum
2690 1515 2801 1555 non
2850 1500 3133 1555 accedant.
3168 1499 3226 1555 Si
3259 1499 3378 1567 quis
3422 1499 3684 1567 concupi—

2083 1608 2243 1649 scens
2277 1592 2562 1659 fornicari,
2593 1602 2649 1648 et
2689 1609 2797 1647 nou
2831 1593 3088 1662 potuerit,
3118 1602 3210 1647 aut
3238 1590 3433 1647 mulier
3461 1606 3568 1646 non
3602 1589 3685 1644 di-

2086 1685 2321 1752 miserit,
2354 1685 2645 1757 episcopus
2676 1701 2749 1740 vu
2789 1685 2945 1740 annis
2978 1686 3271 1755 pwniteat:
3308 1683 3595 1754 presbyter
3617 1698 3681 1748 v;

385 1792 493 1835 tur.
551 1778 606 1836 Si
658 1777 782 1846 quis
822 1776 1078 1833 ducatum
1133 1774 1337 1844 prmhet
1386 1772 1658 1839 barbaris,
1708 1787 1792 1827 xiv
1825 1771 1983 1826 annis
2014 1760 2059 1822 Β
2086 1780 2351 1836 diaconus
2380 1791 2435 1836 ει
2465 1780 2789 1845 manum”,
2818 1796 2907 1847 ,ιη
2941 1796 2956 1835 ι
2984 1796 3049 1836 ex
3082 1779 3167 1835 his
3191 1779 3246 1834 in
3277 1793 3415 1849 pane
3438 1788 3491 1833 ει
3518 1790 3679 1848 aqua.

385 1874 668 1942 prettiteat.
706 1872 763 1927 Si
799 1880 981 1925 tamen
1020 1885 1126 1925 non
1166 1868 1429 1926 occiderit
1473 1878 1686 1937 strages
1719 1866 1985 1921 Christia-

385 1980 578 2021 norum
606 1982 618 2018 :
650 1964 733 2019 sin
758 1971 963 2030 autem,
998 1962 1203 2018 relictis
1229 1961 1419 2029 armis,
1455 1976 1623 2031 usque
1653 1959 1720 2015 ad
1750 1967 1980 2015 mortem

381 2061 585 2117 mundo
616 2068 862 2115 mortuus
896 2059 1007 2114 Deo
1030 2060 1195 2113 vivat.
1222 2058 1279 2114 Si
1306 2057 1425 2128 quis
1458 2056 1810 2113 l‘ornicavcrit
1839 2056 1985 2111 sicut

388 2153 686 2210 Sodomita:
716 2151 986 2215 fecerunt,
1020 2152 1317 2222 episcOpus
1348 2166 1415 2204 xv
1446 2150 1603 2204 annis
1636 2149 1920 2219 pmniteat,
1953 2165 1983 2203 v

388 2263 453 2301 ex
485 2246 564 2300 ltis
588 2247 637 2298 in
670 2259 810 2315 pane
827 2252 881 2299 et
907 2258 1067 2310 aqua,
1098 2251 1153 2297 ct
1175 2242 1244 2297 ab
1262 2242 1408 2297 omni
1436 2239 1619 2296 officio
1639 2241 1979 2310 deponatur:

387 2339 788 2411 peregrinando
817 2338 966 2393 finiat
1005 2338 1123 2393 dies
1171 2337 1296 2391 vita:
1326 2352 1461 2391 suae.
1494 2336 1551 2391 Si
1598 2345 1780 2391 autem
1810 2350 1980 2390 senex

388 2434 578 2501 fuerit,
618 2441 712 2486 aut
740 2446 905 2502 aeger,
950 2430 1288 2495 carceribus,
1323 2430 1562 2485 tenebris
1592 2429 1839 2484 reclusus
1873 2442 1986 2497 ιεω-

390 2528 559 2581 nitcat
589 2524 847 2578 omnibus
872 2514 1068 2580 diebus
1090 2521 1216 2576 vitae
1242 2537 1375 2577 sua).
1401 2521 1693 2592 Presbyter
1710 2536 1784 2576 xu
1812 2534 1986 2576 annos

393 2621 677 2689 pmniteat,
712 2633 749 2672 ιι
792 2633 856 2671 ex
903 2616 987 2671 his
1031 2616 1083 2671 in
1112 2630 1252 2688 pane
1281 2625 1335 2671 et
1365 2630 1521 2685 aqua,
1559 2624 1615 2672 et
1659 2613 1983 2683 deponatur.

394 2713 665 2766 Diaconus
695 2719 750 2766 et
780 2709 1077 2765 monachus
1114 2725 1188 2763 vu
1229 2722 1402 2764 annos
1432 2709 1716 2779 pmniteat,
1743 2723 1780 2763 ιι
1809 2723 1874 2763 ex
1902 2707 1991 2763 his

392 2808 447 2861 in
477 2821 613 2875 pane
640 2814 696 2861 et
726 2819 886 2875 aqua,
914 2810 970 2859 et
997 2803 1329 2874 deponatur.
1354 2802 1764 2875 Peregrinando
1794 2802 1992 2857 finiant

393 2902 555 2956 vitam
593 2914 769 2954 suam.
806 2896 1051 2953 Clericus
1076 2907 1130 2953 et
1162 2898 1333 2953 laicus
1372 2913 1406 2952 x
1435 2897 1594 2953 armis
1626 2898 1947 2966 poeniteant,
1970 2910 1990 2950 ι

394 3010 464 3051 ex
497 2993 579 3047 his
604 2992 658 3046 in
706 3005 843 3061 pane
872 3000 928 3045 et
966 3005 1127 3061 aqua.
1159 2988 1224 3044 Hi
1255 3003 1418 3060 supra
1453 2989 1643 3059 scripti
1688 3002 1988 3057 numquam

394 3108 518 3151 cum
535 3092 658 3147 aliis
681 3090 978 3155 dormiant,
1000 3100 1054 3144 et
1075 3088 1143 3144 ad
1173 3087 1704 3159 sacerdotiigradum
1729 3086 1994 3143 accedere

2086 1874 2333 1930 Clericus
2371 1884 2427 1930 et
2470 1875 2639 1930 laicus
2677 1891 2715 1930 ιι
2758 1876 2916 1931 annis
2957 1874 3282 1945 pteniteant.
3328 1873 3382 1929 Si
3425 1873 3544 1943 quis
3587 1888 3687 1942 per

2086 1967 2447 2038 semetipsum
2490 1983 2831 2039 quocumque
2885 1968 3105 2038 ingenio
3149 1967 3528 2036 fornicaverit,
3571 1967 3690 2033 epi—

2087 2076 2287 2132 scopus
2326 2078 2381 2117 ιιι
2414 2063 2568 2117 annis
2598 2061 2880 2132 poeniteat,
2915 2078 2931 2116 ι
2969 2077 3038 2118 ex
3070 2060 3153 2116 his
3179 2062 3229 2116 in
3262 2076 3402 2132 pane
3428 2069 3484 2116 et
3521 2075 3685 2130 aqua.

2090 2154 2361 2209 Diaconus
2392 2166 2446 2210 et
2478 2154 2775 2211 monachus
2805 2171 2842 2219 ι,
2875 2154 3172 2227 Presbyter
3201 2171 3261 2221 ιι,
3306 2153 3589 2209 dimidium
3619 2168 3691 2208 ex

2089 2244 2173 2301 his
2205 2247 2259 2302 in
2293 2262 2433 2317 pane
2459 2257 2518 2304 et
2547 2263 2707 2319 aqua.
2740 2246 2987 2303 Clericus
3013 2256 3074 2303 et
3097 2247 3269 2303 laicus
3296 2238 3601 2302 dimidium.
3620 2245 3699 2300 Et

2088 2341 2136 2395 si
2161 2341 2355 2397 iterum
2388 2350 2550 2410 atque
2579 2342 2775 2396 iterum
2800 2342 2880 2396 eis
2902 2338 3214 2410 contigerit,
3241 2354 3267 2393 a
3302 2338 3693 2394 communione

2089 2437 2370 2509 priventur
2407 2452 2553 2491 anno
2599 2452 2725 2491 uno.
2756 2436 2857 2506 Qui
2905 2451 3028 2491 cum
3067 2435 3359 2508 pecoribus
3407 2430 3619 2497 coierit,
3649 2448 3695 2488 ι

2090 2546 2264 2589 annos
2301 2531 2588 2602 pceniteat.
2640 2530 2939 2585 Monachus
2987 2528 3407 2584 fornicationem
3459 2525 3687 2592 faciens,

2088 2640 2163 2680 vu
2190 2638 2363 2679 annos
2391 2622 2676 2693 pmniteat.
2704 2622 2760 2678 Si
2792 2623 2846 2678 in
2873 2621 3194 2688 femoribus,
3238 2634 3299 2676 ut
3331 2619 3473 2693 quod
3495 2627 3693 2691 agunt.

2093 2718 2149 2777 Si
2194 2716 2455 2789 parvulus
2491 2729 2789 2787 oppressus
2830 2715 2955 2770 talia
2994 2716 3218 2785 patitur,
3263 2730 3330 2770 ιιι
3365 2713 3481 2768 dies
3516 2711 3700 2782 paeni-

2093 2824 2221 2871 teat.
2255 2813 2353 2869 Vel
2381 2812 2624 2883 psalmis,
2660 2811 2748 2866 vel
2777 2810 3115 2866 continentia
3146 2810 3458 2879 castigetur.
3482 2806 3535 2862 Si
3570 2806 3702 2873 quis

2095 2922 2319 2963 nxorem
2348 2919 2501 2961 suam
2534 2904 2806 2960 invenerit
2836 2903 3216 2969 adulteratam,
3248 2910 3305 2957 et
3332 2916 3437 2957 non
3472 2896 3581 2953 vult
3610 2897 3704 2953 d'-

2094 3002 2311 3056 mittere
2357 3013 2502 3064 eam,
2537 2998 2633 3054 sed
2680 2996 2735 3051 in
2784 2995 3135 3051 matrimonio
3182 2993 3407 3057 habere,
3454 3008 3493 3047 ιι
3536 2990 3704 3046 annis

2098 3095 2384 3167 pteniteat,
2418 3102 2474 3148 et
2509 3091 2735 3148 dimittit
2769 3106 2876 3158 pro
2924 3105 2984 3145 se
3025 3104 3269 3153 servum,
3310 3096 3402 3142 aut
3442 3085 3704 3141 ancillam

399 3198 692 3256 numquam
728 3190 1081 3251 prazsumant.
1106 3181 1280 3237 Annis
1306 3157 1641 3252 paenitentiae
1668 3196 1782 3237 sua:
1809 3195 1841 3235 a
1866 3180 1995 3236 vino
2021 3157 2065 3219 (ἶ
2100 3157 2409 3258 ingenuam.
2458 3185 2527 3241 Et
2571 3199 2673 3255 pro
2701 3157 2825 3238 aliis
2866 3181 3079 3238 duobus
3110 3180 3272 3235 annis
3320 3180 3711 3247 eleemosynas

398 3285 455 3333 et
478 3292 643 3332 carne
682 3274 1013 3330 abstineant.
1044 3272 1290 3342 Excepto
1327 3274 1374 3328 si
1405 3271 1691 3328 infirmitas
1716 3272 1996 3337 acciderit,

401 3384 574 3441 usque
603 3367 670 3423 ad
701 3367 1103 3438 reparationem
1145 3368 1412 3423 solvatur.
1445 3365 1896 3423 Commuuionem
1942 3368 1997 3422 in

403 3466 565 3523 finem
588 3464 714 3519 vitae
739 3471 1077 3518 mereantur.
1100 3462 1158 3518 Si
1187 3472 1369 3518 autem
1412 3461 1554 3517 bene
1584 3460 1798 3531 egerint
1822 3463 1997 3530 pomi-

404 3559 652 3621 tentiam,
678 3555 1107 3613 reconcilientur
1131 3563 1191 3610 et
1208 3554 1277 3610 ad
1302 3554 1769 3610 communionem.
1797 3554 1853 3609 Si
1878 3553 2001 3624 quis

404 3669 527 3709 cum
572 3652 686 3707 Deo
732 3658 942 3705 sacrata
976 3648 1346 3717 loruicaverit,
1395 3650 1686 3719 episcopus
1726 3664 1795 3703 xv
1845 3647 2003 3703 annis

406 3746 691 3819 poeniteat,
722 3760 752 3798 ν
780 3758 849 3800 ex
878 3742 962 3797 his
990 3743 1044 3797 in
1074 3756 1212 3812 pane
1241 3751 1298 3797 et
1325 3756 1484 3809 aqua,
1510 3752 1564 3795 et
1598 3740 1925 3809 deponatur,
1950 3748 2005 3795 et

408 3855 703 3913 numquam
748 3837 814 3893 ad
860 3835 1129 3892 honorem
1154 3834 1453 3891 sacerdotii
1480 3842 1816 3890 revertatur.
1844 3833 2005 3889 Pres-

406 3936 563 4008 byter
590 3948 665 3989 xu
690 3931 846 3987 annis
882 3927 1168 4000 pmniteat,
1196 3944 1254 3983 ιιι
1279 3943 1344 3983 ex
1378 3926 1463 3983 his
1509 3928 1562 3982 in
1597 3942 1735 3998 pane
1760 3934 1817 3983 et
1844 3941 2004 3997 aqua,

409 4037 466 4084 et
493 4027 816 4097 deponatur.
849 4021 1129 4077 Diaconus
1158 4029 1214 4077 et
1246 4019 1552 4076 monachus
1580 4035 1652 4075 vu
1689 4035 1863 4074 annos
1892 4036 2008 4089 ιω-

411 4121 646 4183 niteant,
675 4133 731 4175 tu
759 4131 824 4172 ex
869 4114 957 4170 bis
984 4114 1036 4169 in
1070 4128 1207 4185 pane
1238 4122 1294 4168 ct
1330 4128 1503 4185 aqua,
1540 4122 1595 4169 ct
1630 4114 1700 4170 ad
1738 4112 2006 4169 honorem

410 4211 705 4272 sacerdotii
742 4222 1035 4278 numquam
1067 4206 1353 4263 secedant.
1388 4206 1518 4262 Post
1539 4216 1716 4262 actam
1739 4206 2011 4278 paeniten-

416 4307 545 4361 tiam
587 4302 654 4358 ad
685 4298 1127 4357 communionem
1161 4300 1609 4355 reconcilientur.
1644 4300 1703 4356 Si
1733 4302 1857 4371 quis
1886 4316 2010 4355 cum

416 4408 589 4455 matre
621 4396 870 4465 fornicat,
903 4409 978 4450 xu
1007 4393 1164 4448 annis
1208 4393 1488 4463 pmniteat,
1521 4394 1686 4449 etiam
1714 4410 2010 4465 numquam

417 4489 804 4556 communicet,
835 4486 937 4543 nisi
971 4495 1183 4541 tantum
1208 4484 1397 4541 diebus
1431 4485 1744 4543 Dominicis.
1789 4486 1848 4542 Si
1892 4489 2013 4558 quis

417 4600 544 4641 cum
577 4596 745 4637 uxore
770 4580 1001 4635 alterius
1031 4577 1379 4635 fornicaverit
1407 4580 1721 4652 episcopus,
1752 4597 1827 4636 xu
1857 4581 2017 4639 annis

422 4675 709 4746 paeniteat,
740 4687 794 4726 ιιι
818 4687 883 4727 ex
908 4670 991 4725 his
1020 4671 1071 4724 iu
1105 4686 1240 4740 pane
1261 4682 1313 4727 et
1342 4688 1501 4742 aqua.
1531 4672 1593 4727 Hi
1617 4688 1783 4745 supra
1802 4675 2013 4746 scripti,

424 4786 454 4823 a
486 4763 870 4823 communione
913 4764 1230 4835 priventur:
1270 4776 1393 4834 post
1423 4775 1598 4821 actam
1639 4768 2014 4837 pmuitentiam

424 4858 869 4918 reconcilientur.
915 4857 1049 4913 Nam
1082 4858 1146 4911 ad
1180 4858 1470 4914 sacerdotii
1510 4860 1711 4931 gradus
1753 4862 2019 4919 accedere

427 4967 719 5023 numquam
754 4959 1109 5021 praesumant.
1125 4950 1182 5007 Si
1206 4951 1328 5021 quis
1352 4966 1476 5007 cum
1497 4952 1682 5022 vidua,
1704 4963 1795 5011 aut
1820 4970 2017 5024 sponsa

422 5047 651 5103 alterius
685 5044 1051 5112 fornicaverit,
1091 5046 1379 5117 episcopus
1422 5062 1496 5102 xu
1537 5046 1695 5104 annis
1734 5048 2012 5119 pmniteat,

425 5158 483 5196 ιιι
510 5156 573 5196 ex
604 5138 689 5194 his
716 5137 773 5194 in
803 5154 941 5210 pane
972 5148 1027 5195 et
1055 5154 1221 5210 aqua:
1248 5149 1300 5193 et
1320 5139 1623 5211 deponatur
1649 5150 1705 5197 et
1733 5143 2017 5213 episc0pus

427 5243 482 5289 et
511 5232 812 5304 presbyter.
845 5229 1092 5288 Clericus
1120 5240 1173 5286 et
1202 5230 1375 5287 laicus
1404 5250 1436 5285 v
1465 5232 1622 5287 annis
1653 5234 1939 5304 paeniteat,
1982 5251 2017 5291 ιι

426 5343 494 5385 cx
523 5325 611 5381 his
640 5324 694 5380 in
726 5340 865 5396 pane
904 5332 959 5380 et
994 5338 1155 5394 aqua,
1186 5334 1241 5379 et
1268 5338 1299 5379 a
1328 5325 1719 5382 communione
1753 5326 2018 5397 privetur,

438 5429 494 5476 et
522 5434 552 5474 a
582 5433 737 5475 sacro
768 5416 981 5473 ordine.
1014 5416 1073 5473 Si
1104 5415 1224 5486 quis
1252 5430 1376 5472 cum
1404 5426 1656 5487 cognata,
1683 5429 1776 5475 aut
1801 5434 2017 5491 sorore,

429 5516 515 5573 vel
545 5523 718 5569 matre
742 5511 1117 5577 fornicaverit,
1145 5511 1433 5582 episcopus
1454 5529 1522 5567 xv
1543 5515 1699 5568 annis
1726 5514 2018 5584 poeniteat;

432 5608 719 5681 presbyter
744 5623 819 5663 xu
850 5604 1031 5671 annis,
1058 5604 1324 5661 diaconus
1353 5612 1410 5661 et
1438 5606 1739 5663 monachus
1771 5624 1822 5676 x,
1856 5608 2019 5663 cleri-

426 5719 523 5760 cus
553 5713 609 5757 et
657 5701 833 5756 laicus
862 5714 934 5755 vu
965 5714 980 5755 :
1027 5713 1219 5755 omnes
1260 5698 1314 5754 bi
1358 5697 1413 5755 in
1445 5713 1583 5770 pane
1618 5709 1673 5755 et
1701 5715 1861 5771 aqua.
1908 5714 1964 5758 et
1992 5718 2021 5756 a

430 5796 813 5855 communione
845 5793 1147 5865 priventur,
1191 5802 1246 5850 et
1292 5811 1320 5852 a
1353 5809 1510 5852 sacro
1554 5794 1766 5852 ordine.
1800 5794 1856 5852 Si
1907 5798 2026 5867 quis

2098 3279 2282 3335 faciat.
2318 3278 2386 3333 Et
2414 3289 2532 3349 post
2564 3293 2634 3332 vu
2668 3276 2847 3343 annis,
2889 3274 3098 3345 judicio
3126 3272 3427 3330 sacerdotis
3455 3284 3711 3325 commu-

2102 3373 2270 3429 nicet.
2310 3377 2419 3427 Aut
2446 3369 2705 3442 quamdiu
2734 3369 2824 3425 illa
2854 3368 3138 3438 ptBniteat,
3187 3382 3218 3422 a
3260 3363 3607 3422 matrimonio
3637 3377 3713 3418 se

2102 3464 2397 3522 abstineat.

2731 3540 2807 3597 De
2828 3541 3084 3615 perjuria.

2175 3661 2233 3718 Si
2257 3660 2382 3731 quis
2408 3657 2713 3730 periurium
2743 3655 2965 3724 fecerit,
2990 3654 3280 3725 episcopus
3301 3667 3379 3707 xu
3403 3650 3560 3707 annis
3588 3661 3715 3720 pc-

2106 3754 2301 3821 niteat,
2333 3766 2391 3808 ιιι
2420 3768 2485 3807 ex
2518 3750 2603 3806 his
2636 3752 2688 3805 in
2724 3764 2863 3820 pane
2891 3758 2943 3803 et
2967 3762 3131 3818 aqua.
3161 3745 3456 3817 Presbyter
3479 3759 3534 3809 x,
3556 3757 3615 3796 ιιι
3638 3755 3721 3797 ex

2107 3847 2195 3903 his
2224 3847 2279 3901 in
2308 3861 2449 3917 pane
2469 3854 2522 3901 et
2552 3858 2689 3914 aqua
2712 3883 2727 3909 ,
2759 3852 2813 3898 et
2842 3841 3150 3912 deponatur
3192 3853 3366 3909 usque
3394 3837 3521 3891 dum
3559 3849 3725 3891 com-

2108 3941 2259 4010 pleat
2287 3938 2689 4009 pmnitentiam,
2732 3944 2788 3991 et
2823 3932 3227 3990 reconcilietur.
3266 3928 3507 3986 Clericus
3535 3944 3568 3983 v
3606 3942 3723 3982 an-

2110 4034 2213 4100 nis,
2242 4048 2279 4089 ιι
2302 4046 2367 4088 ex
2395 4031 2482 4086 his
2505 4031 2558 4085 in
2583 4043 2720 4099 pane
2749 4036 2803 4083 et
2831 4042 2991 4097 aqua.
3020 4025 3218 4081 Laictrs
3244 4038 3303 4079 tu
3325 4022 3505 4087 annis,
3526 4034 3593 4076 ex
3623 4018 3729 4076 his

2111 4130 2166 4184 iu
2196 4143 2335 4198 pane
2364 4136 2421 4182 et
2451 4139 2619 4195 aqua,
2654 4140 2689 4178 ι.
2715 4123 2770 4180 Si
2802 4124 2926 4193 quis
2954 4129 3176 4177 coactus
3203 4117 3444 4189 qualibet
3472 4116 3724 4172 necessi-

2114 4229 2224 4277 tate
2259 4229 2352 4274 aut
2388 4217 2638 4273 nesciens
2674 4215 3032 4287 perinraverit
3060 4259 3074 4282 ,
3110 4226 3168 4267 ιιι
3211 4211 3372 4266 annis
3412 4210 3725 4279 pcniteat,

2115 4330 2132 4370 ι
2161 4330 2228 4373 ex
2271 4316 2355 4370 his
2385 4316 2438 4371 in
2467 4328 2607 4384 pane
2636 4320 2693 4367 et
2730 4324 2889 4380 aqua.
2922 4306 2977 4363 Si
3017 4305 3186 4361 laicus
3230 4319 3325 4375 per
3362 4300 3728 4373 cupiditatum

2116 4410 2382 4481 perjurat.
2414 4416 2556 4463 totas
2577 4420 2667 4461 res
2698 4418 2829 4459 suas
2858 4400 3057 4458 vendat
3086 4441 3101 4465 ,
3133 4407 3190 4455 et
3218 4397 3309 4452 det
3340 4394 3681 4465 pauperibus
3709 4437 3727 4458 ,

2120 4514 2177 4560 et
2211 4515 2511 4559 conversus
2548 4500 2602 4555 in
2649 4495 2986 4553 monasterio
3021 4506 3195 4563 usque
3223 4488 3290 4545 ad
3322 4497 3561 4544 mortem
3596 4500 3730 4542 sev-

2122 4596 2234 4651 viat
2264 4595 2398 4650 Deo.
2426 4591 2483 4648 Si
2513 4590 2642 4647 dum
2664 4604 2763 4661 per
2788 4585 3159 4656 cupiditatem,
3188 4581 3386 4637 animae
3407 4579 3730 4637 seu'mortis

2123 4688 2423 4761 periculum
2454 4685 2702 4749 incurrit,
2737 4698 2791 4737 tv
2817 4680 2973 4737 annis
3005 4677 3233 4734 inermis
3268 4674 3423 4731 exsul
3462 4674 3731 4745 paeniteat

2126 4784 2178 4837 in
2203 4796 2341 4852 pane
2370 4789 2426 4836 et
2456 4794 2590 4849 aqua
2610 4821 2624 4844 ,
2655 4786 2709 4831 et
2737 4774 3006 4829 abstineat
3035 4785 3095 4826 se
3138 4785 3166 4823 a
3195 4781 3362 4825 carne
3402 4776 3459 4823 et
3488 4767 3633 4826 vim.
3669 4765 3727 4820 Si

2125 4877 2249 4947 quis
2274 4873 2543 4945 virginem
2572 4868 2836 4939 rapuerit,
2860 4864 3098 4922 mannis
3125 4862 3445 4934 pmniteat,r
3470 4874 3539 4915 ex
3555 4858 3640 4913 his
3672 4858 3727 4911 in

2127 4983 2265 5038 pane
2291 4976 2347 5022 et
2371 4979 2532 5036 aqua.
2568 4963 2625 5019 Si
2654 4962 2777 5033 quis
2802 4973 2956 5016 more
2976 4964 3323 5030 peccatorum
3350 4967 3473 5008 cum
3502 4949 3732 5022 propin-

2123 5076 2231 5131 qua
2284 5057 2568 5130 sanguinis
2613 5070 2710 5112 sua
2753 5052 3006 5123 inemptis
3046 5049 3250 5121 nuptiis
3278 5044 3553 5116 conjuncti
3597 5053 3734 5098 sunt

2126 5161 2252 5208 ante
2272 5149 2597 5221 vigesimum
2621 5148 2798 5203 aetatis
2819 5161 2931 5202 sua:
2952 5159 3175 5209 annum,
3204 5158 3239 5196 x
3261 5141 3419 5194 annis
3446 5136 3730 5210 paeniteat;

2127 5244 2335 5300 exactis
2386 5242 2725 5298 orationibus
2772 5248 2980 5295 tantum
3039 5235 3260 5305 incipiat
3313 5229 3729 5289 communicari.

2129 5337 2263 5393 Post
2286 5335 2602 5407 vigesimum
2633 5347 2833 5389 annum
2865 5346 3017 5397 vero,
3048 5328 3121 5385 ad
3144 5324 3585 5383 communionem
3605 5337 3731 5378 eum

2131 5428 2409 5485 oblatione
2424 5426 2774 5496 suscipiatur.
2793 5424 3313 5480 Discutiaturautent
3331 5427 3386 5475 et
3407 5418 3519 5471 vita
3538 5428 3732 5473 eorum

2127 5534 2247 5589 qua:
2280 5517 2445 5574 fuerit
2473 5527 2717 5588 tempore
2747 5515 3097 5587 paenitentiae.
3134 5514 3199 5568 Et
3223 5513 3293 5567 ita
3321 5510 3463 5565 hanc
3486 5508 3736 5564 humani-

2128 5620 2236 5668 tate
2275 5620 2663 5681 consequatur.
2690 5609 2843 5680 Quod
2873 5608 2923 5665 si
2949 5609 3038 5679 qui
3075 5607 3231 5663 abusi
3258 5614 3385 5661 sunt
3415 5604 3518 5658 hoc
3548 5601 3735 5657 crimi-

2130 5722 2220 5771 ne,
2253 5706 2551 5775 prolixiore
2601 5715 2848 5777 tempore
2894 5714 3016 5774 post
3054 5719 3127 5757 xx
3163 5713 3334 5757 annos
3374 5712 3607 5752 uxorem
3640 5694 3735 5749 ha-

2133 5800 2345 5869 bentes,
2375 5805 2479 5858 hoc
2504 5799 2711 5857 crimen
2739 5796 3057 5864 incurrerit,
3081 5810 3150 5852 xv
3174 5804 3338 5866 atque
3358 5805 3527 5846 unum
3558 5788 3729 5861 pomi-
