3918 6294
236 268 343 336 “9

1415 264 1735 328 CANONES
1780 260 2383 328 PMT‘ENTIALES.

3431 271 3540 330 450

236 398 362 446 teat.
398 342 467 445 Et
493 394 617 461 post
650 390 825 445 actam
856 387 1264 460 pmttiteutium,
1304 387 1369 442 ad
1400 386 1837 443 communionem
1867 383 1915 447 Α
1945 394 2211 441 secratum
2237 428 2252 454 ,
2303 402 2360 442 ιιι
2397 386 2554 442 annis
2587 387 2881 459 poeniteat,
2920 389 3040 447 sine
3079 389 3410 463 pinguedine
3434 430 3449 457 ,
3482 400 3539 447 et

233 485 545 539 orationum
570 482 949 540 admittuntur.
984 484 1049 538 Et
1079 483 1152 537 ita
1185 493 1308 551 post
1334 482 1496 536 alium
1528 481 1836 552 quinquen-

232 578 381 631 nium
405 576 475 631 ad
503 575 717 649 plenam
746 577 1188 631 communienem
1212 588 1333 631 cum
1356 574 1633 631 oblatione
1665 573 1837 631 susci-

232 670 475 740 piantur.
498 669 654 739 Quod
681 671 725 725 si
756 670 919 742 aliqui
942 684 1145 727 uxores
1172 670 1439 727 habentes
1460 678 1512 726 et
1534 676 1658 742 post
1677 672 1837 741 quin-

232 764 491 835 quaginta
522 764 706 820 atatis
738 781 850 819 sure
878 780 1053 820 anuos
1080 764 1135 821 in
1167 763 1273 822 hoc
1306 765 1544 837 prolapsi
1573 771 1735 831 sunt,
1769 763 1836 819 ad

232 857 438 912 exitum
472 866 681 912 tantum
711 860 837 913 vitae
871 857 1313 914 communionem
1348 866 1683 915 mereantur.
1716 858 1836 913 Mu-

231 948 330 1003 lier
358 948 405 1003 si
438 949 648 1005 duobus
677 949 938 1005 fratribus
971 952 1252 1020 nupserit,
1286 950 1446 1022 abjici
1484 966 1602 1007 eam
1639 950 1839 1007 debere

231 1055 403 1111 usque
432 1041 500 1097 ad
524 1041 670 1098 diem
694 1042 907 1108 mortis,
927 1042 1021 1097 sed
1042 1050 1262 1113 propter
1285 1042 1672 1099 humanitatem
1692 1057 1840 1097 com-

229 1135 496 1190 munione
522 1149 644 1190 eam
678 1136 732 1191 in
764 1136 1029 1191 extremis
1061 1138 1422 1193 reconciliari.
1459 1138 1534 1193 lta
1568 1146 1750 1193 tamen
1782 1144 1840 1191 ut

228 1227 272 1280 si
298 1222 446 1280 forte
470 1228 760 1283 sanitatem
799 1228 1097 1298 receperit,
1134 1229 1485 1285 matrimonio
1516 1230 1700 1285 soluto
1726 1271 1741 1295 ,
1773 1229 1838 1284 ad

228 1320 608 1388 rmnitentiam
657 1320 993 1376 admittatur.
1045 1320 1201 1389 Quod
1248 1324 1292 1377 si
1342 1322 1595 1378 defuncta
1644 1323 1839 1378 mulier

231 1411 394 1466 fuerit
425 1411 802 1481 hujuscemodi
834 1416 1113 1470 consortio
1147 1414 1387 1485 alligata,
1422 1402 1703 1471 dissimilis
1734 1415 1840 1471 erit

229 1507 558 1576 pertinentia
592 1510 918 1564 remanenti.
952 1509 1127 1576 Quam
1155 1511 1476 1565 sententiam
1510 1518 1617 1566 tam
1646 1511 1841 1566 mulier

228 1613 393 1669 quam
416 1601 504 1655 vir
527 1611 715 1657 tenere
736 1602 991 1658 tlebet.Si
1015 1604 1135 1672 quis
1166 1604 1383 1673 gentilis
1408 1603 1675 1659 dimiserit
1704 1620 1842 1659 uxo-

227 1709 349 1749 rem
380 1694 671 1765 gentilem,
698 1694 753 1751 in
784 1705 1054 1766 potestate
1080 1698 1199 1767 ejus
1226 1699 1331 1754 erit
1360 1707 1480 1768 post
1508 1698 1838 1769 baptismmn

227 1788 438 1845 habere
465 1805 621 1850 eam.
659 1800 751 1845 aut
802 1804 909 1845 non
956 1791 1183 1847 habere.
1217 1792 1393 1847 Simili
1428 1792 1588 1846 modo
1624 1792 1671 1846 si
1700 1805 1839 1846 unus
1871 1772 1918 1841 Β

225 1881 550 1951 baptizatus
578 1892 664 1937 est
686 1923 700 1949 ,
735 1891 790 1937 et
822 1883 961 1939 alter
985 1885 1232 1955 gentilis.
1269 1884 1326 1941 Si
1370 1884 1525 1954 cujus
1561 1899 1697 1939 uxor
1725 1884 1844 1938 inli-

226 1977 367 2032 delis
397 1986 485 2032 est
516 1976 602 2032 vel
634 1978 875 2049 gentilis,
914 1985 968 2035 et
991 1994 1094 2033 non
1127 1989 1305 2050 potest
1336 1994 1455 2035 eam
1483 1992 1836 2047 convertere,

226 2070 471 2126 dimittat
503 2087 650 2126 eam.
679 2071 871 2128 Mulier
906 2074 1186 2130 mensibus
1218 2086 1276 2129 ιιι
1307 2073 1469 2130 debet
1512 2074 1789 2131 abstinere
1811 2088 1843 2131 a

226 2162 349 2218 viro
377 2177 508 2233 suo,
539 2164 760 2234 quando
784 2168 1060 2235 concepit,
1092 2175 1145 2222 et
1175 2176 1465 2238 antequam
1490 2168 1683 2238 pariat.
1714 2167 1844 2225 Post

229 2266 454 2328 partum
486 2267 671 2313 autem
690 2275 757 2314 δι.
780 2259 897 2315 dies
920 2260 1011 2330 qui
1037 2261 1302 2331 nupserit,
1328 2274 1398 2316 xx
1421 2261 1538 2317 dies
1558 2262 1841 2332 poeniteat.

227 2354 329 2419 Qui
381 2352 642 2421 nupserit
688 2353 778 2407 die
826 2354 1100 2409 dominico
1132 2370 1182 2409 tv
1208 2353 1326 2409 dies
1357 2354 1638 2424 poeniteat.
1672 2354 1729 2410 Si
1775 2355 1843 2410 ab

227 2446 415 2515 aliquo
447 2461 545 2500 sua
573 2445 889 2500 discesserit
920 2463 1077 2514 taxur,
1104 2456 1159 2502 et
1184 2449 1378 2502 iterum
1412 2461 1630 2502 reversa
1657 2448 1842 2515 fuerit,

228 2538 499 2607 suscipiat
528 2552 645 2591 eam
680 2550 861 2593 nocte.
894 2538 959 2593 Et
980 2539 1101 2608 ipsa
1140 2553 1157 2592 ι
1197 2552 1342 2593 anno
1376 2540 1656 2609 paeniteat.
1684 2538 1845 2595 Simi-

230 2629 354 2686 liter
382 2630 649 2701 paeniteat
675 2640 729 2687 et
758 2631 873 2697 vir,
912 2632 957 2686 si
992 2640 1051 2687 et
1074 2632 1188 2703 ipse
1218 2632 1382 2688 aliam
1412 2632 1647 2688 duxerit.
1678 2631 1845 2703 Cujus

231 2725 443 2778 sterilis
465 2732 581 2788 est,
625 2732 682 2779 et
710 2724 822 2788 ille,
856 2732 911 2779 et
940 2724 1028 2779 illa
1076 2729 1422 2780 continentes
1458 2733 1604 2780 sunt.
1651 2726 1844 2781 Mulier

229 2832 353 2873 cum
390 2817 630 2872 muliere
651 2816 993 2887 fornicando,
1029 2832 1086 2872 ιιι
1118 2818 1275 2873 annis
1310 2817 1579 2897 poeniteat
1602 2831 1708 2872 una
1733 2832 1845 2889 ιιωο

231 2913 485 2968 nitentia.
526 2908 715 2967 Vidua:
745 2920 799 2968 et
830 2912 1027 2981 puellae
1056 2913 1320 2984 majorem
1355 2914 1726 2985 paenitentiam
1760 2915 1842 2968 fa-

230 3008 403 3072 ciant,
452 3007 503 3060 si
545 3008 647 3061 hoc
690 3018 973 3076 peccatum
1014 3009 1466 3077 perpetraveriut.
1502 3007 1634 3076 Qua:
1665 3010 1842 3064 virum

231 3101 451 3165 habuit,
476 3102 527 3156 si
558 3101 903 3157 furnicarerit
925 3146 939 3169 ,
974 3112 1024 3156 et
1057 3104 1148 3173 qui
1176 3118 1361 3159 semen
1390 3104 1446 3158 in
1489 3118 1550 3159 ea
1584 3104 1795 3159 miserit
1825 3146 1839 3168 ,
1889 3152 1896 3173 ί

1944 490 2071 534 tunc
2118 482 2501 537 ctnnmnnicet.
2540 482 2595 537 Si
2630 483 2749 553 quis
2794 484 2864 539 ab
2924 484 3197 541 haereticis
3254 484 3539 542 ordinatus

1940 571 2120 640 fuerit,
2169 574 2365 629 iterum
2417 575 2577 631 debet
2623 576 2893 645 ordinari,
2945 578 2989 633 si
3042 577 3541 649 irreprehensibilis

1940 665 2143 732 fuerit;
2174 666 2373 734 deponi
2405 675 2641 739 oportet.
2676 666 2732 725 Si
2761 669 2886 741 quis
2924 685 2953 725 a
2994 670 3265 726 catholica
3297 671 3539 727 Ecclesia

1941 757 2006 813 ad
2039 756 2288 814 haeresim
2322 758 2618 828 transierit,
2644 771 2698 816 et
2727 769 2913 830 postea
2934 777 3185 818 reversus
3213 761 3397 829 fuerit,
3430 778 3541 819 non

1944 857 2121 921 potest
2142 850 2385 905 ordinari
2417 850 2522 905 nisi
2548 866 2644 922 per
2667 850 2883 923 longam
2918 853 3291 924 paenitentiam
3317 895 3331 921 ,
3355 865 3411 911 et
3442 870 3540 925 pro

1944 956 2134 1012 magna
2166 943 2516 998 necessitate.
2546 943 2700 997 llunc
2729 942 3078 1002 Innocentius
3104 959 3263 1016 papa,
3292 960 3393 1002 nec
3420 956 3543 1016 post

1944 1036 2316 1106 paenitentiam
2347 1035 2603 1091 clericum
2636 1037 2773 1101 fieri,
2800 1052 3069 1093 canonum
3095 1037 3422 1094 auctoritate
3450 1053 3540 1093 as-

1941 1129 2075 1185 serit
2099 1129 2360 1199 permitti.
2391 1129 2493 1196 Qui
2518 1128 2711 1185 feeerit
2739 1132 2937 1200 pascha
2967 1147 3088 1187 cum
3119 1130 3323 1187 Judaeis
3349 1140 3542 1203 quarta

1943 1224 2153 1280 decima
2192 1224 2350 1292 luna,
2382 1225 2838 1280 exterminabitur
2877 1225 2946 1280 ab
2985 1227 3131 1281 omni
3162 1226 3408 1283 Ecclesia
3438 1227 3545 1282 nisi

1944 1317 2316 1388 paenitentiam
2360 1318 2536 1388 egerit
2581 1327 2711 1373 ante
2756 1328 3013 1375 mortem.
3047 1318 3102 1375 Si
3139 1320 3375 1375 oraverit
3418 1335 3542 1376 cum

1944 1412 2037 1469 illo
2062 1413 2216 1484 quasi
2236 1427 2359 1469 cum
2387 1413 2591 1469 clerico
2612 1413 2908 1483 catholico,
2936 1414 3237 1483 septimana
3262 1416 3542 1485 poeniteat.

1947 1508 2005 1565 Si
2036 1523 2169 1564 vero
2207 1508 2534 1579 neglexerit,
2569 1523 2636 1563 xi.
2662 1507 2780 1564 dies
2812 1509 3096 1578 paeniteat.
3127 1508 3307 1564 Prima
3354 1510 3470 1564 vice
3499 1511 3547 1564 si

1944 1604 2069 1674 quis
2100 1604 2320 1658 hortare
2346 1603 2576 1658 voluerit
2610 1603 2861 1657 hmresitn
2885 1617 3075 1658 eorum
3108 1644 3122 1668 ,
3154 1613 3208 1659 et
3240 1619 3345 1658 non
3375 1606 3548 1675 egerit

1946 1696 2349 1766 pmnitentiam,
2384 1696 2843 1752 exterminabitur
2885 1695 3139 1753 similiter
3179 1708 3232 1753 et
3263 1698 3356 1753 ille
3384 1740 3399 1764 ,
3444 1700 3549 1753 Do-

1949 1791 2097 1845 mino
2131 1790 2385 1846 dicente:
2418 1788 2520 1857 Qui
2547 1806 2749 1846 meeum
2776 1807 2878 1845 non
2909 1800 3011 1858 est,
3044 1803 3225 1846 contra
3256 1808 3338 1846 me
3367 1802 3460 1847 est.
3492 1792 3550 1847 Si
3584 1822 3591 1827 -

1947 1884 2067 1954 quis
2098 1883 2400 1953 baptizatus
2443 1884 2513 1939 ab
2552 1882 2845 1947 htcretico.
2898 1884 2987 1955 qui
3030 1894 3176 1941 recte
3225 1884 3548 1941 Trinitatem

1949 1991 2059 2031 non
2092 1975 2296 2043 credit,
2330 1977 2526 2031 iterum
2560 1976 2888 2045 baptizetur.
2933 1976 2989 2032 Si
3031 1978 3152 2047 quis
3198 1976 3412 2033 dederit
3455 1985 3552 2033 aut

1949 2070 2227 2139 acceperit
2254 2068 2692 2125 communionem
2724 2070 2791 2123 de
2837 2084 3000 2124 manu
3030 2070 3314 2139 haeretici,
3357 2077 3411 2126 et
3454 2085 3551 2127 ne-

1949 2162 2054 2217 scit
2083 2161 2227 2232 quod
2261 2162 2504 2217 Ecclesia
2534 2161 2653 2234 [AL
2682 2172 2786 2217 lac.
2821 2161 3086 2234 Ecclesia]
3116 2162 3384 2218 catholica
3415 2178 3551 2219 con-

1948 2254 2187 2320 tradicit,
2215 2262 2269 2310 et
2298 2263 2481 2323 postea
2514 2254 2873 2318 intellexerit,
2929 2267 3078 2308 anno
3122 2254 3336 2323 integro
3377 2237 3575 2324 timui;

1949 2356 2077 2404 teat.
2114 2347 2170 2405 Si
2201 2348 2286 2403 hic
2318 2347 2434 2421 [ΑΙ.
2468 2346 2690 2419 autem]
2718 2348 2819 2402 scit
2844 2354 2902 2401 et
2923 2347 3246 2417 neglexerit,
3282 2355 3336 2402 et
3361 2355 3551 2417 postea

1949 2441 2327 2512 paenitentiam
2355 2439 2552 2510 egerit,
2584 2455 2613 2494 x
2647 2454 2820 2494 annos
2856 2439 3135 2509 paeniteat.
3167 2439 3272 2494 Alii
3300 2439 3550 2510 judicant

1949 2546 2025 2587 vn
2068 2543 2123 2588 et
2154 2533 2443 2588 humanius
2472 2547 2503 2585 v
2533 2534 2712 2586 annis.
2756 2532 2812 2587 Si
2844 2533 2969 2601 quis
2999 2533 3301 2601 permiserit
3335 2533 3552 2588 haereti-

1949 2642 2074 2682 cum
2106 2626 2328 2682 missam
2354 2641 2509 2680 suam
2534 2624 2814 2680 celebrare
2838 2625 2889 2678 in
2916 2624 3157 2679 Ecclesia
3182 2623 3473 2689 catholica,
3498 2635 3554 2681 et

1952 2719 2147 2785 nescit,
2176 2735 2243 2773 χιι
2269 2719 2386 2773 dies
2408 2718 2686 2787 poeniteat.
2714 2717 2771 2773 Si
2802 2732 2932 2772 vero
2952 2731 3052 2786 pro
3084 2719 3385 2773 reverentia
3411 2720 3551 2789 ejus,

1952 2826 2138 2866 tanno
2170 2812 2451 2880 praeniteat.
2482 2808 2537 2863 Si
2563 2823 2662 2880 pro
2690 2806 3042 2864 damnatione
3074 2809 3334 2865 Ecclesiae
3360 2812 3551 2867 catlto-
3616 2798 3637 2815 ”

1951 2902 2103 2965 licze,
2141 2902 2457 2973 projiciatur
2502 2902 2572 2956 ab
2610 2901 2849 2957 Ecclesia
2902 2906 3043 2959 sicut
3089 2900 3413 2972 haereticus,
3452 2908 3554 2961 nisi

1951 2992 2287 3066 paenituerit.
2312 2994 2365 3049 Si
2390 2994 2679 3049 recesserit
2702 2994 2769 3049 ab
2788 2993 3033 3051 Ecclesia
3055 2997 3320 3053 catholica
3345 2997 3398 3051 iu
3421 3012 3555 3053 con-

1951 3088 2324 3158 gregationem
2357 3086 2736 3143 haereticorum
2758 3130 2772 3151 ,
2799 3098 2850 3143 el
2896 3089 2988 3159 qui
3022 3090 3146 3145 aliis
3180 3076 3554 3162 persuaserit,

229 3210 301 3248 vn
333 3208 513 3248 annos
549 3194 829 3263 poeniteat.
868 3194 980 3249 lloc
1013 3198 1306 3266 pessimum
1342 3198 1541 3253 malutu
1569 3214 1582 3251 :
1614 3198 1748 3251 alias
1776 3197 1833 3251 ab

1952 3195 2026 3235 xu
2054 3180 2213 3235 annis
2246 3180 2534 3251 posuiteat,
2574 3197 2628 3236 tv
2660 3181 2815 3236 annis
2841 3190 2993 3237 extra
3028 3182 3361 3249 Ecclesiam,
3393 3195 3447 3240 et
3479 3201 3554 3240 vtt

225 3300 297 3342 eo
321 3288 488 3341 aliter
510 3287 809 3356 jutlicattuu
838 3300 943 3353 est,
976 3298 1032 3342 ut
1056 3290 1231 3344 ambae
1258 3303 1428 3358 usque
1450 3290 1501 3343 in
1531 3289 1691 3344 ﬁnem
1722 3290 1843 3344 vitm

225 3394 345 3434 sum
378 3381 703 3449 preuiteant.
744 3380 840 3435 Vel
870 3392 945 3435 xu
971 3396 1144 3436 annos
1166 3424 1180 3448 ,
1217 3382 1299 3437 vel
1325 3396 1399 3437 vn
1428 3384 1517 3453 qui
1559 3396 1705 3453 saepe
1734 3382 1845 3438 for-

225 3474 543 3529 nicarerit:
580 3477 785 3544 primus
813 3490 987 3530 canon
1013 3475 1275 3546 judicavit
1303 3493 1332 3530 x
1357 3478 1538 3543 annis,
1571 3477 1842 3533 secundus

224 3578 404 3620 canon
434 3580 545 3631 vn;
573 3567 670 3621 sed
695 3576 795 3636 pro
827 3566 1139 3624 inﬁrmitate
1171 3568 1406 3624 hominis
1426 3613 1439 3636 ,
1470 3571 1552 3625 vel
1585 3585 1683 3641 per
1712 3586 1841 3626 con-

222 3660 442 3727 ciiium,
478 3661 736 3715 dixerunt
764 3670 855 3716 ant
887 3676 947 3716 ιιι
970 3670 1062 3717 aut
1081 3678 1151 3717 vlt
1182 3665 1459 3733 poeniteat.
1486 3664 1542 3721 Si
1569 3666 1689 3735 quis
1715 3678 1839 3721 cum

222 3751 401 3808 fratre
428 3754 661 3809 naturali
689 3756 1044 3812 fornicaverit
1059 3772 1154 3826 per
1172 3760 1615 3816 commixtionem
1634 3761 1835 3829 carnis,

220 3864 297 3903 xv
330 3848 494 3903 armis
520 3851 780 3918 pmhiteat
814 3859 869 3907 et
896 3851 964 3906 ab
987 3852 1133 3906 cunni
1162 3867 1327 3907 carne
1364 3869 1429 3909 se
1456 3854 1744 3908 abstineat.
1779 3854 1837 3910 Si

219 3948 408 3995 mater
422 3952 546 3995 eum
568 3942 677 3995 tilio
693 3956 793 3995 suo
818 3942 1042 4013 parvulo
1063 3942 1419 3999 fornicatione
1443 3944 1831 4014 immisceatur,

219 4049 279 4089 ιιι
332 4034 497 4088 annis
538 4036 798 4103 poeniteat
832 4034 1158 4092 abstinendo
1206 4052 1268 4093 se
1310 4052 1338 4091 a
1382 4048 1565 4103 carne,
1592 4048 1644 4093 et
1670 4054 1833 4094 unum

218 4130 379 4183 diem
407 4127 615 4197 jcjttnet
641 4129 694 4184 iu
725 4127 1066 4184 hebdomada
1102 4144 1271 4200 usque
1297 4129 1364 4185 ad
1392 4144 1699 4200 vesperum.
1732 4132 1833 4200 Qtti

217 4221 493 4277 illudetur
521 4222 779 4277 fornicari
808 4236 839 4277 a
870 4223 1230 4294 cogitatione,
1267 4224 1526 4293 pmuiteat
1562 4240 1736 4296 usque
1765 4226 1832 4281 ad

214 4316 354 4371 dum
386 4316 645 4385 cegitatio
672 4324 984 4386 superetur.
1012 4316 1114 4385 Qui
1135 4316 1313 4388 diligit
1342 4316 1624 4386 feminam,
1651 4330 1835 4375 mente

213 4410 444 4465 veniam
477 4418 620 4478 petat
649 4423 678 4463 a
708 4410 841 4466 Deo.
874 4408 929 4465 Si
964 4409 1051 4465 hic
1075 4410 1273 4465 dixerit
1300 4420 1353 4465 et
1374 4411 1441 4467 de
1468 4426 1656 4467 amore
1683 4423 1737 4468 et
1762 4413 1833 4469 de

211 4505 489 4574 amicitia,
523 4505 619 4559 sed
644 4519 752 4559 non
773 4512 856 4560 est
886 4515 1198 4575 susceptum
1229 4505 1298 4561 ab
1332 4518 1423 4574 ea,
1455 4521 1529 4561 vu
1559 4506 1679 4563 dies
1706 4522 1827 4579 pm-

211 4598 417 4652 niteat.
445 4600 659 4651 Annum
686 4596 957 4668 integrum
984 4606 1039 4652 et
1068 4610 1162 4651 sex
1197 4611 1436 4662 menses,
1467 4598 1511 4653 si
1536 4598 1616 4654 sic
1640 4602 1824 4656 volue-

210 4694 285 4749 rit
318 4689 602 4757 furnicari,
628 4700 682 4746 ct
712 4708 820 4745 non
850 4692 1048 4761 potuit.
1104 4689 1162 4746 Si
1191 4692 1312 4760 quis
1340 4692 1517 4747 laicus
1541 4694 1609 4748 de
1636 4708 1825 4750 mona-

210 4790 400 4841 sterio
426 4784 744 4839 monacham
769 4783 986 4839 duxerit
1018 4782 1223 4846 furtim,
1248 4784 1519 4837 autintret
1550 4785 1602 4838 in
1633 4801 1822 4841 mona-

208 4879 415 4942 sterio,
447 4877 556 4931 Deo
581 4880 810 4944 servire,
840 4886 933 4931 aut
965 4876 1257 4931 humanum
1285 4877 1477 4931 subeat
1516 4879 1816 4936 servitium.

211 4970 464 5029 Pecunia
490 4970 748 5025 Ecclesirc
780 4969 955 5024 furata
989 4983 1085 5024 seu
1117 4978 1270 5039 rapta
1301 4969 1560 5024 reddatur
1585 4971 1820 5040 quadru-

209 5067 397 5137 plum,
442 5065 793 5119 sa-cnlarihus
823 5065 1081 5134 duplicet.
1115 5063 1214 5132 Qui
1249 5076 1395 5132 ampc
1426 5062 1627 5118 furtum
1671 5064 1816 5122 fece-

206 5162 314 5225 rit,
343 5170 416 5213 vn
442 5172 612 5214 annos
645 5161 934 5229 paenitetat,
968 5160 1048 5212 vel
1076 5158 1353 5229 quomodo
1384 5156 1642 5214 sacerdos
1660 5158 1811 5228 judi-

1950 3275 2094 3330 inter
2114 3273 2411 3339 auditores,
2446 3280 2503 3329 et
2528 3289 2567 3327 ιι
2592 3281 2745 3328 extra
2776 3275 3240 3330 communionem.
3280 3276 3354 3331 De
3383 3276 3467 3330 his
3496 3278 3549 3331 in

1949 3366 2175 3437 Synodo
2203 3365 2327 3439 [ΑΙ.
2350 3381 2563 3443 canone
2586 3364 2607 3437 ]
2629 3366 2859 3422 dicitur:
2891 3382 2921 3421 x
2950 3382 3094 3423 anno
3112 3371 3551 3425 communionem

1946 3461 2065 3518 sive
2104 3460 2441 3516 oblationem
2478 3457 2602 3531 [ΑΙ.
2654 3459 2771 3515 sine
2818 3458 3136 3532 oblatione]
3177 3462 3465 3532 recipiant.
3495 3462 3557 3519 Si

1946 3555 2236 3626 episcopus
2259 3564 2350 3608 aut
2372 3553 2545 3609 abbas
2565 3553 2789 3622 jusserit
2828 3556 3097 3610 monacho
3129 3572 3228 3610 suo
3252 3571 3351 3626 pro
3377 3556 3560 3612 haere-

1944 3647 2070 3702 ticis
2093 3647 2322 3702 mortuis
2344 3646 2562 3702 missam
2581 3656 2827 3713 cantare,
2856 3662 2963 3701 non
2983 3646 3203 3718 expedit
3225 3648 3275 3703 ei
3303 3648 3551 3707 obedire.

1943 3743 1999 3799 Si
2034 3741 2355 3813 presbytero
2398 3741 2729 3811 contigerit,
2760 3750 2817 3797 et
2842 3741 2915 3796 ibi
2946 3744 3167 3797 missam
3197 3745 3509 3799 cantavcrit
3532 3784 3548 3811 ,

1942 3843 1999 3891 et
2026 3836 2245 3889 nomina
2272 3844 2649 3901 mortuorum,
2681 3842 2737 3889 et
2766 3834 2929 3890 simul
2972 3836 3335 3891 nominaverit
3377 3838 3553 3893 luere-

1945 3929 2082 3982 ticos
2114 3940 2239 3982 cum
2274 3925 2564 3982 catholicis
2585 3966 2601 3993 ,
2638 3934 2761 3996 post
2788 3926 3009 3981 missam
3041 3928 3130 3996 qui
3168 3926 3545 3997 intellexerit,

1943 4018 2282 4075 hebdomada
2309 4019 2541 4089 jejuuet.
2566 4018 2622 4074 Si
2649 4017 2964 4090 frequenter
2988 4018 3199 4085 fecerit,
3230 4037 3432 4078 annum
3456 4032 3542 4079 to-

1942 4122 2055 4168 tum
2086 4114 2364 4183 poeniteat.
2392 4111 2449 4169 Si
2477 4116 2598 4183 quis
2620 4111 2707 4167 hic
2730 4128 2830 4183 pro
2851 4124 3029 4170 morte
3050 4112 3293 4170 haeretici
3321 4116 3544 4174 missam

1939 4206 2305 4272 ordiuaverit,
2332 4214 2388 4263 et
2420 4222 2519 4275 pro
2551 4205 2816 4277 religione
2846 4222 2941 4261 sua
2967 4207 3227 4279 reliquias
3252 4209 3321 4264 de
3350 4210 3443 4265 illo
3466 4210 3547 4267 fe-

1938 4302 2099 4367 cerit,
2132 4300 2259 4367 quia
2288 4298 2519 4355 multum
2545 4298 2834 4369 jejuuavit,
2866 4308 2922 4354 et
2956 4310 3144 4370 postea
3168 4300 3535 4370 intellexerit,

1940 4396 2313 4467 pmniteutiam
2336 4396 2533 4465 egerit,
2560 4393 2813 4464 reliquias
2834 4392 2998 4449 debet
3015 4394 3138 4463 igne
3163 4409 3539 4466 concremare,

1935 4498 1992 4544 et
2014 4503 2180 4543 unum
2210 4503 2410 4542 annum
2432 4488 2723 4555 pmnilere.
2746 4484 2804 4541 Si
2832 4484 2917 4540 hic
2938 4485 3044 4540 scit
3073 4496 3127 4540 et
3152 4488 3395 4558 negligit,
3422 4503 3537 4557 pte-

1858 4552 2160 4639 Dnitentia
2192 4589 2500 4637 commotus
2536 4594 2603 4634 ιιι.
2634 4578 2791 4633 annis
2822 4578 3101 4651 poeniteat.
3126 4578 3182 4635 Si
3214 4581 3337 4650 quis
3368 4596 3396 4636 a
3429 4582 3539 4639 ﬁde

1933 4680 2026 4737 Dei
2049 4678 2366 4734 discesserit
2390 4675 2511 4731 sine
2548 4675 2656 4729 ulla
2690 4674 3053 4742 necessitate,
3085 4682 3141 4730 et
3170 4685 3293 4745 post
3320 4690 3385 4732 ex
3418 4686 3532 4734 toto

1924 4772 2110 4828 animo
2134 4768 2512 4842 paenitentiam
2548 4768 2843 4836 acceperit,
2873 4767 3044 4822 tribus
3067 4768 3226 4822 annis
3255 4777 3408 4823 extra
3429 4768 3535 4825 Ee-

1923 4867 2171 4930 clesiatn,
2200 4872 2255 4918 et
2283 4876 2352 4915 ιιι
2378 4862 2535 4915 anuis
2561 4858 2616 4914 in
2643 4859 2882 4914 Ecclesia
2905 4859 3166 4929 pteniteat
3186 4862 3326 4915 inter
3347 4862 3528 4931 pani-

1926 4969 2140 5025 tentes;
2168 4965 2225 5013 et
2246 4955 2461 5012 duobus
2491 4953 2650 5009 annis
2672 4951 2850 5007 adhuc
2877 4962 3031 5008 extra
3055 4952 3521 5023 communionem,

1925 5069 2090 5108 unum
2124 5053 2267 5105 inter
2287 5047 2573 5105 audientes
2590 5047 2745 5117 juxta
2763 5046 3046 5101 Nicaanum
3078 5046 3390 5101 concilium.
3417 5046 3522 5117 Qui

1924 5146 2229 5220 perjurium
2271 5144 2402 5199 facit
2436 5142 2492 5197 in
2524 5141 2771 5197 Ecclesia
2799 5154 2857 5195 xr
2892 5152 3065 5195 annos
3099 5141 3396 5209 pmuiteat:
3428 5145 3523 5214 qui

1916 5255 2053 5297 vero
2077 5239 2131 5295 in
2154 5236 2480 5294 necessitate
2494 5244 2717 5290 coactus
2742 5234 2808 5289 sit
2836 5242 3015 5288 autem
3036 5232 3310 5303 quoddam
3330 5248 3517 5306 agere.

1915 5352 2117 5392 tanno.
2151 5333 2255 5402 Qui
2280 5336 2333 5388 in
2361 5346 2522 5386 manu
2554 5330 2789 5385 hominis
2816 5328 2981 5397 jurat,
3016 5327 3150 5382 nihil
3178 5337 3280 5385 est.
3307 5330 3366 5387 Si
3390 5346 3521 5387 vero

1912 5429 2178 5502 juraverit
2211 5428 2265 5483 in
2297 5442 2458 5481 manu
2495 5424 2735 5495 episcopi
2781 5422 2863 5476 vel
2907 5421 3217 5494 presbyteri
3261 5434 3353 5478 aut
3394 5423 3515 5479 dia.

1918 5525 2064 5591 coni,
2088 5537 2185 5579 seu
2215 5521 2267 5576 in
2296 5522 2471 5575 altare
2492 5560 2506 5583 ,
2533 5519 2649 5573 sive
2680 5519 2732 5570 in
2759 5530 2925 5571 cruce
2962 5528 3306 5586 consecrata,
3337 5532 3355 5573 ι
3384 5533 3515 5574 ann.

1919 5619 2217 5693 pmoiteat;
2253 5612 2685 5686 perjuratoribus
2722 5626 2815 5665 vu.
2850 5609 2927 5665 De
2956 5610 3045 5666 bis
3068 5610 3161 5681 qui
3180 5612 3346 5665 multa
3374 5613 3517 5667 mala

1920 5715 2174 5777 fecerint,
2196 5711 2247 5767 id
2264 5720 2367 5775 est»,
2389 5707 2759 5770 homicidium,
2786 5705 3113 5761 adulterium
3135 5717 3260 5757 cum
3288 5704 3519 5761 muliere

1880 5858 1885 5863 ,
1920 5817 1978 5868 et
2005 5819 2269 5880 βασες...
2297 5814 2353 5862 et
2376 5803 2604 5873 furtum,
2633 5806 2760 5857 eant
2789 5798 2847 5857 in
2873 5794 3287 5869 ‘monasterium,
3317 5804 3375 5861 et
3400 5806 3498 5873 [ω

205 5253 448 5310 caverit.
479 5254 621 5308 Idem
651 5253 803 5323 juxta
834 5253 981 5323 quod
1019 5252 1274 5324 eumponi
1306 5252 1470 5309 debet
1497 5253 1695 5324 quibus
1718 5268 1812 5307 no-

202 5351 351 5408 cuit.
402 5347 469 5404 Et
519 5351 609 5420 qui
661 5348 861 5404 furtum
916 5347 1167 5415 faciebat,
1224 5348 1543 5419 pmnileutia
1589 5351 1808 5413 ductus,

204 5458 438 5515 semper
486 5445 651 5499 debet
693 5443 1031 5498 reconciliari
1077 5443 1128 5497 ei
1176 5456 1335 5511 quem
1378 5441 1708 5511 offendebat,
1756 5452 1813 5499 et

204 5538 510 5598 restituere
536 5537 687 5607 juxta
719 5534 860 5607 quod
908 5544 1032 5590 eum
1064 5535 1281 5602 nocuit,
1314 5544 1370 5590 et
1409 5532 1640 5590 multum
1680 5534 1809 5590 bre-

207 5632 384 5689 viabit
407 5629 726 5704 pcenitentia
750 5629 888 5699 ejus.
921 5624 981 5683 Si
1008 5641 1141 5682 vero
1169 5626 1423 5697 noluerit,
1456 5637 1550 5682 aut
1579 5640 1687 5681 non
1714 5640 1812 5695 po-

208 5734 327 5784 test
378 5725 735 5782 constitutum
772 5728 986 5793 temptts
1031 5722 1296 5791 poenitere
1329 5737 1424 5790 per
1466 5720 1683 5786 omnia,
1719 5719 1812 5791 qui

207 5820 363 5877 furat
382 5818 728 5877 admonetur.
756 5815 855 5873 Det
876 5814 1039 5872 etiam
1064 5814 1414 5887 pauperibus.
1438 5812 1660 5873 Juretus
1682 5826 1816 5873 cons
