3918 6294
278 278 382 337 431

1339 269 1396 324 S.
1441 260 1821 324 iilERONYMl
1866 258 2151 321 OPERUM
2190 262 2551 322 MANTISSA.

3475 263 3589 323 I33

277 395 490 450 niteant
533 400 705 462 usque
741 386 808 444 ad
846 390 1102 441 mortem.
1149 382 1281 450 Qure
1322 381 1375 436 in
1420 382 1523 437 alia
1570 378 1843 450 provincia
1865 418 1881 447 ,
1912 380 1967 440 Α
1990 377 2235 447 duxerit,
2268 380 2320 435 in
2357 372 2697 434 conscientia
2727 373 2908 448 populi
2932 373 3255 447 deponatur.
3285 376 3341 434 Si
3369 376 3584 435 adulte-

288 501 411 559 quae
445 485 516 541 ab
555 484 708 541 hoste
739 489 1050 553 superatur,
1076 487 1228 545 rapta
1272 474 1471 532 fuerint
1498 521 1513 546 ,
1545 475 1598 531 id
1623 485 1704 531 est
1726 517 1741 543 ,
1772 475 1878 531 alio
1947 540 1955 548 _

296 595 427 652 rege
454 587 734 652 superato,
758 576 916 631 tertia
948 587 1073 643 pars
1102 572 1219 643 ejus
1249 571 1314 626 ad
1341 570 1637 625 Ecclesiam
1673 570 1881 623 tribua-

294 685 406 743 tur,
430 672 514 729 vel
544 668 893 743 pauperibus.
922 667 987 722 Et
1018 682 1086 721 χι.
1114 664 1305 720 diebus
1329 675 1517 734 agatur
1542 662 1876 732 pcenitentia,

294 765 422 837 quia
445 762 618 834 jussio
648 762 789 832 regis
816 768 952 816 erat.
982 758 1085 825 Qui
1114 756 1429 826 sanguinem
1460 764 1552 809 aut
1578 770 1765 810 semen
1800 752 1882 807 bi-

286 858 444 923 berit,
473 856 715 912 mannis
740 852 1023 925 paeniteat.
1064 849 1323 906 Maiarum
1369 850 1755 920 cogitationum
1794 849 1878 903 in-

285 951 562 1022 dulgentia
595 958 679 1004 est
729 948 775 1003 si
806 961 971 1017 opere
1018 960 1125 1001 non
1154 944 1471 1013 impleatur,
1506 958 1606 999 nee
1649 958 1881 998 consen-

288 1045 443 1099 serit.
474 1041 769 1098 Duodecim
800 1039 1069 1095 triduanm
1096 1053 1195 1108 pro
1216 1052 1394 1092 ann0t
1423 1036 1697 1106 pensanda
1730 1044 1875 1090 sunt.

293 1135 622 1193 Theodorus
653 1132 911 1189 laudavit.
935 1130 1304 1187 Pusillanimis
1327 1129 1416 1199 qui
1439 1128 1727 1183 manducat
1758 1144 1882 1183 car-

288 1245 413 1286 nem
446 1227 779 1285 immundam
813 1233 908 1281 aut
960 1224 1303 1279 morticinam
1335 1222 1687 1277 dilaceratam
1720 1236 1747 1275 a
1780 1221 1878 1275 be-

287 1322 431 1393 stiis,
457 1338 526 1378 x1.
555 1322 673 1376 dies
700 1319 982 1392 poeniteat.
1008 1317 1221 1373 Sienim
1240 1317 1537 1372 necessitas
1557 1317 1723 1387 cogit,
1748 1314 1879 1370 nihil

292 1426 400 1473 est.
428 1416 495 1471 Et
525 1416 613 1486 qui
646 1429 746 1485 pro
786 1414 1113 1468 necessitate
1156 1410 1449 1466 manducat
1491 1410 1693 1465 animal
1735 1408 1878 1480 quod

288 1508 627 1566 immundum
661 1506 893 1571 videtur,
928 1504 1011 1561 vel
1040 1518 1217 1569 avem,
1243 1503 1331 1558 vel
1354 1503 1608 1573 bestiam,
1642 1517 1749 1557 non
1779 1516 1878 1557 no-

284 1613 393 1659 cet.
426 1601 591 1657 i‘ulex
617 1600 661 1655 si
688 1598 951 1655 ceciderit
972 1597 1024 1651 in
1053 1589 1319 1667 liquorem
1340 1636 1353 1660 ,
1386 1594 1613 1649 tollatur
1646 1593 1792 1660 inde,
1826 1601 1881 1646 et

284 1700 603 1764 aspergatur
616 1706 754 1763 aqua
778 1699 963 1745 saneta
982 1690 1028 1743 si
1048 1688 1234 1743 vivens
1260 1686 1350 1742 sit.
1378 1686 1433 1743 Si
1460 1701 1588 1741 vero
1608 1695 1873 1749 mortuus,

279 1787 458 1841 omnis
490 1786 669 1856 liquor
699 1782 1011 1853 projieietur
1038 1779 1205 1835 foras.
1234 1778 1346 1834 Nec
1374 1777 1582 1833 homini
1604 1777 1789 1845 detur,
1819 1785 1876 1832 et

285 1879 579 1935 mundetur
601 1891 717 1932 vas.
754 1876 1016 1933 Similiter
1040 1874 1195 1930 cibus
1234 1873 1327 1929 ille
1369 1872 1610 1943 liquidus
1635 1914 1651 1941 ,
1686 1874 1740 1927 in
1772 1887 1880 1942 quo

281 1988 425 2041 mus,
460 1971 544 2027 vel
572 1970 821 2026 mustella
852 1969 1109 2023 immersa
1140 1968 1391 2029 moritur.
1426 1975 1685 2036 purgetur
1709 1973 1765 2021 et
1792 1980 1881 2021 as-

280 2074 540 2137 pergatur
569 2077 706 2135 aqua
737 2071 920 2117 sancta
944 2102 960 2127 ,
988 2070 1042 2116 et
1068 2066 1315 2115 sumatur
1348 2060 1395 2113 si
1426 2059 1725 2115 necessitas
1756 2057 1877 2115 fue-

276 2160 372 2213 rit.
399 2156 457 2213 Si
484 2172 611 2213 aves
643 2161 1023 2211 stercorantur
1051 2154 1106 2207 in
1137 2166 1536 2222 quemcumque
1564 2152 1828 2222 liquorem
1857 2194 1873 2221 ,

276 2252 498 2308 tollatur
528 2252 597 2307 ab
623 2265 689 2307 eo
717 2260 927 2306 stercus
950 2259 1003 2304 et
1033 2248 1405 2304 sanctificetur
1435 2264 1598 2320 aqua,
1624 2256 1680 2303 et
1718 2263 1877 2302 mun-

271 2345 373 2401 dus
400 2348 502 2401 erit
521 2344 695 2400 cibus.
721 2342 1055 2413 Sanguinem
1081 2342 1285 2397 inscius
1306 2340 1529 2396 sorbere
1558 2356 1680 2396 cum
1700 2340 1870 2396 saliva

275 2455 386 2494 non
414 2447 500 2495 est
532 2445 835 2508 peccatum.
869 2435 971 2501 Qui
996 2434 1305 2504 sanguinet,
1338 2448 1682 2503 quocumque
1709 2432 1874 2488 modo

271 2534 565 2603 polluetur.
606 2529 949 2585 Immuudum
976 2529 1113 2583 nihil
1153 2538 1273 2595 est,
1307 2530 1350 2584 si
1383 2528 1525 2584 scit:
1553 2528 1869 2600 pmnitentia

269 2626 598 2697 deturjuxta
630 2623 850 2680 modum
881 2623 1220 2693 pollutionis.

412 2769 492 2826 De
518 2768 869 2826 sacerdotibus
892 2769 982 2841 qui
1010 2770 1482 2842 concupiscentiam
1510 2769 1721 2825 habent.

339 2908 610 2968 Sacerdos
631 2909 675 2964 si
702 2905 976 2979 tangendo
995 2907 1275 2964 mulierem
1298 2922 1362 2963 ac
1389 2907 1865 2964 osculandotcoin-

267 3002 606 3076 quinabitur,
657 3017 724 3056 χι,
766 3000 883 3055 dies
931 3001 1212 3069 pteniteat.
1259 3000 1324 3055 Et
1369 3002 1413 3055 si
1458 3002 1738 3056 osculatus
1784 3009 1868 3056 est

261 3096 519 3152 feminam
548 3109 649 3165 per
678 3092 1009 3149 desiderium
1031 3134 1046 3158 ,
1085 3108 1155 3148 xx
1192 3092 1313 3149 dies
1349 3095 1639 3164 pmniteat.
1678 3093 1735 3150 Si
1765 3109 1863 3165 per

263 3190 654 3261 cogitationem
702 3186 903 3242 fuderit
946 3200 1170 3253 semen,
1218 3188 1557 3243 hebdomada
1601 3189 1857 3259 jejunet;

266 3285 520 3339 irritante
551 3296 713 3337 manu
733 3326 747 3349 ,
779 3296 831 3335 ιιι
862 3280 979 3336 dies
1002 3322 1016 3347 ,
1044 3281 1134 3337 vel
1162 3296 1386 3337 annum.
1415 3282 1472 3338 Si
1501 3282 1739 3352 pollutus
1761 3325 1775 3349 ,
1803 3298 1863 3338 ιιι

266 3374 637 3432 hebdomadas
657 3373 888 3444 jejunet.
919 3372 975 3429 Si
1007 3374 1127 3444 quis
1155 3374 1447 3447 presbyter
1476 3374 1858 3445 paenitentiam

260 3470 510 3526 moribus
529 3467 910 3539 abnegaverit,
938 3482 1065 3523 reus
1087 3469 1193 3524 erit
1218 3469 1413 3523 animm
1439 3484 1574 3531 suae,
1599 3468 1723 3539 quia
1751 3468 1861 3523 Do-

259 3564 442 3619 minus
486 3560 617 3617 dicit
665 3578 677 3613 :
728 3557 795 3613 In
834 3576 1161 3629 quacumque
1208 3560 1339 3614 liora
1382 3576 1655 3615 conversus
1704 3562 1860 3631 fuerit

259 3666 522 3728 peccator,
555 3654 660 3708 vita
694 3654 843 3719 vivet,
884 3662 932 3707 et
965 3669 1066 3707 non
1089 3654 1354 3707 morietur.
1384 3653 1526 3709 Vera
1556 3653 1701 3707 enim
1728 3667 1862 3707 eon-

260 3750 427 3806 fessio
455 3748 511 3803 in
543 3747 734 3803 ultimo
758 3756 1008 3816 tempore
1035 3753 1219 3817 potest
1240 3759 1363 3801 esse
1391 3762 1405 3799 :
1441 3747 1567 3816 quia
1593 3746 1857 3800 Dominus

260 3855 447 3901 noster
475 3856 583 3899 non
612 3841 789 3897 solum
820 3840 1118 3911 temporis,
1152 3840 1248 3895 sed
1280 3852 1335 3897 et
1366 3842 1550 3896 cordis
1580 3842 1858 3913 inspector

258 3945 363 3994 est.
410 3935 503 3993 Sic
551 3934 738 4007 (latro)
792 3934 843 3988 in
897 3933 1034 3988 hora
1084 3932 1309 4000 ultima,
1351 3933 1703 3990 confessione
1748 3948 1856 3989 uno

224 4090 231 4098 ,
259 4038 539 4087 momento
562 4028 767 4084 meruit
794 4041 916 4082 esse
941 4027 992 4081 in
1018 4025 1296 4096 paradiso.
1325 4024 1382 4082 Si
1406 4027 1704 4082 monachus
1730 4043 1854 4083 cum

262 4121 529 4178 monacha
564 4119 985 4175 fornicationem
1014 4119 1239 4187 faciens,
1271 4135 1346 4175 vtt
1368 4135 1539 4175 annos
1571 4124 1851 4191 pmniteat.

258 4214 361 4280 Qui
408 4227 503 4283 per
540 4210 856 4267 violentiam
902 4210 1248 4281 cogitationis
1288 4226 1479 4268 semen
1521 4212 1744 4281 fuderit,
1793 4230 1853 4270 ιιι

256 4310 373 4364 dies
396 4305 673 4377 paniteat.
700 4304 757 4360 Si
788 4303 1029 4360 secunda
1048 4302 1167 4360 vice
1189 4305 1240 4359 ei
1264 4307 1576 4377 contigerit,
1610 4325 1680 4363 χι.
1708 4309 1852 4377 dies,

257 4410 351 4456 aut
390 4414 590 4455 annum
621 4398 904 4470 pmniteat.
945 4398 1003 4455 Si
1044 4397 1164 4468 plus
1194 4398 1486 4467 addantur,
1524 4401 1736 4471 jejunet
1762 4404 1850 4459 vel

1982 471 2120 527 rium
2148 470 2541 542 perpetraverit
2570 484 2691 525 cum
2720 468 2829 533 illa,
2862 476 2918 523 et
2943 469 2995 522 in
3024 469 3359 525 conscientia
3394 470 3583 542 populi

1983 565 2300 629 devenerit,
2334 562 2657 634 projieiatur
2695 571 2847 616 extra
2879 560 3205 625 Ecclesium.
3236 570 3293 617 et
3321 563 3585 631 paeniteat

1984 658 2126 712 inter
2169 657 2360 724 laieos,
2408 654 2665 727 quamdiu
2708 653 2935 709 vixerit.
2983 654 3039 710 Si
3081 656 3203 726 quis
3248 657 3582 713 concubinas

1982 752 2257 818 habuerit,
2284 766 2391 806 non
2425 752 2586 807 debet
2616 748 2878 804 ordinari.
2911 748 3252 821 Quicumque
3283 752 3428 806 enim
3459 766 3584 823 pre-

1984 847 2169 918 sbyter
2192 846 2245 901 in
2268 845 2483 916 propria
2510 844 2817 915 provincia,
2841 845 3011 900 autin
3035 846 3157 905 alia.
3179 853 3237 903 et
3259 846 3584 918 ubicumque

1984 940 2146 995 fuerit
2182 940 2434 995 inventus
2454 981 2468 1006 ,
2496 938 2937 995 commendatum
2965 938 3067 994 sibi
3100 938 3373 995 infirmum
3405 939 3583 1012 bapti-

1984 1048 2107 1088 zare
2134 1032 2408 1101 noluerit,
2438 1032 2523 1087 vel
2554 1031 2607 1087 in
2640 1030 2980 1103 profectione
3010 1031 3223 1087 itineris
3252 1034 3372 1089 sine
3397 1032 3582 1104 bapti-

1984 1143 2102 1183 smo
2133 1127 2385 1196 moritur,
2410 1128 2743 1198 deponatur.
2774 1125 3041 1183 Similiter
3066 1126 3157 1196 qui
3183 1126 3386 1182 occidit
3408 1127 3583 1182 homi-

1985 1236 2133 1289 nem,
2165 1220 2250 1276 vel
2272 1219 2364 1290 qui
2392 1218 2813 1274 fornicationem
2843 1217 2995 1284 facit,
3026 1218 3355 1289 deponatur.
3378 1218 3436 1275 Si
3458 1219 3584 1290 quis

1982 1314 2198 1369 viduam
2228 1314 2505 1382 acceperit
2532 1327 2640 1367 non
2672 1320 2851 1382 potest
2875 1311 3143 1377 ordinari,
3178 1312 3327 1367 sicut
3355 1312 3581 1384 higami.

1984 1410 2039 1463 Si
2081 1408 2201 1478 quis
2252 1406 2495 1475 baptizat
2536 1420 2635 1477 per
2672 1405 3056 1471 temeritatem,
3110 1421 3220 1462 non
3268 1405 3579 1477 ordinatus,

1984 1498 2320 1569 abjicientlus
2347 1509 2425 1553 est
2459 1499 2527 1555 ab
2558 1498 2803 1555 Ecclesia
2826 1539 2841 1566 ,
2875 1508 2927 1554 et
2957 1515 3250 1570 numquam
3275 1500 3579 1558 ordinetur.

1983 1595 2187 1663 Quibus
2219 1594 2476 1664 haptizati
2508 1603 2635 1649 sunt
2660 1593 2947 1664 ignoratis,
2984 1610 3088 1650 non
3120 1595 3363 1667 indigent
3394 1611 3494 1667 pro
3514 1612 3583 1653 eo

1985 1691 2331 1762 poenitentia,
2356 1690 2457 1744 nisi
2480 1688 2622 1760 quod
2644 1689 2947 1746 secundum
2967 1704 3207 1747 canones
3230 1707 3333 1746 non
3354 1701 3584 1762 possunt

1982 1782 2251 1847 ordinari,
2300 1780 2405 1837 nisi
2442 1796 2635 1852 magna
2672 1782 2970 1837 necessitas
3006 1791 3182 1854 cogat.
3224 1782 3327 1851 Qui
3375 1783 3576 1840 iterum

1980 1880 2235 1952 baptizati
2276 1888 2404 1933 sunt
2447 1897 2460 1932 :
2496 1878 2652 1949 quasi
2685 1880 2884 1935 iterum
2912 1878 3189 1934 Christum
3218 1878 3575 1951 cmcitigant,

1980 1992 2057 2032 vn
2080 1976 2233 2030 annis
2252 1973 2575 2045 pmniteant,
2601 1989 2655 2029 tv
2675 1984 2726 2029 et
2750 1983 2903 2030 sexta
2924 1974 3057 2030 feria
3078 1974 3130 2029 in
3154 1973 3325 2030 tribus
3344 1973 3582 2044 quadra-

1976 2069 2220 2140 gesimis.
2254 2066 2313 2123 Si
2344 2081 2443 2137 pro
2467 2065 2602 2121 vitio
2628 2065 2811 2137 aliquo
2840 2066 3024 2131 fuerit,
3052 2067 3098 2119 si
3129 2064 3217 2120 hic
3239 2080 3337 2136 pro
3363 2064 3584 2120 mundi-

1979 2163 2048 2216 tia
2081 2160 2289 2215 licitum
2319 2158 2627 2230 putaverit,
2659 2174 2718 2214 ιιι
2750 2158 2908 2214 annis
2935 2159 3217 2229 paeniteat.
3248 2157 3350 2225 Qui
3380 2172 3580 2229 opera-

1976 2265 2067 2311 tur
2094 2255 2182 2311 die
2214 2256 2529 2325 Dominico,
2559 2270 2635 2311 vn
2666 2254 2785 2311 dies
2818 2256 3080 2325 poeniteat
3100 2300 3116 2325 ,
3146 2264 3238 2310 aut
3262 2254 3574 2325 vapuletur.

1973 2352 2029 2407 Si
2053 2352 2176 2421 quis
2199 2351 2253 2405 in
2275 2350 2364 2406 die
2391 2350 2677 2405 Dominico
2703 2365 2800 2422 per
2818 2350 3200 2419 negligentiam
3224 2347 3576 2419 jejunaverit,

1975 2443 2316 2498 hebdomada
2342 2451 2452 2497 tota
2476 2442 2709 2512 jejunet.
2732 2441 2803 2497 Et
2825 2441 2872 2495 si
2896 2440 3157 2509 secunda,
3178 2456 3247 2495 xx
3265 2439 3381 2497 dies
3402 2440 3579 2511 paeni-

1976 2544 2105 2591 teat.
2146 2535 2202 2591 Si
2236 2536 2422 2606 quinta
2450 2534 2753 2600 Dominiea,
2791 2550 2861 2589 ιιι.
2899 2533 3018 2589 dies
3054 2534 3333 2603 pmniteat.
3365 2534 3423 2589 Si
3450 2534 3578 2604 quis

1974 2642 2071 2698 pro
2100 2627 2451 2683 damnatione
2479 2626 2570 2682 die
2600 2624 2887 2680 Dominico
2908 2624 3119 2694 jejunat
3140 2666 3155 2692 ,
3186 2625 3327 2681 sicut
3349 2624 3576 2683 Iudaeus

1970 2720 2316 2776 abominetur
2342 2720 2411 2774 ab
2442 2719 2591 2774 omni
2624 2718 2869 2774 Ecclesia
2911 2718 3202 2774 catholica.
3236 2718 3294 2774 Si
3324 2727 3578 2773 contem-

1970 2814 2164 2883 pserit,
2196 2821 2253 2868 et
2285 2810 2547 2867 indicavit
2572 2810 2843 2880 jejunium
2878 2809 3143 2877 Ecclesia,
3174 2818 3231 2865 et
3254 2820 3440 2866 contra
3473 2811 3576 2867 de-

1969 2917 2121 2963 creta
2142 2905 2418 2961 seniorum
2443 2903 2639 2959 fecerit
2661 2902 3132 2975 quadragesimus,
3158 2918 3226 2958 xt.
3246 2902 3364 2960 dies
3393 2904 3575 2974 peni-

1969 3008 2098 3055 teat.
2135 2998 2195 3054 Si
2227 2999 2370 3052 intra
2410 2995 2919 3067 quadragesimam,
2960 3011 3127 3051 unum
3163 3011 3363 3052 annum
3394 2998 3574 3068 pinni-

1970 3100 2099 3146 teat.
2140 3090 2199 3147 Si
2251 3090 2563 3161 frequenter
2610 3088 2846 3155 fecerit,
2897 3098 2953 3144 et
3008 3088 3065 3144 in
3110 3088 3567 3146 consuetudinem

1968 3185 2159 3241 fecerit
2193 3186 2264 3251 ei,
2312 3182 2767 3238 exterminabitur
2806 3182 2875 3236 ab
2919 3181 3185 3247 Ecclesia,
3225 3181 3451 3236 Domino
3482 3182 3572 3237 di-

1964 3288 2120 3333 cente
2151 3294 2163 3331 :
2196 3275 2298 3343 Qui
2332 3274 2762 3329 scandalizaverit
2790 3289 2951 3329 unum
2974 3273 3038 3328 de
3064 3273 3271 3345 pusillis
3294 3274 3442 3343 istis,
3475 3276 3569 3347 qui

1962 3373 2017 3426 in
2045 3387 2124 3425 me
2143 3370 2393 3434 credunt,
2419 3378 2524 3424 etc.

2130 3464 2210 3519 De
2236 3464 2601 3519 communione
2625 3461 2997 3530 Eucharistiar,
3030 3471 3087 3517 ut
3114 3464 3398 3534 sacriﬁcio.

2033 3557 2368 3614 Pcenitentes
2390 3556 2688 3611 secundum
2708 3571 2946 3612 canones
2964 3571 3072 3612 non
3093 3556 3297 3613 debent
3314 3571 3567 3614 commu-

1961 3652 2145 3707 nicare
2185 3661 2310 3706 ante
2350 3648 2880 3706 consummationem
2921 3650 3284 3720 pcenitentize.
3332 3649 3427 3705 His
3462 3665 3564 3721 pro

1961 3745 2341 3801 misericordia
2387 3759 2483 3814 per
2520 3759 2719 3798 annum
2761 3743 2848 3799 vel
2888 3758 2985 3800 ser
3034 3757 3251 3799 menses
3282 3743 3560 3799 licentiam

1959 3842 2173 3898 damus.
2206 3841 2516 3898 Secundum
2547 3839 2721 3910 eulpae
2748 3839 2968 3895 modum
3002 3841 3417 3910 temperandum
3448 3849 3558 3908 est,

1960 3940 2091 4005 cito,
2122 3938 2210 3993 vel
2242 3936 2414 3993 tarde.
2456 3926 2559 4003 Qui
2590 3934 2802 4005 accepit
2830 3935 3159 3990 sacrificium
3200 3943 3324 4005 post
3351 3936 3557 4004 cibum,

1958 4049 2032 4088 vu
2061 4032 2254 4087 diebus
2286 4030 2563 4101 poeniteat.
2592 4028 2767 4084 Omne
2793 4027 3125 4084 sacrificium
3155 4029 3373 4084 sordida
3405 4038 3567 4085 vetuo

1957 4137 2097 4182 state
2130 4135 2466 4193 corruptum,
2516 4124 2629 4194 igni
2674 4123 3107 4180 comburendum
3148 4134 3253 4179 est.
3302 4122 3359 4179 Si
3401 4138 3559 4193 casu,

1958 4219 2091 4276 fera:
2118 4219 2205 4274 vel
2240 4233 2368 4273 aves
2398 4218 2697 4285 devorant,
2736 4233 2794 4272 ιιι
2833 4216 3205 4273 hebdomadas
3238 4218 3467 4288 jejunet.
3497 4219 3564 4275 Si

1957 4314 2263 4384 negligens,
2293 4328 2350 4367 tu
2370 4311 2835 4383 quadragesimas.
2861 4313 2916 4367 Si
2941 4314 3063 4382 quis
3084 4313 3167 4367 vir
3188 4314 3440 4381 maritus,
3463 4311 3556 4366 vel

1954 4407 2151 4463 mulier
2176 4414 2363 4460 votum
2402 4405 2611 4461 habens
2646 4406 2973 4475 virginitatis
2995 4406 3241 4477 jungitur
3274 4407 3562 4461 matrima.

256 4510 366 4551 uno
389 4507 557 4559 anno,
586 4493 672 4549 vel
702 4492 1145 4564 quadragesimas
1173 4506 1253 4547 ιιι.
1282 4492 1386 4561 Qui
1413 4508 1473 4549 se
1500 4496 1676 4566 ipsum
1700 4498 1851 4553 eoiu-
1877 4537 1940 4599 Β
1959 4500 2074 4567 ηἰο,
2107 4514 2217 4553 non
2244 4497 2487 4553 dimittat
2516 4497 2695 4560 illum,
2724 4497 2819 4553 sed
2848 4513 2904 4553 tn
2930 4513 3103 4554 annos
3129 4499 3410 4568 pteniteat.
3442 4497 3561 4554 Mu-

254 4589 446 4659 quinat
468 4602 571 4643 ext.
600 4586 719 4643 dies
748 4587 1023 4657 paeniteat.
1061 4586 1118 4643 Si
1142 4601 1279 4658 puer
1310 4596 1413 4654 est,
1443 4605 1511 4644 xx
1536 4591 1653 4647 dies
1678 4608 1849 4665 vapu-

253 4680 417 4736 letur.
442 4678 500 4737 Si
523 4693 645 4734 cum
662 4678 876 4744 ordine,
901 4693 961 4733 tu
979 4678 1434 4749 Quadragesimas
1465 4682 1553 4739 vel
1587 4699 1848 4757 tannum,

255 4777 302 4832 si
332 4773 786 4846 frequentaverit.
816 4771 875 4828 Si
903 4772 1024 4843 quis
1048 4773 1454 4831 renuntiaverit
1481 4778 1765 4843 saeculum,
1798 4790 1851 4837 et

257 4880 448 4941 postea
479 4882 736 4925 reversus
767 4866 820 4922 in
852 4865 1111 4922 sarculum
1143 4876 1199 4924 et
1227 4866 1446 4936 habitu,
1477 4870 1521 4926 si
1552 4873 1851 4932 monachus

254 4972 358 5027 est,
391 4970 447 5018 et
475 4970 598 5032 post
624 4959 741 5015 haec
768 4958 1147 5031 ptenitentiam
1179 4961 1371 5031 egerit,
1402 4978 1438 5017 x
1468 4978 1642 5021 annos
1670 4969 1848 5036 poeni-

253 5066 383 5111 teat.
408 5055 465 5111 Si
496 5053 758 5126 probatus
784 5052 950 5109 fuerit
974 5054 1027 5108 in
1053 5054 1201 5109 omni
1228 5056 1567 5125 pmnitentia,
1592 5060 1645 5115 in
1669 5061 1851 5134 lacry-

255 5151 383 5217 mis,
427 5149 481 5204 in
526 5146 869 5205 orationibus
895 5189 911 5215 ,
953 5146 1226 5204 humanus
1271 5160 1517 5207 curatum
1561 5156 1849 5225 episcopus

254 5249 433 5312 potest
463 5240 662 5297 facere.
686 5240 747 5298 Si
774 5240 1083 5296 monachus
1110 5255 1219 5296 non
1247 5241 1345 5297 fuit
1371 5245 1588 5313 quando
1620 5250 1848 5305 recessit

250 5335 321 5389 ab
358 5331 628 5401 Ecclesia,
666 5346 742 5388 vu
777 5333 937 5388 annis
969 5332 1257 5402 paeniteat.
1299 5332 1357 5389 Si
1395 5336 1516 5405 quis
1554 5338 1846 5412 episc0pus

249 5425 340 5483 vel
380 5424 667 5498 presbyter
705 5434 799 5480 aut
842 5424 1108 5481 diaconus
1150 5424 1564 5485 fornicationem
1602 5433 1841 5504 faciens,

248 5516 536 5589 degradari
566 5516 790 5583 debent,
823 5526 879 5574 et
908 5521 1199 5589 poenitere.
1232 5518 1289 5575 Si
1320 5519 1440 5590 quis
1467 5533 1752 5597 postquam
1783 5544 1843 5586 se

240 5612 492 5681 voverit,
520 5610 840 5668 saecularem
870 5611 1113 5668 habitum
1147 5614 1457 5683 acceperit,
1487 5616 1618 5674 item
1648 5621 1714 5675 ad
1743 5624 1842 5679 ali-

239 5719 404 5777 quem
441 5704 670 5778 gradum
700 5704 966 5762 accedere
1005 5706 1230 5763 omnino
1271 5722 1380 5764 non
1410 5708 1594 5767 debet.
1632 5714 1688 5770 Si
1720 5718 1839 5786 quis

1959 4594 2058 4648 lier
2087 4608 2192 4648 non
2222 4590 2347 4646 licet
2378 4598 2561 4645 votum
2592 4605 2797 4646 vovere
2824 4590 2943 4645 sine
2969 4604 3242 4646 consensu
3272 4590 3374 4645 viri
3408 4609 3422 4645 :
3453 4590 3555 4647 sed

1956 4685 2003 4742 si
2037 4684 2309 4750 voluerit,
2336 4683 2536 4739 dimitti
2564 4693 2743 4755 potest
2768 4682 2972 4753 judicio
3000 4684 3323 4741 sacerdotis.
3361 4685 3559 4741 Mulier

1954 4794 2076 4850 quae
2120 4792 2182 4833 sc
2222 4758 2375 4831 more
2415 4773 2792 4831 fornicationis
2821 4774 3124 4831 adulteram
3165 4776 3551 4847 eonjunxerit,

1956 4883 2048 4928 aut
2068 4888 2144 4928 vn
2174 4879 2270 4928 aut
2292 4886 2351 4927 ιιι
2375 4884 2550 4925 annos
2572 4870 2857 4940 paeniteat,
2883 4873 3028 4925 sicut
3054 4870 3370 4926 fornicator.
3398 4870 3556 4937 Sicut

1954 4978 2009 5024 et
2039 4967 2126 5022 ilia
2158 4981 2279 5037 qua:
2308 4980 2496 5020 semen
2538 4963 2621 5017 sui
2663 4962 2716 5016 in
2747 4962 2872 5018 cibo
2900 4963 3120 5028 miscet,
3165 4973 3223 5017 ut
3252 4961 3394 5017 idem
3424 4961 3553 5033 plus

1955 5063 2157 5118 amoris
2183 5059 2432 5130 accipiat.
2480 5057 2630 5114 Uxor
2658 5071 2779 5127 qua:
2820 5071 2916 5126 pro
2956 5055 3199 5110 remedio
3229 5054 3549 5127 sanguinem

1954 5158 2055 5213 viri
2103 5157 2185 5211 sul
2234 5153 2568 5225 gustaverit,
2618 5166 2753 5206 xvm
2801 5150 2918 5205 dies
2965 5149 3243 5220 pteniteat.
3292 5149 3552 5205 Mulieres

1953 5258 2238 5307 menstruo
2265 5260 2513 5317 tempore
2542 5248 2653 5300 nou
2684 5244 2887 5299 intrent
2915 5244 2968 5297 in
3001 5242 3298 5298 Eeelesiam
3318 5284 3335 5309 ,
3368 5255 3553 5312 neque

1951 5343 2392 5407 communicent,
2424 5354 2527 5407 nec
2551 5338 2703 5393 laicaz
2728 5352 2830 5393 nec
2858 5337 3171 5401 monachae;
3209 5345 3264 5391 et
3290 5337 3333 5390 si
3364 5336 3546 5407 ipsum

1950 5438 2317 5511 sumpserint,
2348 5450 2408 5490 ιιι
2440 5432 3101 5501 hebdomadasjejunent.
3134 5430 3393 5487 Similiter
3420 5446 3547 5502 pm-

1948 5532 2122 5588 niteat
2142 5545 2261 5602 qua:
2290 5529 2457 5584 intrat
2477 5526 2531 5582 in
2557 5526 2855 5582 Ecelesiam
2882 5535 3009 5580 ante
3036 5523 3298 5579 mundum
3322 5525 3547 5595 sangui-

1945 5642 2068 5683 nem
2094 5635 2216 5697 post
2242 5631 2478 5695 partum,
2507 5638 2576 5676 ιι.
2601 5620 2718 5676 dies
2748 5620 3028 5689 poeniteat.
3058 5619 3159 5687 Qui
3187 5619 3433 5691 nupserit
3454 5618 3544 5675 his

1943 5717 2303 5789 temporibus.
2336 5731 2450 5771 xxx
2474 5715 2592 5770 dies
2613 5714 2895 5785 poeniteat.
2923 5712 3027 5783 Qui
3057 5712 3303 5783 nupserit
3327 5713 3411 5768 die
3432 5712 3543 5769 Do-

236 5797 680 5875 presbyterorum
702 5840 720 5869 .
766 5807 859 5857 aut
885 5798 1234 5861 diaconorum
1265 5817 1489 5863 uxorem
1521 5814 1833 5870 extraneam
1943 5815 2145 5881 mnico,
2175 5811 2346 5870 tribus
2368 5810 2561 5868 diebus
2582 5809 2865 5883 poeniteat.
2889 5809 2944 5868 Si
2967 5808 3051 5867 vir
3069 5823 3194 5867 cum
3220 5822 3386 5867 uxore
3404 5822 3519 5885 sua_
