3918 6294
366 398 476 457 ιόὅ

1028 503 1294 564 EPISTO)
1305 504 1368 567 .A

368 667 659 708 CBROIATII
699 666 766 707 ET
796 660 1082 707 BELIODORI
1105 658 1465 701 EPISCOPORUI
1505 659 1573 699 AD
1606 656 1822 698 BEATUH
1848 656 1967 697 Blli-

485 739 760 789 BONYIUK,
789 736 858 777 DE
884 734 1059 776 OPERE
1082 731 1469 774 ιιλιιτιιωωαιι
1496 730 1847 772 COLLIGENDO.

372 858 603 916 Domino
628 866 820 923 sancto
847 855 995 921 Patri
1029 854 1386 923 Hieronymo,
1409 850 1755 909 Chromatius
1782 859 1835 906 et
1865 846 1973 905 He-

598 928 841 985 liodorus
869 925 1132 998 episcopi,
1156 926 1209 981 in
1241 923 1471 980 Domino
1497 925 1751 978 salutem.

440 1066 573 1122 Cum
616 1064 1058 1139 religiosissimus
1096 1062 1365 1133 Augustus
1396 1058 1735 1116 Theodosius
1770 1056 1975 1113 Medio-

369 1160 477 1215 lani
505 1158 696 1214 urbem
719 1167 865 1214 esset
904 1156 1213 1228 ingressus,
1245 1153 1635 1222 universosque
1665 1150 1833 1206 Italiae
1860 1151 1975 1221 epi-

370 1265 569 1321 scopos
593 1250 659 1307 ad
682 1265 741 1307 se
765 1250 1069 1317 iuvitaSSet,
1097 1256 1152 1303 et
1173 1246 1243 1302 ob
1270 1259 1489 1301 causam
1510 1242 1973 1313 aliquantulorum

370 1344 777 1414 episcoporum,
819 1343 909 1414 qui
961 1356 1028 1399 ex
1071 1340 1272 1397 Ariana
1318 1337 1453 1395 faece
1490 1351 1617 1394 suas
1644 1335 1856 1397 animas
1886 1335 1974 1390 in-

369 1437 708 1506 quinassent,
740 1435 1039 1506 inquireret
1078 1449 1093 1488 :
1149 1432 1378 1503 contigit
1425 1440 1480 1485 et
1526 1437 1767 1484 nostram
1799 1429 1979 1499 parvi-

370 1540 537 1587 tatem
563 1530 617 1586 in
644 1529 838 1585 eodem
866 1528 1061 1584 adesse
1091 1525 1345 1583 concilio.
1379 1525 1437 1581 ln
1468 1541 1576 1596 quo
1598 1539 1722 1579 cum
1746 1521 1978 1578 dicenda

1419 388 1477 446 S.
1524 385 1909 457 HIEBONYIH
1944 384 2233 453 OPERUM
2274 383 2645 447 MANTISSA.

1991 504 2045 576 Δ
2072 501 2214 558 dicta
2243 511 2449 569 essent,
2483 510 2539 557 et
2577 497 2889 557 deﬁnienda
2919 497 3165 567 deﬁnita,
3208 498 3372 571 coepit
3416 500 3679 561 Christia-

3571 385 3675 442 456

2073 594 2335 649 nissimus
2362 592 2617 664 princeps
2646 591 2704 648 S.
2739 590 3062 662 Gregorium
3093 590 3467 651 Cordubensis
3491 592 3683 650 Eccle-

2073 686 2169 741 sia:
2209 687 2261 741 iu
2311 701 2376 741 eo
2417 684 2676 756 praeferre
2716 684 3043 752 antistitem,
3085 686 3228 756 quod
3260 687 3406 741 omni
3431 686 3540 755 die,
3568 688 3683 743 sive

2073 795 2181 837 non
2210 779 2486 850 jejunans,
2516 778 2813 837 matutinas
2846 780 3001 837 :sire
3031 779 3311 851 jejunans,
3346 781 3686 851 vestiertinas

2074 872 2354 943 explicans
2374 872 2590 941 Missas,
2615 888 2804 929 eorum
2838 880 3160 947 martyrum,
3183 888 3416 945 quorum
3441 874 3686 931 natalitia

2078 976 2282 1030 essent,
2310 964 2668 1035 plurimorum
2710 964 2925 1019 nomina
2962 974 3312 1020 memoraret.
3350 965 3688 1038 Factumque

2079 1069 2163 1115 est
2196 1067 2253 1114 ut
2276 1074 2467 1113 omnes
2512 1068 2874 1114 statueremus
2901 1059 2968 1113 ad
3017 1069 3162 1114 tuam
3211 1059 3457 1115 scribere
3501 1061 3690 1117 chari-

2084 1163 2270 1217 tatem,
2310 1161 2369 1207 ut
2398 1150 2791 1207 famosissimos
2821 1151 3042 1208 feriales
3072 1152 3142 1209 de
3184 1152 3432 1209 archivio
3476 1153 3537 1210 S.
3572 1153 3690 1211 Eu-

2083 1245 2221 1300 sebii
2259 1243 2523 1300 Caesareae
2569 1243 2877 1303 Palaestinae
2928 1244 3169 1315 episcopi
3205 1245 3506 1315 inquirens,
3542 1262 3695 1305 mar—

2086 1348 2263 1408 tyrum
2286 1336 2352 1392 ad
2384 1352 2484 1393 nos
2509 1336 2709 1409 dirigas
2733 1336 2867 1393 festa
2895 1354 2909 1397 :
2941 1346 2998 1393 ut
3023 1338 3295 1408 possimus
3317 1338 3421 1395 hoc
3448 1339 3694 1397 olficium

2084 1446 2181 1502 per
2214 1440 2361 1487 tuam
2408 1441 2652 1488 sanctam
2696 1430 3020 1488 industriam
3060 1432 3257 1491 melius
3287 1432 3698 1506 perfectiusque

2085 1524 2151 1580 ad
2181 1525 2442 1581 honorem
2474 1525 2570 1582 Dei
2600 1527 2929 1599 martyribus
2956 1526 3241 1585 exhibere.

457 1666 724 1723 Hactenus
749 1664 851 1720 illi.
884 1664 1130 1734 Sequitur
1156 1661 1469 1735 Hieronymi
1494 1660 1700 1715 nomine
1719 1659 1935 1731 epistola
1962 1658 2262 1735 hujusmodi
2289 1663 2644 1732 inscriptionis
2674 1664 2828 1720 titulo
2855 1667 3176 1738 consignata.

370 1796 528 1838 sunt
548 1796 837 1839 utssonrut
866 1796 1037 1837 suasa
1066 1794 1136 1836 ιο
1173 1794 1290 1835 ιιιεο
1324 1795 1393 1836 ιι)
1424 1792 1633 1835 sosnsit
1671 1790 1977 1834 azsrossw.
2012 1778 2061 1841 B
2087 1777 2413 1835 sacriﬁcium
2445 1780 2556 1835 Deo
2580 1778 2897 1849 offerentes,
2931 1796 3122 1839 eorum
3158 1781 3378 1841 nomina
3407 1785 3706 1841 meminis-

406 1917 729 1976 Chromatio
760 1926 818 1977 et
859 1917 1157 1976 Heliodoro
1188 1916 1393 1975 sanctis
1422 1915 1717 1988 episcopis,
1752 1915 1946 1972 Hiero-

906 2005 1100 2061 nymus
1123 1990 1429 2061 presbyter.

442 2153 691 2221 Constat,
725 2152 1017 2209 Dominum
1043 2160 1287 2208 nostrum
1319 2150 1505 2208 Jesum
1527 2148 1800 2205 Christum
1828 2145 1983 2205 omni

372 2247 460 2304 die
486 2256 786 2319 martyrum
817 2259 1041 2301 suorum
1072 2241 1384 2315 triumphos
1430 2241 1706 2312 excipere,
1749 2254 1982 2313 quorum

377 2340 665 2411 passiones
711 2355 743 2396 a
800 2348 991 2397 sancto
1050 2338 1289 2395 Eusebio
1342 2334 1669 2392 Ctesariensi
1721 2336 1983 2407 episcopo

376 2434 608 2503 scriptas
636 2432 960 2503 reperimus.
984 2429 1119 2486 Nam
1141 2428 1536 2485 Constantinus
1564 2431 1837 2499 Augustus
1858 2441 1982 2483 cum

374 2527 679 2583 Caesaream
705 2526 890 2581 fuisset
915 2525 1221 2595 ingressus,
1249 2533 1303 2579 et
1322 2523 1534 2580 diceret
1555 2533 1858 2579 memorato
1884 2537 1985 2578 an-

376 2621 556 2688 tistiti,
585 2628 646 2679 ut
685 2628 898 2689 peteret
926 2620 1110 2690 aliqua
1146 2618 1411 2676 beneﬁcia
1441 2617 1769 2679 Ctesariensi
1798 2618 1986 2675 Eccle-

377 2716 473 2771 sia:
492 2713 801 2787 profutura,
835 2714 1060 2785 legitur,
1088 2712 1440 2785 respondisse
1478 2712 1772 2769 Eusebium
1809 2730 1822 2767 :
1856 2710 1986 2781 Opi-

376 2807 480 2866 bus
521 2808 636 2865 suis
678 2806 977 2863 Ecclesiam
1010 2805 1260 2871 ditatum,
1291 2806 1437 2861 nulla
1469 2804 1687 2879 petendi
1721 2804 1983 2861 beneﬁcia

380 2900 716 2961 necessitate
744 2898 1001 2970 compelli
1040 2918 1054 2955 :
1083 2899 1188 2957 sibi
1215 2909 1395 2956 tamen
1428 2896 1758 2955 desiderium
1788 2898 1983 2953 immo-

380 3000 492 3057 bile
536 2998 834 3065 exstitisse,
879 3004 939 3053 ut
979 2996 1243 3069 quidquid
1294 2996 1350 3051 in
1391 2995 1692 3066 Republica
1740 2993 1984 3049 Romana

378 3100 595 3164 gestum
627 3091 697 3147 sit
723 3104 853 3162 erga
885 3097 1104 3146 sanctos
1147 3089 1237 3144 Dei
1261 3088 1474 3158 iudices
1494 3086 1771 3156 judicibus
1796 3100 1984 3142 succe-

2086 1881 2210 1929 sent
2241 1889 2254 1927 :
2288 1873 2598 1939 studentes,
2623 1875 2715 1945 qui
2745 1874 2835 1932 die
2865 1875 3005 1947 ipso,
3033 1892 3142 1949 quo
3172 1878 3495 1934 sacriﬁcium
3521 1879 3700 1936 οσον-

2086 1973 2259 2032 retur,
2289 1966 2528 2022 victores
2576 1966 2777 2023 diaboli
2825 1970 3184 2036 exstitissent,
3238 1980 3293 2027 et
3336 1972 3586 2046 martyrii
3618 1977 3710 2032 sui

2086 2056 2362 2128 triumpho
2407 2060 2697 2129 pollentes,
2742 2069 2907 2134 atque
2952 2070 3181 2120 ovantes
3212 2063 3277 2120 ad
3308 2080 3493 2137 regem
3536 2082 3708 2123 suum

2086 2149 2469 2218 pervenissent
2521 2147 2826 2209 Christum.
2873 2152 2985 2209 Hac
3032 2154 3103 2211 de
3146 2169 3310 2212 causa
3352 2157 3711 2229 singulorum

2088 2240 2357 2297 mensium
2381 2282 2397 2309 ,
2427 2242 2876 2315 singulorumque
2928 2244 3141 2302 dierum
3175 2246 3314 2306 festa
3363 2252 3702 2321 conscripsi-

2091 2348 2235 2399 mus,
2266 2343 2323 2389 ut
2348 2334 2546 2404 jubere
2585 2336 2978 2410 dignabamini,
3025 2355 3323 2412 perennem
3348 2354 3554 2400 nostra:
3580 2361 3717 2417 par-

2085 2428 2275 2485 vitatis
2302 2431 2621 2487 memoriam
2656 2432 2770 2488 fore
2795 2434 3093 2492 credentes
3118 2451 3242 2494 cum
3273 2438 3467 2495 diebus
3494 2456 3601 2512 per
3632 2450 3717 2497 t0t

2085 2535 2357 2577 annorum
2405 2525 2581 2593 spatia
2633 2536 2817 2580 sancta
2868 2536 3197 2585 sauctorum‘
3232 2533 3451 2587 nomina
3500 2533 3719 2593 fuerint

2088 2613 2276 2671 testive
2315 2616 2618 2673 celebrata.
2651 2619 2715 2673 Et
2762 2620 3019 2691 quoniam
3048 2638 3144 2692 per
3167 2623 3409 2693 singulos
3434 2626 3581 2695 dies,
3620 2629 3711 2685 di-

2084 2724 2367 2767 versarum
2432 2712 2878 2782 provinciarum,
2951 2715 3402 2789 diversarumque
3467 2722 3701 2778 urbium

2086 2803 2371 2876 plusquam
2396 2807 2856 2877 octingentorum,
2880 2816 2937 2864 et
2963 2819 3362 2881 nongentorum
3389 2821 3707 2885 martyrum

2085 2908 2212 2954 sunt
2240 2899 2457 2954 nomina
2492 2900 2764 2957 nominata
2800 2918 2814 2956 :
2849 2910 2905 2957 ut
2934 2903 3119 2958 nullus
3166 2903 3283 2960 dies
3323 2906 3415 2972 sit,
3455 2907 3550 2977 qui
3590 2924 3709 2965 non

2084 2990 2230 3045 intra
2265 2991 2682 3061 quingentorum
2709 3008 2996 3050 numerum
3044 2996 3273 3066 reperiri
3322 2999 3500 3068 possit
3528 3001 3717 3058 ascri-

2087 3094 2236 3155 ptus,
2262 3095 2516 3157 exempto
2557 3087 2646 3144 die
2669 3086 3024 3145 kalendarum
3064 3091 3484 3159 Januariarum;
3515 3095 3715 3150 consi-

379 3184 576 3240 dentes
618 3183 673 3239 in
700 3181 958 3238 universo
987 3181 1120 3239 orbe
1148 3180 1423 3249 Romano,
1455 3179 1691 3236 sollicita
1722 3195 1978 3249 perscru-
2004 3169 2051 3235 C
2084 3178 2284 3235 derans
2329 3179 2473 3236 inter
2514 3180 2944 3238 innumerabiles
2974 3183 3165 3239 turbas
3190 3185 3413 3241 lectoris
3444 3189 3706 3243 animum

378 3276 612 3343 latione,
664 3283 1014 3332 monumenta
1044 3274 1260 3346 publica
1292 3273 1659 3340 discutiendo,
1701 3273 1979 3345 perquire-

380 3377 536 3433 rent;
584 3377 640 3424 et
681 3367 776 3439 qui
827 3378 1153 3441 martyrum,
1184 3381 1216 3422 a
1246 3382 1354 3438 quo
1381 3366 1586 3437 judice,
1617 3366 1671 3421 in
1698 3380 1803 3439 qua
1850 3379 1978 3436 pro-

380 3461 581 3528 vincia,
632 3460 721 3517 vel
770 3460 1011 3525 civitate.
1045 3475 1151 3534 qua
1192 3460 1301 3527 die,
1342 3476 1518 3533 quave
1547 3460 1975 3531 perseverantia,

378 3555 649 3625 passionis
677 3568 791 3610 suae
816 3554 1168 3611 obtinuerunt
1190 3555 1444 3625 palmam,
1472 3554 1542 3610 de
1579 3554 1712 3625 ipsis
1736 3553 1979 3615 archivis

378 3645 596 3701 sublata
635 3646 742 3716 ipsi
791 3646 1050 3713 Eusebio,
1084 3647 1235 3718 regio
1259 3646 1440 3717 jussu,
1469 3645 1790 3718 dirigerent.
1824 3644 1983 3703 Unde

378 3738 580 3795 factum
609 3749 717 3809 est,
744 3747 806 3796 ut
830 3740 1062 3799 idoneus
1088 3741 1290 3798 relator
1315 3741 1579 3809 existens,
1611 3752 1664 3801 et
1693 3740 1982 3799 ecclesiaso

378 3832 541 3890 ticam
573 3833 858 3891 historiam
896 3845 1195 3899 retexeret,
1232 3844 1289 3892 et
1316 3835 1559 3893 omnium
1607 3849 1747 3904 pene
1778 3842 1979 3907 marty-

379 3941 500 3981 rum
528 3926 933 3997 provinciarum
961 3928 1203 3983 omnium
1224 3926 1593 3983 Romanarum
1626 3936 1826 3996 tropaea
1854 3926 1980 3983 dili-

376 4031 510 4087 gens
533 4017 1002 4091 historiographus
1028 4018 1329 4079 declararet
1355 4036 1369 4075 :
1405 4027 1672 4091 quatenus
1697 4019 1845 4076 omni
1886 4018 1975 4077 die

2090 3272 2230 3328 intra
2257 3288 2422 3329 unum
2449 3288 2693 3331 mensem
2724 3289 2888 3347 posse
2920 3276 3251 3336 lassescere:
3281 3292 3349 3334 ne
3372 3277 3424 3334 id
3449 3280 3708 3348 eveniat,

2088 3364 2326 3421 breviter
2358 3375 2414 3422 et
2456 3367 2737 3423 succincte
2760 3382 2971 3433 eorum,
2994 3368 3089 3437 qui
3111 3378 3239 3426 sunt
3268 3370 3322 3425 in
3348 3372 3706 3442 amplissima

2089 3456 2384 3515 festivitate
2416 3459 2469 3514 in
2499 3460 2613 3514 suis
2641 3458 2772 3514 locis
2798 3468 3009 3515 tantum
3043 3476 3154 3531 pra:
3198 3463 3451 3519 omnibus
3486 3480 3711 3523 memo-

2088 3562 2240 3609 ratus
2268 3568 2409 3621 sum,
2461 3562 2518 3609 ut
2564 3562 2843 3625 amputato
2883 3554 3125 3621 fastidio,
3163 3571 3303 3612 unus
3333 3556 3403 3613 de
3432 3560 3708 3619 omnibus

2087 3644 2323 3701 sufﬁciat
2361 3644 2579 3701 libellus
2616 3646 2908 3715 ascriptus.
2950 3644 3093 3703 Sane
3125 3647 3177 3701 in
3223 3648 3395 3718 prima
3443 3658 3615 3719 parte
3642 3653 3711 3706 li-

2083 3736 2239 3806 belli,
2288 3738 2532 3794 omnium
2560 3738 2840 3793 beatorum
2868 3738 3243 3810 apostolorum
3278 3740 3409 3797 testa
3444 3744 3709 3800 conscri-

2085 3830 2315 3900 psimus,
2346 3837 2404 3886 ut
2451 3830 2569 3887 dies
2614 3831 2746 3885 varii
2781 3846 2888 3886 non
2918 3829 3206 3887 videantur
3242 3831 3512 3899 dividere,
3552 3850 3705 3907 quos

2084 3938 2191 3979 uua
2216 3924 2452 3995 dignitas
2491 3923 2830 3995 apostolatus
2865 3924 2921 3979 in
2948 3924 3161 3983 cretein
3188 3924 3367 3996 gloria
3395 3925 3526 3984 fecit
3564 3944 3703 3991 esse

2083 4019 2366 4076 sublimes.

980 4303 2049 4393 MARTYROLOGIUM
2125 4304 3093 4393 VETUSTISSIMUM

753 4509 864 4523 '.——.—

524 4721 868 4807 FESTA
921 4717 1807 4798 APOSTOLORUM.

899 4857 967 4914 In
991 4858 1148 4914 vicem
1171 4856 1445 4913 Promii.

1256 4463 1309 4514 S.
1336 4460 1695 4516 HIERONYMI
1718 4461 2112 4517 PBESBYTERI
2134 4461 2382 4516 NOMINE
2403 4461 2798 4514 INSIGNITUM.

1978 4701 2033 4762 D
2131 4712 2187 4754 vr
2215 4696 2321 4755 kal.
2347 4697 2616 4756 Januarii.
2655 4698 2937 4759 Ordinatio
2986 4702 3332 4775 episcopatus
3380 4704 3440 4761 S.
3483 4703 3689 4765 Jacobi

2067 4792 2299 4862 apostoli
2329 4791 2515 4850 fratris
2551 4795 2795 4862 Domini,
2826 4796 2920 4867 qui
2960 4796 3031 4853 ab
3075 4798 3337 4868 apostolis
3365 4798 3583 4869 primus
3611 4817 3687 4858 ex

2065 4882 2271 4940 Judzeis
2326 4885 2716 4960 Hierosolyma:
2768 4898 2854 4945 est
2905 4888 3193 4961 episcopus
3245 4890 3549 4946 ordinatus.
3614 4895 3685 4950 Et

246 5431 250 5434 ’
348 5440 626 5515 depositio
649 5439 883 5512 Philippi
914 5440 1148 5512 apostoli
1176 5448 1224 5494 ι.

438 4978 613 5036 Tertio
641 4980 747 5036 kat.
772 4976 930 5035 Julii.
959 4975 1149 5034 Roma:
1176 4973 1374 5032 natalis
1413 4972 1786 5045 apostolorum
1814 4968 1963 5039 Petri
2066 4978 2387 5050 Assumptio
2418 4980 2477 5039 S.
2517 4981 2744 5039 Joannis
2789 4982 3141 5055 evangelista:
3196 4984 3336 5055 apud
3389 4984 3681 5056 Ephesum

363 5079 420 5127 et
446 5070 599 5127 Pauli
2062 5072 2337 5129 civitatem
2393 5073 2549 5145 cujus
2587 5075 3067 5145 sepulcro'manna
3090 5077 3337 5133 scaturit.

432 5180 470 5219 ιι
501 5165 606 5221 kal.
637 5164 952 5222 Decembris.
997 5161 1211 5220 Natalis
1239 5159 1472 5217 Andreae
1509 5156 1739 5231 apostoli
1777 5157 1834 5213 in
1872 5158 1954 5213 ci-
2135 5180 2208 5221 vu
2235 5164 2339 5220 kal.
2371 5164 2611 5238 Augusti.
2639 5165 2843 5223 Natalis
2883 5167 2941 5225 S.
2961 5168 3149 5225 Jacobi
3179 5170 3452 5241 apostoli,
3481 5170 3682 5228 fratris

357 5256 524 5312 vitate
562 5256 753 5313 Patras
780 5254 1079 5327 provinciae
1105 5252 1348 5310 Achaiae.
2061 5258 2290 5315 Joannis
2318 5260 2687 5333 evangelista).

427 5348 531 5404 kal.
567 5347 719 5403 Maii.
765 5349 823 5404 In
852 5349 1070 5405 civitate
1111 5345 1389 5416 Hierapoli
1416 5343 1713 5417 provinciae
1767 5343 1913 5401 Asia:
1938 5386 1954 5413 ,
2132 5368 2188 5407 rx
2214 5352 2318 5407 kal.
2352 5352 2499 5423 Sept.
2529 5352 2732 5409 Natalis
2761 5352 2821 5410 S.
2853 5351 3239 5410 Bartholomaai
3267 5351 3501 5424 apostoli
3530 5394 3543 5418 ,
3572 5355 3674 5424 qui

2059 5444 2357 5500 decollatus
2380 5454 2464 5501 est
2495 5446 2548 5501 in
2578 5446 2728 5502 India
2754 5446 3013 5502 citeriore
3048 5461 3149 5517 pro
3192 5445 3412 5503 Christo
3434 5487 3451 5515 ,
3503 5447 3674 5517 jussu

2057 5536 2201 5608 regis
2229 5536 2513 5608 Astriagis.

2130 5643 2183 5684 xi
2204 5627 2309 5684 kal.
2341 5628 2522 5687 Octob.
2549 5629 2757 5689 Natalis
2782 5629 2842 5690 S.
2873 5630 3114 5693 Matthxi
3140 5631 3396 5705 apostoli,
3417 5639 3475 5688 et
3494 5647 3669 5689 evan-

424 5552 497 5592 ιιι
528 5534 637 5591 kal.
675 5533 943 5589 Januarii.
988 5533 1195 5590 Natalis
1248 5532 1472 5590 Thomre
1526 5532 1760 5606 apostoli
1786 5573 1802 5603 ,
1859 5533 1952 5607 qui

347 5644 543 5701 passus
570 5636 655 5685 est
679 5629 735 5684 in
766 5628 937 5685 India.

412 5820 441 5850 ι
468 5815 707 5894 Philippi
728 5814 968 5894 apostoli.
991 5813 1175 5894 aliter
1201 5828 1331 5883 sane
1357 5813 1663 5889 Eusebius;
1692 5809 2015 5892 Philippum
2044 5814 2189 5877 enim
2208 5858 2224 5889 ,
2253 5831 2363 5876 non
2384 5817 2725 5894 apostolum,
2749 5817 2847 5878 sed
2870 5833 3042 5878 unum
3065 5832 3099 5879 e
3126 5826 3339 5893 septem
3370 5816 3662 5892 dissonis,

338 5886 611 5962 Hierapoli
642 5883 945 5946 decessisse
974 5883 1125 5944 dicit.
1228 5918 1237 5961 ί
