3918 6294
196 360 287 425 451

1246 351 1808 417 νΕΤυΞΤΙςΒΙΜυΜ
1844 352 2369 416 KALENDARIUM.

3367 367 3476 427 453

193 478 405 550 gelistz,
434 475 525 547 qui
548 489 649 548 pro
674 472 879 531 Christi
895 472 1117 532 nomine
1143 486 1337 545 passus
1365 481 1450 529 est
1479 471 1535 528 in
1564 468 1779 529 Ethio-
1802 471 1859 539 Α
1883 473 2179 531 secundum
2206 488 2451 532 carnem.
2483 474 2540 533 In
2579 475 2804 535 Oriente
2823 520 2838 547 ,
2884 477 3169 553 Stephani,
3230 480 3480 542 Nicome-

195 572 291 644 pia,
320 569 537 626 civitate
565 568 872 631 Thartium.

255 680 284 717 v
310 661 408 717 kat.
438 660 689 716 Novemb.
719 659 925 716 Natalis
954 659 1328 730 apostolorum
1356 657 1597 716 Simonis
1629 654 1772 713 Cha-

196 756 371 819 nanaei,
412 753 644 815 ctJudtn
674 753 911 821 Zelotis,
964 753 1055 822 qui
1084 766 1115 806 a
1150 752 1474 822 templorum
1506 748 1779 822 pontiﬁci-

197 854 283 908 bus
307 849 470 906 occisi
495 859 625 907 sunt
654 850 708 905 in
741 847 929 918 Sosia,
961 846 1180 906 civitate
1205 863 1400 919 magna
1427 847 1568 918 apud
1599 847 1781 903 Persi-

198 946 322 1000 dem.

233 1030 635 1106 INCIPIT
710 1027 1727 1102 MABTYBOLOGIUM.

254 1158 339 1201 Vill
366 1143 475 1200 kat.
518 1139 791 1197 Januarii.
835 1138 1157 1196 Bethlehem
1186 1139 1443 1195 nativitas
1481 1137 1785 1195 Salvatoris

195 1238 350 1301 nostri
376 1237 511 1294 Jcsn
537 1235 743 1293 Christi
770 1233 1069 1292 secundum
1084 1248 1329 1289 carnem.
1357 1233 1547 1288 Romae
1576 1232 1781 1299 Juvini,

196 1329 437 1397 Pastoris,
472 1328 690 1396 Basilei,
736 1328 1053 1394 Victoriam,
1089 1327 1326 1393 Achilei,
1359 1326 1620 1393 Euticeti,
1654 1324 1781 1382 Sin-

197 1424 432 1491 froniani,
456 1423 760 1489 Saturnini,
790 1422 1001 1478 Timcdi
1023 1464 1037 1489 ,
1078 1420 1272 1491 lgnatii
1292 1462 1308 1488 ,
1336 1419 1582 1494 Cyriaci,
1614 1420 1782 1492 Gagi,

194 1518 470 1587 ianuarias,
503 1517 696 1572 Dativi.
731 1517 797 1571 Et
832 1517 884 1572 in
918 1515 1241 1572 cmmcterio
1290 1515 1591 1586 Aproniani
1623 1557 1639 1584 ,
1700 1516 1785 1571 via

198 1610 395 1677 Latina,
424 1610 620 1666 Romae
643 1608 825 1680 passio
848 1616 1056 1664 sancta:
1083 1606 1343 1678 Eugeniae
1364 1606 1619 1678 virginis,
1652 1605 1785 1679 Syr-

199 1704 338 1771 mite,
367 1711 423 1763 et
483 1700 807 1758 Anastasiae.
855 1698 1188 1769 Mediolani,
1244 1699 1567 1756 Felicitatis.
1614 1701 1682 1756 Et
1731 1700 1783 1756 in

194 1794 466 1867 Pergamio
494 1795 552 1853 S.
583 1794 883 1854 Saturnini.
917 1792 1424 1865 Constantinopoli,
1456 1794 1514 1852 S.
1549 1795 1785 1852 Anasta-

254 1984 445 2041 vukat.
476 1982 744 2041 Januarii.
795 1982 854 2040 In
886 1983 1023 2042 urbe
1076 1982 1566 2056 Hierosolymitana
1596 2024 1612 2051 ,
1663 1981 1787 2039 villa

196 2077 582 2151 Kafargamala,
612 2077 795 2149 passio
830 2077 889 2135 S.
920 2075 1181 2150 Stephani
1218 2076 1432 2134 diaconi
1462 2117 1478 2144 ,
1533 2075 1789 2147 martyris

196 2181 244 2226 et
265 2170 524 2242 apostoli,
554 2171 645 2243 qui
680 2169 952 2241 lapidatus
980 2179 1060 2227 est
1095 2185 1122 2224 a
1150 2169 1375 2228 Judaeis.
1409 2170 1597 2226 Roma:
1624 2213 1639 2240 ,
1689 2170 1788 2227 deo

197 2264 380 2333 positio
406 2264 474 2321 S.
507 2263 774 2336 Dionysii,
810 2262 978 2319 Heliae
1000 2303 1016 2331 ,
1047 2263 1341 2319 Dorostoli.
1379 2262 1437 2318 In
1461 2260 1750 2319 Antiochia
1771 2306 1787 2331 ,

196 2355 396 2425 Juliani,
430 2355 709 2422 Martiani,
742 2354 1006 2423 Neandt‘i,
1036 2355 1331 2412 Ianuarias.

257 2448 428 2504 vitiat.
461 2448 731 2504 Januarii.
767 2448 1086 2519 Assumptio
1132 2448 1194 2505 S.
1243 2447 1471 2505 Joannis
1518 2447 1792 2520 evangelio

197 2554 281 2597 sta:
300 2542 442 2611 apud
474 2540 769 2612 Ephesum.
804 2541 871 2596 Et
895 2541 1176 2598 ordinatio
1206 2542 1556 2612 episcopatus
1610 2541 1668 2596 S.
1700 2541 1793 2597 Ja-

198 2633 301 2690 cnbi
333 2633 522 2691 fratris
552 2634 908 2705 Domini,qui
934 2634 1004 2691 ab
1041 2634 1301 2704 apostolis
1351 2635 1558 2704 primus
1606 2649 1671 2689 ex
1701 2633 1795 2690 Ju-

196 2727 315 2782 daeis
337 2727 746 2800 Hierosolymis
781 2735 867 2783 cst
894 2727 1185 2797 episcopus
1215 2726 1527 2793 ordinatus,
1577 2736 1629 2783 et
1658 2735 1792 2783 tem-

198 2835 317 2889 pore
348 2819 600 2891 paschali
631 2820 895 2891 martyrio
921 2830 1237 2877 coronatus.
1562 2879 1565 2883 ,

259 2932 286 2968 v
307 2915 415 2971 kal.
451 2914 725 2975 Januarii.
753 2914 1103 2981 Bethlehem,
1142 2913 1336 2969 natalis
1371 2920 1680 2968 sanctorum
1709 2912 1797 2968 ln-

197 3005 409 3064 iantium
435 3016 497 3064 et
528 3006 870 3064 Lactentium
898 3048 912 3072 ,
946 3006 1037 3077 qui
1074 3004 1177 3061 sub
1205 3004 1417 3061 Herode
1447 3017 1547 3075 pro
1575 3002 1796 3062 Christo

198 3099 326 3169 passi
359 3111 515 3157 sunt.
550 3103 782 3172 Ancyra:
809 3098 1065 3164 Galatiae,
1094 3099 1270 3159 Eutici
1302 3098 1612 3168 Presbyteri
1641 3142 1656 3166 ,
1688 3098 1799 3153 Do-

198 3193 392 3249 mitiani
427 3192 675 3248 diaconi.
704 3193 767 3246 Et
791 3193 842 3245 in
870 3190 1075 3256 Africa,
1105 3190 1339 3258 Castori,
1374 3190 1586 3257 Octavi,
1612 3189 1796 3245 Vlcto-

1878 565 2004 634 dite,
2038 565 2367 637 Euphrosini
2398 570 2659 642 episcOpi,
2686 570 2981 639 Primiani,
3024 583 3078 629 et
3114 575 3348 631 aliorum
3378 592 3481 632 no-

1878 675 2023 717 vem.
2056 660 2112 717 In
2138 659 2292 717 Retia
2320 706 2334 731 ,
2367 662 2599 728 Eventii,
2630 664 2919 721 llermetis.
2944 665 3232 723 'Bononiae
3254 712 3269 735 ,
3328 668 3425 725 Gai
3459 708 3476 737 ,

1881 751 2134 808 lieraclii.
2159 752 2217 810 In
2249 751 2452 819 Africa,
2481 753 2737 823 Victoris,
2764 756 2963 819 Felicis
2983 798 2997 824 ,
3047 756 3286 815 Narcissi
3314 800 3327 822 ,
3381 762 3485 821 Ar-

1880 847 2006 918 giri,
2036 855 2094 903 et
2122 847 2353 904 aliorum
2375 856 2632 918 quatuor,
2663 849 2879 921 rapam
2904 893 2919 918 ,
2960 851 3221 908 Primiani
3249 893 3264 919 ,
3293 852 3484 911 Satur-

1883 941 2017 995 nini.
2050 940 2183 1001 ltem
2221 941 2501 999 Saturnini
2538 984 2551 1009 ,
2602 941 2838 999 Victoris
2862 985 2877 1011 ,
2922 944 3226 1016 Honorati,
3274 944 3437 1004 Lensi
3463 992 3479 1018 ,

1884 1033 2179 1091 Hermetis.
2208 1034 2398 1091 Romae
2412 1036 2494 1091 via
2512 1035 2708 1108 Appia,
2732 1050 2951 1093 corona:
2979 1038 3211 1095 militum
3238 1040 3481 1111 triginta.

1886 1126 2168 1183 Ravenna:
2188 1167 2203 1192 ,
2233 1126 2504 1197 depositio
2535 1128 2707 1184 sancti
2752 1129 2944 1187 Severi
2973 1130 3330 1189 confessoris.
3365 1134 3478 1187 Au-

1885 1223 2187 1294 gustiduno,
2232 1222 2490 1294 depositio
2520 1222 2584 1277 B.
2616 1223 2859 1297 Agripini
2892 1226 3139 1296 episcopi.
3174 1225 3241 1281 In
3281 1228 3485 1283 civitate

1888 1316 2176 1384 Ruspensi,
2200 1315 2457 1387 depositio
2488 1314 2637 1371 Beati
2668 1316 2941 1389 Fulgentii
2981 1320 3209 1391 episcopi
3262 1330 3311 1374 ct
3352 1335 3485 1375 con-

1888 1406 2119 1478 ferioris.

1959 1513 2011 1553 tv
2038 1513 2163 1553 non.
2195 1494 2319 1550 Jan.
2343 1495 2670 1564 Antiochiae,
2700 1495 2941 1556 Siridoai
2966 1502 3211 1573 episcopi
3239 1503 3489 1575 ejusdem

1888 1587 2010 1645 loci.
2040 1588 2354 1656 Stratonici,
2388 1588 2605 1645 Macarii
2637 1589 2898 1659 Abbatis,
2926 1591 3121 1650 .Saturi
3155 1637 3169 1660 ,
3201 1595 3494 1653 Possesso-

1887 1685 1987 1751 ris,
2017 1683 2207 1751 Firmi,
2240 1681 2577 1749 Maximiani,
2612 1684 2926 1754 Acutionis,
2958 1686 3274 1756 Timothei,
3327 1690 3493 1746 Herc-

1888 1778 1977 1833 sii.
2004 1778 2265 1842 Arthaxa,
2284 1776 2501 1844 Vitatis,
2529 1778 2740 1845 Acuta,
2765 1778 2971 1835 Tobiae.
2998 1780 3067 1837 Et
3100 1782 3155 1837 in
3182 1781 3488 1856 Ethiopia,

1818 1861 1863 1923 Β
1892 1868 2127 1939 Rutulae,
2160 1869 2417 1936 Claudiae.
2470 1869 2689 1941 Aurigae
2722 1913 2737 1936 ,
2789 1871 3000 1929 Vitalis.
3055 1875 3449 1951 Hierosolyma!
3473 1920 3489 1949 ,

1891 1960 2179 2034 Stephani.

1962 2068 2022 2108 ιιι
2051 2068 2173 2108 ηοη.
2198 2050 2323 2107 Jan.
2364 2052 2420 2107 in
2462 2052 2811 2126 Hellesponto
2832 2096 2847 2121 ,
2879 2055 3098 2113 civitate
3137 2058 3391 2118 Parethia
3420 2071 3444 2101 ι
3473 2102 3488 2133 ,

1890 2144 2092 2219 Cyrici,
2122 2145 2313 2211 Primi,
2338 2145 2673 2215 Theogenis.
2708 2148 2772 2203 Et
2799 2147 3022 2207 civitate
3051 2150 3233 2209 Tomis
3262 2196 3276 2221 ,
3322 2154 3487 2211 Clau-

1892 2239 2092 2307 dionis,
2125 2238 2375 2309 Eugeuii,
2409 2240 2566 2303 Hodi,
2598 2250 2653 2295 et
2675 2240 2838 2296 trium
2869 2241 3097 2301 fratrum
3124 2248 3316 2317 Argei,
3360 2248 3499 2304 Nar.

1894 2334 2059 2401 cissi,
2098 2343 2152 2389 et
2190 2330 2486 2390 Marcellini
2529 2336 2731 2405 pueri,
2784 2333 3159 2395 Chrisuaniﬁli
3214 2343 3496 2414 episcopi,

1897 2428 2155 2500 Engenti,
2189 2429 2451 2486 Rodonis.
2486 2431 2539 2484 In
2559 2431 2762 2498 Africa,
2798 2434 3045 2502 Lucidei,
3067 2436 3351 2499 Martialis,
3376 2439 3501 2491 Stas

1904 2522 2116 2588 tuliani,
2148 2523 2482 2591 Constantis,
2516 2522 3159 2597 Possessoris,liilarini,
3204 2528 3456 2585 Pennicrc
3482 2571 3499 2597 ,

1898 2612 2088 2679 Firmi,
2121 2614 2374 2684 Candidi,
2399 2615 2688 2687 Rogatiani
2710 2660 2726 2684 ,
2768 2619 3024 2689 Eugeniae
3049 2661 3065 2685 ,
3097 2622 3308 2677 Acutrc.
3369 2622 3504 2677 Item

1895 2704 2143 2760 Candidi.
2204 2705 2422 2761 Parisiis
2449 2749 2463 2775 ,
2517 2710 2578 2764 8.
2624 2708 2903 2780 Genovefat
2952 2713 3187 2783 virginis.
3228 2713 3445 2768 Vienna:
3480 2756 3496 2780 ,

1899 2798 2043 2853 Beati
2073 2797 2334 2855 Florentii
2366 2803 2595 2872 episcopi
2620 2811 2670 2858 et
2703 2805 3036 2872 confessoris.

1969 2908 2006 2948 ll
2035 2908 2160 2947 non.
2193 2890 2319 2947 Jan.
2347 2892 2404 2948 lu
2431 2894 2634 2963 Africa,
2660 2894 2925 2967 Aquilini,
2949 2897 3217 2965 Germini,
3246 2898 3507 2970 Eugenti,

1903 2987 2180 3053 Martiaui,
2209 2987 2419 3056 Quinti,
2450 2988 2743 3061 Theodoti,
2785 2992 3082 3061 Triphonis
3107 3036 3122 3059 ,
3166 2993 3223 3048 in
3260 2993 3510 3049 Oriente.

1903 3081 2149 3139 Bononia
2176 3081 2421 3151 civitate,
2450 3082 2743 3152 llermctis,
2778 3085 2935 3157 Agri,
2968 3085 3088 3154 Gai,
3120 3086 3286 3155 Petri,
3318 3087 3513 3153 Marci,

1901 3175 2118 3241 Sereni,
2144 3176 2332 3241 Senni,
2367 3178 2693 3233 Anastasiae.

199 3285 282 3350 τίς,
308 3285 489 3353 σθω,
517 3284 738 3355 Rogati,
773 3283 1022 3350 Eusebii,
1064 3253 1285 3340 prob,“
1305 3253 1617 3351 {imum-3'5.
1640 3281 1796 3341 Sam-
1821 3253 1873 3317 Ο
1976 3268 2121 3323 Νοη.
2149 3267 2275 3325 Jan.
2310 3270 2367 3324 In
2398 3271 2605 3337 Africa,
2629 3271 2829 3328 Felicia
2854 3315 2867 3337 ,
2917 3274 3155 3328 Secundi
3184 3314 3198 3336 ,
3253 3273 3455 3328 Honori
3484 3312 3503 3339 ,

196 3378 276 3441 rii,
300 3377 550 3437 Catonis.
582 3376 903 3441 Restitutaz,
952 3374 1251 3432 Saturnini.
1298 3374 1368 3431 Et
1424 3375 1476 3430 in
1519 3373 1751 3439 Thracia
1780 3412 1796 3443 ,

198 3471 395 3540 Gniani,
439 3471 709 3526 Domitian
748 3470 812 3525 Et
848 3471 899 3524 in
931 3469 1172 3536 Edessa,
1223 3468 1511 3525 translatio
1549 3467 1803 3540 corporis

199 3561 256 3617 S.
280 3562 511 3619 Tbuma’,
544 3562 802 3632 apostoli.

262 3674 309 3713 tv
335 3658 445 3712 kat.
480 3656 745 3713 Januarii.
779 3657 837 3712 In
868 3656 1074 3721 Africa,
1104 3655 1349 3725 Domitii,
1404 3655 1637 3723 Victori,
1668 3654 1798 3710 Creo

199 3754 385 3818 sceuli,
412 3750 704 3817 Primiani,
722 3749 908 3806 Libosi
930 3748 1194 3820 episcopi,
1210 3747 1471 3812 Secundi,
1496 3747 1798 3813 Saturnini.

203 3841 482 3907 Honorati,
511 3842 790 3911 Victurite,
825 3841 1033 3911 Saturi,
1063 3840 1287 3897 Felicis.
1319 3839 1527 3905 Romze,
1562 3838 1761 3896 Felicis
1784 3879 1801 3907 ,

198 3944 247 3988 et
272 3933 540 3990 Bonifacii
569 3935 812 4005 episcopi
846 3934 915 3991 de
946 3932 1312 3989 ordinatione.

262 4042 317 4081 ιιι
340 4026 453 4081 kal.
483 4025 753 4081 Januarii.
784 4027 840 4081 In
876 4025 1234 4093 Alexandria,
1268 4024 1559 4091 Mansueti,
1592 4024 1802 4094 Securi,

199 4118 415 4185 Donati,
447 4120 734 4188 Honorati,
766 4120 1025 4182 Policlili,
1062 4119 1352 4189 Appiandi.
1382 4119 1597 4188 Sereni,
1629 4119 1804 4187 Pauli,

200 4211 490 4282 Stephani,
519 4212 768 4283 Papiani,
798 4212 960 4277 Cleti,
989 4212 1306 4269 Clementis.
1324 4212 1551 4269 Turonis
1575 4214 1803 4279 civitate,

203 4307 451 4376 Perpetui
476 4309 705 4381 episc0pi
736 4318 785 4364 et
822 4309 1153 4380 confessoris.
1202 4308 1303 4363 Uia
1337 4308 1512 4364 insula
1538 4353 1554 4377 ,
1585 4308 1650 4366 S.
1676 4307 1803 4363 Flo-

200 4404 375 4456 rentii.

266 4510 301 4548 ιι
334 4493 448 4547 Iul.
473 4491 603 4548 Jan.
628 4492 973 4564 Carthagine,
1008 4494 1225 4563 Donati,
1260 4492 1545 4550 Crelestini
1572 4540 1584 4563 ,
1614 4493 1805 4551 Satur-

202 4583 337 4641 nini.
375 4585 665 4649 Bononiac,
696 4584 815 4649 Gai.
845 4586 1058 4641 Sereni.
1089 4585 1301 4653 Rutnm,
1345 4587 1533 4643 Donati
1559 4629 1571 4652 ,
1610 4586 1758 4642 Pauli
1790 4629 1804 4652 ,

1903 3360 2155 3429 Luciani,
2183 3362 2411 3419 Candidi
2448 3407 2460 3429 ,
2509 3363 2799 3432 Januarii,
2848 3366 3161 3432 leesi'ori,
3219 3365 3499 3434 iocundi,

1903 3454 2094 3518 Acuti,
2155 3453 2337 3518 Petri,
2396 3455 2597 3523 Marci,
2640 3456 2871 3524 Sereni,
2921 3458 3126 3526 Senni,
3180 3458 3505 3515 Anastasiae.

1904 3547 2320 3619 Hierosolytn-r,
2352 3548 2625 3605 Simeonis
2667 3546 2949 3620 prophetas
2974 3592 2989 3617 ,
3041 3566 3164 3607 cum
3218 3550 3415 3606 obtulit
3457 3551 3513 3605 ei

1904 3642 2089 3697 Jcsum
2146 3642 2427 3696 Christum
2482 3642 2650 3697 Maria
2681 3684 2694 3708 ,
2753 3651 2809 3698 et
2835 3644 3083 3716 Joseph:
3134 3654 3189 3700 et
3236 3642 3513 3715 depositio

1907 3734 2075 3802 ipsius
2134 3736 2433 3804 propheta).
2488 3736 2805 3801 Antiochiae,
2845 3737 3098 3806 depositio
3127 3736 3191 3793 S.
3250 3736 3513 3793 Simeonis

1904 3826 2165 3891 monachi,
2195 3838 2240 3880 et
2264 3828 2578 3899 confessoris
2600 3870 2614 3895 ,
2657 3829 2746 3899 qui
2776 3832 2828 3882 in
2857 3829 3103 3884 columna
3129 3831 3287 3884 strtit.

1981 3936 2077 3976 vm
2108 3923 2224 3977 idus
2249 3920 2370 3975 Jan.
2404 3922 2707 3992 Epiphania
2743 3918 2956 3977 Domini
2987 3924 3159 3978 nostri
3186 3924 3317 3979 .Iesu
3344 3923 3512 3978 Chri-

1908 4018 1995 4071 sti.
2028 4014 2084 4070 lu
2109 4015 2309 4079 Africa,
2345 4015 2494 4083 Fori,
2522 4015 2777 4081 Jocundi,
2802 4016 2982 4083 Petri,
3040 4016 3203 4072 Marci
3236 4059 3252 4085 ,
3302 4018 3459 4073 Acuti
3494 4060 3510 4085 ,

1909 4108 2201 4176 Januariw,
2232 4109 2363 4174 Juli,
2396 4108 2626 4175 Honori,
2655 4110 2941 4166 Antonini.
2974 4110 3108 4166 Item
3154 4111 3303 4166 Fori.
3356 4112 3517 4182 Apud

1907 4201 2185 4267 Sirmium,
2222 4202 2543 4259 Anastasis.
2568 4203 2876 4260 Antiochia:
2907 4243 2923 4271 ,
2966 4208 3150 4277 passio
3196 4214 3513 4260 sanctorum

1909 4296 2103 4351 Juliani
2134 4309 2189 4351 et
2222 4296 2510 4351 Basilissac.
2540 4297 2597 4352 in
2623 4296 2798 4363 ludia,
2829 4296 2975 4354 Celsi
3006 4299 3157 4369 pueri
3191 4340 3204 4363 ,
3262 4298 3467 4354 Juliaui
3497 4338 3517 4365 ,

1912 4391 2194 4447 Antonini.
2224 4392 2287 4448 Et
2316 4390 2497 4463 passio
2517 4400 2720 4447 sanctae
2751 4390 2980 4447 Faustae.
3014 4390 3083 4445 In
3104 4392 3312 4445 civitate
3341 4392 3514 4447 Redo-

1912 4501 2007 4540 nas
2037 4527 2051 4551 ,
2094 4486 2331 4540 nativitas
2382 4493 2428 4539 et
2483 4484 2747 4539 ordinatio
2774 4484 3139 4555 episcomtus,
3175 4494 3221 4538 ct
3265 4487 3517 4540 transitus

1912 4581 2077 4635 sancti
2106 4578 2304 4635 Metani
2323 4579 2550 4651 episcnpi
2577 4588 2625 4633 et
2651 4579 2963 4651 confessoris
2990 4623 3004 4645 ,
3038 4578 3126 4651 qui
3164 4578 3355 4635 ibidem
3385 4580 3523 4635 cete-

202 4678 453 4748 ltogatzn,
486 4677 862 4745 Dominandzc,
908 4678 1185 4735 Hilarium.
1224 4651 1294 4734 Et
1315 4679 1585 4750 depositio
1615 4680 1673 4735 S.
1695 4651 1798 4737 Sil¥
1840 4651 1892 4711 Ῑ)
1914 4674 2111 4728 bratur.

202 4772 368 4828 vestri
395 4771 641 4843 episcopi
660 4781 711 4827 et
738 4772 1095 4829 confessoris.
1123 4772 1301 4838 Retia,
1336 4773 1607 4829 Hermetis
1636 4775 1808 4831 Exor-

198 4864 376 4921 cistze.
412 4865 469 4921 In
498 4864 773 4934 provincia
799 4864 1002 4931 Sicilia,
1030 4866 1248 4921 civitate
1269 4863 1494 4935 Catana,
1518 4866 1808 4936 Stephani,

201 4956 445 5027 Potinni,
477 4958 665 5022 Attali,
699 4955 949 5023 Fabiani,
994 4957 1275 5024 Cornelii,
1319 4957 1506 5025 Sexti,
1562 4958 1765 5014 Flut'idi
1792 4999 1808 5028 ,

200 5051 405 5118 Coum,
438 5052 739 5122 Quintiani,
762 5052 1071 5118 Minervini,
1101 5053 1276 5108 sancti
1300 5053 1617 5124 Sequentis,
1647 5054 1813 5108 Amo-

202 5145 307 5208 nis,
340 5144 723 5211 Calendionis,
754 5144 1039 5215 Evelpisti,
1075 5144 1409 5216 Exuperanti
1433 5186 1448 5209 ,
1488 5143 1766 5200 Saturnini
1795 5185 1812 5212 ,

201 5233 436 5307 Agnetis
462 5280 477 5303 ,
513 5235 787 5301 Paulinae,
822 5236 1045 5292 Donatre
1070 5278 1087 5304 ,
1138 5236 1497 5292 Nominandae
1524 5281 1539 5305 ,
1596 5235 1813 5309 Rogati.

204 5330 462 5389 Senonas
488 5331 735 5396 civitate,
763 5331 949 5405 passio
974 5330 1031 5389 S.
1065 5331 1344 5387 Columba:
1369 5329 1617 5405 virginis.

655 5423 907 5481 MENSIS
959 5422 1344 5480 JANUARIUS
1371 5439 1385 5479 :

722 5515 897 5571 Habet
922 5515 1039 5572 dies
1073 5516 1310 5587 triginta.

733 5611 929 5669 Littera
945 5611 1273 5669 Indictionis.

284 5700 421 5759 Καὶ.
448 5702 574 5760 Jan.
601 5702 961 5763 Circumcisio
992 5706 1207 5763 Domini
1231 5706 1401 5763 nostri
1454 5705 1584 5763 Jesu
1613 5705 1815 5764 Christi

287 5892 313 5920 ⁸
343 5883 557 5943 Ciritatc
583 5888 851 5948 Parotliia.
889 5888 998 5947 iloc
1026 5898 1131 5957 est,
1156 5890 1210 5945 in
1231 5888 1410 5946 insula
1444 5886 1752 5962 Peparetho.

1984 4786 2054 4827 vn
2084 4771 2202 4825 idus
2230 4768 2356 4824 Jan.
2388 4768 2446 4824 In
2477 4767 2828 4837 Nicomedia,
2891 4769 3113 4826 aniani
3170 4768 3471 4841 presbyteri
3502 4813 3515 4837 ,

1913 4864 2001 4933 qui
2037 4864 2089 4918 in
2113 4871 2341 4934 quatuor
2374 4870 2553 4931 partes
2575 4861 2782 4917 divisus
2810 4870 2913 4918 est.
2938 4862 2995 4917 in
3018 4862 3253 4918 Militana
3278 4862 3521 4924 civitate,

1916 4956 2111 5012 natalis
2140 4956 2197 5012 S.
2230 4955 2478 5022 Poiiocti,
2510 4954 2793 5013 Candidati.
2824 4956 2882 5012 In
2935 4956 3195 5011 Heraclea
3251 4955 3476 5009 civitate
3502 4993 3522 5021 ,

1918 5052 2115 5107 Felicis
2143 5060 2198 5106 et
2225 5049 2518 5106 laudarim.
2554 5050 2609 5106 In
2638 5049 2847 5107 Grmcia
2870 5093 2885 5118 ,
2924 5050 3139 5105 civitate
3172 5046 3490 5103 Palicostini
3512 5087 3530 5114 ,

1922 5145 2171 5210 Palladii,
2213 5143 2490 5200 Candidas.
2524 5144 2648 5200 Alio
2672 5143 2793 5200 loco
2821 5185 2836 5209 ,
2894 5141 3115 5197 Poliarti
3142 5186 3157 5211 ,
3210 5139 3479 5196 Filoronis
3506 5184 3521 5208 ,

1918 5239 2263 5307 Candidiani,
2296 5238 2545 5311 Euthyci.

1990 5351 2044 5392 vr
2075 5337 2189 5391 idus
2216 5333 2341 5389 Jan.
2375 5336 2434 5392 In
2463 5334 2697 5403 Gracia,
2732 5331 2962 5401 Rustici,
2996 5329 3201 5397 Phisei,
3226 5329 3522 5395 Timothei,

1920 5428 2174 5495 iocandi,
2207 5428 2425 5497 Ratitis,
2472 5428 2626 5492 Luci,
2653 5426 2821 5489 Petri,
2854 5424 3033 5491 Flori,
3087 5426 3409 5481 Anastasim.
3466 5418 3532 5477 Et

1922 5524 2030 5579 alio
2052 5523 2192 5591 loco,
2221 5522 2428 5589 Sathei,
2452 5522 2635 5581 Marci.
2666 5522 2722 5576 In
2747 5520 2948 5588 Gallia,
2979 5520 3196 5575 civitate
3223 5519 3529 5581 Delloacus,

1926 5619 2111 5687 passio
2139 5626 2449 5674 sanctorum
2481 5613 2731 5680 Luciani,
2762 5614 2989 5670 Mariani
3013 5656 3028 5679 ,
3061 5610 3354 5673 etJnliani,
3388 5623 3533 5663 mar-

1926 5717 2125 5782 tyrum.
2169 5708 2533 5781 Augustiduno
2578 5708 2833 5780 depositio
2856 5706 2921 5765 Β.
2954 5703 3251 5777 ίΕοεηιοηίἱ
3276 5702 3525 5774 episcopi.
