3918 6294
376 370 488 430 ἂὸθ

1452 364 1509 424 S.
1554 362 1946 423 HIERONYMI
1984 362 2266 424 OPERUM
2306 362 2672 422 MANTISSA.

3567 362 3696 438 tuo

442 489 621 546 vidus
648 486 777 544 Jan.
805 486 864 544 In
891 484 1102 551 Africa,
1131 483 1405 556 Epicteti,
1458 483 1722 553 Jocundi,
1755 483 1980 552 Quinti,
2012 484 2336 547 AJunellac.
2380 485 2448 540 Et
2490 480 2758 555 depositio
2802 482 2973 538 sancti
3018 482 3267 539 Marcelli
3310 482 3573 556 episcopi.
3624 482 3694 538 In

373 581 640 651 Secundi,
673 578 1227 648 Saturnini,Vitalis.
1276 578 1413 636 item
1469 579 1697 648 Quinti,
1748 578 1978 651 Felicis,

372 679 438 735 At
454 679 625 744 taxis,
661 676 966 745 Fortunati,
992 673 1221 741 Rustici,
1256 672 1402 739 Silii,
1428 671 1629 741 Quieti,
1663 679 1718 727 et
1747 672 1981 727 aliorum

371 780 606 840 septem,
638 767 940 836 Martialis,
987 766 1193 823 Saturi.
1240 767 1298 822 In
1348 766 1579 838 Smyrna
1609 807 1624 834 ,
1685 765 1980 831 Revocati,

368 862 561 927 Firmi,
593 861 738 927 Silii,
771 859 1136 926 Possessoris,
1160 859 1428 927 Januarii,
1451 858 1753 927 Saturnini,
1776 859 1977 927 Saturi,

441 973 492 1012 1v
519 956 640 1011 idus
668 954 797 1011 Jan.
823 957 880 1011 lu
911 956 1117 1024 Africa,
1146 954 1408 1010 Revocati
1431 995 1446 1020 ,
1504 954 1707 1022 Firmi,
1766 953 1975 1021 Nirthi,

368 1052 733 1117 Possessoris,
766 1058 822 1106 et
861 1050 1091 1105 aliorum
1122 1048 1376 1103 duorum.
1407 1047 1595 1102 Romae
1635 1046 1689 1102 in
1716 1056 1981 1104 cmmete-

365 1146 452 1201 rio
472 1145 687 1211 Calisti,
716 1145 804 1200 via
834 1144 1009 1215 Appia
1032 1186 1046 1209 ,
1107 1142 1380 1214 depositio
1409 1141 1686 1198 Melciadis
1709 1141 1975 1212 episcopi.

367 1240 427 1295 In
457 1237 663 1306 Africa,
689 1236 891 1304 Saturi,
924 1235 1205 1301 Vitaliaui,
1236 1234 1559 1303 Felicitatis,
1599 1234 1807 1302 Quinti,
1837 1248 1977 1305 quo-

364 1348 492 1389 rum
523 1341 676 1402 gesta
711 1329 1159 1385 habetArtatius.

439 1441 497 1481 ιιι
524 1424 643 1478 idus
668 1422 796 1478 Jan.
832 1422 888 1477 lu
913 1420 1267 1489 Alexandria,
1301 1420 1484 1487 Petri,
1536 1419 1725 1476 Severi
1755 1463 1769 1487 ,
1804 1418 1979 1474 sancti

363 1519 517 1576 Lucii
546 1516 900 1581 confessoris,
950 1526 1006 1570 et
1058 1516 1351 1584 Assulami,
1393 1514 1601 1582 Quinti.
1650 1514 1707 1570 In
1756 1512 1975 1584 Africa,

362 1610 689 1677 Philoromi,
720 1608 942 1679 Ingenui
970 1649 986 1675 ,
1042 1607 1226 1675 Quinti
1257 1649 1271 1675 ,
1314 1606 1594 1674 Januarii,
1640 1606 1925 1663 Saturnini
1959 1647 1975 1674 ,

362 1705 659 1762 Vincentii.
696 1703 751 1758 lu
776 1702 1075 1772 Hispaniis,
1102 1702 1354 1771 Augenti,
1382 1701 1574 1757 Donati
1602 1743 1615 1767 ,
1648 1699 1935 1771 Augustini
1960 1741 1975 1766 ,

364 1797 535 1853 Salvii
564 1838 579 1862 ,
638 1794 860 1850 Felicis.
914 1796 1049 1850 ltem
1092 1794 1289 1850 Felicis
1324 1836 1338 1859 ,
1397 1793 1591 1848 Donati
1632 1791 1971 1864 presbyteri,

2088 582 2303 649 Gallio,
2360 582 2565 636 civitate
2611 580 2875 635 Bituricus
2902 621 2916 648 ,
2972 580 3225 649 depositio
3262 582 3431 636 sancti
3473 579 3695 652 Sulpitii

2086 676 2312 747 episcOpi
2352 675 2684 743 confessoris.

2156 785 2226 824 xv
2268 767 2373 822 kal.
2420 764 2581 821 Febr.
2644 766 2924 823 Dcdicatio
2976 767 3251 822 cathedrae
3313 768 3485 823 sancti
3542 767 3698 824 Petri

2085 864 2315 936 apostoli
2343 905 2358 930 ,
2408 878 2509 934 qua
2541 862 2719 934 primo
2746 861 2932 916 Romae
2961 861 3123 917 sedit.
3168 862 3227 917 ln
3263 861 3438 917 Ponto
3468 861 3699 919 civitate

2084 959 2230 1014 Asiae
2254 1001 2269 1024 ,
2310 958 2510 1030 Moysei
2532 998 2546 1025 ,
2578 958 2806 1012 Amonis
2829 1003 2842 1025 ,
2882 956 3070 1021 Micm,
3118 956 3330 1019 Asteri,
3364 956 3696 1022 Fortunati,

2084 1053 2339 1117 Zenonis,
2372 1051 2575 1105 Zosimi
2604 1092 2617 1115 ,
2650 1050 2977 1119 Meuelampi
3004 1092 3019 1115 ,
3054 1048 3260 1115 Didaii,
3303 1048 3569 1106 Valentis.
3627 1051 3703 1104 Et

2084 1147 2267 1218 passio
2298 1145 2470 1200 sancti
2501 1144 2659 1217 Tyrsi
2693 1158 2815 1199 cum
2848 1144 3011 1198 sociis
3041 1142 3157 1198 suis
3188 1161 3200 1196 :
3236 1142 3397 1198 Leuci
3437 1154 3491 1198 et
3522 1142 3703 1200 Galli-

2084 1239 2216 1295 nici.
2264 1238 2321 1293 In
2366 1236 2593 1306 Africa,
2638 1236 2857 1291 Seonisi
2886 1280 2900 1303 ,
2949 1235 3236 1301 Successi,
3272 1235 3553 1303 Valentis,
3581 1236 3700 1291 Fe-

2083 1334 2303 1402 leriani,
2356 1333 2531 1399 Pauli,
2581 1332 2788 1401 Majuli,
2838 1332 2993 1398 Luci,
3045 1330 3347 1397 Victurini,
3399 1331 3700 1396 Honorati,

2083 1428 2387 1495 Saturnini,
2410 1426 2666 1496 Florida),
2691 1426 2898 1492 Lurici,
2921 1436 2975 1481 et
2998 1423 3230 1480 aliorum
3251 1424 3698 1496 quatuordecim.

2083 1519 2150 1576 Et
2174 1520 2361 1592 passio
2388 1518 2447 1575 S.
2480 1519 2707 1574 Prisczc.

2152 1630 2242 1669 xxv
2272 1613 2378 1669 kal.
2410 1612 2567 1669 Febr.
2610 1612 2668 1667 lu
2696 1611 2880 1667 Africa
2904 1657 2917 1682 ,
2948 1610 3132 1679 Quinti
3158 1654 3172 1680 ,
3204 1609 3391 1677 Pauli,
3424 1609 3661 1665 Ceronti
3683 1651 3700 1678 ,

2081 1707 2359 1776 Januarii,
2392 1707 2705 1779 Saturnini,
2746 1706 3030 1774 Successi,
3062 1706 3379 1771 Germanae,
3410 1702 3654 1759 Tertulli
3684 1744 3702 1769 ,

2082 1812 2136 1860 et
2158 1803 2389 1858 aliorum
2423 1803 2742 1857 multorum.
2774 1799 3083 1865 Tibiritani,
3125 1796 3326 1869 Majuli,
3358 1797 3701 1864 Victuriani,

366 1891 539 1960 Flori,
569 1889 803 1956 Zemini,
829 1888 1130 1965 Pausalmi,
1158 1890 1415 1960 Eugenti,
1446 1888 1675 1944 Victoris
1695 1931 1710 1956 ,
1744 1889 1973 1960 Stepha-
2004 1889 2050 1951 B
2082 1896 2367 1959 Honorati,
2398 1894 2702 1961 Fortunati,
2729 1892 2898 1957 Julii,
2930 1892 3118 1957 Lucii,
3149 1890 3430 1955 Marcusii,
3464 1888 3657 1944 Publii
3686 1932 3701 1955 ,

362 1982 451 2047 ni,
504 1991 562 2038 et
610 1981 841 2037 aliorum
889 1981 1195 2038 duodecim.
1260 1983 1328 2037 Et
1377 1981 1651 2053 depositio
1692 1982 1977 2038 Hortensis

370 2074 639 2145 episcOpi.

442 2168 626 2224 Pridie
654 2170 773 2224 idus
801 2166 925 2223 Jan.
960 2169 1016 2225 In
1053 2169 1293 2239 Achaia,
1354 2167 1570 2244 Cyriaci
1596 2217 1610 2241 ,
1671 2171 1931 2228 Moscenti
1959 2216 1973 2241 ,

358 2264 561 2321 Saturi.
591 2264 650 2319 Iu
674 2264 882 2332 Africa,
915 2265 1114 2333 Zotici,
1141 2266 1350 2321 Castuli
1378 2308 1394 2335 ,
1441 2265 1631 2333 Quinti
1666 2308 1681 2333 ,
1732 2268 1922 2337 Rogati
1955 2309 1972 2336 ,

355 2358 610 2428 Modesti,
640 2358 913 2426 Ebiciani,
942 2357 1204 2426 Carotici,
1252 2358 1537 2415 Castolini.
1596 2361 1656 2415 In
1698 2359 1966 2432 Egypto,

356 2449 681 2515 Philoromi,
707 2449 904 2516 Zotici,
939 2450 1171 2519 Castuli,
1206 2451 1376 2520 Petri,
1408 2453 1683 2507 Aventini.

376 2592 383 2609 ,
431 2541 564 2595 Idus
600 2540 729 2595 Jan.
761 2543 821 2598 lu
849 2541 1036 2599 Africa
1065 2587 1080 2612 ,
1113 2542 1339 2613 Ingenui
1369 2589 1383 2612 ,
1429 2542 1722 2598 Vincentii.
1768 2542 1924 2599 Sattii
1953 2587 1968 2613 ,

358 2636 686 2702 Felicitatis,
712 2634 962 2691 Modesti.
989 2637 1047 2692 In
1074 2635 1394 2708 Campania,
1431 2637 1680 2709 Neapoli,
1732 2640 1966 2712 Cyriaci,

357 2727 579 2793 Cimini,
612 2727 810 2797 Zotici,
844 2728 1009 2799 Erisi,
1040 2730 1271 2797 Clereri,
1305 2730 1535 2798 Felicis,
1566 2731 1828 2787 Januarii.
1863 2735 1971 2788 lio-

355 2835 486 2891 mze,
508 2820 795 2891 Secundae,
824 2821 1038 2892 Rogati.
1072 2822 1169 2878 Via
1195 2823 1465 2879 Lavicana
1495 2864 1510 2890 ,
1559 2839 1778 2880 corona:
1823 2824 1969 2880 mili-

357 2924 475 2972 tum
505 2914 888 2985 quadraginta.
923 2914 993 2970 Et
1018 2915 1148 2971 alibi
1178 2957 1193 2983 ,
1242 2916 1357 2971 Eos
1382 2959 1397 2983 ,
1441 2916 1676 2984 Quomo,
1709 2918 1963 2988 Eononis,

357 3008 618 3075 Pictavis,
648 3006 921 3077 depositio
952 3005 1010 3061 S.
1041 3006 1232 3061 liilarii
1262 3008 1503 3078 episcOpi
1533 3018 1587 3063 et
1615 3007 1966 3065 confessoris.

358 3102 627 3158 Ambianis
654 3142 672 3169 ,
726 3100 953 3155 inventio
1010 3098 1072 3155 S.
1104 3099 1334 3155 Firmini
1372 3102 1598 3173 episcopi
1627 3112 1676 3157 et
1707 3103 1966 3174 confesso-

361 3213 454 3252 ηε.

2080 1988 2282 2044 Felicis
2307 2030 2322 2054 ,
2365 1987 2496 2053 Gai,
2548 1986 2745 2043 Vitalis
2771 2032 2783 2055 ,
2833 1984 3102 2051 Cassiani,
3131 1983 3390 2048 Victoris,
3422 1982 3701 2048 Secundi,

2079 2083 2277 2151 Primi,
2323 2082 2583 2153 Hispani,
2621 2079 2891 2136 Cacinari.
2942 2080 3077 2135 Item
3110 2077 3297 2143 Lucii,
3336 2076 3655 2133 Saturninzc
3684 2119 3701 2143 ,

2078 2176 2315 2232 Florida:
2342 2219 2357 2243 ,
2411 2174 2727 2232 Coelesticae
2753 2216 2767 2241 ,
2816 2174 3197 2229 Molendionis.
3245 2172 3657 2244 Hierosolymae
3682 2214 3698 2239 ,

2078 2269 2336 2336 Marthae,
2370 2282 2422 2325 et
2457 2271 2639 2325 Maria:
2668 2284 2917 2324 sororum
2947 2268 3157 2323 Lazari.
3201 2266 3551 2338 Carthagine,
3598 2266 3701 2321 Pi-

2078 2364 2267 2433 gariar,
2297 2363 2427 2427 Pist,
2462 2372 2517 2419 et
2543 2361 3030 2433 aliorum'triginta
3056 2370 3205 2416 octo.
3236 2359 3457 2427 Zosimi,
3489 2360 3699 2414 Mene-

2077 2454 2282 2524 lampi,
2336 2454 2670 2526 Tyheriani,
2721 2454 3028 2510 Fortunati.
3082 2451 3367 2525 Lugduni,
3417 2452 3697 2508 ordinatio

2073 2547 2396 2618 episcopatus
2428 2546 2490 2603 S.
2517 2546 2741 2602 Nicetis.

2144 2654 2240 2694 xui
2272 2639 2376 2692 kal.
2408 2637 2567 2695 Febr.
2611 2639 2799 2694 Romae
2828 2640 2880 2694 in
2906 2639 3254 2705 cmmeterio,
3287 2638 3515 2694 Fabiani
3570 2640 3698 2707 epi-

2075 2732 2246 2803 scopi,
2273 2743 2323 2787 et
2352 2732 2533 2802 passio
2560 2731 2735 2787 sancti
2762 2732 3070 2788 Sebastiani
3097 2733 3375 2805 martyris.
3401 2733 3457 2786 In
3476 2747 3699 2789 caemc-

2075 2823 2233 2892 terio,
2264 2823 2414 2878 Marii
2443 2830 2499 2879 et
2526 2822 2750 2879 Martha:
2778 2828 2968 2881 uxoris
2993 2826 3135 2893 ejus,
3165 2822 3423 2895 Audifax,
3457 2832 3515 2879 et
3537 2825 3698 2880 Aba-

2072 2931 2192 2971 cuc.
2218 2915 2567 2985 Nicomediae,
2596 2916 2832 2982 Leontii,
2860 2917 2987 2983 Biti,
3011 2917 3248 2988 Cyriaci,
3274 2916 3418 2983 Ursi,
3446 2916 3693 2982 Cendei,

2072 3009 2272 3065 Felicis
2299 3007 2645 3075 leidonice,
2672 3008 2897 3078 Martiae,
2932 3009 3147 3075 Nicetii,
3172 3009 3460 3073 Niveduni,
3492 3010 3691 3081 Tyrsi,

2071 3102 2335 3171 Quiriaci,
2360 3101 2635 3160 Gellinici.
2660 3101 2918 3175 Lugduno
2940 3102 3130 3159 Gallia:
3149 3104 3369 3169 civitate,
3396 3101 3692 3160 Clementis

2073 3198 2376 3269 presbyteri.

426 3304 521 3345 xix
550 3287 656 3342 kal.
682 3287 840 3342 Febr.
872 3287 929 3343 In
960 3288 1272 3359 Antiochia,
1304 3289 1447 3346 Cleri
1478 3289 1694 3347 diaconi
1723 3290 1792 3346 de
1820 3292 1963 3346 anti-
2139 3306 2214 3346 xu
2245 3290 2351 3348 kal.
2387 3292 2551 3350 Fe'br.
2593 3293 2783 3349 Romae
2802 3335 2816 3359 ,
2846 3291 3029 3363 passio
3057 3298 3258 3347 sanctae
3286 3289 3534 3362 Agnetis,
3567 3292 3691 3347 vir-

357 3381 481 3453 quis
506 3381 688 3437 multis
712 3382 1001 3437 tormentis
1028 3380 1200 3453 passi,
1247 3391 1304 3438 et
1356 3383 1408 3437 in
1469 3398 1621 3438 mare
1674 3382 1859 3440 mersi.
1904 3384 1962 3441 In

357 3475 566 3543 Africa,
599 3474 775 3542 Pauli,
807 3474 1083 3543 Successi,
1116 3475 1404 3542 Victurini,
1439 3476 1641 3542 Saturi,
1668 3476 1959 3545 Messoris,

355 3568 627 3637 Gerontii,
656 3568 886 3636 Lucriti,
912 3567 1187 3635 Januarii,
1213 3568 1452 3624 Florida:
1477 3610 1492 3636 ,
1520 3569 1795 3625 Teocosaz.
1855 3569 1962 3625 No-

358 3664 429 3719 la:
456 3662 788 3732 Campania,
814 3663 989 3719 sancti
1017 3661 1235 3719 Felicis.
1281 3662 1347 3718 Et
1373 3663 1528 3731 alibi,
1561 3662 1829 3735 depositio
1855 3663 1963 3720 Eu.

357 3756 430 3829 ph
443 3758 546 3813 iasi
577 3757 840 3828 episcopi.

428 3866 568 3905 xvui
596 3848 703 3903 kal.
733 3847 894 3904 Febr.
946 3849 1003 3905 In
1050 3850 1325 3923 Egypto,
1375 3849 1704 3919 Chrisconi,
1755 3850 1914 3923 Tyrsi
1943 3894 1959 3921 ,

356 3945 547 4013 Leuci,
584 3945 773 4001 Gaiani
799 3986 814 4011 ,
846 3944 1125 4015 Genonis,
1160 3945 1504 4016 Menclampi.
1537 3946 1603 4000 Et
1633 3947 1685 4001 in
1715 3945 1957 4015 Oriente,

360 4038 626 4108 Cornelii,
657 4038 884 4101 Calesti,
918 4048 972 4094 et
998 4047 1348 4095 cmterorum.
1397 4038 1736 4107 Antiochizc,
1771 4040 1959 4096 Leccri

355 4132 607 4187 Diaconi.
638 4130 709 4186 Et
730 4130 885 4198 alibi,
912 4132 1186 4202 depositio
1213 4134 1430 4188 Abacuc
1456 4134 1756 4204 prophetae.
1785 4133 1958 4189 Remis

357 4223 614 4294 depositio
655 4221 717 4277 S.
752 4222 979 4294 Remigii
1019 4224 1247 4295 episcopi
1286 4234 1333 4279 et
1370 4225 1694 4296 confessoris.
1729 4224 1960 4283 Pictavis

357 4316 621 4371 dedicatio
653 4316 881 4371 basilica:
909 4318 1073 4371 sancti
1101 4317 1351 4373 Amantii.

431 4423 543 4463 xvu
573 4407 680 4463 kal.
716 4406 874 4462 Febr.
914 4408 1107 4465 Romae
1135 4409 1222 4464 via
1251 4409 1462 4467 Salaria
1485 4454 1501 4480 ,
1546 4414 1597 4467 in
1638 4416 1957 4471 coemcterio

356 4501 644 4570 Priscillae,
677 4501 951 4572 depositio
980 4502 1157 4557 sancti
1188 4503 1427 4560 Marcelli
1462 4506 1707 4577 epiSCOpi
1735 4516 1792 4563 et
1820 4524 1953 4565 con-

354 4596 605 4652 fessoris.
654 4595 751 4650 Via
781 4596 954 4668 Appia
982 4636 999 4664 ,
1046 4597 1101 4652 in
1130 4600 1448 4655 cmmeterio
1475 4600 1680 4656 Calesti
1708 4644 1721 4668 ,
1772 4602 1953 4673 passio

2065 3389 2230 3460 ginis.
2262 3390 2330 3445 Et
2364 3391 2562 3447 natalis
2590 3391 2819 3457 Felicis,
2853 3388 3144 3445 Fructuosi
3172 3434 3185 3457 ,
3227 3386 3499 3442 Celsionis
3522 3431 3536 3454 ,
3574 3387 3691 3443 Fe-

2065 3482 2276 3555 logicae,
2305 3483 2633 3553 Cmcilianaz,
2670 3483 2919 3556 Augurii,
2953 3483 3239 3538 Martialis.
3274 3482 3408 3537 Item
3443 3481 3686 3548 Felicis,

2068 3580 2172 3634 Viti
2200 3623 2215 3647 ,
2257 3581 2463 3637 Candci
2489 3627 2502 3651 ,
2548 3582 2724 3636 Florae
2752 3622 2766 3647 ,
2808 3577 3065 3645 Leontii,
3114 3576 3359 3648 Cyriaci,
3392 3576 3683 3633 Faustaci.

2063 3672 2397 3730 Nicomedim
2422 3719 2436 3743 ,
2472 3675 2717 3730 Deustasi
2766 3672 3118 3729 confessoris.
3152 3672 3209 3727 in
3244 3670 3447 3737 Africa,
3502 3671 3687 3728 Solu-

2066 3769 2232 3837 toris,
2278 3780 2332 3826 et
2360 3770 2648 3826 llermelis.
2692 3770 2750 3824 In
2789 3768 3045 3837 Hispania
3078 3767 3294 3822 civitate
3324 3765 3674 3829 Tarracone,

2065 3862 2244 3929 passio
2287 3871 2598 3917 sanctorum
2656 3861 2941 3917 Fructuosi
2985 3860 3270 3931 episcopi,
3320 3858 3521 3929 Augoti
3553 3904 3568 3927 ,
3625 3872 3686 3917 et

2065 3956 2258 4026 Eologi
2290 3956 2538 4021 diaconi,
2572 3955 2884 4021 Saturnini,
2920 3953 3145 4023 Quinti,
3186 3952 3416 4018 Marini,
3463 3952 3625 4007 Dacii
3661 3995 3680 4021 ,

2066 4048 2287 4120 Satyri,
2329 4049 2595 4105 Gaddiani
2626 4096 2639 4119 ,
2680 4049 2974 4105 Crclcniani
3000 4089 3016 4113 ,
3059 4047 3270 4103 Zabulii
3300 4091 3314 4115 ,
3358 4047 3632 4102 Mammas
3659 4089 3677 4113 ,

2064 4140 2357 4207 Vincentii,
2396 4142 2610 4211 Rogati,
2643 4140 2901 4207 Victoris,
2937 4141 3235 4211 Repositae,
3265 4138 3453 4202 Primi,
3488 4138 3677 4204 Lucii,

2062 4234 2327 4305 Majulini,
2358 4234 2643 4299 Honorati,
2671 4234 2943 4298 Marcusii,
2968 4232 3231 4298 Secundi,
3253 4230 3483 4296 Casiiui,
3509 4230 3678 4301 Gagi,

2060 4327 2338 4383 Coelestini
2360 4369 2374 4393 ,
2409 4328 2584 4383 Ermis
2615 4328 2894 4399 episcopi,
2936 4340 2989 4383 et
3016 4327 3217 4383 Publii.
3259 4326 3392 4381 Izem
3424 4324 3677 4381 Leonzii.

2063 4420 2267 4489 Trecas,
2295 4422 2469 4493 passio
2493 4421 2555 4478 S.
2574 4421 2806 4477 Patrocli
2830 4422 3091 4493 martyris.
3113 4420 3379 4490 Arvernis,
3406 4419 3679 4487 depositio

2059 4513 2209 4568 Beati
2240 4515 2376 4568 Aviti
2407 4516 2659 4587 episcopi.

2128 4624 2183 4663 XI
2213 4606 2317 4662 kal.
2349 4605 2513 4663 Febr.
2569 4607 2626 4663 ln
2685 4605 2964 4677 Hispaniis
2998 4649 3012 4673 ,
3070 4603 3289 4659 civitate
3354 4601 3616 4658 Valentia
3654 4642 3673 4667 ,

354 4698 559 4745 sancta:
594 4688 818 4744 Martha:
842 4729 858 4757 ,
905 4688 1171 4746 Audeinai
1212 4702 1539 4764 martyrum.
1568 4692 1667 4749 Via
1696 4670 1949 4751 Cornelia
1976 4670 2032 4736 D
2062 4701 2242 4771 passio
2282 4702 2457 4757 sancti
2490 4700 2691 4756 Valerii
2731 4670 3009 4771 episc0pi,
3054 4697 3327 4754 Vincentii
3357 4696 3577 4752 diacmti
3613 4706 3674 4752 et.

353 4784 410 4841 in
440 4784 778 4853 coen‘ieterio,
809 4783 1043 4839 militum
1072 4800 1293 4857 novem,
1327 4794 1381 4841 et
1406 4785 1636 4842 aliorum
1665 4788 1947 4857 tredecim,

353 4893 589 4950 quorum
636 4876 857 4932 nomina
900 4878 951 4931 in
998 4876 1136 4934 libro
1176 4877 1305 4933 vitae
1339 4887 1592 4934 tenentur
1620 4880 1843 4951 scripta.
1891 4880 1949 4937 In

354 4970 541 5026 Africa
563 5012 578 5036 ,
613 4968 921 5037 Saturnini,
961 4969 1240 5037 Faustini,
1273 4970 1602 5039 Flaviniani,
1635 4982 1690 5028 et
1716 4973 1946 5029 aliorum

354 5080 473 5121 sex.
524 5064 769 5131 Arelate,
812 5062 1069 5134 depositio
1108 5064 1277 5118 sancti
1321 5062 1582 5119 Honorati
1629 5065 1860 5136 episcopi
1902 5075 1947 5121 et

352 5157 689 5226 confessoris.

426 5266 514 5304 xu
544 5250 650 5304 kal.
682 5249 840 5305 Febr.
883 5252 943 5306 in
968 5252 1168 5319 Africa,
1192 5252 1638 5321 Micae,Victoris,
1659 5253 1945 5323 Mistriani,

351 5342 523 5397 Salvii
548 5387 562 5411 ,
604 5344 862 5399 Misiliani
891 5390 907 5414 ,
941 5345 1179 5403 Victoris
1204 5389 1219 5416 ,
1251 5346 1513 5403 'l‘hecosae
1535 5389 1548 5414 ,
1587 5348 1901 5406 Fortunata:
1924 5395 1941 5420 ,

349 5433 627 5501 Veneriae,
662 5436 827 5505 Satae,
863 5438 1182 5507 Saturnini,
1216 5439 1553 5508 llostesiani,
1585 5442 1786 5509 Leuci,
1817 5444 1946 5501 Mis-

343 5528 576 5597 suriani,
608 5528 912 5599 Vincentii,
950 5533 1131 5603 Aibat,
1165 5534 1396 5600 Mossei,
1430 5534 1723 5609 Ingenulm,
1758 5538 1942 5596 Victu-

344 5624 465 5679 τίω.
512 5623 573 5680 In
609 5625 869 5697 Oriente,
904 5627 1113 5685 Natalis
1137 5671 1151 5697 ,
1178 5630 1488 5698 Rubentize,
1522 5643 1577 5689 et
1607 5634 1844 5690 Marteri.
1878 5636 1937 5691 In

342 5715 585 5788 JEgypto
617 5760 631 5787 ,
693 5718 1014 5791 Thebaide,
1068 5721 1337 5794 depositio
1388 5724 1608 5782 Antonii
1655 5728 1931 5784 monachi.

338 5808 629 5880 Lingonis,
664 5811 846 5882 passio
874 5822 1187 5870 sanctorum
1217 5830 1599 5885 germanorum
1630 5830 1929 5892 martyrum

2059 4795 2357 4863 martyris,
2402 4806 2782 4866 martyresque
2820 4792 3131 4849 octodecim
3176 4806 3301 4847 cum
3352 4790 3520 4846 sociis
3562 4806 3670 4846 eo-

2055 4906 2197 4944 rum.
2229 4869 2566 4957 Quintiliani,
2596 4887 2861 4955 Cassiani,
2891 4886 3164 4954 Matutini,
3194 4884 3393 4949 Publii,
3425 4883 3666 4952 Urbani,

2054 4981 2347 5051 Martialis‘,
2383 4981 2600 5047 Fausti,
2643 4980 2826 5048 Pauli,
2875 4978 3125 5036 Successi
3150 5020 3165 5041 ,
3202 4977 3381 5043 Petri,
3412 4975 3622 5031 Felicis
3648 5018 3662 5042 ,

2052 5077 2321 5142 Januarii,
2354 5076 2635 5141 Primitivi,
2674 5076 2853 5143 Eboti,
2883 5074 3102 5145 Optati,
3131 5072 3407 5129 Caeciliani
3428 5113 3442 5135 ,
3475 5072 3663 5127 Fron-

2053 5172 2230 5236 tonis,
2265 5171 2423 5237 Julii,
2452 5170 2727 5237 Januarii,
2763 5170 3029 5241 Luperci,
3069 5167 3349 5239 Apodimi,
3391 5167 3617 5224 Orionis
3644 5212 3659 5235 ,

2052 5264 2361 5329 Mennonis,
2396 5263 2699 5326 Hermetis,
2734 5262 3028 5317 Januariw.
3076 5261 3145 5317 Et
3174 5262 3230 5316 in
3256 5260 3468 5322 Africa,
3498 5262 3659 5328 Quiri

2049 5374 2173 5413 cum
2205 5358 2374 5413 sociis
2405 5358 2542 5425 suis,
2585 5356 2839 5421 Cemelli,
2869 5356 3071 5423 Saturi,
3104 5354 3381 5422 Januarii,
3428 5354 3653 5420 Felicis,

2047 5451 2207 5517 'l'icii,
2254 5452 2421 5518 Flori,
2458 5452 2699 5508 Orionis.
2754 5450 2836 5507 Ad
2862 5449 3156 5518 Gemellas,
3194 5449 3508 5517 Clementis,
3552 5447 3656 5506 Sa-

2049 5545 2249 5601 turnini
2270 5589 2282 5612 ,
2317 5546 2597 5617 Municipi.

2119 5654 2154 5691 x
2189 5637 2296 5692 kal.
2326 5635 2488 5693 Febr.
2529 5638 2586 5693 In
2616 5637 2939 5693 Mauritania
2959 5680 2973 5704 ,
3004 5637 3228 5704 civitate
3255 5635 3599 5693 Neocmsaria
3626 5678 3641 5703 ,

2042 5732 2220 5803 passio
2243 5733 2416 5788 sancti
2441 5732 2741 5796 Severiani,
2776 5740 2830 5787 et
2853 5730 3063 5802 Aquila:
3088 5729 3278 5785 uxoris
3305 5728 3445 5799 eius,
3482 5728 3638 5792 Belli,

2040 5824 2261 5893 Munici,
2296 5825 2522 5892 Castuli,
2556 5825 2728 5889 Flori,
2757 5823 3061 5889 Saturnini,
3091 5822 3327 5888 Basiilae,
3358 5822 3634 5877 Anastasii

331 5898 641 5972 Speusippi,
672 5901 985 5979 Helasippi,
1014 5906 1323 5981 Melasippi,
1352 5908 1662 5983 Leonellai,
1695 5911 1920 5984 Meonis,
2035 5922 2309 5990 martyris.
2338 5918 2407 5977 Et
2430 5919 2534 5976 alio
2558 5919 2697 5989 loco,
2733 5917 2973 5977 Cornelii
2997 5916 3308 5976 exorcism.
3334 5914 3393 5971 lu
3417 5916 3626 5986 Ancyra
