3918 6294
198 339 278 398 ιιι

1230 331 1794 392 νΕΤυΞΤΙΞδΙΜυΜ
1832 332 2351 397 KALENDARIUM.

3354 350 3458 409 ΗΞ

195 454 421 521 Galatia,
452 450 669 519 Donati,
702 450 941 520 Castuli,
969 451 1223 524 Popicaa,
1255 452 1467 508 Demati
1497 468 1622 510 cum
1651 451 1763 508 suis
1791 451 1848 515 A
1941 472 1993 511 iv
2024 472 2144 512 non.
2178 458 2338 517 Febr.
2377 460 2684 520 Purilieatio
2730 463 2790 520 Β.
2832 464 3024 522 Manu;
3053 507 3067 532 ,
3114 470 3334 538 quando
3374 488 3464 531 re-

193 546 441 605 omnibus.
484 546 551 602 Et
585 546 695 601 alio
723 547 878 611 loco,
922 546 1103 617 passio
1137 552 1452 601 sanctorum
1495 545 1758 618 Eugenil,

192 640 555 699 Emerentianze
578 680 594 705 ,
630 650 684 695 et
711 638 958 704 Macarii,
994 639 1167 696 Pulvii
1196 648 1518 712 martyrum.

250 749 298 790 ιι
324 732 425 789 kal.
455 730 615 787 Febr.
658 730 716 786 In
742 731 1060 801 Antiochia,
1085 732 1271 803 passio
1295 732 1354 787 8.
1399 731 1622 804 Babylae
1645 731 1762 803 epi-

190 827 315 897 scopi
333 840 451 881 cum
483 825 657 881 tribus
684 824 956 896 parvulis.
975 826 1041 881 Et
1065 826 1118 879 in
1147 825 1367 881 civitate
1389 824 1755 894 Neoctesaria,

188 920 426 986 Marduni,
458 919 705 991 Eugenii.
740 919 797 974 In
828 918 1032 983 Africa,
1064 919 1286 989 Epiteti,
1319 918 1478 990 Rupi.
1520 919 1748 975 Cartha-

185 1014 302 1085 giae,
332 1012 518 1069 Geliei.
550 1013 739 1068 Romae
761 1053 776 1079 ,
808 1011 1131 1068 Felicissimi
1157 1027 1280 1068 cum
1305 1012 1467 1069 sociis
1497 1013 1631 1069 suis.

239 1125 322 1165 rut
347 1110 450 1164 kal.
484 1106 644 1164 Febr.
684 1106 1040 1173 Nicomediae,
1073 1106 1205 1162 Biti.
1234 1106 1444 1175 Romaa,
1470 1106 1755 1163 translatio

184 1203 330 1259 sancti
362 1203 508 1259 Pauli
538 1203 808 1275 apostoli.
837 1201 1203 1273 Carthagine,
1236 1202 1456 1269 Donati,
1488 1202 1751 1270 Secundi,

182 1297 352 1367 Papiae.
385 1298 442 1354 In
469 1296 682 1363 Africa,
714 1295 939 1368 Epiteti,
968 1294 1244 1363 Publiani,
1274 1294 1480 1352 Saturi.
1509 1292 1578 1350 Et
1603 1293 1753 1351 Prte-

174 1393 280 1462 jecti
302 1392 560 1464 martyris.

234 1499 297 1538 ru
325 1483 425 1538 kal.
456 1481 623 1539 Febr.
665 1484 726 1539 In
770 1482 952 1540 Nicaea
998 1482 1246 1554 Smyrna:
1273 1524 1289 1548 ,
1342 1482 1526 1553 passio
1575 1483 1750 1539 sancti

182 1581 428 1653 Polycarpi
460 1580 729 1651 episcopi.
764 1579 822 1636 In
853 1579 1149 1649 Campania
1177 1623 1192 1647 ,
1224 1578 1487 1633 Picteolis
1512 1619 1527 1645 ,
1575 1578 1602 1607 ⁸
1649 1580 1751 1634 Ar-

187 1674 430 1740 thematis,
462 1683 522 1729 et
545 1674 809 1741 Armatae,
843 1673 1091 1728 Donatie.
1122 1672 1179 1727 In
1212 1672 1512 1739 Laodicea,
1549 1672 1747 1727 Arthe-

179 1769 274 1833 tnii,
303 1769 560 1836 Fabiani,
594 1768 821 1835 Sabini,
858 1767 1113 1835 Sidonis,
1153 1768 1394 1823 Macarii.
1436 1768 1745 1837 Ravcunm,

1867 562 2226 623 prmsentatus
2256 562 2339 610 est
2365 556 2521 613 Iesus
2552 557 2604 612 in
2638 560 2861 628 templo.
2909 560 2966 614 In
3011 561 3192 618 Africa
3213 605 3228 630 ,
3262 566 3459 625 natalis

1869 649 2117 716 Victoris,
2145 650 2356 714 Marini,
2382 651 2660 719 Honorati,
2690 653 2915 721 Urbani,
2941 655 3125 723 Hilari,
3153 658 3454 730 Perpetutc,

1858 742 2110 811 Julianze,
2140 744 2427 800 Brivatulze
2453 787 2469 812 ,
2516 756 2571 801 et
2598 747 2825 803 aliorum
2854 753 3197 822 septuaginta
3226 765 3457 825 quatuor

1802 904 1809 909 ν
1861 850 2181 911 martyrum.
2215 838 2426 905 Romze,
2457 839 2576 895 loro
2605 839 2888 909 Sinlronii,
2922 843 3006 899 via
3034 844 3319 912 Flaminia,
3352 849 3457 906 ιιιί-

1859 934 2014 989 liario
2043 934 2111 989 ab
2137 934 2270 989 urbe
2300 943 2520 989 centum
2551 937 2889 1005 septuaginta
2915 949 3180 1007 quatuor,
3214 940 3455 997 Lauren-

1860 1027 1917 1082 tii
1943 1069 1957 1093 ,
1989 1026 2289 1098 Hippolyti.
2326 1026 2393 1082 Et
2422 1029 2621 1083 natalis
2663 1031 2721 1084 S.
2769 1029 3094 1101 Fortunati,
3144 1034 3404 1091 Feliciani
3440 1079 3455 1103 ,

1858 1121 2047 1189 Firmi,
2078 1118 2330 1189 Candidi,
2362 1121 2630 1187 Castttlzn,
2678 1122 2972 1190 Secundae,
3001 1125 3230 1198 Cappaa,
3277 1128 3454 1197 Roga-

1857 1214 2037 1281 tianze,
2074 1212 2192 1277 Gai,
2223 1213 2474 1285 Gregori,
2507 1215 2827 1283 Felicitatis,
2858 1216 3082 1274 Placidi.
3116 1218 3246 1276 Item
3274 1221 3453 1279 Victo«

1855 1306 1951 1370 ris,
1982 1304 2265 1371 Martialis,
2297 1304 2647 1374 Corneliani,
2682 1308 2901 1365 SaluStii
2925 1352 2938 1376 ,
2971 1310 3153 1367 Marici
3174 1355 3187 1375 .
3223 1312 3405 1370 Urbici
3431 1356 3449 1384 ,

1853 1397 2042 1466 Pubis,
2074 1397 2428 1467 Secundiani,
2462 1400 2705 1471 Ingenui,
2734 1402 3004 1472 Mustulm,
3034 1404 3309 1473 Victurim,
3342 1408 3451 1462 Ho-

1853 1493 2043 1555 noriac,
2076 1492 2293 1557 Forosi,
2324 1492 2512 1549 Pruni.
2543 1494 2674 1549 Item
2699 1495 2931 1551 Victoris
2954 1540 2967 1564 ,
3001 1496 3224 1561 Natalis,
3257 1500 3446 1568 Primi,

1854 1584 2095 1649 llelarii,
2143 1585 2407 1656 Rogat-.e,
2455 1586 2754 1643 Saturnini.
2805 1588 3152 1655 Aurelianis,
3196 1592 3449 1663 depositio

1851 1678 2019 1731 sancti
2049 1676 2270 1732 Fusculi
2300 1679 2563 1751 episcopi,
2606 1688 2653 1734 ct
2691 1679 2949 1751 depositio
2976 1681 3196 1739 Sicaria:
3223 1682 3332 1740 Dee
3365 1703 3451 1739 sa-

1852 1781 2039 1833 cratae,
2074 1788 2190 1841 qua:
2218 1771 2405 1825 ibidem
2437 1772 2583 1826 obiit.

180 1860 473 1926 Antentasii,
508 1860 719 1927 Savini,
749 1860 1008 1917 Leodocii
1031 1905 1046 1927 ,
1076 1860 1415 1930 Theogenis,
1447 1873 1502 1917 et
1529 1861 1747 1932 triginta
1780 1842 1824 1902 Β
1923 1882 1977 1919 ιιι
2006 1881 2129 1920 non.
2165 1863 2325 1920 Febr.
2367 1866 2425 1921 In
2456 1864 2635 1922 Africa
2662 1908 2677 1933 ,
2712 1866 2912 1923 Felicis
2935 1912 2950 1937 ,
2984 1868 3268 1937 Celerinze,
3298 1871 3447 1927 Feli-

173 1972 253 2012 scx
275 1966 594 2029 martyrum,
624 1955 971 2022 Bethlehem,
1002 1955 1261 2010 dormitio
1289 1954 1347 2011 S.
1374 1955 1577 2011 Paulm.

228 2063 274 2102 νι
300 2048 399 2104 kal.
430 2048 601 2104 Febr.
646 2048 704 2103 In
731 2048 935 2115 Africa,
970 2048 1182 2111 Donati,
1215 2047 1413 2112 Dalivi,
1442 2048 1744 2113 Misuriani,

174 2139 340 2207 Publii,
374 2140 647 2206 Victoris,
683 2140 974 2208 Quintilli,
1004 2139 1283 2206 Publiani,
1315 2139 1490 2206 Festi,
1524 2139 1743 2206 Felicis,

172 2231 359 2288 Vosonii
385 2274 403 2301 ,
451 2233 707 2289 Processi
737 2274 751 2299 ,
796 2231 1049 2288 Veneriae
1070 2274 1084 2299 ,
1130 2232 1351 2288 Marium
1374 2276 1388 2300 ,
1422 2232 1743 2299 Fortunati,

172 2324 369 2382 'I‘iieosae
394 2372 408 2393 ,
455 2325 709 2398 Egoditis
732 2367 747 2393 ,
791 2325 1059 2382 Secundae
1084 2366 1099 2390 ,
1142 2324 1357 2396 Epictili
1379 2367 1393 2390 ,
1428 2325 1699 2381 Vincentii
1724 2368 1742 2396 ,

174 2416 357 2488 Rogati,
388 2418 586 2488 Primi,
613 2418 847 2482 Aurelii,
882 2417 1107 2483 llelarii,
1137 2418 1421 2489 Perpeture
1441 2460 1458 2485 ,
1488 2418 1741 2487 Juliantc,

171 2520 219 2566 ct
238 2511 455 2567 aliorum
486 2511 848 2583 quadraginta
877 2521 1131 2582 quatuor.
1158 2510 1487 2567 Nicomedia:
1508 2552 1524 2577 ,
1553 2511 1739 2568 Leaci.

171 2602 215 2658 In
240 2605 495 2675 Apolonia
519 2652 533 2675 ,
566 2604 827 2662 Gallinici
852 2647 867 2671 ,
912 2603 1106 2674 Lucii,
1149 2605 1453 2675 Honorati,
1498 2604 1697 2660 Marusi
1723 2647 1739 2672 ,

170 2695 391 2765 Secundi,
424 2696 580 2753 Casti
604 2740 619 2763 ,
658 2698 788 2760 Gai,
823 2697 1128 2754 leeSIini.
1166 2698 1392 2768 Sulpicii
1424 2698 1655 2769 episcopi
1696 2708 1743 2753 et

168 2794 470 2863 confessoris.
505 2791 573 2846 Et
606 2791 867 2846 dedicatio
896 2790 1125 2846 basilica:
1153 2791 1321 2845 sancti
1355 2788 1593 2845 Victoris.

225 2900 255 2937 ν
280 2884 377 2941 kal.
413 2885 581 2940 Febr.
623 2885 812 2940 Romae
837 2926 853 2951 ,
909 2895 1115 2939 sancta:
1161 2883 1390 2954 Agnetis
1418 2925 1433 2950 ,
1491 2872 1692 2939 Juliani
1723 2924 1740 2952 ,

166 2978 401 3047 'I‘elliani,
454 2980 682 3048 Reotti,
726 2980 993 3049 Teliptm,
1041 2977 1382 3040 Vincentius,
1429 2976 1737 3045 Victorini,

167 3071 393 3143 Secundi,
426 3074 754 3146 Papecanti,
788 3072 1047 3143 Victoris,
1077 3070 1355 3128 Emiliani
1379 3115 1393 3139 ,
1426 3080 1482 3129 et
1510 3072 1739 3129 aliorum

167 3167 352 3238 triginta
380 3168 626 3241 quinque
656 3176 983 3239 martyrum.

1851 1958 2053 2013 citatis.
2110 1956 2423 2029 Vappingo,
2478 1957 2746 2029 Depositio
2784 1956 3134 2029 Eporteredi,
3192 1960 3451 2017 Rentedii.

1849 2048 2119 2122 Lugduni,
2151 2050 2403 2122 depositio
2429 2048 2496 2104 Β.
2526 2048 2778 2119 Lupicini
2802 2052 3048 2123 episc0pi.

1922 2140 2107 2196 Pridie
2138 2157 2260 2195 non.
2296 2139 2454 2195 Febr.
2498 2139 2642 2196 Foro
2671 2142 3005 2214 Simpbronii
3030 2185 3045 2209 ,
3099 2144 3293 2200 natalis
3334 2145 3445 2201 Gc-

1849 2231 2005 2297 mitti,
2032 2232 2238 2299 Gelari,
2260 2232 2464 2302 Magni,
2495 2232 2740 2297 Donatte,
2764 2234 3023 2304 Aquilitti,
3050 2234 3286 2293 Gemini.
3314 2238 3445 2295 Item

1850 2326 2095 2390 Donatus,
2127 2325 2481 2396 TltcmOpltili
2509 2328 2749 2397 episcopi
2776 2342 2897 2382 cum
2928 2328 3036 2384 ﬁlia
3067 2344 3186 2385 sua.

1923 2418 2068 2473 Non.
2104 2417 2263 2473 Febr.
2303 2418 2360 2473 In
2409 2418 2597 2475 Sicilia
2626 2460 2640 2486 ,
2690 2419 2895 2474 (latana
2946 2421 3209 2491 civitate,
3262 2423 3445 2493 passio

1848 2523 2051 2566 sanctae
2078 2510 2303 2582 Agathae
2331 2511 2554 2582 virginis
2579 2554 2594 2578 ,
2636 2511 2823 2567 Saturi
2852 2558 2865 2581 ,
2898 2512 3181 2582 Revocati,
3215 2514 3442 2581 Gelasii,

1848 2604 2066 2673 Felicis,
2097 2605 2401 2661 Saturnini.
2444 2606 2501 2659 Itt
2535 2604 2757 2660 Oriente
2789 2605 2977 2663 Patras
3004 2607 3259 2674 civitate,
3291 2609 3445 2665 ordi-

1847 2699 1994 2755 natio
2034 2698 2384 2768 episcopatus
2425 2699 2600 2753 satieti
2649 2698 2885 2753 Andrea:
2916 2699 3161 2769 episcopi
3202 2709 3257 2755 et
3296 2716 3445 2756 mar-

1848 2792 1999 2861 tyris.
2035 2790 2250 2845 Viennae
2271 2834 2284 2858 ,
2316 2791 2565 2861 depositio
2592 2790 2731 2844 Aviti
2757 2792 2984 2862 episcOpi
3025 2802 3073 2845 ct
3108 2794 3443 2865 confessoris.

1918 2900 2011 2939 \‘lll
2040 2883 2160 2939 idus
2185 2880 2346 2938 Febr.
2388 2882 2576 2938 Romae
2607 2884 2692 2938 via
2730 2882 2904 2953 Appia
2948 2883 3001 2937 iit
3044 2883 3288 2954 ejusdem
3333 2902 3445 2942 εω-

1844 2978 2116 3045 metcrio,
2186 2979 2369 3047 passio
2420 2978 2630 3033 Soteris
2683 2978 2911 3047 virginis
2954 2986 3008 3032 et
3060 2982 3334 3052 mattyris.
3388 2984 3443 3037 ltt

1844 3071 2051 3127 Achaia
2080 3071 2385 3127 Saturnini.
2438 3071 2748 3133 Revocatm,
2783 3070 3062 3127 Victurize.
3101 3073 3157 3127 In
3190 3072 3442 3132 Caesarea

1843 3167 2224 3238 Cappadociae,
2260 3166 2439 3235 passio
2467 3178 2780 3222 sanctorum
2816 3166 3105 3223 Dorotltea:
3125 3207 3141 3234 ,
3177 3177 3233 3222 et
3263 3168 3443 3225 Theo-

219 3276 266 3316 ιν
291 3240 590 3317 norem.
636 3260 693 3316 In
722 3260 890 3317 Galba
915 3260 1156 3325 civitate,
1185 3258 1244 3315 S.
1268 3257 1443 3313 Pauli.
1469 3257 1528 3313 In
1554 3257 1737 3315 Africa
1767 3240 1813 3305 (ἶ
1844 3258 1975 3331 pbili
2019 3258 2365 3316 Scholastici.
2414 3260 2720 3332 Syracusiae
2746 3302 2760 3327 ,
2805 3262 2991 3332 passio
3021 3271 3226 3317 sanctze
3253 3262 3440 3319 Lucia:

171 3352 403 3423 Perusia},
442 3352 712 3420 Victoris,
746 3352 1029 3408 Honorati.
1069 3352 1126 3407 In
1157 3351 1383 3419 Torsia,
1415 3350 1733 3418 Constanti,

166 3442 417 3519 Hippolyti
450 3446 691 3516 epiSCOpi
724 3446 791 3501 de
833 3445 1091 3514 antiquis.
1120 3442 1376 3501 Treveris
1405 3485 1420 3511 ,
1467 3443 1736 3516 depositio

162 3538 212 3595 Β.
239 3539 429 3598 Valerii
460 3540 708 3611 episcOpi
739 3549 798 3596 et
825 3538 1064 3595 confess.

215 3648 265 3688 tu
290 3633 394 3692 kal.
435 3632 597 3688 Febr.
641 3633 700 3688 In
728 3632 1017 3689 Antiochia
1048 3675 1062 3697 ,
1114 3633 1294 3702 passio
1327 3632 1501 3688 sancti
1534 3632 1735 3704 Hippo~

158 3724 234 3796 lyti
260 3728 541 3800 martyris.
574 3727 631 3783 In
662 3727 868 3796 Africa,
906 3727 1157 3793 Pelliani,
1187 3727 1358 3791 Cleri,
1402 3727 1730 3798 Felippiaui,

157 3830 201 3873 et
223 3821 443 3878 aliorum
470 3832 687 3879 centum
717 3822 904 3894 viginti
930 3830 1183 3893 quatuor.
1216 3820 1370 3876 Cald.
1396 3824 1729 3889 monasterio,

154 3914 375 3987 depositio
407 3916 753 3972 Badechildis
781 3919 997 3991 reginw.
1032 3915 1215 3971 Corbci
1249 3918 1568 3972 monasterio
1587 3958 1601 3984 ,
1632 3917 1726 3971 de-

152 4007 311 4065 dicatio
335 4011 588 4065 Basilica:
613 4010 781 4065 sancti
801 4009 1027 4065 Joannis
1051 4009 1397 4081 evangelista.

208 4102 375 4160 Pridie
410 4103 519 4159 kal.
551 4102 712 4159 Febr.
757 4104 812 4159 In
838 4103 1205 4171 Alexandria,
1238 4102 1445 4159 Tarsici
1469 4146 1484 4171 ,
1516 4103 1689 4159 Zotici
1712 4146 1728 4172 ,

150 4196 421 4265 Ammonii,
448 4199 747 4264 Committi,
774 4197 989 4267 Cyriaci
1013 4239 1026 4262 ,
1059 4196 1310 4266 Gemini,
1342 4197 1557 4265 Gelasi,
1593 4199 1727 4270 Ilip-

147 4292 313 4361 polyti,
350 4292 555 4359 Ursini,
584 4292 764 4365 Tyrsi.
800 4291 867 4347 Et
886 4290 1069 4362 passio
1091 4299 1402 4345 sanctorum
1428 4302 1723 4362 martyrum

145 4379 390 4454 Gallinici,
410 4396 464 4441 et
487 4385 717 4440 aliorum
736 4383 1048 4455 quindecim
1070 4382 1501 4438 sacerdotum.ln
1516 4382 1723 4451 Africa,

144 4474 372 4549 Victoris,
404 4479 608 4546 Publii,
644 4478 947 4548 Saturnini,
981 4487 1036 4533 et
1064 4478 1381 4550 Polycarpi,
1418 4478 1540 4535 Gai.

529 4571 785 4629 MENSIS
824 4570 1291 4627 FEBRUARIUS.

642 4671 817 4726 liabet
846 4669 965 4726 dies
994 4685 1185 4725 xxviii.

199 4762 312 4819 Kal.
348 4764 507 4822 Febr.
553 4765 610 4822 In
643 4765 886 4832 Graecia,
930 4774 1245 4821 sanctorum
1287 4765 1574 4838 Polycarpi
1606 4770 1721 4839 cpi—

138 4858 282 4924 scopi,
319 4857 525 4923 Poenis,
555 4858 824 4931 Dionysii.
854 4857 988 4914 Item
1023 4858 1266 4927 Dionysii
1296 4874 1310 4911 :
1346 4858 1474 4913 item
1508 4858 1712 4928 Poenis,

137 4954 179 4998 et
200 4948 420 5005 aliorum
448 4949 762 5022 quindecim
796 4960 1121 5021 martyrum.
1165 4948 1219 5004 In
1263 4949 1472 5018 Africa,
1510 4950 1709 5021 Publii,

135 5036 414 5112 Saturnini,
441 5041 790 5109 Mauriniani,
821 5042 1026 5108 Libosi,
1056 5042 1380 5112 Vittcentim,
1408 5053 1462 5097 ct
1483 5044 1711 5099 aliorum

133 5129 299 5200 viginti
329 5146 584 5206 quatuor.
615 5135 671 5190 In
706 5135 985 5202 Ravenna,
1019 5135 1206 5192 Severi
1234 5135 1498 5207 episc0pi,
1535 5137 1715 5194 Victo-

132 5223 196 5278 ris
219 5268 232 5291 ,
269 5228 489 5284 Lociani
517 5271 532 5294 ,
578 5229 911 5300 Apollinaris
936 5273 950 5298 ,
1000 5230 1224 5295 llelarii,
1259 5230 1481 5296 Amoni,
1514 5232 1708 5299 Zotici,

130 5317 343 5390 Cyriaci.
380 5324 515 5381 llettt
548 5324 739 5382 Severi
779 5325 1133 5382 confessoris.
1174 5326 1246 5381 Et
1269 5326 1542 5397 depositio
1574 5328 1707 5383 Picti

130 5416 418 5493 presbyteri
456 5438 470 5475 :
515 5431 571 5476 et
620 5421 803 5492 passio
848 5432 1159 5477 sanctorum
1210 5421 1603 5491 Vindeiuialis,
1654 5433 1708 5479 et

131 5507 359 5582 Eugenii.
390 5513 457 5569 Itt
488 5514 672 5572 Scotia
704 5515 767 5573 S.
794 5513 1026 5588 Brigidw
1057 5516 1292 5589 virginis.

186 5678 210 5749 ξι
251 5669 314 5727 In
340 5672 645 5745 Campania,
674 5675 947 5749 Picteolis.
982 5675 1078 5732 IIic
1112 5686 1356 5732 sanctum
1389 5678 1700 5747 quemdam,

126 5747 263 5815 cuius
297 5760 491 5803 nomen
524 5757 671 5805 esset
717 5747 993 5804 Picteolos
1016 5791 1031 5815 ,
1074 5750 1365 5805 memorari
1397 5751 1697 5807 arbitratus

124 5821 197 5865 est
221 5813 518 5887 Acherius;
562 5829 617 5876 at
650 5819 938 5895 legendum
969 5813 1201 5879 Puteolis
1228 5861 1242 5889 ,
1287 5838 1406 5894 quac
1448 5823 1575 5883 urbs
1616 5832 1699 5880 est

125 5879 434 5958 Campaniae.

1841 3351 2063 3423 virginis
2089 3392 2102 3415 ,
2148 3352 2425 3407 Autoliatti
2451 3396 2465 3420 ,
2502 3353 2803 3409 Saturnini.
2842 3353 3047 3409 Elnone
3084 3359 3400 3412 monasterio
3424 3398 3438 3423 ,

1840 3445 2097 3516 depositio
2121 3443 2184 3500 S.
2210 3446 2434 3498 Amandi
2456 3447 2685 3517 episcOpi
2710 3455 2756 3500 et
2777 3449 3110 3519 confessoris.
3140 3449 3439 3517 Attrebatis,

1839 3536 2095 3607 depositio
2128 3535 2187 3591 S.
2229 3535 2437 3592 Vcdasti
2465 3538 2693 3609 episcopi
2718 3546 2766 3593 et
2791 3542 3126 3609 confessoris.

1909 3642 1981 3682 vit
2012 3627 2129 3682 idus
2156 3627 2312 3682 Febr.
2358 3626 2415 3683 lu
2445 3629 2720 3698 Britaniis,
2742 3632 2958 3688 civitate
2979 3635 3221 3703 Augusta
3245 3632 3442 3691 natalis

1836 3722 2032 3792 Auguli
2064 3723 2329 3793 episeopi,
2362 3724 2597 3779 Anatolii
2619 3766 2633 3791 ,
2668 3727 2938 3796 Andreae,
2970 3729 3285 3797 Ammonis,
3316 3730 3437 3786 Sta-

1837 3815 1990 3883 tiatti,
2021 3815 2333 3887 Nepotiani,
2363 3817 2664 3887 Saturnini,
2700 3820 2874 3887 Lucii,
2904 3822 3173 3879 Saturum.

1904 3925 1958 3964 γι
1988 3910 2109 3963 idus
2142 3909 2300 3966 Febr.
2344 3911 2400 3965 ltt
2450 3915 2707 3967 Armenia
2754 3915 3003 3981 minore,
3050 3916 3260 3973 Natalis
3308 3918 3438 3973 Dio—

1833 4003 2000 4073 nysii,
2034 4001 2334 4067 lEmiliani,
2363 4004 2692 4069 Sebastiani.
2725 4005 2935 4073 Romae,
2967 4007 3237 4078 depositio
3261 4013 3436 4068 sancti

1830 4096 1981 4152 Pauli
2013 4097 2277 4167 episcopi.
2314 4098 2377 4151 Et
2405 4098 2560 4166 alibi,
2595 4099 2769 4156 Lucii.

1902 4205 1936 4245 v
1965 4189 2081 4243 idus
2104 4186 2263 4244 Febr.
2306 4189 2487 4246 Suevo
2514 4193 2655 4261 apud
2678 4194 2939 4265 Cyprum,
2972 4196 3166 4251 natalis
3190 4196 3435 4255 Alexan-

1828 4282 1934 4347 dri,
1964 4282 2269 4349 Ammonis,
2304 4286 2667 4353 Alcxandrim,
2704 4287 2893 4354 Pauli,
2941 4289 3206 4361 Dionysii.
3260 4291 3325 4345 Et
3357 4292 3425 4347 ad

1832 4376 2106 4433 Mentbras
2134 4376 2187 4446 ι’,
2220 4378 2507 4433 Ammonis
2534 4422 2549 4446 ,
2597 4380 2872 4435 A‘luiiliaui
2903 4422 2920 4449 ,
2964 4381 3147 4438 Lassa:
3174 4426 3188 4451 ,
3220 4385 3429 4457 Poettii,

1828 4468 2063 4541 Didymi.
2094 4470 2227 4527 Item
2255 4470 2561 4540 Ammonis,
2597 4483 2651 4527 et
2673 4474 2905 4529 aliorum
2931 4475 3152 4547 triginta
3179 4488 3430 4548 qualtnr.

1832 4564 1899 4619 Et
1927 4564 2200 4635 depositio
2230 4566 2473 4621 Thema).
2511 4569 2569 4622 ln
2610 4566 2847 4639 Egypto
2873 4610 2888 4636 ,
2921 4569 3126 4627 Juliani
3152 4612 3165 4636 ,
3209 4572 3386 4629 PleSci
3411 4616 3428 4641 ,

1744 4633 1798 4694 Ῑ)
1824 4633 2043 4730 'I‘ltyrsi,
2078 4658 2242 4725 Runi,
2274 4652 2531 4716 Ccrinaui
2558 4702 2573 4727 ,
2615 4633 2790 4717 Orlasi
2815 4703 2829 4727 ,
2873 4633 3429 4735 bliligtiti,-Oridion,

1822 4752 2099 4821 Agatlton,
2132 4752 2417 4820 Recuutbi,
2455 4754 2713 4822 Bastatni,
2753 4756 3026 4826 Armatae,
3058 4758 3426 4826 Prolhiorion,

1821 4847 2021 4913 Coloti,
2051 4847 2225 4913 Arati,
2255 4842 2883 4918 'IlteOiiicc,'Yppullttsi,
2917 4851 3230 4908 Salurnillae
3254 4896 3269 4922 ,
3302 4855 3429 4926 Epi-

1824 4939 1973 5010 timi,
2007 4942 2274 5010 Serapion
2303 4984 2318 5010 ,
2351 4942 2686 5011 Liastiuoni,
2721 4943 2901 5015 Papim
2925 4988 2938 5012 ,
2969 4946 3230 5017 Pampiri,
3265 4947 3424 5003 Dios-

1819 5036 1956 5099 cori,
1985 5036 2199 5101 Erndii,
2230 5037 2516 5105 Potanion,
2538 5038 2797 5107 Petecou,
2824 5041 3123 5106 Dccomini,
3147 5041 3427 5110 Dioscodi,

1820 5124 2028 5196 Zotim,
2061 5128 2259 5185 Ciriaci
2285 5172 2299 5198 ,
2338 5127 2535 5199 Papiae.
2577 5128 2645 5183 ln
2678 5128 2923 5185 Parrona
2949 5173 2962 5195 ,
3010 5132 3207 5186 natalis
3240 5131 3427 5189 Γυνιὶ

1816 5222 2148 5295 confessoris.

1886 5332 1941 5370 tv
1989 5320 2108 5373 idus
2153 5317 2310 5375 Febr.
2345 5316 2402 5373 lu
2450 5316 2814 5386 Alexandria,
2867 5316 3046 5387 passio
3093 5318 3417 5391 Apollonis,

1812 5416 2035 5472 Prothei
2055 5458 2068 5480 ,
2092 5415 2309 5469 Orionis
2334 5460 2348 5483 ,
2379 5414 2530 5470 Plavi
2554 5456 2565 5480 ,
2592 5423 2647 5468 et
2679 5414 2913 5468 aliorutu
2947 5413 3161 5485 viginti.
3198 5414 3383 5469 Itonia:
3406 5457 3422 5482 ,

1810 5510 2085 5579 Sotherie,
2117 5509 2316 5577 Zotici,
2347 5507 2839 5581 Jacintihllirenei,
2864 5507 3131 5581 Dionysii.
3176 5508 3232 5565 lit
3260 5509 3420 5565 Caut-

1883 5674 1910 5713 ὶι
1949 5676 2027 5730 Ad
2072 5671 2349 5728 Mcntbras.
2395 5671 2561 5726 Forte
2591 5672 2658 5723 ml
2687 5669 2943 5727 Mandras
2972 5716 2985 5738 ,
3025 5673 3100 5727 ait
3131 5672 3415 5733 Acltcrius.

1811 5747 2015 5804 Locum
2049 5746 2168 5816 ejus
2201 5743 2697 5816 nontinisagnosco
2729 5742 2872 5816 haud
2905 5746 3061 5815 longe
3090 5759 3117 5796 a
3141 5744 3411 5804 Constan-

1810 5818 2041 5889 tinOpoli
2064 5813 2090 5883 ;'
2126 5832 2193 5872 an
2219 5831 2349 5870 vero
2382 5813 2491 5889 illic
2519 5818 2664 5889 passi
2695 5814 2808 5872 sint
2830 5861 2843 5887 ,
2889 5817 2980 5889 qui
3006 5813 3173 5888 lnuuc
3202 5832 3411 5878 memo-

1811 5886 2000 5951 rantur
2028 5895 2321 5958 martyres,
2354 5887 2449 5943 alii
2477 5886 2734 5944 viderint.
