3918 6294
480 284 587 345 “5

1511 271 1569 329 S.
1610 271 1996 331 HIERONYM!
2033 268 2321 329 OPERUM
2359 267 2727 327 MANTISSA.
3647 268 3739 329 ιιι

476 404 639 475 pania
661 441 676 469 ,
708 400 904 458 natalis
932 397 1137 456 Silvani
1179 394 1421 467 episcOpi
1444 437 1458 463 ,
1488 404 1545 450 et
1575 392 1929 451 confessoris.
1969 392 2072 449 Be-
2098 390 2150 456 Α
2176 390 2499 455 Fructuosi,
2537 388 2738 457 Primi,
2777 384 2967 453 Cicili,
3000 384 3262 453 Fabiani,
3299 384 3480 455 Pauli,
3506 386 3737 457 Maximi,

480 495 754 562 thlehem,
799 493 901 549 sub
959 489 1175 548 Herode
1217 489 1394 560 passio
1449 496 1764 543 sanctorum
1813 485 2077 552 Andrem,

484 586 675 659 Apori.
714 585 1006 642 Sanctonas
1044 584 1277 649 civitate,
1323 581 1575 654 depositio
1619 580 1817 636 Urbani
1851 578 2083 653 episcoivi

490 690 539 737 et
566 679 896 749 confessoris.
934 677 999 732 Et
1028 674 1385 748 Bnldegundae
1404 674 1697 733 abbatissa.

555 787 615 829 III
654 772 773 826 ida:
811 767 943 825 Feb.
994 769 1049 824 In
1102 768 1368 839 Apamia,
1422 768 1631 832 Poenis,
1686 765 1934 837 Eofraxi,
1977 766 2082 822 Ar-

488 874 669 920 matae.
705 864 760 921 In
786 861 1120 934 Campania,
1156 859 1412 917 Basiliam
1438 900 1452 929 ,
1486 859 1751 925 Amantii,
1793 858 1986 915 Talici.
2026 859 2082 914 In

486 958 698 1024 Africa,
724 957 990 1026 Victoris,
1022 955 1221 1013 Felicis
1244 995 1260 1022 ,
1297 954 1577 1019 Januarii,
1622 952 1839 1019 Vitalis,
1880 951 2081 1018 Zotici,

485 1049 681 1106 Ciriaci
702 1090 717 1117 ,
745 1048 1064 1119 Ammonis,
1091 1048 1380 1114 Pelionici,
1417 1045 1628 1115 Basilii,
1670 1045 1945 1103 Germani.
1978 1044 2084 1100 Bo-

487 1158 588 1198 mae
603 1184 618 1210 ,
651 1140 955 1199 Sorotedis.

556 1234 739 1291 Pridie
766 1234 884 1290 idus
916 1231 1075 1287 Febr.
1126 1231 1185 1288 In
1231 1229 1442 1293 Africa.
1488 1229 1668 1300 passio
1704 1228 1764 1286 S.
1799 1228 2083 1296 Domiani,

485 1326 762 1381 Victuriae.
790 1322 1118 1396 Carthagine
1146 1368 1160 1393 ,
1206 1322 1459 1389 Posinni,
1507 1321 1768 1388 Modesti,
1803 1320 2083 1376 Revocati.

485 1418 543 1473 In
567 1416 928 1486 AleXandria,
961 1416 1167 1472 Juliani
1188 1456 1203 1481 ,
1237 1413 1470 1470 Victoris
1496 1456 1509 1477 ,
1547 1412 1777 1479 Felicis,
1809 1411 2081 1483 Secundi,

488 1510 802 1579 Severiani,
861 1509 1117 1580 Carpori,
1169 1508 1389 1576 Gertni,
1442 1506 1711 1576 Quiriaci,
1762 1506 2083 1575 Ammonis,

2186 485 2407 547 Urbani.
2434 485 2493 542 In
2524 482 2786 553 llispania
2807 524 2821 549 ,
2857 480 3157 536 Barcinone
3181 520 3196 545 ,
3231 482 3428 551 passio.
3455 482 3508 536 S.
3538 480 3739 538 Cuculao

2184 580 2270 636 tis.
2301 579 2360 634 In
2401 578 2621 647 Africa,
2672 573 2912 632 Maximi.
2948 573 3078 630 Item
3106 573 3377 629 Vincentii
3398 613 3415 638 ,
3445 573 3615 642 Pauli,
3647 574 3739 632 Ilo-

2184 674 2390 736 norati,
2426 672 2583 728 Mart.
2633 670 2771 727 Item
2811 669 3047 731 Maximi.
3093 667 3223 724 Item
3246 667 3436 735 Pauli,
3479 668 3738 735 Martialis,

2182 766 2377 836 'I‘erapi
2401 808 2414 831 ,
2447 765 2613 821 Marci
2636 809 2651 833 ,
2682 764 2874 835 Marpi.
2905 761 3220 819 Nicomedia
3250 762 3431 833 passio
3458 764 3513 819 ὃ.
3544 763 3741 820 Julian:

2182 860 2445 932 v'rginis,
2494 869 2550 916 et
2577 859 2851 932 Martyris.
2883 858 3015 914 Item
3056 857 3261 927 Marci,
3309 857 3592 923 Martialis,
3620 857 3741 913 Mar-

2183 956 2303 1013 celli
2327 997 2341 1022 ,
2376 956 2602 1026 Donati,
2633 953 2901 1020 Secundi,
2936 952 3205 1024 Marcopi,
3230 951 3491 1008 Lucellre.
3517 949 3642 1007 Item
3662 950 3744 1009 Se-

2183 1050 2345 1107 cundi
2372 1091 2386 1116 ,
2427 1048 2711 1115 Maxima,
2756 1046 2950 1112 Sauli,
2999 1044 3293 1114 Stuporis,
3337 1042 3585 1112 Mustaci,
3622 1043 3743 1100 Prat-

2185 1145 2388 1211 sentis,
2414 1143 2709 1209 Secundae,
2738 1140 2997 1205 Jonellm,
3028 1147 3082 1194 et
3111 1154 3235 1194 cum
3267 1138 3351 1195 eis
3376 1149 3586 1195 comam
3609 1138 3745 1209 quin-

2185 1239 2443 1309 quaginta
2461 1248 2708 1309 quatuor.
2740 1233 2974 1291 Fisinari
2999 1278 3013 1303 ,
3043 1232 3347 1302 Pamphili,
3380 1232 3611 1289 Valentis
3647 1230 3747 1288 dia-

2186 1331 2348 1395 coni,
2404 1328 2650 1394 Seleuci,
2706 1326 2938 1392 Proﬁdi,
2991 1324 3320 1396 Theophili,
3373 1323 3599 1389 Iuliani,
3641 1338 3743 1380 eum

2187 1422 2457 1496 Egyptiis
2494 1437 2721 1478 numero
2746 1463 2762 1489 ,
2803 1420 3047 1492 quinque
3086 1419 3340 1475 millium.
3380 1418 3446 1474 Et
3495 1417 3644 1483 alibi,
3669 1417 3745 1472 tle-

2188 1516 2387 1588 positio
2421 1515 2655 1573 Setradii
2680 1515 2943 1586 episcopi.

488 1602 793 1674 Pamphili,
843 1600 1163 1669 Dorodteao,
1216 1597 1525 1670 Theophili.
1581 1598 1711 1653 Item
1755 1590 1977 1653 Juliani.
2025 1595 2085 1653 In
2263 1625 2355 1666 ml
2385 1609 2489 1665 και,
2518 1608 2721 1663 κατιεῖ,
2754 1608 2811 1663 ιη
2844 1606 3024 1663 Africa
3050 1603 3621 1670 είγίιριοοοηεοιιάίε,
3646 1616 3748 1674 με.

486 1694 678 1764 Italia,
714 1695 943 1762 Donati,
992 1692 1264 1760 Heraclii,
1304 1690 1610 1758 Vincentii,
1650 1691 1951 1760 Susanna},
1981 1691 2083 1746 Or-
2189 1702 2269 1757 sit.
2323 1711 2633 1757 εεηριοι-υηι
2692 1699 2920 1767 Donati,
2976 1697 3344 1763 δεευῃὼεηῑ,
3386 1694 3657 1768 Ρειηιριιυί,
3700 1692 3746 1751 ιιι

487 1789 674 1856 hante,
719 1787 986 1855 Donatm,
1029 1785 1278 1842 Eulaliaz.
1323 1785 1389 1840 Et
1429 1785 1696 1856 depositio
1737 1786 1909 1842 sancti
1943 1785 2085 1844 Sim-
2121 1785 2164 1845 Β
2195 1795 2476 1865 Aquileia,
2526 1794 2890 1860 Crisantiani,
2941 1792 3146 1860 Eutiei,
3178 1789 3533 1853 Concordiae,
3569 1789 3744 1854 iustae,

490 1880 635 1953 Ριίείί
668 1880 932 1953 episcopi.
2192 1886 2404 1942 Romoli
2431 1930 2444 1954 ,
2478 1883 2703 1950 Saloni,
2743 1883 2988 1950 Silvani,
3015 1892 3072 1940 et
3090 1882 3327 1941 aliorum
3362 1881 3619 1950 octoginta
3640 1895 3747 1949 qua~

560 1974 692 2029 Idus
734 1972 863 2028 Feb.
906 1972 962 2028 In
1016 1970 1327 2028 Nicomedia
1354 2011 1368 2038 ,
1418 1969 1600 2041 passio
1651 1968 1710 2026 S.
1754 1970 1977 2028 Jttliani.
2030 1971 2084 2029 In
2191 1989 2334 2048 tuor,
2362 1995 2594 2049 quorum
2626 1979 2847 2035 nomina
2874 1979 3018 2035 Deus
3042 1978 3167 2033 scit.
3215 1977 3285 2033 Et
3321 1973 3746 2041 alibi,.lanttarii,

490 2065 818 2123 Alexandria
843 2106 858 2132 ,
908 2062 1171 2132 Tulliani,
1224 2062 1527 2118 Ammonis.
1570 2062 1638 2118 Et
1678 2061 1842 2130 alibi,
1891 2064 2087 2121 natalis
2190 2071 2474 2131 Feliciani.
2510 2071 2642 2129 Item
2671 2070 2945 2135 Januarii,
2973 2070 3187 2135 Donati,
3221 2067 3391 2124 Casii.
3422 2067 3545 2125 Item
3567 2065 3748 2128 Donati,

489 2158 733 2227 Dicenti,
784 2158 1070 2231 Simplicii.
1112 2155 1392 2231 Lugduno,
1435 2158 1690 2231 depositio
1728 2156 1799 2214 Β.
1833 2156 2089 2229 Stephani
2191 2165 2462 2231 Victoris,
2515 2164 2751 2235 Αευρω,
2808 2164 3154 2226 Donatium,
3212 2159 3515 2226 Guddinis,
3576 2157 3749 2220 Dativi,

489 2255 736 2327 episcopi.
2192 2256 2579 2322 Fortunionis,
2628 2256 2933 2321 Marcellae,
2964 2253 3293 2323 Quintiani,
3330 2252 3505 2309 Julian.
3536 2251 3652 2307 Item
3676 2248 3751 2305 Ja-

560 2366 649 2406 xvn
674 2349 782 2404 kal.
817 2348 1020 2403 Martii.
1052 2347 1108 2404 In
1131 2346 1320 2402 Tuscia
1348 2388 1363 2411 ,
1395 2346 1618 2417 Spolcto
1645 2345 1864 2401 civitate
1886 2388 1899 2412 ,
1933 2354 2086 2402 nata-
2193 2348 2372 2403 nnatii
2399 2390 2414 2415 ,
2467 2346 2789 2413 Crescenti,
2846 2347 3133 2405 leestini
3194 2346 3447 2412 Saturni,
3505 2340 3751 2413 Gipltmis.

489 2443 555 2498 lis
582 2442 775 2496 Vitalis
798 2480 817 2509 ,
844 2442 1063 2513 Cyrion.
1100 2441 1164 2495 Et
1189 2440 1436 2495 Martiani
1460 2484 1475 2508 ,
1512 2439 1716 2495 Vitalis.
1750 2438 2089 2507 Interamne,
2194 2443 2497 2501 Felicitatis
2524 2487 2538 2511 ,
2577 2442 2869 2498 Donatiani
2888 2485 2903 2508 ,
2930 2440 3179 2497 victoria:
3201 2482 3217 2505 ,
3252 2437 3461 2496 Emilia-
3482 2478 3496 2502 ,
3527 2434 3751 2498 Bassultn,

493 2534 581 2589 via
623 2533 887 2591 Flaminia
939 2533 1007 2587 ab
1052 2534 1184 2587 urbe
1230 2533 1401 2587 Roma
1444 2531 1700 2586 milliario
1753 2534 2092 2602 sexagesimo
2193 2536 2407 2602 Saturi,
2452 2536 2645 2601 Ebasi,
2691 2534 2964 2597 Secundi,
3009 2532 3244 2599 Felicis,
3287 2528 3589 2593 Octaviani,
3641 2524 3756 2585 Fauo

489 2634 715 2698 quarto,
766 2626 960 2680 natalis
1004 2626 1061 2683 8.
1097 2626 1367 2682 Vincentii
1396 2671 1410 2694 ,
1440 2625 1634 2687 Talic‘.
1666 2625 1721 2680 In
1750 2624 1910 2696 Licya
1934 2667 1950 2692 ,
1991 2640 2093 2680 na-
2195 2630 2347 2699 stini,
2383 2630 2622 2696 Albinae,
2656 2628 3000 2699 Rogaliana’,
3040 2626 3300 2692 Victoris,
3334 2622 3533 2686 Martii,
3558 2618 3753 2676 Cetuls.

494 2722 616 2775 talis
678 2728 991 2776 sanctorum
1049 2730 1347 2791 martyrum
1406 2719 1703 2785 Germani,
1764 2718 1981 2775 Juliani.
2034 2718 2091 2775 1n
2198 2723 2412 2778 Rutula:
2441 2720 2965 2787 Silvani,Guovili.

493 2814 856 2881 Alexandria,
908 2814 1106 2871 natalis
1151 2825 1460 2870 sanctorum
1512 2815 1766 2880 Basiani,
1823 2813 2089 2881 Toniooi,

494 2909 738 2975 Moseos,
769 2906 967 2963 Basion
993 2948 1008 2974 ,
1051 2906 1330 2979 Dionysii,
1358 2916 1413 2963 et
1441 2908 1644 2962 Ermon
1664 2948 1679 2971 ,
1708 2905 1928 2961 Arl‘asii.
1962 2907 2093 2963 Item

497 3000 740 3071 Dionysii
772 2999 1050 3070 episcopi,
1082 2999 1301 3066 Paulis,
1336 2997 1602 3062 Levior-ii,
1634 2997 1869 3066 Orl'asii,
1902 2998 2089 3055 Plebii.
2197 2998 2385 3053 Orion.
2414 2996 2745 3066 lnterrapis,
2774 2995 2948 3059 Pauli,
2985 2993 3236 3061 Maximi,
3266 2988 3501 3048 Marcelli
3531 2981 3753 3047 Marcelli,

495 3093 627 3149 Item
657 3093 895 3163 Dionysii
910 3092 1174 3163 episcopi,
1200 3092 1483 3148 Amandei.
1511 3092 1567 3147 In
1590 3092 1829 3147 Militana
1848 3091 2092 3160 civitate,
2199 3090 2498 3157 Martialis,
2527 3089 2777 3154 Gemini,
2817 3085 3066 3156 Romuli,
3099 3085 3335 3163 Sivinm,
3379 3080 3566 3139 Castici
3589 3122 3602 3147 ,
3643 3073 3754 3130 Fru-

498 3186 693 3239 natalis
723 3184 783 3243 S.
834 3176 1140 3241 Polietiﬁln
1184 3184 1443 3241 Heraclea
1485 3184 1681 3238 natalis
1722 3183 1821 3240 SS.
1864 3183 2094 3255 Felicis,
2127 3176 2173 3241 C
2204 3183 2367 3249 ctuli,
2398 3181 2665 3237 Ianuarii.

494 3277 757 3333 Januarii.
790 3278 848 3332 In
876 3277 1117 3344 Graecia,
1152 3276 1405 3345 Palladii,
1433 3275 1775 3345 Candidiani,
1820 3276 2093 3345 Poliarcti,
2273 3293 2329 3331 χι
2360 3275 2465 3331 kal.
2502 3276 2663 3331 Mart.
2693 3274 2751 3329 In
2781 3273 2961 3330 Africa
2984 3315 3000 3342 ,
3033 3272 3233 3328 natalis
3259 3277 3565 3331 sanetornm
3586 3257 3754 3322 Publii.

499 3368 786 3426 Fileronis.
832 3371 1222 3434 Passamonas,
1271 3370 1471 3436 Jonas,
1500 3369 1844 3427 Ammonius.
1886 3368 2093 3440 Toppi,
2197 3370 2429 3434 Juliani,
2462 3367 2694 3425 Marubi.
2735 3368 2870 3424 Item
2918 3365 3152 3433 Juliani,
3202 3361 3491 3428 Barecbei,
3519 3351 3781 3415 Mamilia

496 3460 731 3526 Proditi,
776 3462 1056 3529 Prmconi,
1110 3461 1348 3533 Moysei,
1396 3460 1675 3524 Lectoris,
1724 3461 1986 3516 Januarii.
2032 3459 2095 3515 In
2198 3462 2375 3527 'l’ulii,
2411 3462 2696 3529 Latnpasi,
2728 3460 2945 3529 Majnli,
2973 3459 3135 3526 Julii,
3163 3455 3470 3515 Saturnini.

494 3556 712 3611 civitate
760 3553 1032 3625 Spolisio,
1066 3553 1284 3617 Vitalis,
1324 3564 1374 3608 et
1411 3554 1640 3608 militum
1675 3554 1970 3624 nonaginta
1999 3568 2095 3607 no-
2271 3572 2303 3612 x
2334 3555 2441 3610 kal.
2497 3554 2657 3611 Mart.
2711 3555 2864 3625 Apud
2905 3553 3176 3627 Cyprum,
3231 3550 3424 3609 natalis
3470 3538 3753 3605 Potantin

495 3666 638 3706 vent.
666 3650 722 3705 ln
751 3649 965 3717 Africa,
1002 3648 1197 3703 natalis
1228 3646 1523 3702 Valentini.
1555 3647 1862 3702 interatuue
1886 3688 1902 3712 ,
1950 3646 2093 3700 milio
2199 3649 2408 3715 Missis,
2444 3648 2686 3719 Didymi,
2719 3646 2957 3703 iocundi
2978 3688 2991 3709 ,
3039 3646 3205 3701 Flori.
3253 3646 3439 3701 Roma:
3469 3639 3548 3692 τίει
3584 3629 3755 3703 Appi“:

499 3752 610 3798 tum
655 3743 1041 3814 quinquaginta
1087 3749 1343 3812 quatuor.
1380 3738 1475 3795 Via
1513 3739 1811 3804 Flaminia,
1851 3737 2047 3793 Atheni
2075 3780 2090 3805 ,
2200 3749 2251 3802 in
2300 3746 2623 3805 rmmeterio
2667 3743 2905 3811 Calesti,
2957 3744 3228 3813 depositio
3271 3741 3369 3798 Gai
3418 3729 3660 3807 episcopi.
3704 3721 3757 3777 Et

2198 3838 2353 3903 alibi,
2388 3838 2623 3893 Victoris
2644 3877 2659 3902 ,
2695 3836 2954 3903 Coronae,
2990 3845 3045 3890 et
3075 3835 3310 3889 aliorum
3339 3832 3544 3885 decem.

2272 3947 2323 3984 ιι
2351 3928 2456 3983 kal.
2490 3929 2652 3985 Mart.
2691 3928 2747 3982 In
2775 3928 2988 3994 Attica,
3028 3929 3225 3981 natalis
3266 3933 3568 3981 sanctorum
3590 3910 3757 3974 Virnlii

2201 4023 2534 4089 Secundini,
2563 4023 2814 4088 Servuli,
2861 4022 3075 4095 Syrici,
3121 4020 3323 4076 Felicis
3346 4059 3362 4084 ,
3409 4009 3652 4071 Jocuudi,
3679 4004 3757 4061 Sa-

2205 4117 2437 4185 turnini,
2497 4116 2820 4183 Fortunati,
2872 4126 2929 4171 et
2977 4116 3213 4172 aliorum
3268 4106 3652 4183 septemdecim.
3704 4096 3755 4151 Ει

2202 4208 2379 4274 alibi,
2446 4206 2751 4272 Victurini,
2811 4206 3094 4278 Mappalici
3132 4247 3145 4268 .
3211 4203 3468 4265 Pusitini,
3520 4190 3752 4249 Tltedt‘IB.

2201 4301 2473 4370 Crispini,
2502 4301 2677 4366 Petri,
2712 4300 3039 4358 Secundohc
3065 4342 3079 4365 ,
3116 4300 3337 4356 Dinaris
3356 4338 3370 4363 ,
3398 4289 3627 4352 Rustici,
3651 4280 3753 4341 Titi.

2266 2830 2342 2870 ιιι
2372 2813 2479 2869 kal.
2515 2812 2678 2869 Mart.
2710 2813 2765 2869 ltt
2796 2811 3005 2877 Africa,
3037 2809 3247 2866 natalis
3267 2815 3573 2864 sanctorum
3597 2798 3753 2864 Ritnli,

2197 2906 2441 2971 Silvani,
2506 2904 2740 2970 Clasici,
2810 2902 3141 2966 Secundini,
3207 2897 3474 2962 Fructuli,
3539 2890 3754 2954 Damasi,

497 3837 795 3905 Martiani,
860 3836 1093 3902 'l'hioni,
1164 3833 1448 3902 Celerini,
1514 3832 1712 3903 Magni.
1768 3830 1825 3887 In
1874 3830 2092 3897 Sicilia,

495 3929 682 3998 Egias,
706 3928 905 3986 Juliani
929 3970 943 3993 ,
966 3927 1146 3999 passio
1167 3925 1224 3982 S.
1256 3926 1446 3982 Sereni
1468 3926 1745 3997 martyris.
1770 3923 1830 3980 In
1860 3924 2098 3978 Alexan-

493 4021 610 4075 dria
639 4063 653 4087 ,
689 4019 1002 4087 Saturnini,
1032 4019 1327 4083 Prmcouii,
1359 4018 1596 4074 Maximi.

568 4129 638 4168 xv
653 4112 756 4168 Ital.
778 4112 935 4167 Mart.
952 4112 1010 4167 ln
1038 4110 1347 4177 Antiochia,
1369 4111 1563 4165 natalis
1580 4110 1823 4181 Joseppi,
1850 4110 2093 4174 Diacoui,

500 4205 767 4272 Zenonis,
801 4205 1111 4274 Apollonis,
1156 4204 1378 4267 Phoebi,
1420 4204 1683 4268 Romani,
1724 4204 1961 4271 Zosimi,
1991 4204 2097 4259 Ba-

499 4298 650 4367 radi,
698 4298 915 4365 llulini,
970 4297 1093 4353 Zosi
1144 4296 1466 4370 presbyteri.
1513 4298 1860 4363 lnteromue,
1903 4298 2099 4352 natalis

501 4404 703 4448 sancta:
734 4392 935 4464 Agapae
963 4391 1221 4465 virginis,
1254 4391 1564 4460 Satttrnini,
1596 4391 1867 4458 Castnlm,
1896 4393 2096 4463 Magni,
2203 4397 2458 4464 Tttmuli,
2504 4398 2770 4464 Massedi,
2822 4396 2991 4463 Iusti,
3042 4396 3259 4453 Securi.
3313 4394 3477 4454 Item,
3519 4373 3752 4438 Massedi,

502 4484 691 4555 Lucii,
716 4485 940 4555 Rogati,
971 4485 1198 4541 Icannis
1218 4529 1233 4553 ,
1264 4493 1317 4539 et
1347 4484 1580 4540 aliorum
1624 4483 1910 4540 duodecim
1956 4500 2100 4540 mar-
2204 4489 2437 4546 Gtoriosi
2459 4534 2472 4556 ,
2508 4488 2821 4546 Alciatoris.
2854 4490 2982 4545 Item
3013 4487 3152 4544 Juati
3181 4529 3195 4556 ,
3244 4477 3513 4543 Amatoris
3534 4519 3548 4544 ,
3585 4470 3755 4529 Secun-

499 4586 696 4648 tyrnm.
745 4579 1049 4634 Barcinone
1078 4579 1130 4633 in
1174 4577 1483 4648 Hispaniis,
1535 4578 1715 4647 passio
1762 4586 1962 4633 sancta!
1996 4578 2100 4633 Lo-
2127 4577 2179 4637 D
2203 4583 2321 4649 dm,
2354 4582 2563 4654 Syrici,
2592 4580 2847 4638 Jovundi.
3698 4644 3723 4655 η

496 4646 764 4742 ρίιιιηιῑιιε.
808 4670 864 4726 In
915 4670 1103 4741 Syria,
1154 4646 1386 4737 Aventi,
1431 4646 1597 4738 Sixti,
1646 4671 1933 4742 Pompini,
1984 4672 2097 4728 Ge-
2271 4646 2365 4730 vin
2395 4646 2499 4729 imi.
2532 4674 2695 4730 Mart.
2729 4673 2934 4730 Natalis
2956 4672 3235 4729 cathedra:
3260 4671 3315 4727 S.
3358 4660 3497 4724 Petri
3523 4646 3750 4742 θρο⁵¹ίξ⁵ίν

505 4740 677 4827 melli,
709 4740 1279 4828 Victoris,Generosi.
1312 4763 1441 4819 Item
1470 4765 1722 4831 Victoris,
1754 4740 2093 4833 Gemelliani,
2204 4783 2307 4835 qua
2340 4769 2480 4823 sedit
2509 4768 2650 4840 apud
2682 4767 3053 4823 Antiochiam.
3082 4763 3444 4823 Nicomedia',
3471 4740 3752 4840 natalisitt‘

497 4854 754 4928 Coturni,
801 4855 1009 4912 Castuli
1037 4898 1052 4924 ,
1091 4855 1314 4913 Ianuari
1341 4899 1357 4924 ,
1390 4867 1445 4913 et
1483 4857 1754 4930 depositio
1792 4860 1961 4914 sancti
1992 4856 2097 4914 Sil-
2203 4862 2302 4917 cla:
2344 4835 2565 4933 virginis
2595 4862 2878 4933 discipula:
2917 4862 2976 4918 S.
3021 4860 3171 4916 Pauli
3213 4854 3461 4930 apostoli.
3491 4847 3543 4902 In
3572 4835 3752 4933 Mrifav

499 4949 659 5005 Vinii-
2205 4955 2402 5009 natalis
2427 4965 2736 5012 sanctorum
2787 4954 3083 5023 Victurini,
3115 4953 3342 5018 Nuceri,
3377 4936 3589 5002 Palatini
3611 4976 3627 5000 ν
3666 4928 3753 5027 D‘f‘

569 5060 659 5098 xw
698 5042 804 5099 kal.
855 5042 1013 5097 Mart.
1058 5043 1113 5100 In
1159 5044 1481 5109 Britanniis,
1537 5046 1728 5101 natalis
1777 5056 2097 5103 sanctorum
2205 5052 2345 5114 nati,
2382 5050 2656 5114 Fortunae,
2688 5064 2739 5107 et
2770 5053 3004 5108 aliorum
3037 5050 3226 5121 viginti
3260 5056 3469 5103 novem.
3500 5035 3665 5090 Romae
3683 5030 3751 5121 tta

497 5134 771 5198 Faustini,
803 5135 1087 5191 Joventire.
1116 5137 1183 5191 Et
1210 5138 1378 5204 alibi,
1412 5138 1587 5205 Blesi,
1628 5139 1823 5194 Ilonasi
1845 5181 1859 5204 ,
1889 5140 2088 5211 Diony-
2202 5142 2484 5199 Tiburtina
2531 5142 2597 5197 ad
2651 5152 2897 5198 sanctum
2928 5120 3314 5206 Laurentium,
3362 5129 3547 5191 natalis
3579 5120 3751 5211 saltm“:

498 5229 596 5295 sii,
670 5229 963 5301 llierappi,
1034 5231 1324 5297 Martialis,
1392 5232 1747 5299 Nundinarii,
1814 5234 2092 5307 Prusiani,

500 5322 676 5391 Pattli,
706 5320 979 5393 Gallonis,
1015 5324 1263 5395 lIonorii,
1292 5324 1552 5392 Jocundi,
1586 5326 1785 5395 Memii,
1819 5327 2092 5397 Vincenti,

568 5520 593 5587 ξ
619 5511 759 5587 Item
782 5510 1076 5587 Nicomedi.
1104 5511 1310 5582 Duplex
1335 5510 1438 5566 hoc
1466 5512 1585 5567 locn
1606 5511 1810 5587 librarii
1842 5514 2049 5587 ᾳφάλμα
2066 5554 2080 5573 .

491 5583 787 5640 Acherium
831 5584 883 5638 in
931 5584 1197 5652 duplicem
1238 5599 1482 5639 errorem
1533 5584 1791 5639 induxit:
1847 5583 1985 5638 Nam
2031 5594 2086 5639 et

494 5656 839 5711 Nicomedum
865 5654 1115 5726 agnovit,
1148 5656 1236 5711 ubi
1270 5655 1562 5726 legendum
1602 5666 1720 5709 erat
1753 5655 2080 5722 Νἱσοοηεάία,

490 5742 594 5797 qua
628 5727 679 5781 in
712 5730 847 5782 urbe
878 5727 1020 5797 passi
1052 5726 1327 5796 erantqui
1374 5744 1515 5783 nunc
1558 5737 1909 5783 recensentur
1944 5742 2084 5782 mar-

492 5806 640 5867 tyres
664 5838 679 5864 ,
711 5808 768 5855 et
796 5799 937 5857 inter
964 5813 1061 5856 eos
1088 5813 1252 5857 unum
1281 5798 1617 5867 numeravit,
1648 5802 1733 5857 cui
1766 5814 1964 5859 nomen
1998 5813 2084 5857 es-

2202 5236 2550 5305 Concordiaa,
2586 5236 2817 5306 Felicis,
2860 5238 3071 5311 Syrmia
3094 5285 3107 5309 ,
3151 5236 3343 5296 natalis
3373 5229 3427 5284 S.
3468 5210 3670 5311 Seueri.
3703 5206 3750 5305 ει

2203 5333 2432 5389 aliorum
2479 5332 2823 5405 septuaginta
2852 5306 2981 5388 duo.
3013 5306 3145 5389 Item
3176 5319 3445 5388 Nicomedi
3468 5325 3491 5352 ει
3513 5354 3526 5380 ,
3555 5306 3713 5366 Eutcrt
3733 5330 3747 5358 ,

2193 5520 2276 5566 set
2319 5510 2643 5590 Palatinus,
2686 5524 2810 5590 cum
2862 5510 2949 5590 i_l_la
2992 5523 3125 5590 voce
3165 5478 3747 5590 Martyro‘l-oginiascgplg:

2194 5598 2302 5676 poi
2321 5584 2521 5676 docere
2560 5553 2793 5671 vo:luerit
2818 5623 2831 5649 ,
2869 5582 3147 5676 Euteriut'n
3182 5553 3340 5676 imp?“
3370 5553 3742 5676 Ec:

2191 5658 2241 5739 έγ
2265 5656 2563 5740 βασεᾏξκαῖς
2584 5634 2853 5740 οἰκετίαεςῖ.
2872 5663 2929 5708 υι
2949 5668 3070 5709 cum
3086 5634 3743 5740 ,θξυεεδίοὲξδέἓῖῑίῗῗξὲῗὲ

2193 5704 2476 5784 εἱέξῖίῖὶί).
2512 5704 2604 5780 vin
2626 5740 2743 5793 cap.
2780 5704 3243 5796 liyloriuj't—rrldeﬁm'
3278 5725 3429 5773 error
3455 5704 3604 5782 variis
3631 5704 3739 5762 toi”?

2197 5798 2465 5821 -------_:..
2518 5812 2640 5821 ..-η
2691 5806 2737 5821 Α.
2793 5806 2945 5821 -.ι-,Α
2998 5796 3089 5821 ιλιι
3157 5792 3291 5821 ιιι-ιι
3363 5784 3497 5821 Dnlrl
3543 5761 3738 5821 Palatini

2192 5798 2467 5864 occurrit;
2516 5812 2641 5853 nam
2687 5784 2740 5853 et
2792 5784 2947 5855 sexto
2998 5796 3102 5853 kal.
3157 5788 3315 5851 Mart.
3363 5784 3497 5839 Petri
3544 5784 3591 5821 γέ
