  <div class='ocr_page' id='page_1' title='image "/cluster/home/n/w/nwhite01/storage/ocr_20150623/30/hvd.32044096580535/234.png"; bbox 0 0 3918 6294; ppageno 0'>
   <div class='ocr_carea' id='block_1_1' title="bbox 144 272 225 332">
    <p class='ocr_par' dir='ltr' id='par_1_1' title="bbox 144 272 225 332">
     <span class='ocr_line' id='line_1_1' title="bbox 144 272 225 332; baseline 0.025 -2"><span class='ocrx_word' id='word_1_1' title='bbox 144 272 225 332; x_wconf 67' lang='grc' dir='ltr'><strong>ΗΘ</strong></span> 
     </span>
    </p>
   </div>
   <div class='ocr_carea' id='block_1_2' title="bbox 1155 257 2282 323">
    <p class='ocr_par' dir='ltr' id='par_1_2' title="bbox 1155 257 2282 323">
     <span class='ocr_line' id='line_1_2' title="bbox 1155 257 2282 323; baseline -0.003 0"><span class='ocrx_word' id='word_1_2' title='bbox 1155 259 1719 323; x_wconf 73' lang='lat' dir='ltr'><strong>VETUSTISSIMUM</strong></span> <span class='ocrx_word' id='word_1_3' title='bbox 1756 257 2282 322; x_wconf 69' lang='grc' dir='ltr'>κΑιεΝυΑιιιιιιι.</span> 
     </span>
    </p>
   </div>
   <div class='ocr_carea' id='block_1_3' title="bbox 3268 268 3378 328">
    <p class='ocr_par' dir='ltr' id='par_1_3' title="bbox 3268 268 3378 328">
     <span class='ocr_line' id='line_1_3' title="bbox 3268 268 3378 328; baseline 0 -1"><span class='ocrx_word' id='word_1_4' title='bbox 3268 268 3378 328; x_wconf 66' lang='grc'><strong>450</strong></span> 
     </span>
    </p>
   </div>
   <div class='ocr_carea' id='block_1_4' title="bbox 144 377 3381 459">
    <p class='ocr_par' dir='ltr' id='par_1_4' title="bbox 144 377 3381 459">
     <span class='ocr_line' id='line_1_4' title="bbox 144 377 3381 459; baseline -0.001 -13"><span class='ocrx_word' id='word_1_5' title='bbox 144 386 363 446; x_wconf 84' lang='lat' dir='ltr'><strong>Theodori</strong></span> <span class='ocrx_word' id='word_1_6' title='bbox 384 382 711 459; x_wconf 84' lang='lat' dir='ltr'><strong>presbyteri.</strong></span> <span class='ocrx_word' id='word_1_7' title='bbox 739 380 797 440; x_wconf 89' lang='lat' dir='ltr'><strong>ln</strong></span> <span class='ocrx_word' id='word_1_8' title='bbox 826 378 1142 445; x_wconf 88' lang='lat' dir='ltr'><strong>Provincia,</strong></span> <span class='ocrx_word' id='word_1_9' title='bbox 1176 377 1465 449; x_wconf 78' lang='lat' dir='ltr'><strong>Carmilhe,</strong></span> <span class='ocrx_word' id='word_1_10' title='bbox 1498 378 1674 445; x_wconf 81' lang='lat' dir='ltr'><strong>Pauli,</strong></span> <span class='ocrx_word' id='word_1_11' title='bbox 1702 378 1755 439; x_wconf 76' lang='grc' dir='ltr'><strong>Α</strong></span> <span class='ocrx_word' id='word_1_12' title='bbox 1785 377 2021 448; x_wconf 74' lang='lat' dir='ltr'><strong>Agapiti,</strong></span> <span class='ocrx_word' id='word_1_13' title='bbox 2058 380 2323 455; x_wconf 85' lang='lat' dir='ltr'><strong>Dionysii,</strong></span> <span class='ocrx_word' id='word_1_14' title='bbox 2371 388 2424 439; x_wconf 91' lang='lat' dir='ltr'><strong>el</strong></span> <span class='ocrx_word' id='word_1_15' title='bbox 2471 381 2701 440; x_wconf 90' lang='lat' dir='ltr'><strong>aliorum</strong></span> <span class='ocrx_word' id='word_1_16' title='bbox 2734 397 2747 439; x_wconf 90' lang='lat'><strong>:</strong></span> <span class='ocrx_word' id='word_1_17' title='bbox 2781 382 3147 456; x_wconf 87' lang='lat' dir='ltr'><strong>Gordonioni,</strong></span> <span class='ocrx_word' id='word_1_18' title='bbox 3180 384 3381 458; x_wconf 77' lang='lat' dir='ltr'><strong>Magni,</strong></span> 
     </span>
    </p>
   </div>
   <div class='ocr_carea' id='block_1_5' title="bbox 142 474 1673 548">
    <p class='ocr_par' dir='ltr' id='par_1_5' title="bbox 142 474 1673 548">
     <span class='ocr_line' id='line_1_5' title="bbox 142 474 1673 548; baseline -0.007 -10"><span class='ocrx_word' id='word_1_19' title='bbox 142 483 359 548; x_wconf 64' lang='lat' dir='ltr'><strong>Cesarite,</strong></span> <span class='ocrx_word' id='word_1_20' title='bbox 386 481 612 545; x_wconf 78' lang='lat' dir='ltr'><strong>Juliani,</strong></span> <span class='ocrx_word' id='word_1_21' title='bbox 639 479 776 537; x_wconf 85' lang='lat' dir='ltr'><strong>Juli.</strong></span> <span class='ocrx_word' id='word_1_22' title='bbox 807 479 865 533; x_wconf 90' lang='lat' dir='ltr'><strong>ln</strong></span> <span class='ocrx_word' id='word_1_23' title='bbox 896 478 1125 534; x_wconf 90' lang='lat' dir='ltr'><strong>civitate</strong></span> <span class='ocrx_word' id='word_1_24' title='bbox 1153 474 1391 533; x_wconf 82' lang='lat' dir='ltr'><strong>Carsaria</strong></span> <span class='ocrx_word' id='word_1_25' title='bbox 1416 517 1429 538; x_wconf 85' lang='lat'><strong>.</strong></span> <span class='ocrx_word' id='word_1_26' title='bbox 1462 474 1638 543; x_wconf 80' lang='lat' dir='ltr'><strong>Agatii</strong></span> <span class='ocrx_word' id='word_1_27' title='bbox 1658 515 1673 539; x_wconf 94' lang='lat'><strong>,</strong></span> 
     </span>
    </p>
   </div>
   <div class='ocr_carea' id='block_1_6' title="bbox 141 565 1673 643">
    <p class='ocr_par' dir='ltr' id='par_1_6' title="bbox 141 565 1673 643">
     <span class='ocr_line' id='line_1_6' title="bbox 141 565 1673 643; baseline -0.008 -10"><span class='ocrx_word' id='word_1_28' title='bbox 141 575 399 633; x_wconf 77' lang='lat' dir='ltr'><strong>Alexandri.</strong></span> <span class='ocrx_word' id='word_1_29' title='bbox 429 574 557 629; x_wconf 87' lang='lat' dir='ltr'><strong>Item</strong></span> <span class='ocrx_word' id='word_1_30' title='bbox 602 572 850 640; x_wconf 83' lang='lat' dir='ltr'><strong>Fidelis,</strong></span> <span class='ocrx_word' id='word_1_31' title='bbox 893 568 1172 643; x_wconf 86' lang='lat' dir='ltr'><strong>Tyomoli,</strong></span> <span class='ocrx_word' id='word_1_32' title='bbox 1225 567 1495 640; x_wconf 81' lang='lat' dir='ltr'><strong>Dionysii.</strong></span> <span class='ocrx_word' id='word_1_33' title='bbox 1541 565 1673 623; x_wconf 87' lang='lat' dir='ltr'><strong>Item</strong></span> 
     </span>
    </p>
   </div>
   <div class='ocr_carea' id='block_1_7' title="bbox 142 666 606 740">
    <p class='ocr_par' dir='ltr' id='par_1_7' title="bbox 142 666 606 740">
     <span class='ocr_line' id='line_1_7' title="bbox 142 666 606 740; baseline -0.009 -17"><span class='ocrx_word' id='word_1_34' title='bbox 142 667 356 740; x_wconf 81' lang='lat' dir='ltr'><strong>Dionysii,</strong></span> <span class='ocrx_word' id='word_1_35' title='bbox 380 666 606 722; x_wconf 83' lang='lat' dir='ltr'><strong>Rustici.</strong></span> 
     </span>
    </p>
   </div>
   <div class='ocr_carea' id='block_1_8' title="bbox 193 752 1675 833">
    <p class='ocr_par' dir='ltr' id='par_1_8' title="bbox 193 752 1675 833">
     <span class='ocr_line' id='line_1_8' title="bbox 193 752 1675 833; baseline -0.009 -15"><span class='ocrx_word' id='word_1_36' title='bbox 193 777 239 818; x_wconf 80' lang='grc' dir='ltr'><strong>ιι</strong></span> <span class='ocrx_word' id='word_1_37' title='bbox 262 760 352 815; x_wconf 79' lang='lat' dir='ltr'><strong>kal.</strong></span> <span class='ocrx_word' id='word_1_38' title='bbox 377 760 540 833; x_wconf 90' lang='lat' dir='ltr'><strong>April.</strong></span> <span class='ocrx_word' id='word_1_39' title='bbox 571 758 628 815; x_wconf 87' lang='lat' dir='ltr'><strong>In</strong></span> <span class='ocrx_word' id='word_1_40' title='bbox 660 758 842 830; x_wconf 83' lang='lat' dir='ltr'><strong>Syria,</strong></span> <span class='ocrx_word' id='word_1_41' title='bbox 875 756 1078 815; x_wconf 90' lang='lat' dir='ltr'><strong>Seluci.</strong></span> <span class='ocrx_word' id='word_1_42' title='bbox 1106 756 1162 813; x_wconf 87' lang='lat' dir='ltr'><strong>In</strong></span> <span class='ocrx_word' id='word_1_43' title='bbox 1193 755 1396 819; x_wconf 80' lang='lat' dir='ltr'><strong>Africa,</strong></span> <span class='ocrx_word' id='word_1_44' title='bbox 1420 752 1635 825; x_wconf 87' lang='lat' dir='ltr'><strong>Agapiti</strong></span> <span class='ocrx_word' id='word_1_45' title='bbox 1660 793 1675 818; x_wconf 93' lang='lat'><strong>,</strong></span> 
     </span>
    </p>
   </div>
   <div class='ocr_carea' id='block_1_9' title="bbox 150 842 1679 924">
    <p class='ocr_par' dir='ltr' id='par_1_9' title="bbox 150 842 1679 924">
     <span class='ocr_line' id='line_1_9' title="bbox 150 842 1679 924; baseline -0.008 -15"><span class='ocrx_word' id='word_1_46' title='bbox 150 853 301 917; x_wconf 72' lang='lat' dir='ltr'><strong>Molai,</strong></span> <span class='ocrx_word' id='word_1_47' title='bbox 324 852 549 917; x_wconf 81' lang='lat' dir='ltr'><strong>Romuli,</strong></span> <span class='ocrx_word' id='word_1_48' title='bbox 573 851 813 924; x_wconf 89' lang='lat' dir='ltr'><strong>Physon,</strong></span> <span class='ocrx_word' id='word_1_49' title='bbox 838 849 1159 917; x_wconf 82' lang='lat' dir='ltr'><strong>Alexandri,</strong></span> <span class='ocrx_word' id='word_1_50' title='bbox 1187 847 1422 917; x_wconf 82' lang='lat' dir='ltr'><strong>DiOphy.</strong></span> <span class='ocrx_word' id='word_1_51' title='bbox 1441 844 1497 899; x_wconf 89' lang='lat' dir='ltr'><strong>In</strong></span> <span class='ocrx_word' id='word_1_52' title='bbox 1531 842 1679 899; x_wconf 85' lang='lat' dir='ltr'><strong>Afri-</strong></span> 
     </span>
    </p>
   </div>
   <div class='ocr_carea' id='block_1_10' title="bbox 138 936 1676 1017">
    <p class='ocr_par' dir='ltr' id='par_1_10' title="bbox 138 936 1676 1017">
     <span class='ocr_line' id='line_1_10' title="bbox 138 936 1676 1017; baseline -0.007 -16"><span class='ocrx_word' id='word_1_53' title='bbox 138 961 203 1009; x_wconf 80' lang='lat' dir='ltr'><strong>ca,</strong></span> <span class='ocrx_word' id='word_1_54' title='bbox 227 945 415 1017; x_wconf 89' lang='lat' dir='ltr'><strong>Rogati,</strong></span> <span class='ocrx_word' id='word_1_55' title='bbox 465 943 701 1012; x_wconf 63' lang='lat' dir='ltr'><strong>Catula‘,</strong></span> <span class='ocrx_word' id='word_1_56' title='bbox 729 942 842 1009; x_wconf 92' lang='lat' dir='ltr'><strong>Uti,</strong></span> <span class='ocrx_word' id='word_1_57' title='bbox 877 941 1173 1008; x_wconf 85' lang='lat' dir='ltr'><strong>Vielurini,</strong></span> <span class='ocrx_word' id='word_1_58' title='bbox 1203 938 1508 996; x_wconf 92' lang='lat' dir='ltr'><strong>Saturnini.</strong></span> <span class='ocrx_word' id='word_1_59' title='bbox 1543 936 1676 991; x_wconf 82' lang='lat' dir='ltr'><strong>item</strong></span> 
     </span>
    </p>
   </div>
   <div class='ocr_carea' id='block_1_11' title="bbox 140 1035 1211 1109">
    <p class='ocr_par' dir='ltr' id='par_1_11' title="bbox 140 1035 1211 1109">
     <span class='ocr_line' id='line_1_11' title="bbox 140 1035 1211 1109; baseline -0.006 -13"><span class='ocrx_word' id='word_1_60' title='bbox 140 1039 393 1107; x_wconf 79' lang='lat' dir='ltr'><strong>Saturnini,</strong></span> <span class='ocrx_word' id='word_1_61' title='bbox 414 1039 688 1107; x_wconf 84' lang='lat' dir='ltr'><strong>Salitoris,</strong></span> <span class='ocrx_word' id='word_1_62' title='bbox 720 1037 925 1109; x_wconf 85' lang='lat' dir='ltr'><strong>Aprilis</strong></span> <span class='ocrx_word' id='word_1_63' title='bbox 943 1079 960 1106; x_wconf 93' lang='lat'><strong>,</strong></span> <span class='ocrx_word' id='word_1_64' title='bbox 985 1035 1211 1107; x_wconf 87' lang='lat' dir='ltr'><strong>Joseph.</strong></span> 
     </span>
    </p>
   </div>
   <div class='ocr_carea' id='block_1_12' title="bbox 191 1125 1680 1205">
    <p class='ocr_par' dir='ltr' id='par_1_12' title="bbox 191 1125 1680 1205">
     <span class='ocr_line' id='line_1_12' title="bbox 191 1125 1680 1205; baseline -0.004 -19"><span class='ocrx_word' id='word_1_65' title='bbox 191 1148 265 1187; x_wconf 79' lang='lat' dir='ltr'><strong>rm</strong></span> <span class='ocrx_word' id='word_1_66' title='bbox 289 1132 381 1187; x_wconf 76' lang='lat' dir='ltr'><strong>kal.</strong></span> <span class='ocrx_word' id='word_1_67' title='bbox 408 1133 578 1205; x_wconf 88' lang='lat' dir='ltr'><strong>April.</strong></span> <span class='ocrx_word' id='word_1_68' title='bbox 604 1132 1004 1203; x_wconf 78' lang='lat' dir='ltr'><strong>Hierosolyma,</strong></span> <span class='ocrx_word' id='word_1_69' title='bbox 1024 1129 1285 1184; x_wconf 89' lang='lat' dir='ltr'><strong>Dominus</strong></span> <span class='ocrx_word' id='word_1_70' title='bbox 1302 1125 1680 1183; x_wconf 84' lang='lat' dir='ltr'><strong>nosterJesus-</strong></span> 
     </span>
    </p>
   </div>
   <div class='ocr_carea' id='block_1_13' title="bbox 138 1220 1679 1282">
    <p class='ocr_par' dir='ltr' id='par_1_13' title="bbox 138 1220 1679 1282">
     <span class='ocr_line' id='line_1_13' title="bbox 138 1220 1679 1282; baseline -0.005 -2"><span class='ocrx_word' id='word_1_71' title='bbox 138 1225 335 1282; x_wconf 80' lang='lat' dir='ltr'><strong>Christus</strong></span> <span class='ocrx_word' id='word_1_72' title='bbox 363 1226 654 1282; x_wconf 73' lang='lat' dir='ltr'><strong>cruciﬁxus</strong></span> <span class='ocrx_word' id='word_1_73' title='bbox 701 1236 807 1282; x_wconf 90' lang='lat' dir='ltr'><strong>est.</strong></span> <span class='ocrx_word' id='word_1_74' title='bbox 840 1223 911 1280; x_wconf 88' lang='lat' dir='ltr'><strong>Et</strong></span> <span class='ocrx_word' id='word_1_75' title='bbox 939 1223 1300 1281; x_wconf 87' lang='lat' dir='ltr'><strong>Anuuntiatio</strong></span> <span class='ocrx_word' id='word_1_76' title='bbox 1330 1232 1533 1277; x_wconf 64' lang='lat' dir='ltr'><strong>sancta:</strong></span> <span class='ocrx_word' id='word_1_77' title='bbox 1565 1220 1679 1275; x_wconf 83' lang='lat' dir='ltr'><strong>Ma-</strong></span> 
     </span>
    </p>
   </div>
   <div class='ocr_carea' id='block_1_14' title="bbox 138 1313 1679 1392">
    <p class='ocr_par' dir='ltr' id='par_1_14' title="bbox 138 1313 1679 1392">
     <span class='ocr_line' id='line_1_14' title="bbox 138 1313 1679 1392; baseline -0.006 -15"><span class='ocrx_word' id='word_1_78' title='bbox 138 1323 209 1377; x_wconf 65' lang='lat' dir='ltr'><strong>ria:</strong></span> <span class='ocrx_word' id='word_1_79' title='bbox 232 1337 314 1391; x_wconf 87' lang='lat' dir='ltr'><strong>per</strong></span> <span class='ocrx_word' id='word_1_80' title='bbox 339 1322 615 1392; x_wconf 77' lang='lat' dir='ltr'><strong>angelum.</strong></span> <span class='ocrx_word' id='word_1_81' title='bbox 649 1320 719 1376; x_wconf 85' lang='lat' dir='ltr'><strong>Et</strong></span> <span class='ocrx_word' id='word_1_82' title='bbox 750 1319 937 1391; x_wconf 84' lang='lat' dir='ltr'><strong>passio</strong></span> <span class='ocrx_word' id='word_1_83' title='bbox 967 1318 1025 1374; x_wconf 90' lang='lat' dir='ltr'><strong>S.</strong></span> <span class='ocrx_word' id='word_1_84' title='bbox 1073 1317 1261 1373; x_wconf 83' lang='lat' dir='ltr'><strong>Jacobi</strong></span> <span class='ocrx_word' id='word_1_85' title='bbox 1290 1315 1560 1386; x_wconf 91' lang='lat' dir='ltr'><strong>apostoli,</strong></span> <span class='ocrx_word' id='word_1_86' title='bbox 1587 1313 1679 1384; x_wconf 89' lang='lat' dir='ltr'><strong>qui</strong></span> 
     </span>
    </p>
   </div>
   <div class='ocr_carea' id='block_1_15' title="bbox 136 1410 1681 1482">
    <p class='ocr_par' dir='ltr' id='par_1_15' title="bbox 136 1410 1681 1482">
     <span class='ocr_line' id='line_1_15' title="bbox 136 1410 1681 1482; baseline -0.006 -12"><span class='ocrx_word' id='word_1_87' title='bbox 136 1424 176 1470; x_wconf 87' lang='lat' dir='ltr'><strong>et</strong></span> <span class='ocrx_word' id='word_1_88' title='bbox 199 1413 339 1470; x_wconf 81' lang='lat' dir='ltr'><strong>frater</strong></span> <span class='ocrx_word' id='word_1_89' title='bbox 364 1413 580 1469; x_wconf 82' lang='lat' dir='ltr'><strong>Domini</strong></span> <span class='ocrx_word' id='word_1_90' title='bbox 604 1456 620 1482; x_wconf 96' lang='lat'><strong>,</strong></span> <span class='ocrx_word' id='word_1_91' title='bbox 644 1413 788 1468; x_wconf 87' lang='lat' dir='ltr'><strong>sicut</strong></span> <span class='ocrx_word' id='word_1_92' title='bbox 809 1413 861 1468; x_wconf 92' lang='lat' dir='ltr'><strong>in</strong></span> <span class='ocrx_word' id='word_1_93' title='bbox 893 1410 1122 1467; x_wconf 86' lang='lat' dir='ltr'><strong>Actibus</strong></span> <span class='ocrx_word' id='word_1_94' title='bbox 1147 1410 1525 1479; x_wconf 81' lang='lat' dir='ltr'><strong>apostolorum</strong></span> <span class='ocrx_word' id='word_1_95' title='bbox 1554 1422 1681 1463; x_wconf 90' lang='lat' dir='ltr'><strong>con-</strong></span> 
     </span>
    </p>
   </div>
   <div class='ocr_carea' id='block_1_16' title="bbox 138 1500 1681 1568">
    <p class='ocr_par' dir='ltr' id='par_1_16' title="bbox 138 1500 1681 1568">
     <span class='ocr_line' id='line_1_16' title="bbox 138 1500 1681 1568; baseline -0.004 -9"><span class='ocrx_word' id='word_1_96' title='bbox 138 1505 312 1560; x_wconf 86' lang='lat' dir='ltr'><strong>tinetur.</strong></span> <span class='ocrx_word' id='word_1_97' title='bbox 338 1504 390 1560; x_wconf 87' lang='lat' dir='ltr'><strong>lo</strong></span> <span class='ocrx_word' id='word_1_98' title='bbox 430 1504 771 1568; x_wconf 80' lang='lat' dir='ltr'><strong>Nicomedia,</strong></span> <span class='ocrx_word' id='word_1_99' title='bbox 804 1504 984 1559; x_wconf 86' lang='lat' dir='ltr'><strong>natale</strong></span> <span class='ocrx_word' id='word_1_100' title='bbox 1014 1502 1190 1567; x_wconf 73' lang='lat' dir='ltr'><strong>Dultc,</strong></span> <span class='ocrx_word' id='word_1_101' title='bbox 1220 1501 1510 1567; x_wconf 90' lang='lat' dir='ltr'><strong>Victurini,</strong></span> <span class='ocrx_word' id='word_1_102' title='bbox 1554 1500 1681 1555; x_wconf 88' lang='lat' dir='ltr'><strong>Alc-</strong></span> 
     </span>
    </p>
   </div>
   <div class='ocr_carea' id='block_1_17' title="bbox 135 1594 1681 1665">
    <p class='ocr_par' dir='ltr' id='par_1_17' title="bbox 135 1594 1681 1665">
     <span class='ocr_line' id='line_1_17' title="bbox 135 1594 1681 1665; baseline -0.003 -14"><span class='ocrx_word' id='word_1_103' title='bbox 135 1598 300 1665; x_wconf 79' lang='lat' dir='ltr'><strong>xantlri,</strong></span> <span class='ocrx_word' id='word_1_104' title='bbox 317 1598 527 1655; x_wconf 81' lang='lat' dir='ltr'><strong>Eufrasi</strong></span> <span class='ocrx_word' id='word_1_105' title='bbox 546 1596 834 1665; x_wconf 72' lang='lat' dir='ltr'><strong>,Castnltr,</strong></span> <span class='ocrx_word' id='word_1_106' title='bbox 856 1594 1448 1660; x_wconf 69' lang='lat' dir='ltr'><strong>Nicostrati,Lucella~,</strong></span> <span class='ocrx_word' id='word_1_107' title='bbox 1472 1604 1525 1649; x_wconf 93' lang='lat' dir='ltr'><strong>et</strong></span> <span class='ocrx_word' id='word_1_108' title='bbox 1548 1607 1681 1663; x_wconf 85' lang='lat' dir='ltr'><strong>qna-</strong></span> 
     </span>
    </p>
   </div>
   <div class='ocr_carea' id='block_1_18' title="bbox 134 1687 1681 1761">
    <p class='ocr_par' dir='ltr' id='par_1_18' title="bbox 134 1687 1681 1761">
     <span class='ocr_line' id='line_1_18' title="bbox 134 1687 1681 1761; baseline -0.002 -16"><span class='ocrx_word' id='word_1_109' title='bbox 134 1689 486 1761; x_wconf 74' lang='lat' dir='ltr'><strong>driagentorum</strong></span> <span class='ocrx_word' id='word_1_110' title='bbox 519 1702 847 1761; x_wconf 84' lang='lat' dir='ltr'><strong>martyrum,</strong></span> <span class='ocrx_word' id='word_1_111' title='bbox 896 1697 1106 1745; x_wconf 85' lang='lat' dir='ltr'><strong>sanctae</strong></span> <span class='ocrx_word' id='word_1_112' title='bbox 1132 1687 1433 1743; x_wconf 70' lang='lat' dir='ltr'><strong>Theodola:</strong></span> <span class='ocrx_word' id='word_1_113' title='bbox 1454 1729 1470 1753; x_wconf 94' lang='lat'><strong>,</strong></span> <span class='ocrx_word' id='word_1_114' title='bbox 1504 1695 1559 1743; x_wconf 90' lang='lat' dir='ltr'><strong>et</strong></span> <span class='ocrx_word' id='word_1_115' title='bbox 1588 1687 1681 1743; x_wconf 86' lang='lat' dir='ltr'><strong>de-</strong></span> 
     </span>
    </p>
   </div>
   <div class='ocr_carea' id='block_1_19' title="bbox 134 1783 941 1857">
    <p class='ocr_par' dir='ltr' id='par_1_19' title="bbox 134 1783 941 1857">
     <span class='ocr_line' id='line_1_19' title="bbox 134 1783 941 1857; baseline 0 -18"><span class='ocrx_word' id='word_1_116' title='bbox 134 1786 288 1853; x_wconf 89' lang='lat' dir='ltr'><strong>positio</strong></span> <span class='ocrx_word' id='word_1_117' title='bbox 310 1785 485 1841; x_wconf 79' lang='lat' dir='ltr'><strong>lavini</strong></span> <span class='ocrx_word' id='word_1_118' title='bbox 515 1783 941 1857; x_wconf 88' lang='lat' dir='ltr'><strong>Burgundionis.</strong></span> 
     </span>
    </p>
   </div>
   <div class='ocr_carea' id='block_1_20' title="bbox 195 1874 1683 1949">
    <p class='ocr_par' dir='ltr' id='par_1_20' title="bbox 195 1874 1683 1949">
     <span class='ocr_line' id='line_1_20' title="bbox 195 1874 1683 1949; baseline -0.002 -19"><span class='ocrx_word' id='word_1_119' title='bbox 195 1894 251 1933; x_wconf 80' lang='lat' dir='ltr'><strong>ru</strong></span> <span class='ocrx_word' id='word_1_120' title='bbox 271 1877 548 1949; x_wconf 78' lang='lat' dir='ltr'><strong>kal.Apr-il.</strong></span> <span class='ocrx_word' id='word_1_121' title='bbox 568 1878 776 1947; x_wconf 67' lang='lat' dir='ltr'><strong>Romae,</strong></span> <span class='ocrx_word' id='word_1_122' title='bbox 791 1878 844 1934; x_wconf 92' lang='lat' dir='ltr'><strong>in</strong></span> <span class='ocrx_word' id='word_1_123' title='bbox 873 1876 1191 1934; x_wconf 70' lang='lat' dir='ltr'><strong>cmmeterio</strong></span> <span class='ocrx_word' id='word_1_124' title='bbox 1221 1874 1463 1946; x_wconf 85' lang='lat' dir='ltr'><strong>ejusdem</strong></span> <span class='ocrx_word' id='word_1_125' title='bbox 1475 1874 1561 1930; x_wconf 85' lang='lat' dir='ltr'><strong>via</strong></span> <span class='ocrx_word' id='word_1_126' title='bbox 1578 1874 1683 1929; x_wconf 82' lang='lat' dir='ltr'><strong>La-</strong></span> 
     </span>
    </p>
   </div>
   <div class='ocr_carea' id='block_1_21' title="bbox 132 1967 1685 2042">
    <p class='ocr_par' dir='ltr' id='par_1_21' title="bbox 132 1967 1685 2042">
     <span class='ocr_line' id='line_1_21' title="bbox 132 1967 1685 2042; baseline -0.004 -16"><span class='ocrx_word' id='word_1_127' title='bbox 132 1974 311 2039; x_wconf 81' lang='lat' dir='ltr'><strong>ricaaa,</strong></span> <span class='ocrx_word' id='word_1_128' title='bbox 352 1975 533 2029; x_wconf 90' lang='lat' dir='ltr'><strong>natale</strong></span> <span class='ocrx_word' id='word_1_129' title='bbox 576 1982 779 2028; x_wconf 77' lang='lat' dir='ltr'><strong>sancttc</strong></span> <span class='ocrx_word' id='word_1_130' title='bbox 828 1970 1094 2035; x_wconf 75' lang='lat' dir='ltr'><strong>Castultc,</strong></span> <span class='ocrx_word' id='word_1_131' title='bbox 1142 1969 1393 2042; x_wconf 83' lang='lat' dir='ltr'><strong>Syrmiac.</strong></span> <span class='ocrx_word' id='word_1_132' title='bbox 1439 1968 1495 2023; x_wconf 88' lang='lat' dir='ltr'><strong>In</strong></span> <span class='ocrx_word' id='word_1_133' title='bbox 1552 1967 1685 2040; x_wconf 84' lang='lat' dir='ltr'><strong>Syr-</strong></span> 
     </span>
    </p>
   </div>
   <div class='ocr_carea' id='block_1_22' title="bbox 137 2059 1683 2136">
    <p class='ocr_par' dir='ltr' id='par_1_22' title="bbox 137 2059 1683 2136">
     <span class='ocr_line' id='line_1_22' title="bbox 137 2059 1683 2136; baseline -0.003 -20"><span class='ocrx_word' id='word_1_134' title='bbox 137 2064 245 2128; x_wconf 89' lang='lat' dir='ltr'><strong>mia,</strong></span> <span class='ocrx_word' id='word_1_135' title='bbox 286 2064 482 2119; x_wconf 74' lang='lat' dir='ltr'><strong>Munati</strong></span> <span class='ocrx_word' id='word_1_136' title='bbox 516 2063 857 2136; x_wconf 91' lang='lat' dir='ltr'><strong>presbyteri,</strong></span> <span class='ocrx_word' id='word_1_137' title='bbox 888 2062 1141 2117; x_wconf 67' lang='lat' dir='ltr'><strong>Maxima:</strong></span> <span class='ocrx_word' id='word_1_138' title='bbox 1187 2061 1375 2115; x_wconf 81' lang='lat' dir='ltr'><strong>uxoris</strong></span> <span class='ocrx_word' id='word_1_139' title='bbox 1407 2059 1525 2130; x_wconf 87' lang='lat' dir='ltr'><strong>ejus</strong></span> <span class='ocrx_word' id='word_1_140' title='bbox 1545 2100 1558 2123; x_wconf 91' lang='lat'><strong>,</strong></span> <span class='ocrx_word' id='word_1_141' title='bbox 1588 2059 1683 2113; x_wconf 82' lang='lat' dir='ltr'><strong>Jo-</strong></span> 
     </span>
    </p>
   </div>
   <div class='ocr_carea' id='block_1_23' title="bbox 131 2150 1680 2226">
    <p class='ocr_par' dir='ltr' id='par_1_23' title="bbox 131 2150 1680 2226">
     <span class='ocr_line' id='line_1_23' title="bbox 131 2150 1680 2226; baseline -0.005 -14"><span class='ocrx_word' id='word_1_142' title='bbox 131 2159 277 2214; x_wconf 83' lang='lat' dir='ltr'><strong>eundi.</strong></span> <span class='ocrx_word' id='word_1_143' title='bbox 304 2157 353 2214; x_wconf 86' lang='lat' dir='ltr'><strong>In</strong></span> <span class='ocrx_word' id='word_1_144' title='bbox 383 2158 641 2217; x_wconf 88' lang='lat' dir='ltr'><strong>Sabastia</strong></span> <span class='ocrx_word' id='word_1_145' title='bbox 678 2159 924 2223; x_wconf 85' lang='lat' dir='ltr'><strong>civitate,</strong></span> <span class='ocrx_word' id='word_1_146' title='bbox 954 2156 1102 2211; x_wconf 91' lang='lat' dir='ltr'><strong>Petri</strong></span> <span class='ocrx_word' id='word_1_147' title='bbox 1135 2154 1415 2226; x_wconf 88' lang='lat' dir='ltr'><strong>episcopi,</strong></span> <span class='ocrx_word' id='word_1_148' title='bbox 1449 2150 1680 2208; x_wconf 87' lang='lat' dir='ltr'><strong>Paulini.</strong></span> 
     </span>
    </p>
   </div>
   <div class='ocr_carea' id='block_1_24' title="bbox 133 2246 1685 2317">
    <p class='ocr_par' dir='ltr' id='par_1_24' title="bbox 133 2246 1685 2317">
     <span class='ocr_line' id='line_1_24' title="bbox 133 2246 1685 2317; baseline -0.003 -13"><span class='ocrx_word' id='word_1_149' title='bbox 133 2249 174 2304; x_wconf 89' lang='lat' dir='ltr'><strong>ln</strong></span> <span class='ocrx_word' id='word_1_150' title='bbox 197 2250 427 2316; x_wconf 87' lang='lat' dir='ltr'><strong>Thracia,</strong></span> <span class='ocrx_word' id='word_1_151' title='bbox 462 2251 833 2308; x_wconf 71' lang='lat' dir='ltr'><strong>Sarmatinite.</strong></span> <span class='ocrx_word' id='word_1_152' title='bbox 862 2249 920 2305; x_wconf 91' lang='lat' dir='ltr'><strong>In</strong></span> <span class='ocrx_word' id='word_1_153' title='bbox 969 2248 1256 2317; x_wconf 86' lang='lat' dir='ltr'><strong>lleraclea,</strong></span> <span class='ocrx_word' id='word_1_154' title='bbox 1296 2246 1540 2302; x_wconf 83' lang='lat' dir='ltr'><strong>Martiani</strong></span> <span class='ocrx_word' id='word_1_155' title='bbox 1573 2246 1685 2317; x_wconf 90' lang='lat' dir='ltr'><strong>epi-</strong></span> 
     </span>
    </p>
   </div>
   <div class='ocr_carea' id='block_1_25' title="bbox 132 2338 1684 2416">
    <p class='ocr_par' dir='ltr' id='par_1_25' title="bbox 132 2338 1684 2416">
     <span class='ocr_line' id='line_1_25' title="bbox 132 2338 1684 2416; baseline -0.003 -19"><span class='ocrx_word' id='word_1_156' title='bbox 132 2346 267 2416; x_wconf 84' lang='lat' dir='ltr'><strong>scopi.</strong></span> <span class='ocrx_word' id='word_1_157' title='bbox 296 2344 347 2401; x_wconf 88' lang='lat' dir='ltr'><strong>ln</strong></span> <span class='ocrx_word' id='word_1_158' title='bbox 371 2344 610 2401; x_wconf 89' lang='lat' dir='ltr'><strong>Celer...</strong></span> <span class='ocrx_word' id='word_1_159' title='bbox 644 2345 826 2400; x_wconf 88' lang='lat' dir='ltr'><strong>natale</strong></span> <span class='ocrx_word' id='word_1_160' title='bbox 852 2346 1024 2398; x_wconf 86' lang='lat' dir='ltr'><strong>sancti</strong></span> <span class='ocrx_word' id='word_1_161' title='bbox 1051 2340 1299 2398; x_wconf 85' lang='lat' dir='ltr'><strong>Cassiani</strong></span> <span class='ocrx_word' id='word_1_162' title='bbox 1328 2339 1597 2411; x_wconf 84' lang='lat' dir='ltr'><strong>episcOpi.</strong></span> <span class='ocrx_word' id='word_1_163' title='bbox 1627 2338 1684 2394; x_wconf 92' lang='lat' dir='ltr'><strong>ln</strong></span> 
     </span>
    </p>
   </div>
   <div class='ocr_carea' id='block_1_26' title="bbox 132 2431 1685 2505">
    <p class='ocr_par' dir='ltr' id='par_1_26' title="bbox 132 2431 1685 2505">
     <span class='ocr_line' id='line_1_26' title="bbox 132 2431 1685 2505; baseline -0.001 -18"><span class='ocrx_word' id='word_1_164' title='bbox 132 2435 397 2501; x_wconf 76' lang='lat' dir='ltr'><strong>Antiochia,</strong></span> <span class='ocrx_word' id='word_1_165' title='bbox 426 2436 736 2492; x_wconf 82' lang='lat' dir='ltr'><strong>Timothei.</strong></span> <span class='ocrx_word' id='word_1_166' title='bbox 773 2434 1051 2505; x_wconf 80' lang='lat' dir='ltr'><strong>Diogenis,</strong></span> <span class='ocrx_word' id='word_1_167' title='bbox 1080 2432 1379 2499; x_wconf 75' lang='lat' dir='ltr'><strong>Madiarite,</strong></span> <span class='ocrx_word' id='word_1_168' title='bbox 1410 2431 1685 2499; x_wconf 72' lang='lat' dir='ltr'><strong>Maximm,</strong></span> 
     </span>
    </p>
   </div>
   <div class='ocr_carea' id='block_1_27' title="bbox 134 2526 1686 2602">
    <p class='ocr_par' dir='ltr' id='par_1_27' title="bbox 134 2526 1686 2602">
     <span class='ocr_line' id='line_1_27' title="bbox 134 2526 1686 2602; baseline -0.001 -20"><span class='ocrx_word' id='word_1_169' title='bbox 134 2527 357 2585; x_wconf 80' lang='lat' dir='ltr'><strong>Theodori</strong></span> <span class='ocrx_word' id='word_1_170' title='bbox 385 2529 665 2602; x_wconf 84' lang='lat' dir='ltr'><strong>episcOpi,</strong></span> <span class='ocrx_word' id='word_1_171' title='bbox 697 2528 873 2585; x_wconf 86' lang='lat' dir='ltr'><strong>llirini</strong></span> <span class='ocrx_word' id='word_1_172' title='bbox 901 2526 1146 2593; x_wconf 89' lang='lat' dir='ltr'><strong>diaconi,</strong></span> <span class='ocrx_word' id='word_1_173' title='bbox 1181 2527 1525 2600; x_wconf 89' lang='lat' dir='ltr'><strong>Syrapionis,</strong></span> <span class='ocrx_word' id='word_1_174' title='bbox 1552 2528 1686 2581; x_wconf 89' lang='lat' dir='ltr'><strong>Am-</strong></span> 
     </span>
    </p>
   </div>
   <div class='ocr_carea' id='block_1_28' title="bbox 132 2618 1686 2689">
    <p class='ocr_par' dir='ltr' id='par_1_28' title="bbox 132 2618 1686 2689">
     <span class='ocr_line' id='line_1_28' title="bbox 132 2618 1686 2689; baseline -0.001 -15"><span class='ocrx_word' id='word_1_175' title='bbox 132 2622 244 2677; x_wconf 86' lang='lat' dir='ltr'><strong>moni</strong></span> <span class='ocrx_word' id='word_1_176' title='bbox 278 2622 524 2687; x_wconf 90' lang='lat' dir='ltr'><strong>lectoris,</strong></span> <span class='ocrx_word' id='word_1_177' title='bbox 572 2621 796 2679; x_wconf 83' lang='lat' dir='ltr'><strong>Juliani.</strong></span> <span class='ocrx_word' id='word_1_178' title='bbox 842 2621 900 2677; x_wconf 89' lang='lat' dir='ltr'><strong>In</strong></span> <span class='ocrx_word' id='word_1_179' title='bbox 933 2619 1146 2689; x_wconf 83' lang='lat' dir='ltr'><strong>Africa,</strong></span> <span class='ocrx_word' id='word_1_180' title='bbox 1182 2619 1448 2685; x_wconf 84' lang='lat' dir='ltr'><strong>Pictoris.</strong></span> <span class='ocrx_word' id='word_1_181' title='bbox 1495 2618 1686 2676; x_wconf 85' lang='lat' dir='ltr'><strong>Satur-</strong></span> 
     </span>
    </p>
   </div>
   <div class='ocr_carea' id='block_1_29' title="bbox 132 2711 1341 2783">
    <p class='ocr_par' dir='ltr' id='par_1_29' title="bbox 132 2711 1341 2783">
     <span class='ocr_line' id='line_1_29' title="bbox 132 2711 1341 2783; baseline -0.001 -18"><span class='ocrx_word' id='word_1_182' title='bbox 132 2711 239 2780; x_wconf 86' lang='lat' dir='ltr'><strong>nini,</strong></span> <span class='ocrx_word' id='word_1_183' title='bbox 259 2712 529 2769; x_wconf 86' lang='lat' dir='ltr'><strong>Solutoris</strong></span> <span class='ocrx_word' id='word_1_184' title='bbox 560 2726 614 2770; x_wconf 91' lang='lat' dir='ltr'><strong>et</strong></span> <span class='ocrx_word' id='word_1_185' title='bbox 644 2714 876 2769; x_wconf 90' lang='lat' dir='ltr'><strong>aliorum</strong></span> <span class='ocrx_word' id='word_1_186' title='bbox 908 2711 1341 2783; x_wconf 86' lang='lat' dir='ltr'><strong>quatuordecim.</strong></span> 
     </span>
    </p>
   </div>
   <div class='ocr_carea' id='block_1_30' title="bbox 182 2803 1692 2879">
    <p class='ocr_par' dir='ltr' id='par_1_30' title="bbox 182 2803 1692 2879">
     <span class='ocr_line' id='line_1_30' title="bbox 182 2803 1692 2879; baseline -0.001 -20"><span class='ocrx_word' id='word_1_187' title='bbox 182 2804 516 2876; x_wconf 74' lang='lat' dir='ltr'><strong>rtltal.April.</strong></span> <span class='ocrx_word' id='word_1_188' title='bbox 544 2806 945 2879; x_wconf 84' lang='lat' dir='ltr'><strong>Hierosolyma,</strong></span> <span class='ocrx_word' id='word_1_189' title='bbox 972 2804 1322 2861; x_wconf 86' lang='lat' dir='ltr'><strong>Resurrectio</strong></span> <span class='ocrx_word' id='word_1_190' title='bbox 1350 2803 1565 2859; x_wconf 92' lang='lat' dir='ltr'><strong>Domini</strong></span> <span class='ocrx_word' id='word_1_191' title='bbox 1594 2818 1692 2858; x_wconf 87' lang='lat' dir='ltr'><strong>no-</strong></span> 
     </span>
    </p>
   </div>
   <div class='ocr_carea' id='block_1_31' title="bbox 131 2893 1689 2967">
    <p class='ocr_par' dir='ltr' id='par_1_31' title="bbox 131 2893 1689 2967">
     <span class='ocr_line' id='line_1_31' title="bbox 131 2893 1689 2967; baseline -0.002 -14"><span class='ocrx_word' id='word_1_192' title='bbox 131 2900 341 2955; x_wconf 79' lang='lat' dir='ltr'><strong>striiesu</strong></span> <span class='ocrx_word' id='word_1_193' title='bbox 374 2901 607 2957; x_wconf 89' lang='lat' dir='ltr'><strong>Christi.</strong></span> <span class='ocrx_word' id='word_1_194' title='bbox 642 2900 700 2955; x_wconf 84' lang='lat' dir='ltr'><strong>In</strong></span> <span class='ocrx_word' id='word_1_195' title='bbox 739 2900 943 2966; x_wconf 77' lang='lat' dir='ltr'><strong>Africa,</strong></span> <span class='ocrx_word' id='word_1_196' title='bbox 976 2898 1221 2967; x_wconf 81' lang='lat' dir='ltr'><strong>Romuli,</strong></span> <span class='ocrx_word' id='word_1_197' title='bbox 1255 2893 1689 2965; x_wconf 86' lang='lat' dir='ltr'><strong>Acuti,Marobi,</strong></span> 
     </span>
    </p>
   </div>
   <div class='ocr_carea' id='block_1_32' title="bbox 134 2989 1693 3061">
    <p class='ocr_par' dir='ltr' id='par_1_32' title="bbox 134 2989 1693 3061">
     <span class='ocr_line' id='line_1_32' title="bbox 134 2989 1693 3061; baseline -0.001 -16"><span class='ocrx_word' id='word_1_198' title='bbox 134 2989 339 3061; x_wconf 87' lang='lat' dir='ltr'><strong>Pinnari,</strong></span> <span class='ocrx_word' id='word_1_199' title='bbox 368 2993 662 3060; x_wconf 81' lang='lat' dir='ltr'><strong>Successi,</strong></span> <span class='ocrx_word' id='word_1_200' title='bbox 695 2991 887 3061; x_wconf 67' lang='lat' dir='ltr'><strong>Misim,</strong></span> <span class='ocrx_word' id='word_1_201' title='bbox 918 2991 1220 3059; x_wconf 66' lang='lat' dir='ltr'><strong>Matutinaz,</strong></span> <span class='ocrx_word' id='word_1_202' title='bbox 1253 2990 1470 3059; x_wconf 87' lang='lat' dir='ltr'><strong>Donati,</strong></span> <span class='ocrx_word' id='word_1_203' title='bbox 1503 2990 1693 3046; x_wconf 81' lang='lat' dir='ltr'><strong>Satur-</strong></span> 
     </span>
    </p>
   </div>
   <div class='ocr_carea' id='block_1_33' title="bbox 1777 468 3387 547">
    <p class='ocr_par' dir='ltr' id='par_1_33' title="bbox 1777 468 3387 547">
     <span class='ocr_line' id='line_1_33' title="bbox 1777 468 3387 547; baseline 0.007 -24"><span class='ocrx_word' id='word_1_204' title='bbox 1777 468 1928 536; x_wconf 86' lang='lat' dir='ltr'><strong>Jttlii,</strong></span> <span class='ocrx_word' id='word_1_205' title='bbox 1983 472 2200 529; x_wconf 88' lang='lat' dir='ltr'><strong>Donati.</strong></span> <span class='ocrx_word' id='word_1_206' title='bbox 2241 475 2499 547; x_wconf 85' lang='lat' dir='ltr'><strong>Lngduno</strong></span> <span class='ocrx_word' id='word_1_207' title='bbox 2529 476 2735 544; x_wconf 78' lang='lat' dir='ltr'><strong>Gallire,</strong></span> <span class='ocrx_word' id='word_1_208' title='bbox 2770 477 3027 545; x_wconf 83' lang='lat' dir='ltr'><strong>depositio</strong></span> <span class='ocrx_word' id='word_1_209' title='bbox 3060 478 3121 534; x_wconf 90' lang='lat' dir='ltr'><strong>S.</strong></span> <span class='ocrx_word' id='word_1_210' title='bbox 3157 478 3335 534; x_wconf 78' lang='lat' dir='ltr'><strong>Niceti</strong></span> <span class='ocrx_word' id='word_1_211' title='bbox 3368 494 3387 534; x_wconf 89' lang='lat'><strong><em>:</em></strong></span> 
     </span>
    </p>
   </div>
   <div class='ocr_carea' id='block_1_34' title="bbox 1777 562 3237 642">
    <p class='ocr_par' dir='ltr' id='par_1_34' title="bbox 1777 562 3237 642">
     <span class='ocr_line' id='line_1_34' title="bbox 1777 562 3237 642; baseline 0.004 -25"><span class='ocrx_word' id='word_1_212' title='bbox 1777 572 1826 617; x_wconf 87' lang='lat' dir='ltr'><strong>el</strong></span> <span class='ocrx_word' id='word_1_213' title='bbox 1855 562 2093 620; x_wconf 73' lang='lat' dir='ltr'><strong>Luxovio</strong></span> <span class='ocrx_word' id='word_1_214' title='bbox 2122 572 2457 639; x_wconf 87' lang='lat' dir='ltr'><strong>monasterio,</strong></span> <span class='ocrx_word' id='word_1_215' title='bbox 2480 571 2732 642; x_wconf 70' lang='lat' dir='ltr'><strong>depositio</strong></span> <span class='ocrx_word' id='word_1_216' title='bbox 2761 571 2995 627; x_wconf 85' lang='lat' dir='ltr'><strong>Eustasii</strong></span> <span class='ocrx_word' id='word_1_217' title='bbox 3019 571 3237 626; x_wconf 82' lang='lat' dir='ltr'><strong>abbatis.</strong></span> 
     </span>
    </p>
   </div>
   <div class='ocr_carea' id='block_1_35' title="bbox 1851 659 3378 736">
    <p class='ocr_par' dir='ltr' id='par_1_35' title="bbox 1851 659 3378 736">
     <span class='ocr_line' id='line_1_35' title="bbox 1851 659 3378 736; baseline 0.005 -24"><span class='ocrx_word' id='word_1_218' title='bbox 1851 674 1911 714; x_wconf 89' lang='lat' dir='ltr'><strong>nt</strong></span> <span class='ocrx_word' id='word_1_219' title='bbox 1938 674 2060 714; x_wconf 85' lang='lat' dir='ltr'><strong>non.</strong></span> <span class='ocrx_word' id='word_1_220' title='bbox 2094 659 2222 729; x_wconf 92' lang='lat' dir='ltr'><strong>Apr.</strong></span> <span class='ocrx_word' id='word_1_221' title='bbox 2252 661 2309 716; x_wconf 88' lang='grc' dir='ltr'><strong>ιιι</strong></span> <span class='ocrx_word' id='word_1_222' title='bbox 2343 663 2547 732; x_wconf 86' lang='lat' dir='ltr'><strong>Sicilia,</strong></span> <span class='ocrx_word' id='word_1_223' title='bbox 2573 666 2767 719; x_wconf 85' lang='lat' dir='ltr'><strong>natalis</strong></span> <span class='ocrx_word' id='word_1_224' title='bbox 2798 677 3105 719; x_wconf 79' lang='lat' dir='ltr'><strong>sanctorum</strong></span> <span class='ocrx_word' id='word_1_225' title='bbox 3130 663 3378 736; x_wconf 66' lang='lat' dir='ltr'><strong>Thoma‘,</strong></span> 
     </span>
    </p>
   </div>
   <div class='ocr_carea' id='block_1_36' title="bbox 1779 753 3383 829">
    <p class='ocr_par' dir='ltr' id='par_1_36' title="bbox 1779 753 3383 829">
     <span class='ocr_line' id='line_1_36' title="bbox 1779 753 3383 829; baseline 0.002 -20"><span class='ocrx_word' id='word_1_226' title='bbox 1779 753 2001 825; x_wconf 85' lang='lat' dir='ltr'><strong>Evagri,</strong></span> <span class='ocrx_word' id='word_1_227' title='bbox 2029 756 2301 827; x_wconf 72' lang='lat' dir='ltr'><strong>Bcnignm,</strong></span> <span class='ocrx_word' id='word_1_228' title='bbox 2333 756 2557 821; x_wconf 82' lang='lat' dir='ltr'><strong>Christi.</strong></span> <span class='ocrx_word' id='word_1_229' title='bbox 2582 761 2768 829; x_wconf 84' lang='lat' dir='ltr'><strong>Aristi,</strong></span> <span class='ocrx_word' id='word_1_230' title='bbox 2802 760 3085 825; x_wconf 65' lang='lat' dir='ltr'><strong>Sinnidim,</strong></span> <span class='ocrx_word' id='word_1_231' title='bbox 3108 759 3252 822; x_wconf 85' lang='lat' dir='ltr'><strong>Ruli,</strong></span> <span class='ocrx_word' id='word_1_232' title='bbox 3277 759 3383 814; x_wconf 83' lang='lat' dir='ltr'><strong>Pa-</strong></span> 
     </span>
    </p>
   </div>
   <div class='ocr_carea' id='block_1_37' title="bbox 1782 848 3384 920">
    <p class='ocr_par' dir='ltr' id='par_1_37' title="bbox 1782 848 3384 920">
     <span class='ocr_line' id='line_1_37' title="bbox 1782 848 3384 920; baseline 0.004 -18"><span class='ocrx_word' id='word_1_233' title='bbox 1782 848 1942 915; x_wconf 90' lang='lat' dir='ltr'><strong>tricii,</strong></span> <span class='ocrx_word' id='word_1_234' title='bbox 1970 848 2196 905; x_wconf 81' lang='lat' dir='ltr'><strong>Zosimi.</strong></span> <span class='ocrx_word' id='word_1_235' title='bbox 2227 851 2386 920; x_wconf 91' lang='lat' dir='ltr'><strong>Apud</strong></span> <span class='ocrx_word' id='word_1_236' title='bbox 2412 852 2821 908; x_wconf 88' lang='lat' dir='ltr'><strong>Tauromininm</strong></span> <span class='ocrx_word' id='word_1_237' title='bbox 2863 854 2914 908; x_wconf 93' lang='lat' dir='ltr'><strong>in</strong></span> <span class='ocrx_word' id='word_1_238' title='bbox 2952 853 3157 919; x_wconf 91' lang='lat' dir='ltr'><strong>Sicilia,</strong></span> <span class='ocrx_word' id='word_1_239' title='bbox 3189 852 3384 908; x_wconf 85' lang='lat' dir='ltr'><strong>natalis</strong></span> 
     </span>
    </p>
   </div>
   <div class='ocr_carea' id='block_1_38' title="bbox 1780 942 3377 1016">
    <p class='ocr_par' dir='ltr' id='par_1_38' title="bbox 1780 942 3377 1016">
     <span class='ocr_line' id='line_1_38' title="bbox 1780 942 3377 1016; baseline 0.001 -21"><span class='ocrx_word' id='word_1_240' title='bbox 1780 942 1949 996; x_wconf 90' lang='lat' dir='ltr'><strong>sancti</strong></span> <span class='ocrx_word' id='word_1_241' title='bbox 1976 942 2245 999; x_wconf 90' lang='lat' dir='ltr'><strong>Prancati.</strong></span> <span class='ocrx_word' id='word_1_242' title='bbox 2270 942 2326 999; x_wconf 89' lang='lat' dir='ltr'><strong>ln</strong></span> <span class='ocrx_word' id='word_1_243' title='bbox 2356 944 2568 1009; x_wconf 68' lang='lat' dir='ltr'><strong>Moesia,</strong></span> <span class='ocrx_word' id='word_1_244' title='bbox 2600 944 3003 1016; x_wconf 84' lang='lat' dir='ltr'><strong>Agathaemeriti</strong></span> <span class='ocrx_word' id='word_1_245' title='bbox 3032 946 3099 1000; x_wconf 87' lang='lat' dir='ltr'><strong>de</strong></span> <span class='ocrx_word' id='word_1_246' title='bbox 3120 945 3377 1015; x_wconf 86' lang='lat' dir='ltr'><strong>antiquis.</strong></span> 
     </span>
    </p>
   </div>
   <div class='ocr_carea' id='block_1_39' title="bbox 1781 1034 3379 1107">
    <p class='ocr_par' dir='ltr' id='par_1_39' title="bbox 1781 1034 3379 1107">
     <span class='ocr_line' id='line_1_39' title="bbox 1781 1034 3379 1107; baseline 0.003 -18"><span class='ocrx_word' id='word_1_247' title='bbox 1781 1035 1837 1090; x_wconf 92' lang='lat' dir='ltr'><strong>ln</strong></span> <span class='ocrx_word' id='word_1_248' title='bbox 1864 1034 2096 1091; x_wconf 86' lang='lat' dir='ltr'><strong>Cacsaria</strong></span> <span class='ocrx_word' id='word_1_249' title='bbox 2140 1036 2469 1105; x_wconf 64' lang='lat' dir='ltr'><strong>Palaestinae,</strong></span> <span class='ocrx_word' id='word_1_250' title='bbox 2516 1038 2718 1094; x_wconf 87' lang='lat' dir='ltr'><strong>natalis</strong></span> <span class='ocrx_word' id='word_1_251' title='bbox 2770 1037 3093 1095; x_wconf 68' lang='lat' dir='ltr'><strong>Theodosia:</strong></span> <span class='ocrx_word' id='word_1_252' title='bbox 3133 1036 3379 1107; x_wconf 80' lang='lat' dir='ltr'><strong>virginis.</strong></span> 
     </span>
    </p>
   </div>
   <div class='ocr_carea' id='block_1_40' title="bbox 1780 1129 3377 1203">
    <p class='ocr_par' dir='ltr' id='par_1_40' title="bbox 1780 1129 3377 1203">
     <span class='ocr_line' id='line_1_40' title="bbox 1780 1129 3377 1203; baseline 0.001 -19"><span class='ocrx_word' id='word_1_253' title='bbox 1780 1129 1837 1185; x_wconf 88' lang='lat' dir='ltr'><strong>In</strong></span> <span class='ocrx_word' id='word_1_254' title='bbox 1868 1129 2201 1195; x_wconf 83' lang='lat' dir='ltr'><strong>Nicomedia,</strong></span> <span class='ocrx_word' id='word_1_255' title='bbox 2226 1130 2441 1197; x_wconf 89' lang='lat' dir='ltr'><strong>Donati,</strong></span> <span class='ocrx_word' id='word_1_256' title='bbox 2476 1138 2531 1187; x_wconf 90' lang='lat' dir='ltr'><strong>et</strong></span> <span class='ocrx_word' id='word_1_257' title='bbox 2562 1132 2742 1200; x_wconf 79' lang='lat' dir='ltr'><strong>passio</strong></span> <span class='ocrx_word' id='word_1_258' title='bbox 2788 1129 3076 1202; x_wconf 89' lang='lat' dir='ltr'><strong>Amphiani</strong></span> <span class='ocrx_word' id='word_1_259' title='bbox 3104 1130 3377 1203; x_wconf 84' lang='lat' dir='ltr'><strong>martyris.</strong></span> 
     </span>
    </p>
   </div>
   <div class='ocr_carea' id='block_1_41' title="bbox 1781 1221 2867 1297">
    <p class='ocr_par' dir='ltr' id='par_1_41' title="bbox 1781 1221 2867 1297">
     <span class='ocr_line' id='line_1_41' title="bbox 1781 1221 2867 1297; baseline 0.003 -20"><span class='ocrx_word' id='word_1_260' title='bbox 1781 1221 1838 1277; x_wconf 90' lang='lat' dir='ltr'><strong>In</strong></span> <span class='ocrx_word' id='word_1_261' title='bbox 1873 1223 2092 1278; x_wconf 77' lang='lat' dir='ltr'><strong>civitate</strong></span> <span class='ocrx_word' id='word_1_262' title='bbox 2122 1223 2335 1291; x_wconf 82' lang='lat' dir='ltr'><strong>Euntis,</strong></span> <span class='ocrx_word' id='word_1_263' title='bbox 2370 1225 2584 1296; x_wconf 79' lang='lat' dir='ltr'><strong>EVagri,</strong></span> <span class='ocrx_word' id='word_1_264' title='bbox 2619 1226 2867 1297; x_wconf 83' lang='lat' dir='ltr'><strong>Benigni.</strong></span> 
     </span>
    </p>
   </div>
   <div class='ocr_carea' id='block_1_42' title="bbox 1855 1316 3384 1389">
    <p class='ocr_par' dir='ltr' id='par_1_42' title="bbox 1855 1316 3384 1389">
     <span class='ocr_line' id='line_1_42' title="bbox 1855 1316 3384 1389; baseline 0.005 -19"><span class='ocrx_word' id='word_1_265' title='bbox 1855 1332 1891 1370; x_wconf 89' lang='grc' dir='ltr'><strong>ιι</strong></span> <span class='ocrx_word' id='word_1_266' title='bbox 1943 1334 2070 1373; x_wconf 85' lang='lat' dir='ltr'><strong>non.</strong></span> <span class='ocrx_word' id='word_1_267' title='bbox 2104 1320 2232 1389; x_wconf 85' lang='lat' dir='ltr'><strong>Apr.</strong></span> <span class='ocrx_word' id='word_1_268' title='bbox 2283 1316 2342 1372; x_wconf 86' lang='lat' dir='ltr'><strong>In</strong></span> <span class='ocrx_word' id='word_1_269' title='bbox 2396 1317 2808 1382; x_wconf 84' lang='lat' dir='ltr'><strong>Thessalonica,</strong></span> <span class='ocrx_word' id='word_1_270' title='bbox 2840 1319 3035 1375; x_wconf 78' lang='lat' dir='ltr'><strong>natalis</strong></span> <span class='ocrx_word' id='word_1_271' title='bbox 3076 1329 3384 1377; x_wconf 89' lang='lat' dir='ltr'><strong>sanctorum</strong></span> 
     </span>
    </p>
   </div>
   <div class='ocr_carea' id='block_1_43' title="bbox 1782 1410 3381 1485">
    <p class='ocr_par' dir='ltr' id='par_1_43' title="bbox 1782 1410 3381 1485">
     <span class='ocr_line' id='line_1_43' title="bbox 1782 1410 3381 1485; baseline 0.004 -19"><span class='ocrx_word' id='word_1_272' title='bbox 1782 1410 2081 1480; x_wconf 77' lang='lat' dir='ltr'><strong>Agathonis</strong></span> <span class='ocrx_word' id='word_1_273' title='bbox 2111 1411 2350 1477; x_wconf 88' lang='lat' dir='ltr'><strong>diaconi,</strong></span> <span class='ocrx_word' id='word_1_274' title='bbox 2396 1411 2683 1469; x_wconf 84' lang='lat' dir='ltr'><strong>Theodoli.</strong></span> <span class='ocrx_word' id='word_1_275' title='bbox 2717 1414 2783 1468; x_wconf 85' lang='lat' dir='ltr'><strong>Et</strong></span> <span class='ocrx_word' id='word_1_276' title='bbox 2820 1414 2968 1471; x_wconf 86' lang='lat' dir='ltr'><strong>alibi.</strong></span> <span class='ocrx_word' id='word_1_277' title='bbox 3004 1414 3177 1485; x_wconf 87' lang='lat' dir='ltr'><strong>Pauli,</strong></span> <span class='ocrx_word' id='word_1_278' title='bbox 3211 1417 3381 1472; x_wconf 84' lang='lat' dir='ltr'><strong>Matu-</strong></span> 
     </span>
    </p>
   </div>
   <div class='ocr_carea' id='block_1_44' title="bbox 1785 1502 3381 1577">
    <p class='ocr_par' dir='ltr' id='par_1_44' title="bbox 1785 1502 3381 1577">
     <span class='ocr_line' id='line_1_44' title="bbox 1785 1502 3381 1577; baseline 0.006 -22"><span class='ocrx_word' id='word_1_279' title='bbox 1785 1502 1901 1557; x_wconf 90' lang='lat' dir='ltr'><strong>tini.</strong></span> <span class='ocrx_word' id='word_1_280' title='bbox 1939 1502 2260 1561; x_wconf 80' lang='lat' dir='ltr'><strong>Mediolano.</strong></span> <span class='ocrx_word' id='word_1_281' title='bbox 2292 1503 2521 1571; x_wconf 88' lang='lat' dir='ltr'><strong>Urbani,</strong></span> <span class='ocrx_word' id='word_1_282' title='bbox 2550 1506 2848 1569; x_wconf 85' lang='lat' dir='ltr'><strong>Saturnini,</strong></span> <span class='ocrx_word' id='word_1_283' title='bbox 2898 1508 3239 1577; x_wconf 85' lang='lat' dir='ltr'><strong>Quintiliani,</strong></span> <span class='ocrx_word' id='word_1_284' title='bbox 3282 1509 3381 1565; x_wconf 87' lang='lat' dir='ltr'><strong>Pu-</strong></span> 
     </span>
    </p>
   </div>
   <div class='ocr_carea' id='block_1_45' title="bbox 1782 1594 3385 1669">
    <p class='ocr_par' dir='ltr' id='par_1_45' title="bbox 1782 1594 3385 1669">
     <span class='ocr_line' id='line_1_45' title="bbox 1782 1594 3385 1669; baseline 0.006 -20"><span class='ocrx_word' id='word_1_285' title='bbox 1782 1594 1897 1661; x_wconf 67' lang='lat' dir='ltr'><strong>blii,</strong></span> <span class='ocrx_word' id='word_1_286' title='bbox 1923 1596 2149 1667; x_wconf 84' lang='lat' dir='ltr'><strong>Ingenii.</strong></span> <span class='ocrx_word' id='word_1_287' title='bbox 2189 1596 2446 1652; x_wconf 82' lang='lat' dir='ltr'><strong>Victoris.</strong></span> <span class='ocrx_word' id='word_1_288' title='bbox 2490 1598 2763 1663; x_wconf 86' lang='lat' dir='ltr'><strong>Successi,</strong></span> <span class='ocrx_word' id='word_1_289' title='bbox 2795 1598 3019 1669; x_wconf 84' lang='lat' dir='ltr'><strong>Juliani,</strong></span> <span class='ocrx_word' id='word_1_290' title='bbox 3065 1614 3117 1657; x_wconf 90' lang='lat' dir='ltr'><strong>et</strong></span> <span class='ocrx_word' id='word_1_291' title='bbox 3154 1601 3385 1659; x_wconf 88' lang='lat' dir='ltr'><strong>aliorum</strong></span> 
     </span>
    </p>
   </div>
   <div class='ocr_carea' id='block_1_46' title="bbox 1783 1690 3386 1766">
    <p class='ocr_par' dir='ltr' id='par_1_46' title="bbox 1783 1690 3386 1766">
     <span class='ocr_line' id='line_1_46' title="bbox 1783 1690 3386 1766; baseline 0.004 -21"><span class='ocrx_word' id='word_1_292' title='bbox 1783 1690 2038 1756; x_wconf 90' lang='lat' dir='ltr'><strong>duorum,</strong></span> <span class='ocrx_word' id='word_1_293' title='bbox 2070 1691 2320 1757; x_wconf 74' lang='lat' dir='ltr'><strong>Palatini,</strong></span> <span class='ocrx_word' id='word_1_294' title='bbox 2347 1691 2493 1747; x_wconf 87' lang='lat' dir='ltr'><strong>Julii.</strong></span> <span class='ocrx_word' id='word_1_295' title='bbox 2530 1691 2851 1760; x_wconf 82' lang='lat' dir='ltr'><strong>Mediolano,</strong></span> <span class='ocrx_word' id='word_1_296' title='bbox 2885 1694 3141 1766; x_wconf 76' lang='lat' dir='ltr'><strong>depositio</strong></span> <span class='ocrx_word' id='word_1_297' title='bbox 3170 1695 3231 1749; x_wconf 84' lang='grc' dir='ltr'><strong>Β.</strong></span> <span class='ocrx_word' id='word_1_298' title='bbox 3258 1698 3386 1751; x_wconf 84' lang='lat' dir='ltr'><strong>Am-</strong></span> 
     </span>
    </p>
   </div>
   <div class='ocr_carea' id='block_1_47' title="bbox 1709 1776 2630 1857">
    <p class='ocr_par' dir='ltr' id='par_1_47' title="bbox 1709 1776 2630 1857">
     <span class='ocr_line' id='line_1_47' title="bbox 1709 1776 2630 1857; baseline 0.004 -20"><span class='ocrx_word' id='word_1_299' title='bbox 1709 1776 1755 1837; x_wconf 84' lang='lat' dir='ltr'><strong>B</strong></span> <span class='ocrx_word' id='word_1_300' title='bbox 1786 1782 1943 1838; x_wconf 81' lang='lat' dir='ltr'><strong>brosii</strong></span> <span class='ocrx_word' id='word_1_301' title='bbox 1970 1785 2197 1857; x_wconf 83' lang='lat' dir='ltr'><strong>episcopi</strong></span> <span class='ocrx_word' id='word_1_302' title='bbox 2226 1794 2275 1839; x_wconf 81' lang='lat' dir='ltr'><strong>et</strong></span> <span class='ocrx_word' id='word_1_303' title='bbox 2300 1787 2630 1851; x_wconf 77' lang='lat' dir='ltr'><strong>confessoris.</strong></span> 
     </span>
    </p>
   </div>
   <div class='ocr_carea' id='block_1_48' title="bbox 1859 1878 3392 1947">
    <p class='ocr_par' dir='ltr' id='par_1_48' title="bbox 1859 1878 3392 1947">
     <span class='ocr_line' id='line_1_48' title="bbox 1859 1878 3392 1947; baseline 0.005 -15"><span class='ocrx_word' id='word_1_304' title='bbox 1859 1878 2032 1933; x_wconf 87' lang='lat' dir='ltr'><strong>Nonis</strong></span> <span class='ocrx_word' id='word_1_305' title='bbox 2077 1879 2206 1947; x_wconf 87' lang='lat' dir='ltr'><strong>Apr.</strong></span> <span class='ocrx_word' id='word_1_306' title='bbox 2265 1879 2323 1935; x_wconf 85' lang='lat' dir='ltr'><strong>In</strong></span> <span class='ocrx_word' id='word_1_307' title='bbox 2372 1879 2711 1947; x_wconf 84' lang='lat' dir='ltr'><strong>Nicomedia,</strong></span> <span class='ocrx_word' id='word_1_308' title='bbox 2765 1882 2960 1938; x_wconf 86' lang='lat' dir='ltr'><strong>natalis</strong></span> <span class='ocrx_word' id='word_1_309' title='bbox 3013 1884 3187 1939; x_wconf 86' lang='lat' dir='ltr'><strong>sancti</strong></span> <span class='ocrx_word' id='word_1_310' title='bbox 3230 1883 3392 1941; x_wconf 87' lang='lat' dir='ltr'><strong>Clau-</strong></span> 
     </span>
    </p>
   </div>
   <div class='ocr_carea' id='block_1_49' title="bbox 1786 1971 3389 2046">
    <p class='ocr_par' dir='ltr' id='par_1_49' title="bbox 1786 1971 3389 2046">
     <span class='ocr_line' id='line_1_49' title="bbox 1786 1971 3389 2046; baseline 0.002 -17"><span class='ocrx_word' id='word_1_311' title='bbox 1786 1973 1957 2029; x_wconf 90' lang='lat' dir='ltr'><strong>diani.</strong></span> <span class='ocrx_word' id='word_1_312' title='bbox 1991 1973 2047 2027; x_wconf 93' lang='lat' dir='ltr'><strong>ln</strong></span> <span class='ocrx_word' id='word_1_313' title='bbox 2080 1971 2335 2045; x_wconf 69' lang='lat' dir='ltr'><strong>Egypto,</strong></span> <span class='ocrx_word' id='word_1_314' title='bbox 2381 1975 2577 2030; x_wconf 87' lang='lat' dir='ltr'><strong>natalis</strong></span> <span class='ocrx_word' id='word_1_315' title='bbox 2608 1985 2919 2032; x_wconf 90' lang='lat' dir='ltr'><strong>sanctorum</strong></span> <span class='ocrx_word' id='word_1_316' title='bbox 2963 1976 3267 2046; x_wconf 76' lang='lat' dir='ltr'><strong>Martianrr,</strong></span> <span class='ocrx_word' id='word_1_317' title='bbox 3297 1978 3389 2033; x_wconf 81' lang='lat' dir='ltr'><strong>Ni-</strong></span> 
     </span>
    </p>
   </div>
   <div class='ocr_carea' id='block_1_50' title="bbox 1786 2066 3384 2138">
    <p class='ocr_par' dir='ltr' id='par_1_50' title="bbox 1786 2066 3384 2138">
     <span class='ocr_line' id='line_1_50' title="bbox 1786 2066 3384 2138; baseline 0.003 -14"><span class='ocrx_word' id='word_1_318' title='bbox 1786 2068 2021 2133; x_wconf 88' lang='lat' dir='ltr'><strong>canoris,</strong></span> <span class='ocrx_word' id='word_1_319' title='bbox 2062 2066 2355 2138; x_wconf 88' lang='lat' dir='ltr'><strong>Apollonii.</strong></span> <span class='ocrx_word' id='word_1_320' title='bbox 2390 2067 2445 2123; x_wconf 89' lang='lat' dir='ltr'><strong>ln</strong></span> <span class='ocrx_word' id='word_1_321' title='bbox 2478 2069 3056 2138; x_wconf 84' lang='lat' dir='ltr'><strong>Alexandria,&#39;natalis</strong></span> <span class='ocrx_word' id='word_1_322' title='bbox 3073 2081 3384 2129; x_wconf 90' lang='lat' dir='ltr'><strong>sanctorum</strong></span> 
     </span>
    </p>
   </div>
   <div class='ocr_carea' id='block_1_51' title="bbox 1789 2161 3389 2234">
    <p class='ocr_par' dir='ltr' id='par_1_51' title="bbox 1789 2161 3389 2234">
     <span class='ocr_line' id='line_1_51' title="bbox 1789 2161 3389 2234; baseline 0.003 -17"><span class='ocrx_word' id='word_1_323' title='bbox 1789 2161 1998 2234; x_wconf 80' lang='lat' dir='ltr'><strong>Didymi</strong></span> <span class='ocrx_word' id='word_1_324' title='bbox 2042 2162 2365 2234; x_wconf 84' lang='lat' dir='ltr'><strong>presbyteri.</strong></span> <span class='ocrx_word' id='word_1_325' title='bbox 2396 2162 2464 2217; x_wconf 88' lang='lat' dir='ltr'><strong>Et</strong></span> <span class='ocrx_word' id='word_1_326' title='bbox 2495 2162 2644 2230; x_wconf 87' lang='lat' dir='ltr'><strong>alibi,</strong></span> <span class='ocrx_word' id='word_1_327' title='bbox 2669 2163 2878 2231; x_wconf 83' lang='lat' dir='ltr'><strong>Quinti,</strong></span> <span class='ocrx_word' id='word_1_328' title='bbox 2908 2164 3220 2232; x_wconf 89' lang='lat' dir='ltr'><strong>Pancbrati,</strong></span> <span class='ocrx_word' id='word_1_329' title='bbox 3247 2167 3389 2222; x_wconf 89' lang='lat' dir='ltr'><strong>Suc-</strong></span> 
     </span>
    </p>
   </div>
   <div class='ocr_carea' id='block_1_52' title="bbox 1788 2256 3385 2332">
    <p class='ocr_par' dir='ltr' id='par_1_52' title="bbox 1788 2256 3385 2332">
     <span class='ocr_line' id='line_1_52' title="bbox 1788 2256 3385 2332; baseline 0.003 -20"><span class='ocrx_word' id='word_1_330' title='bbox 1788 2259 1947 2315; x_wconf 86' lang='lat' dir='ltr'><strong>cessi.</strong></span> <span class='ocrx_word' id='word_1_331' title='bbox 1997 2256 2054 2313; x_wconf 90' lang='lat' dir='ltr'><strong>ln</strong></span> <span class='ocrx_word' id='word_1_332' title='bbox 2103 2256 2309 2328; x_wconf 86' lang='lat' dir='ltr'><strong>Sicilia,</strong></span> <span class='ocrx_word' id='word_1_333' title='bbox 2360 2258 2556 2313; x_wconf 90' lang='lat' dir='ltr'><strong>natalis</strong></span> <span class='ocrx_word' id='word_1_334' title='bbox 2596 2259 2771 2314; x_wconf 88' lang='lat' dir='ltr'><strong>sancti</strong></span> <span class='ocrx_word' id='word_1_335' title='bbox 2820 2259 3045 2314; x_wconf 84' lang='lat' dir='ltr'><strong>llonorii</strong></span> <span class='ocrx_word' id='word_1_336' title='bbox 3098 2261 3295 2332; x_wconf 82' lang='lat' dir='ltr'><strong>magni.</strong></span> <span class='ocrx_word' id='word_1_337' title='bbox 3329 2261 3385 2316; x_wconf 93' lang='grc' dir='ltr'><strong>1ιι</strong></span> 
     </span>
    </p>
   </div>
   <div class='ocr_carea' id='block_1_53' title="bbox 1788 2349 3383 2422">
    <p class='ocr_par' dir='ltr' id='par_1_53' title="bbox 1788 2349 3383 2422">
     <span class='ocr_line' id='line_1_53' title="bbox 1788 2349 3383 2422; baseline 0.001 -17"><span class='ocrx_word' id='word_1_338' title='bbox 1788 2350 2173 2407; x_wconf 80' lang='lat' dir='ltr'><strong>Thessalonica</strong></span> <span class='ocrx_word' id='word_1_339' title='bbox 2202 2395 2217 2422; x_wconf 90' lang='lat'><strong>,</strong></span> <span class='ocrx_word' id='word_1_340' title='bbox 2270 2350 2463 2404; x_wconf 82' lang='lat' dir='ltr'><strong>natalis</strong></span> <span class='ocrx_word' id='word_1_341' title='bbox 2490 2359 2798 2406; x_wconf 90' lang='lat' dir='ltr'><strong>sanctarum</strong></span> <span class='ocrx_word' id='word_1_342' title='bbox 2826 2350 3095 2421; x_wconf 89' lang='lat' dir='ltr'><strong>virginum</strong></span> <span class='ocrx_word' id='word_1_343' title='bbox 3116 2349 3383 2419; x_wconf 70' lang='lat' dir='ltr'><strong>Chionite,</strong></span> 
     </span>
    </p>
   </div>
   <div class='ocr_carea' id='block_1_54' title="bbox 1791 2440 3391 2511">
    <p class='ocr_par' dir='ltr' id='par_1_54' title="bbox 1791 2440 3391 2511">
     <span class='ocr_line' id='line_1_54' title="bbox 1791 2440 3391 2511; baseline 0.003 -15"><span class='ocrx_word' id='word_1_344' title='bbox 1791 2442 2044 2507; x_wconf 70' lang='lat' dir='ltr'><strong>llerenm,</strong></span> <span class='ocrx_word' id='word_1_345' title='bbox 2088 2452 2143 2497; x_wconf 90' lang='lat' dir='ltr'><strong>et</strong></span> <span class='ocrx_word' id='word_1_346' title='bbox 2190 2443 2407 2511; x_wconf 80' lang='lat' dir='ltr'><strong>Agapae.</strong></span> <span class='ocrx_word' id='word_1_347' title='bbox 2464 2441 2521 2496; x_wconf 91' lang='lat' dir='ltr'><strong>In</strong></span> <span class='ocrx_word' id='word_1_348' title='bbox 2574 2440 2831 2511; x_wconf 75' lang='lat' dir='ltr'><strong>Cmsaria,</strong></span> <span class='ocrx_word' id='word_1_349' title='bbox 2872 2443 3058 2509; x_wconf 72' lang='lat' dir='ltr'><strong>Lictne,</strong></span> <span class='ocrx_word' id='word_1_350' title='bbox 3090 2452 3147 2499; x_wconf 91' lang='lat' dir='ltr'><strong>et</strong></span> <span class='ocrx_word' id='word_1_351' title='bbox 3194 2444 3391 2500; x_wconf 84' lang='lat' dir='ltr'><strong>natalis</strong></span> 
     </span>
    </p>
   </div>
   <div class='ocr_carea' id='block_1_55' title="bbox 1792 2534 3398 2606">
    <p class='ocr_par' dir='ltr' id='par_1_55' title="bbox 1792 2534 3398 2606">
     <span class='ocr_line' id='line_1_55' title="bbox 1792 2534 3398 2606; baseline 0.001 -14"><span class='ocrx_word' id='word_1_352' title='bbox 1792 2536 1971 2592; x_wconf 87' lang='lat' dir='ltr'><strong>sancti</strong></span> <span class='ocrx_word' id='word_1_353' title='bbox 2002 2534 2314 2606; x_wconf 88' lang='lat' dir='ltr'><strong>Amphiani.</strong></span> <span class='ocrx_word' id='word_1_354' title='bbox 2345 2535 2402 2590; x_wconf 86' lang='lat' dir='ltr'><strong>In</strong></span> <span class='ocrx_word' id='word_1_355' title='bbox 2445 2534 2669 2604; x_wconf 85' lang='lat' dir='ltr'><strong>Cilicia,</strong></span> <span class='ocrx_word' id='word_1_356' title='bbox 2720 2536 2916 2592; x_wconf 91' lang='lat' dir='ltr'><strong>natalis</strong></span> <span class='ocrx_word' id='word_1_357' title='bbox 2948 2545 3263 2593; x_wconf 88' lang='lat' dir='ltr'><strong>sanctorum</strong></span> <span class='ocrx_word' id='word_1_358' title='bbox 3291 2537 3398 2593; x_wconf 87' lang='lat' dir='ltr'><strong>Ta-</strong></span> 
     </span>
    </p>
   </div>
   <div class='ocr_carea' id='block_1_56' title="bbox 1790 2627 3397 2703">
    <p class='ocr_par' dir='ltr' id='par_1_56' title="bbox 1790 2627 3397 2703">
     <span class='ocr_line' id='line_1_56' title="bbox 1790 2627 3397 2703; baseline 0.001 -17"><span class='ocrx_word' id='word_1_359' title='bbox 1790 2631 1922 2695; x_wconf 91' lang='lat' dir='ltr'><strong>raci,</strong></span> <span class='ocrx_word' id='word_1_360' title='bbox 1971 2628 2289 2697; x_wconf 78' lang='lat' dir='ltr'><strong>Andronici,</strong></span> <span class='ocrx_word' id='word_1_361' title='bbox 2348 2628 2530 2685; x_wconf 85' lang='lat' dir='ltr'><strong>Probi.</strong></span> <span class='ocrx_word' id='word_1_362' title='bbox 2580 2627 2650 2683; x_wconf 87' lang='lat' dir='ltr'><strong>Et</strong></span> <span class='ocrx_word' id='word_1_363' title='bbox 2678 2630 2807 2685; x_wconf 92' lang='lat' dir='ltr'><strong>alibi</strong></span> <span class='ocrx_word' id='word_1_364' title='bbox 2852 2630 3027 2687; x_wconf 88' lang='lat' dir='ltr'><strong>Arulli</strong></span> <span class='ocrx_word' id='word_1_365' title='bbox 3057 2630 3299 2703; x_wconf 88' lang='lat' dir='ltr'><strong>episcopi</strong></span> <span class='ocrx_word' id='word_1_366' title='bbox 3341 2640 3397 2687; x_wconf 85' lang='lat' dir='ltr'><strong>et</strong></span> 
     </span>
    </p>
   </div>
   <div class='ocr_carea' id='block_1_57' title="bbox 1792 2722 2143 2779">
    <p class='ocr_par' dir='ltr' id='par_1_57' title="bbox 1792 2722 2143 2779">
     <span class='ocr_line' id='line_1_57' title="bbox 1792 2722 2143 2779; baseline 0 -1"><span class='ocrx_word' id='word_1_367' title='bbox 1792 2722 2143 2779; x_wconf 77' lang='lat' dir='ltr'><strong>confessoris.</strong></span> 
     </span>
    </p>
   </div>
   <div class='ocr_carea' id='block_1_58' title="bbox 1864 2813 3395 2889">
    <p class='ocr_par' dir='ltr' id='par_1_58' title="bbox 1864 2813 3395 2889">
     <span class='ocr_line' id='line_1_58' title="bbox 1864 2813 3395 2889; baseline 0.003 -20"><span class='ocrx_word' id='word_1_368' title='bbox 1864 2830 1955 2869; x_wconf 88' lang='lat' dir='ltr'><strong>vttt</strong></span> <span class='ocrx_word' id='word_1_369' title='bbox 1988 2815 2105 2868; x_wconf 85' lang='lat' dir='ltr'><strong>idus</strong></span> <span class='ocrx_word' id='word_1_370' title='bbox 2133 2814 2263 2883; x_wconf 82' lang='lat' dir='ltr'><strong>Apr.</strong></span> <span class='ocrx_word' id='word_1_371' title='bbox 2312 2813 2368 2870; x_wconf 85' lang='lat' dir='ltr'><strong>In</strong></span> <span class='ocrx_word' id='word_1_372' title='bbox 2419 2814 2755 2883; x_wconf 83' lang='lat' dir='ltr'><strong>Nicomedia,</strong></span> <span class='ocrx_word' id='word_1_373' title='bbox 2802 2816 3002 2886; x_wconf 86' lang='lat' dir='ltr'><strong>Firmi,</strong></span> <span class='ocrx_word' id='word_1_374' title='bbox 3058 2816 3228 2873; x_wconf 79' lang='lat' dir='ltr'><strong>Henei</strong></span> <span class='ocrx_word' id='word_1_375' title='bbox 3275 2820 3395 2889; x_wconf 86' lang='lat' dir='ltr'><strong>epi-</strong></span> 
     </span>
    </p>
   </div>
   <div class='ocr_carea' id='block_1_59' title="bbox 1795 2909 3395 2984">
    <p class='ocr_par' dir='ltr' id='par_1_59' title="bbox 1795 2909 3395 2984">
     <span class='ocr_line' id='line_1_59' title="bbox 1795 2909 3395 2984; baseline 0.001 -19"><span class='ocrx_word' id='word_1_376' title='bbox 1795 2909 1970 2978; x_wconf 90' lang='lat' dir='ltr'><strong>scopi,</strong></span> <span class='ocrx_word' id='word_1_377' title='bbox 1994 2909 2266 2976; x_wconf 90' lang='lat' dir='ltr'><strong>Ilimnari,</strong></span> <span class='ocrx_word' id='word_1_378' title='bbox 2301 2909 2599 2976; x_wconf 87' lang='lat' dir='ltr'><strong>Solutoris,</strong></span> <span class='ocrx_word' id='word_1_379' title='bbox 2624 2910 2885 2979; x_wconf 86' lang='lat' dir='ltr'><strong>Quiriaci,</strong></span> <span class='ocrx_word' id='word_1_380' title='bbox 2920 2912 3112 2984; x_wconf 81' lang='lat' dir='ltr'><strong>Moysi,</strong></span> <span class='ocrx_word' id='word_1_381' title='bbox 3140 2912 3395 2983; x_wconf 88' lang='lat' dir='ltr'><strong>Romani,</strong></span> 
     </span>
    </p>
   </div>
   <div class='ocr_carea' id='block_1_60' title="bbox 1795 2999 3396 3075">
    <p class='ocr_par' dir='ltr' id='par_1_60' title="bbox 1795 2999 3396 3075">
     <span class='ocr_line' id='line_1_60' title="bbox 1795 2999 3396 3075; baseline 0.002 -19"><span class='ocrx_word' id='word_1_382' title='bbox 1795 3001 2012 3067; x_wconf 88' lang='lat' dir='ltr'><strong>Donati,</strong></span> <span class='ocrx_word' id='word_1_383' title='bbox 2041 3000 2199 3062; x_wconf 84' lang='lat' dir='ltr'><strong>Sixti.</strong></span> <span class='ocrx_word' id='word_1_384' title='bbox 2231 3000 2488 3067; x_wconf 81' lang='lat' dir='ltr'><strong>Victoris,</strong></span> <span class='ocrx_word' id='word_1_385' title='bbox 2522 2999 2676 3071; x_wconf 89' lang='lat' dir='ltr'><strong>Cagi,</strong></span> <span class='ocrx_word' id='word_1_386' title='bbox 2719 3001 2902 3058; x_wconf 90' lang='lat' dir='ltr'><strong>Satiri.</strong></span> <span class='ocrx_word' id='word_1_387' title='bbox 2955 3002 3025 3058; x_wconf 89' lang='lat' dir='ltr'><strong>Et</strong></span> <span class='ocrx_word' id='word_1_388' title='bbox 3066 3002 3121 3058; x_wconf 92' lang='lat' dir='ltr'><strong>in</strong></span> <span class='ocrx_word' id='word_1_389' title='bbox 3160 3003 3396 3075; x_wconf 90' lang='lat' dir='ltr'><strong>Syrmia,</strong></span> 
     </span>
    </p>
   </div>
   <div class='ocr_carea' id='block_1_61' title="bbox 1797 3092 3400 3159">
    <p class='ocr_par' dir='ltr' id='par_1_61' title="bbox 1797 3092 3400 3159">
     <span class='ocr_line' id='line_1_61' title="bbox 1797 3092 3400 3159; baseline 0.002 -11"><span class='ocrx_word' id='word_1_390' title='bbox 1797 3093 2030 3155; x_wconf 69' lang='lat' dir='ltr'><strong>Rullum,</strong></span> <span class='ocrx_word' id='word_1_391' title='bbox 2075 3092 2389 3154; x_wconf 68' lang='lat' dir='ltr'><strong>Moderatio.</strong></span> <span class='ocrx_word' id='word_1_392' title='bbox 2419 3093 2703 3159; x_wconf 67' lang='lat' dir='ltr'><strong>Romanae,</strong></span> <span class='ocrx_word' id='word_1_393' title='bbox 2737 3093 2972 3149; x_wconf 89' lang='lat' dir='ltr'><strong>Secundi</strong></span> <span class='ocrx_word' id='word_1_394' title='bbox 3002 3108 3123 3149; x_wconf 91' lang='lat' dir='ltr'><strong>cum</strong></span> <span class='ocrx_word' id='word_1_395' title='bbox 3148 3094 3270 3150; x_wconf 89' lang='lat' dir='ltr'><strong>aliis</strong></span> <span class='ocrx_word' id='word_1_396' title='bbox 3308 3109 3400 3151; x_wconf 83' lang='lat' dir='ltr'><strong>se-</strong></span> 
     </span>
    </p>
   </div>
   <div class='ocr_carea' id='block_1_62' title="bbox 186 3173 3403 3254">
    <p class='ocr_par' dir='ltr' id='par_1_62' title="bbox 186 3173 3403 3254">
     <span class='ocr_line' id='line_1_62' title="bbox 186 3173 3403 3254; baseline 0.002 -19"><span class='ocrx_word' id='word_1_397' title='bbox 186 3198 209 3235; x_wconf 72' lang='grc' dir='ltr'><strong>ι</strong></span> <span class='ocrx_word' id='word_1_398' title='bbox 233 3182 327 3237; x_wconf 80' lang='lat' dir='ltr'><strong>kal.</strong></span> <span class='ocrx_word' id='word_1_399' title='bbox 356 3184 533 3254; x_wconf 82' lang='lat' dir='ltr'><strong>April.</strong></span> <span class='ocrx_word' id='word_1_400' title='bbox 563 3180 623 3237; x_wconf 84' lang='grc' dir='ltr'><strong>1η</strong></span> <span class='ocrx_word' id='word_1_401' title='bbox 656 3178 1151 3250; x_wconf 65' lang='grc' dir='ltr'><strong>Οωεδτίλ,Ῐὶοὲιιιί,</strong></span> <span class='ocrx_word' id='word_1_402' title='bbox 1172 3178 1489 3243; x_wconf 83' lang='lat' dir='ltr'><strong>Alexandri,</strong></span> <span class='ocrx_word' id='word_1_403' title='bbox 1524 3178 1690 3232; x_wconf 84' lang='lat' dir='ltr'><strong>Doro-</strong></span> <span class='ocrx_word' id='word_1_404' title='bbox 1720 3173 1765 3236; x_wconf 83' lang='lat' dir='ltr'><strong>C</strong></span> <span class='ocrx_word' id='word_1_405' title='bbox 1801 3195 1971 3254; x_wconf 91' lang='lat' dir='ltr'><strong>ptem.</strong></span> <span class='ocrx_word' id='word_1_406' title='bbox 1997 3184 2324 3250; x_wconf 91' lang='lat' dir='ltr'><strong>Florentini,</strong></span> <span class='ocrx_word' id='word_1_407' title='bbox 2347 3183 2682 3249; x_wconf 87' lang='lat' dir='ltr'><strong>Geminiani,</strong></span> <span class='ocrx_word' id='word_1_408' title='bbox 2706 3183 2910 3240; x_wconf 92' lang='lat' dir='ltr'><strong>Saturi.</strong></span> <span class='ocrx_word' id='word_1_409' title='bbox 2933 3186 2988 3241; x_wconf 93' lang='lat' dir='ltr'><strong>ln</strong></span> <span class='ocrx_word' id='word_1_410' title='bbox 3014 3185 3217 3251; x_wconf 72' lang='lat' dir='ltr'><strong>Africa,</strong></span> <span class='ocrx_word' id='word_1_411' title='bbox 3248 3196 3403 3243; x_wconf 85' lang='lat' dir='ltr'><strong>nata-</strong></span> 
     </span>
    </p>
   </div>
   <div class='ocr_carea' id='block_1_63' title="bbox 133 3274 1693 3343">
    <p class='ocr_par' dir='ltr' id='par_1_63' title="bbox 133 3274 1693 3343">
     <span class='ocr_line' id='line_1_63' title="bbox 133 3274 1693 3343; baseline -0.001 -13"><span class='ocrx_word' id='word_1_412' title='bbox 133 3274 245 3341; x_wconf 80' lang='lat' dir='ltr'><strong>tltci,</strong></span> <span class='ocrx_word' id='word_1_413' title='bbox 266 3278 546 3343; x_wconf 72' lang='lat' dir='ltr'><strong>Audacttc,</strong></span> <span class='ocrx_word' id='word_1_414' title='bbox 578 3275 833 3332; x_wconf 81' lang='lat' dir='ltr'><strong>Modesti.</strong></span> <span class='ocrx_word' id='word_1_415' title='bbox 868 3276 924 3331; x_wconf 88' lang='lat' dir='ltr'><strong>In</strong></span> <span class='ocrx_word' id='word_1_416' title='bbox 954 3277 1126 3333; x_wconf 91' lang='lat' dir='ltr'><strong>Tarso</strong></span> <span class='ocrx_word' id='word_1_417' title='bbox 1156 3274 1393 3341; x_wconf 65' lang='lat' dir='ltr'><strong>Ciliciae,</strong></span> <span class='ocrx_word' id='word_1_418' title='bbox 1418 3274 1653 3330; x_wconf 76' lang='lat' dir='ltr'><strong>CaStorii</strong></span> <span class='ocrx_word' id='word_1_419' title='bbox 1678 3317 1693 3342; x_wconf 97' lang='lat'><strong>,</strong></span> 
     </span>
    </p>
   </div>
   <div class='ocr_carea' id='block_1_64' title="bbox 131 3364 1695 3441">
    <p class='ocr_par' dir='ltr' id='par_1_64' title="bbox 131 3364 1695 3441">
     <span class='ocr_line' id='line_1_64' title="bbox 131 3364 1695 3441; baseline 0.001 -20"><span class='ocrx_word' id='word_1_420' title='bbox 131 3364 437 3441; x_wconf 67' lang='lat' dir='ltr'><strong>Mettelampi.</strong></span> <span class='ocrx_word' id='word_1_421' title='bbox 468 3367 801 3431; x_wconf 74' lang='lat' dir='ltr'><strong>Cavillonno,</strong></span> <span class='ocrx_word' id='word_1_422' title='bbox 826 3370 1051 3440; x_wconf 79' lang='lat' dir='ltr'><strong>deposit.</strong></span> <span class='ocrx_word' id='word_1_423' title='bbox 1081 3367 1484 3423; x_wconf 82' lang='lat' dir='ltr'><strong>Gundibrammi</strong></span> <span class='ocrx_word' id='word_1_424' title='bbox 1511 3367 1695 3439; x_wconf 85' lang='lat' dir='ltr'><strong>Regis.</strong></span> 
     </span>
    </p>
   </div>
   <div class='ocr_carea' id='block_1_65' title="bbox 186 3460 1694 3535">
    <p class='ocr_par' dir='ltr' id='par_1_65' title="bbox 186 3460 1694 3535">
     <span class='ocr_line' id='line_1_65' title="bbox 186 3460 1694 3535; baseline -0.001 -20"><span class='ocrx_word' id='word_1_425' title='bbox 186 3476 226 3515; x_wconf 79' lang='lat' dir='ltr'><strong>tv</strong></span> <span class='ocrx_word' id='word_1_426' title='bbox 250 3461 343 3517; x_wconf 79' lang='lat' dir='ltr'><strong>kal.</strong></span> <span class='ocrx_word' id='word_1_427' title='bbox 372 3464 556 3535; x_wconf 84' lang='lat' dir='ltr'><strong>April.</strong></span> <span class='ocrx_word' id='word_1_428' title='bbox 616 3462 673 3517; x_wconf 86' lang='lat' dir='ltr'><strong>In</strong></span> <span class='ocrx_word' id='word_1_429' title='bbox 719 3460 1055 3530; x_wconf 86' lang='lat' dir='ltr'><strong>Nicomedia,</strong></span> <span class='ocrx_word' id='word_1_430' title='bbox 1105 3462 1367 3525; x_wconf 83' lang='lat' dir='ltr'><strong>Pastoris,</strong></span> <span class='ocrx_word' id='word_1_431' title='bbox 1414 3462 1694 3529; x_wconf 87' lang='lat' dir='ltr'><strong>Victorini,</strong></span> 
     </span>
    </p>
   </div>
   <div class='ocr_carea' id='block_1_66' title="bbox 130 3549 1697 3627">
    <p class='ocr_par' dir='ltr' id='par_1_66' title="bbox 130 3549 1697 3627">
     <span class='ocr_line' id='line_1_66' title="bbox 130 3549 1697 3627; baseline 0.004 -22"><span class='ocrx_word' id='word_1_432' title='bbox 130 3549 385 3620; x_wconf 79' lang='lat' dir='ltr'><strong>Saturnini,</strong></span> <span class='ocrx_word' id='word_1_433' title='bbox 427 3554 692 3619; x_wconf 76' lang='lat' dir='ltr'><strong>Julianze,</strong></span> <span class='ocrx_word' id='word_1_434' title='bbox 736 3563 792 3607; x_wconf 88' lang='lat' dir='ltr'><strong>et</strong></span> <span class='ocrx_word' id='word_1_435' title='bbox 832 3555 1064 3610; x_wconf 90' lang='lat' dir='ltr'><strong>aliorum</strong></span> <span class='ocrx_word' id='word_1_436' title='bbox 1112 3563 1343 3627; x_wconf 88' lang='lat' dir='ltr'><strong>quatuor</strong></span> <span class='ocrx_word' id='word_1_437' title='bbox 1377 3567 1697 3627; x_wconf 88' lang='lat' dir='ltr'><strong>martyrum.</strong></span> 
     </span>
    </p>
   </div>
   <div class='ocr_carea' id='block_1_67' title="bbox 131 3643 1702 3720">
    <p class='ocr_par' dir='ltr' id='par_1_67' title="bbox 131 3643 1702 3720">
     <span class='ocr_line' id='line_1_67' title="bbox 131 3643 1702 3720; baseline 0.003 -22"><span class='ocrx_word' id='word_1_438' title='bbox 131 3643 173 3699; x_wconf 85' lang='grc' dir='ltr'><strong>ιιι</strong></span> <span class='ocrx_word' id='word_1_439' title='bbox 214 3647 513 3717; x_wconf 84' lang='lat' dir='ltr'><strong>Antiochia,</strong></span> <span class='ocrx_word' id='word_1_440' title='bbox 569 3646 843 3704; x_wconf 89' lang='lat' dir='ltr'><strong>Theodori</strong></span> <span class='ocrx_word' id='word_1_441' title='bbox 894 3648 1219 3720; x_wconf 88' lang='lat' dir='ltr'><strong>presbyteri,</strong></span> <span class='ocrx_word' id='word_1_442' title='bbox 1260 3647 1558 3715; x_wconf 89' lang='lat' dir='ltr'><strong>Poentalis,</strong></span> <span class='ocrx_word' id='word_1_443' title='bbox 1609 3648 1702 3704; x_wconf 80' lang='lat' dir='ltr'><strong>Ju-</strong></span> 
     </span>
    </p>
   </div>
   <div class='ocr_carea' id='block_1_68' title="bbox 130 3735 1265 3807">
    <p class='ocr_par' dir='ltr' id='par_1_68' title="bbox 130 3735 1265 3807">
     <span class='ocr_line' id='line_1_68' title="bbox 130 3735 1265 3807; baseline 0.004 -15"><span class='ocrx_word' id='word_1_444' title='bbox 130 3735 251 3807; x_wconf 83' lang='lat' dir='ltr'><strong>liaai,</strong></span> <span class='ocrx_word' id='word_1_445' title='bbox 274 3742 497 3799; x_wconf 82' lang='lat' dir='ltr'><strong>Achaei.</strong></span> <span class='ocrx_word' id='word_1_446' title='bbox 1256 3749 1265 3757; x_wconf 92' lang='lat'><strong>&#39;</strong></span> 
     </span>
    </p>
   </div>
   <div class='ocr_carea' id='block_1_69' title="bbox 184 3839 1698 3917">
    <p class='ocr_par' dir='ltr' id='par_1_69' title="bbox 184 3839 1698 3917">
     <span class='ocr_line' id='line_1_69' title="bbox 184 3839 1698 3917; baseline -0.001 -22"><span class='ocrx_word' id='word_1_447' title='bbox 184 3858 231 3896; x_wconf 90' lang='grc' dir='ltr'><strong>ιιι</strong></span> <span class='ocrx_word' id='word_1_448' title='bbox 254 3843 349 3900; x_wconf 77' lang='lat' dir='ltr'><strong>kal.</strong></span> <span class='ocrx_word' id='word_1_449' title='bbox 382 3843 561 3917; x_wconf 83' lang='lat' dir='ltr'><strong>April.</strong></span> <span class='ocrx_word' id='word_1_450' title='bbox 608 3843 665 3898; x_wconf 82' lang='lat' dir='ltr'><strong>in</strong></span> <span class='ocrx_word' id='word_1_451' title='bbox 707 3840 1091 3899; x_wconf 82' lang='lat' dir='ltr'><strong>Thessalonica</strong></span> <span class='ocrx_word' id='word_1_452' title='bbox 1134 3839 1376 3909; x_wconf 86' lang='lat' dir='ltr'><strong>civitate,</strong></span> <span class='ocrx_word' id='word_1_453' title='bbox 1426 3839 1698 3907; x_wconf 91' lang='lat' dir='ltr'><strong>Domnini,</strong></span> 
     </span>
    </p>
   </div>
   <div class='ocr_carea' id='block_1_70' title="bbox 128 3931 1702 4008">
    <p class='ocr_par' dir='ltr' id='par_1_70' title="bbox 128 3931 1702 4008">
     <span class='ocr_line' id='line_1_70' title="bbox 128 3931 1702 4008; baseline -0.002 -19"><span class='ocrx_word' id='word_1_454' title='bbox 128 3931 479 4008; x_wconf 75' lang='lat' dir='ltr'><strong>Pliilippopoli,</strong></span> <span class='ocrx_word' id='word_1_455' title='bbox 519 3935 681 3991; x_wconf 84' lang='lat' dir='ltr'><strong>Aeaci</strong></span> <span class='ocrx_word' id='word_1_456' title='bbox 712 3933 981 3990; x_wconf 87' lang='lat' dir='ltr'><strong>Palatini:</strong></span> <span class='ocrx_word' id='word_1_457' title='bbox 1010 3942 1064 3989; x_wconf 90' lang='lat' dir='ltr'><strong>et</strong></span> <span class='ocrx_word' id='word_1_458' title='bbox 1091 3932 1219 3988; x_wconf 88' lang='lat' dir='ltr'><strong>alibi</strong></span> <span class='ocrx_word' id='word_1_459' title='bbox 1253 3931 1484 3988; x_wconf 88' lang='lat' dir='ltr'><strong>Victoris</strong></span> <span class='ocrx_word' id='word_1_460' title='bbox 1518 3950 1531 3985; x_wconf 89' lang='lat'><strong>:</strong></span> <span class='ocrx_word' id='word_1_461' title='bbox 1566 3931 1702 3986; x_wconf 83' lang='lat' dir='ltr'><strong>Mar-</strong></span> 
     </span>
    </p>
   </div>
   <div class='ocr_carea' id='block_1_71' title="bbox 127 4026 1700 4099">
    <p class='ocr_par' dir='ltr' id='par_1_71' title="bbox 127 4026 1700 4099">
     <span class='ocr_line' id='line_1_71' title="bbox 127 4026 1700 4099; baseline 0 -19"><span class='ocrx_word' id='word_1_462' title='bbox 127 4030 293 4096; x_wconf 79' lang='lat' dir='ltr'><strong>cellini,</strong></span> <span class='ocrx_word' id='word_1_463' title='bbox 325 4029 553 4096; x_wconf 88' lang='lat' dir='ltr'><strong>Satnlli,</strong></span> <span class='ocrx_word' id='word_1_464' title='bbox 597 4028 804 4097; x_wconf 82' lang='lat' dir='ltr'><strong>Crusis,</strong></span> <span class='ocrx_word' id='word_1_465' title='bbox 839 4026 1177 4099; x_wconf 76' lang='lat' dir='ltr'><strong>Agathonizr,</strong></span> <span class='ocrx_word' id='word_1_466' title='bbox 1203 4026 1413 4098; x_wconf 64' lang='lat' dir='ltr'><strong>Aquilae</strong></span> <span class='ocrx_word' id='word_1_467' title='bbox 1454 4026 1700 4096; x_wconf 81' lang='lat' dir='ltr'><strong>virginis,</strong></span> 
     </span>
    </p>
   </div>
   <div class='ocr_carea' id='block_1_72' title="bbox 128 4119 1698 4193">
    <p class='ocr_par' dir='ltr' id='par_1_72' title="bbox 128 4119 1698 4193">
     <span class='ocr_line' id='line_1_72' title="bbox 128 4119 1698 4193; baseline -0.003 -16"><span class='ocrx_word' id='word_1_468' title='bbox 128 4121 411 4192; x_wconf 79' lang='lat' dir='ltr'><strong>Saturnini,</strong></span> <span class='ocrx_word' id='word_1_469' title='bbox 458 4124 688 4180; x_wconf 67' lang='lat' dir='ltr'><strong>Eulalia:</strong></span> <span class='ocrx_word' id='word_1_470' title='bbox 742 4122 989 4193; x_wconf 76' lang='lat' dir='ltr'><strong>virginis.</strong></span> <span class='ocrx_word' id='word_1_471' title='bbox 1043 4119 1447 4191; x_wconf 84' lang='lat' dir='ltr'><strong>Philippopoli,</strong></span> <span class='ocrx_word' id='word_1_472' title='bbox 1500 4119 1698 4185; x_wconf 87' lang='lat' dir='ltr'><strong>Dativi,</strong></span> 
     </span>
    </p>
   </div>
   <div class='ocr_carea' id='block_1_73' title="bbox 128 4210 1708 4283">
    <p class='ocr_par' dir='ltr' id='par_1_73' title="bbox 128 4210 1708 4283">
     <span class='ocr_line' id='line_1_73' title="bbox 128 4210 1708 4283; baseline 0.003 -18"><span class='ocrx_word' id='word_1_473' title='bbox 128 4212 357 4274; x_wconf 75' lang='lat' dir='ltr'><strong>PaStoris.</strong></span> <span class='ocrx_word' id='word_1_474' title='bbox 397 4218 463 4273; x_wconf 84' lang='grc' dir='ltr'><strong>ιιι</strong></span> <span class='ocrx_word' id='word_1_475' title='bbox 512 4215 720 4282; x_wconf 77' lang='lat' dir='ltr'><strong>Africa,</strong></span> <span class='ocrx_word' id='word_1_476' title='bbox 752 4214 945 4283; x_wconf 89' lang='lat' dir='ltr'><strong>Anesi,</strong></span> <span class='ocrx_word' id='word_1_477' title='bbox 976 4213 1194 4280; x_wconf 82' lang='lat' dir='ltr'><strong>Felicis,</strong></span> <span class='ocrx_word' id='word_1_478' title='bbox 1221 4212 1477 4282; x_wconf 70' lang='lat' dir='ltr'><strong>Protidtc,</strong></span> <span class='ocrx_word' id='word_1_479' title='bbox 1501 4210 1708 4270; x_wconf 87' lang='lat' dir='ltr'><strong>Corne-</strong></span> 
     </span>
    </p>
   </div>
   <div class='ocr_carea' id='block_1_74' title="bbox 128 4304 552 4372">
    <p class='ocr_par' dir='ltr' id='par_1_74' title="bbox 128 4304 552 4372">
     <span class='ocr_line' id='line_1_74' title="bbox 128 4304 552 4372; baseline 0.014 -16"><span class='ocrx_word' id='word_1_480' title='bbox 128 4304 213 4372; x_wconf 63' lang='lat' dir='ltr'><strong>lie,</strong></span> <span class='ocrx_word' id='word_1_481' title='bbox 247 4306 552 4367; x_wconf 59' lang='lat' dir='ltr'><strong>Valeriae...</strong></span> 
     </span>
    </p>
   </div>
   <div class='ocr_carea' id='block_1_75' title="bbox 555 4396 1259 4457">
    <p class='ocr_par' dir='ltr' id='par_1_75' title="bbox 555 4396 1259 4457">
     <span class='ocr_line' id='line_1_75' title="bbox 555 4396 1259 4457; baseline -0.006 0"><span class='ocrx_word' id='word_1_482' title='bbox 555 4398 864 4457; x_wconf 76' lang='lat' dir='ltr'><strong>MENSlS</strong></span> <span class='ocrx_word' id='word_1_483' title='bbox 904 4396 1259 4455; x_wconf 80' lang='lat' dir='ltr'><strong>APRILIS.</strong></span> 
     </span>
    </p>
   </div>
   <div class='ocr_carea' id='block_1_76' title="bbox 678 4494 1137 4551">
    <p class='ocr_par' dir='ltr' id='par_1_76' title="bbox 678 4494 1137 4551">
     <span class='ocr_line' id='line_1_76' title="bbox 678 4494 1137 4551; baseline -0.007 -1"><span class='ocrx_word' id='word_1_484' title='bbox 678 4495 850 4551; x_wconf 81' lang='lat' dir='ltr'><strong>liabet</strong></span> <span class='ocrx_word' id='word_1_485' title='bbox 874 4494 991 4549; x_wconf 91' lang='lat' dir='ltr'><strong>dies</strong></span> <span class='ocrx_word' id='word_1_486' title='bbox 1010 4509 1137 4549; x_wconf 77' lang='lat' dir='ltr'><strong>xxx.</strong></span> 
     </span>
    </p>
   </div>
   <div class='ocr_carea' id='block_1_77' title="bbox 622 4586 1192 4643">
    <p class='ocr_par' dir='ltr' id='par_1_77' title="bbox 622 4586 1192 4643">
     <span class='ocr_line' id='line_1_77' title="bbox 622 4586 1192 4643; baseline -0.009 0"><span class='ocrx_word' id='word_1_487' title='bbox 622 4587 829 4643; x_wconf 79' lang='lat' dir='ltr'><strong>Litania</strong></span> <span class='ocrx_word' id='word_1_488' title='bbox 892 4588 1096 4641; x_wconf 85' lang='lat' dir='ltr'><strong>indicen</strong></span> <span class='ocrx_word' id='word_1_489' title='bbox 1107 4586 1192 4639; x_wconf 87' lang='lat' dir='ltr'><strong>da.</strong></span> 
     </span>
    </p>
   </div>
   <div class='ocr_carea' id='block_1_78' title="bbox 184 4678 1703 4755">
    <p class='ocr_par' dir='ltr' id='par_1_78' title="bbox 184 4678 1703 4755">
     <span class='ocr_line' id='line_1_78' title="bbox 184 4678 1703 4755; baseline -0.001 -19"><span class='ocrx_word' id='word_1_490' title='bbox 184 4679 298 4737; x_wconf 78' lang='lat' dir='ltr'><strong>Kal.</strong></span> <span class='ocrx_word' id='word_1_491' title='bbox 328 4681 504 4755; x_wconf 87' lang='lat' dir='ltr'><strong>April.</strong></span> <span class='ocrx_word' id='word_1_492' title='bbox 532 4680 591 4737; x_wconf 84' lang='grc' dir='ltr'><strong>ιιι</strong></span> <span class='ocrx_word' id='word_1_493' title='bbox 614 4681 894 4750; x_wconf 80' lang='lat' dir='ltr'><strong>Armenia,</strong></span> <span class='ocrx_word' id='word_1_494' title='bbox 923 4681 1099 4737; x_wconf 90' lang='lat' dir='ltr'><strong>natale</strong></span> <span class='ocrx_word' id='word_1_495' title='bbox 1121 4689 1432 4737; x_wconf 89' lang='lat' dir='ltr'><strong>sanctorum</strong></span> <span class='ocrx_word' id='word_1_496' title='bbox 1459 4678 1703 4748; x_wconf 88' lang='lat' dir='ltr'><strong>Fortuni,</strong></span> 
     </span>
    </p>
   </div>
   <div class='ocr_carea' id='block_1_79' title="bbox 123 4770 1703 4843">
    <p class='ocr_par' dir='ltr' id='par_1_79' title="bbox 123 4770 1703 4843">
     <span class='ocr_line' id='line_1_79' title="bbox 123 4770 1703 4843; baseline 0.003 -18"><span class='ocrx_word' id='word_1_497' title='bbox 123 4770 402 4843; x_wconf 82' lang='lat' dir='ltr'><strong>Quintiani,</strong></span> <span class='ocrx_word' id='word_1_498' title='bbox 457 4776 713 4842; x_wconf 85' lang='lat' dir='ltr'><strong>Victoris,</strong></span> <span class='ocrx_word' id='word_1_499' title='bbox 763 4774 1021 4832; x_wconf 89' lang='lat' dir='ltr'><strong>Secundi.</strong></span> <span class='ocrx_word' id='word_1_500' title='bbox 1081 4774 1138 4830; x_wconf 88' lang='lat' dir='ltr'><strong>In</strong></span> <span class='ocrx_word' id='word_1_501' title='bbox 1168 4774 1428 4831; x_wconf 87' lang='lat' dir='ltr'><strong>lleraclea</strong></span> <span class='ocrx_word' id='word_1_502' title='bbox 1465 4774 1703 4842; x_wconf 88' lang='lat' dir='ltr'><strong>civitate,</strong></span> 
     </span>
    </p>
   </div>
   <div class='ocr_carea' id='block_1_80' title="bbox 124 4862 1706 4939">
    <p class='ocr_par' dir='ltr' id='par_1_80' title="bbox 124 4862 1706 4939">
     <span class='ocr_line' id='line_1_80' title="bbox 124 4862 1706 4939; baseline 0.003 -20"><span class='ocrx_word' id='word_1_503' title='bbox 124 4862 231 4920; x_wconf 83' lang='lat' dir='ltr'><strong>item</strong></span> <span class='ocrx_word' id='word_1_504' title='bbox 267 4869 525 4935; x_wconf 80' lang='lat' dir='ltr'><strong>Victoris,</strong></span> <span class='ocrx_word' id='word_1_505' title='bbox 557 4867 826 4932; x_wconf 76' lang='lat' dir='ltr'><strong>Chionize,</strong></span> <span class='ocrx_word' id='word_1_506' title='bbox 860 4869 1081 4939; x_wconf 75' lang='lat' dir='ltr'><strong>Agapte,</strong></span> <span class='ocrx_word' id='word_1_507' title='bbox 1128 4866 1399 4935; x_wconf 77' lang='lat' dir='ltr'><strong>llzcrettei,</strong></span> <span class='ocrx_word' id='word_1_508' title='bbox 1450 4864 1615 4921; x_wconf 79' lang='lat' dir='ltr'><strong>CaSti.</strong></span> <span class='ocrx_word' id='word_1_509' title='bbox 1649 4866 1706 4923; x_wconf 84' lang='lat' dir='ltr'><strong>In</strong></span> 
     </span>
    </p>
   </div>
   <div class='ocr_carea' id='block_1_81' title="bbox 121 4956 1702 5031">
    <p class='ocr_par' dir='ltr' id='par_1_81' title="bbox 121 4956 1702 5031">
     <span class='ocr_line' id='line_1_81' title="bbox 121 4956 1702 5031; baseline 0.003 -21"><span class='ocrx_word' id='word_1_510' title='bbox 121 4956 516 5026; x_wconf 78' lang='lat' dir='ltr'><strong>Thessalonica,</strong></span> <span class='ocrx_word' id='word_1_511' title='bbox 547 4962 729 5018; x_wconf 88' lang='lat' dir='ltr'><strong>natale</strong></span> <span class='ocrx_word' id='word_1_512' title='bbox 760 4975 1069 5017; x_wconf 90' lang='lat' dir='ltr'><strong>sanctorum</strong></span> <span class='ocrx_word' id='word_1_513' title='bbox 1094 4961 1365 5031; x_wconf 73' lang='lat' dir='ltr'><strong>lngenuw,</strong></span> <span class='ocrx_word' id='word_1_514' title='bbox 1401 4960 1702 5028; x_wconf 90' lang='lat' dir='ltr'><strong>Saturnini,</strong></span> 
     </span>
    </p>
   </div>
   <div class='ocr_carea' id='block_1_82' title="bbox 124 5050 1708 5127">
    <p class='ocr_par' dir='ltr' id='par_1_82' title="bbox 124 5050 1708 5127">
     <span class='ocr_line' id='line_1_82' title="bbox 124 5050 1708 5127; baseline 0.002 -24"><span class='ocrx_word' id='word_1_515' title='bbox 124 5050 304 5109; x_wconf 83' lang='lat' dir='ltr'><strong>Patrini</strong></span> <span class='ocrx_word' id='word_1_516' title='bbox 335 5098 350 5122; x_wconf 95' lang='lat'><strong>,</strong></span> <span class='ocrx_word' id='word_1_517' title='bbox 387 5055 677 5127; x_wconf 76' lang='lat' dir='ltr'><strong>Dionysii,</strong></span> <span class='ocrx_word' id='word_1_518' title='bbox 716 5055 965 5121; x_wconf 86' lang='lat' dir='ltr'><strong>Panteri,</strong></span> <span class='ocrx_word' id='word_1_519' title='bbox 1010 5053 1325 5109; x_wconf 80' lang='lat' dir='ltr'><strong>Alexandri.</strong></span> <span class='ocrx_word' id='word_1_520' title='bbox 1358 5052 1413 5107; x_wconf 90' lang='lat' dir='ltr'><strong>In</strong></span> <span class='ocrx_word' id='word_1_521' title='bbox 1450 5052 1708 5125; x_wconf 66' lang='lat' dir='ltr'><strong>IEgypto,</strong></span> 
     </span>
    </p>
   </div>
   <div class='ocr_carea' id='block_1_83' title="bbox 119 5144 1713 5218">
    <p class='ocr_par' dir='ltr' id='par_1_83' title="bbox 119 5144 1713 5218">
     <span class='ocr_line' id='line_1_83' title="bbox 119 5144 1713 5218; baseline -0.001 -19"><span class='ocrx_word' id='word_1_522' title='bbox 119 5151 282 5214; x_wconf 71' lang='lat' dir='ltr'><strong>passio</strong></span> <span class='ocrx_word' id='word_1_523' title='bbox 324 5164 646 5205; x_wconf 76' lang='lat' dir='ltr'><strong>sanczorum</strong></span> <span class='ocrx_word' id='word_1_524' title='bbox 680 5148 936 5213; x_wconf 84' lang='lat' dir='ltr'><strong>Victoris,</strong></span> <span class='ocrx_word' id='word_1_525' title='bbox 969 5147 1300 5216; x_wconf 90' lang='lat' dir='ltr'><strong>Stephani...</strong></span> <span class='ocrx_word' id='word_1_526' title='bbox 1357 5144 1561 5218; x_wconf 86' lang='lat' dir='ltr'><strong>lganau</strong></span> <span class='ocrx_word' id='word_1_527' title='bbox 1605 5161 1713 5199; x_wconf 88' lang='lat' dir='ltr'><strong>mo—</strong></span> 
     </span>
    </p>
   </div>
   <div class='ocr_carea' id='block_1_84' title="bbox 126 5238 1459 5312">
    <p class='ocr_par' dir='ltr' id='par_1_84' title="bbox 126 5238 1459 5312">
     <span class='ocr_line' id='line_1_84' title="bbox 126 5238 1459 5312; baseline 0.003 -24"><span class='ocrx_word' id='word_1_528' title='bbox 126 5243 365 5309; x_wconf 80' lang='lat' dir='ltr'><strong>nasterio,</strong></span> <span class='ocrx_word' id='word_1_529' title='bbox 399 5242 655 5312; x_wconf 75' lang='lat' dir='ltr'><strong>depositio</strong></span> <span class='ocrx_word' id='word_1_530' title='bbox 682 5238 827 5295; x_wconf 60' lang='grc' dir='ltr'><strong>Βίαῑὶ</strong></span> <span class='ocrx_word' id='word_1_531' title='bbox 859 5238 1114 5294; x_wconf 88' lang='lat' dir='ltr'><strong>Walarici</strong></span> <span class='ocrx_word' id='word_1_532' title='bbox 1133 5240 1459 5307; x_wconf 75' lang='lat' dir='ltr'><strong>confessoris.</strong></span> 
     </span>
    </p>
   </div>
   <div class='ocr_carea' id='block_1_85' title="bbox 181 5329 1711 5405">
    <p class='ocr_par' dir='ltr' id='par_1_85' title="bbox 181 5329 1711 5405">
     <span class='ocr_line' id='line_1_85' title="bbox 181 5329 1711 5405; baseline -0.003 -16"><span class='ocrx_word' id='word_1_533' title='bbox 181 5351 228 5389; x_wconf 80' lang='lat' dir='ltr'><strong>tv</strong></span> <span class='ocrx_word' id='word_1_534' title='bbox 254 5352 387 5390; x_wconf 80' lang='lat' dir='ltr'><strong>non.</strong></span> <span class='ocrx_word' id='word_1_535' title='bbox 419 5336 555 5405; x_wconf 88' lang='lat' dir='ltr'><strong>Apr.</strong></span> <span class='ocrx_word' id='word_1_536' title='bbox 578 5334 635 5390; x_wconf 89' lang='lat' dir='ltr'><strong>In</strong></span> <span class='ocrx_word' id='word_1_537' title='bbox 659 5333 837 5390; x_wconf 79' lang='lat' dir='ltr'><strong>Africa</strong></span> <span class='ocrx_word' id='word_1_538' title='bbox 867 5342 1175 5389; x_wconf 85' lang='lat' dir='ltr'><strong>sanctorum</strong></span> <span class='ocrx_word' id='word_1_539' title='bbox 1195 5331 1504 5397; x_wconf 73' lang='lat' dir='ltr'><strong>Amphiani,</strong></span> <span class='ocrx_word' id='word_1_540' title='bbox 1524 5329 1711 5399; x_wconf 81' lang='lat' dir='ltr'><strong>Victo-</strong></span> 
     </span>
    </p>
   </div>
   <div class='ocr_carea' id='block_1_86' title="bbox 121 5424 1712 5500">
    <p class='ocr_par' dir='ltr' id='par_1_86' title="bbox 121 5424 1712 5500">
     <span class='ocr_line' id='line_1_86' title="bbox 121 5424 1712 5500; baseline 0.001 -23"><span class='ocrx_word' id='word_1_541' title='bbox 121 5426 187 5481; x_wconf 85' lang='lat' dir='ltr'><strong>ris</strong></span> <span class='ocrx_word' id='word_1_542' title='bbox 206 5439 260 5483; x_wconf 89' lang='lat' dir='ltr'><strong>et</strong></span> <span class='ocrx_word' id='word_1_543' title='bbox 285 5430 523 5484; x_wconf 87' lang='lat' dir='ltr'><strong>aliorum</strong></span> <span class='ocrx_word' id='word_1_544' title='bbox 547 5438 781 5500; x_wconf 88' lang='lat' dir='ltr'><strong>quatuor</strong></span> <span class='ocrx_word' id='word_1_545' title='bbox 809 5434 1132 5499; x_wconf 87' lang='lat' dir='ltr'><strong>martyrum.</strong></span> <span class='ocrx_word' id='word_1_546' title='bbox 1170 5425 1238 5481; x_wconf 88' lang='lat' dir='ltr'><strong>Et</strong></span> <span class='ocrx_word' id='word_1_547' title='bbox 1265 5426 1417 5495; x_wconf 89' lang='lat' dir='ltr'><strong>alibi,</strong></span> <span class='ocrx_word' id='word_1_548' title='bbox 1452 5424 1712 5493; x_wconf 78' lang='lat' dir='ltr'><strong>Marcelli,</strong></span> 
     </span>
    </p>
   </div>
   <div class='ocr_carea' id='block_1_87' title="bbox 117 5516 1713 5591">
    <p class='ocr_par' dir='ltr' id='par_1_87' title="bbox 117 5516 1713 5591">
     <span class='ocr_line' id='line_1_87' title="bbox 117 5516 1713 5591; baseline -0.001 -19"><span class='ocrx_word' id='word_1_549' title='bbox 117 5517 343 5591; x_wconf 77' lang='lat' dir='ltr'><strong>Satulli,</strong></span> <span class='ocrx_word' id='word_1_550' title='bbox 398 5520 727 5586; x_wconf 71' lang='lat' dir='ltr'><strong>Marcellini,</strong></span> <span class='ocrx_word' id='word_1_551' title='bbox 780 5518 1091 5583; x_wconf 87' lang='lat' dir='ltr'><strong>Saturnini,</strong></span> <span class='ocrx_word' id='word_1_552' title='bbox 1143 5517 1411 5585; x_wconf 83' lang='lat' dir='ltr'><strong>Quiriaci.</strong></span> <span class='ocrx_word' id='word_1_553' title='bbox 1472 5516 1713 5587; x_wconf 64' lang='lat' dir='ltr'><strong>Regina),</strong></span> 
     </span>
    </p>
   </div>
   <div class='ocr_carea' id='block_1_88' title="bbox 120 5608 1715 5683">
    <p class='ocr_par' dir='ltr' id='par_1_88' title="bbox 120 5608 1715 5683">
     <span class='ocr_line' id='line_1_88' title="bbox 120 5608 1715 5683; baseline 0.002 -20"><span class='ocrx_word' id='word_1_554' title='bbox 120 5608 360 5680; x_wconf 84' lang='lat' dir='ltr'><strong>Proculi,</strong></span> <span class='ocrx_word' id='word_1_555' title='bbox 412 5623 465 5668; x_wconf 90' lang='lat' dir='ltr'><strong>et</strong></span> <span class='ocrx_word' id='word_1_556' title='bbox 502 5612 734 5668; x_wconf 87' lang='lat' dir='ltr'><strong>aliorum</strong></span> <span class='ocrx_word' id='word_1_557' title='bbox 778 5610 1208 5683; x_wconf 89' lang='lat' dir='ltr'><strong>quatuordecim.</strong></span> <span class='ocrx_word' id='word_1_558' title='bbox 1243 5608 1298 5665; x_wconf 89' lang='lat' dir='ltr'><strong>In</strong></span> <span class='ocrx_word' id='word_1_559' title='bbox 1330 5610 1715 5665; x_wconf 85' lang='lat' dir='ltr'><strong>Thessalonica</strong></span> 
     </span>
    </p>
   </div>
   <div class='ocr_carea' id='block_1_89' title="bbox 118 5702 1719 5777">
    <p class='ocr_par' dir='ltr' id='par_1_89' title="bbox 118 5702 1719 5777">
     <span class='ocr_line' id='line_1_89' title="bbox 118 5702 1719 5777; baseline 0 -17"><span class='ocrx_word' id='word_1_560' title='bbox 118 5702 470 5769; x_wconf 65' lang='lat' dir='ltr'><strong>Macedoniae,</strong></span> <span class='ocrx_word' id='word_1_561' title='bbox 495 5704 783 5770; x_wconf 87' lang='lat' dir='ltr'><strong>Theodoli,</strong></span> <span class='ocrx_word' id='word_1_562' title='bbox 816 5704 1107 5777; x_wconf 87' lang='lat' dir='ltr'><strong>Agat0phi,</strong></span> <span class='ocrx_word' id='word_1_563' title='bbox 1139 5704 1346 5771; x_wconf 83' lang='lat' dir='ltr'><strong>Martis,</strong></span> <span class='ocrx_word' id='word_1_564' title='bbox 1372 5702 1570 5767; x_wconf 85' lang='lat' dir='ltr'><strong>Publii,</strong></span> <span class='ocrx_word' id='word_1_565' title='bbox 1612 5702 1719 5760; x_wconf 86' lang='lat' dir='ltr'><strong>Va-</strong></span> 
     </span>
    </p>
   </div>
   <div class='ocr_carea' id='block_1_90' title="bbox 125 5794 1713 5871">
    <p class='ocr_par' dir='ltr' id='par_1_90' title="bbox 125 5794 1713 5871">
     <span class='ocr_line' id='line_1_90' title="bbox 125 5794 1713 5871; baseline -0.004 -14"><span class='ocrx_word' id='word_1_566' title='bbox 125 5799 239 5858; x_wconf 79' lang='lat' dir='ltr'><strong>lerii</strong></span> <span class='ocrx_word' id='word_1_567' title='bbox 267 5816 407 5859; x_wconf 86' lang='lat' dir='ltr'><strong>cum</strong></span> <span class='ocrx_word' id='word_1_568' title='bbox 434 5799 552 5860; x_wconf 86' lang='lat' dir='ltr'><strong>aliis</strong></span> <span class='ocrx_word' id='word_1_569' title='bbox 582 5800 775 5859; x_wconf 88' lang='lat' dir='ltr'><strong>tribus.</strong></span> <span class='ocrx_word' id='word_1_570' title='bbox 802 5797 1029 5869; x_wconf 86' lang='lat' dir='ltr'><strong>Urbani,</strong></span> <span class='ocrx_word' id='word_1_571' title='bbox 1056 5796 1273 5866; x_wconf 86' lang='lat' dir='ltr'><strong>Juliani,</strong></span> <span class='ocrx_word' id='word_1_572' title='bbox 1303 5795 1539 5869; x_wconf 87' lang='lat' dir='ltr'><strong>Proculi,</strong></span> <span class='ocrx_word' id='word_1_573' title='bbox 1562 5794 1713 5871; x_wconf 85' lang='lat' dir='ltr'><strong>Gagi,</strong></span> 
     </span>
    </p>
   </div>
   <div class='ocr_carea' id='block_1_91' title="bbox 1801 3277 3401 3350">
    <p class='ocr_par' dir='ltr' id='par_1_91' title="bbox 1801 3277 3401 3350">
     <span class='ocr_line' id='line_1_91' title="bbox 1801 3277 3401 3350; baseline 0.004 -18"><span class='ocrx_word' id='word_1_574' title='bbox 1801 3277 1870 3333; x_wconf 90' lang='lat' dir='ltr'><strong>lis</strong></span> <span class='ocrx_word' id='word_1_575' title='bbox 1899 3288 2209 3333; x_wconf 88' lang='lat' dir='ltr'><strong>sanctorum</strong></span> <span class='ocrx_word' id='word_1_576' title='bbox 2243 3279 2532 3349; x_wconf 70' lang='lat' dir='ltr'><strong>Epiphanii</strong></span> <span class='ocrx_word' id='word_1_577' title='bbox 2555 3280 2820 3350; x_wconf 88' lang='lat' dir='ltr'><strong>episcopi,</strong></span> <span class='ocrx_word' id='word_1_578' title='bbox 2854 3280 3070 3347; x_wconf 88' lang='lat' dir='ltr'><strong>Donati,</strong></span> <span class='ocrx_word' id='word_1_579' title='bbox 3093 3280 3255 3346; x_wconf 79' lang='lat' dir='ltr'><strong>Sixti,</strong></span> <span class='ocrx_word' id='word_1_580' title='bbox 3286 3280 3401 3338; x_wconf 87' lang='lat' dir='ltr'><strong>Ru-</strong></span> 
     </span>
    </p>
   </div>
   <div class='ocr_carea' id='block_1_92' title="bbox 1802 3371 3397 3444">
    <p class='ocr_par' dir='ltr' id='par_1_92' title="bbox 1802 3371 3397 3444">
     <span class='ocr_line' id='line_1_92' title="bbox 1802 3371 3397 3444; baseline 0.004 -19"><span class='ocrx_word' id='word_1_581' title='bbox 1802 3371 1918 3435; x_wconf 86' lang='lat' dir='ltr'><strong>ﬁni,</strong></span> <span class='ocrx_word' id='word_1_582' title='bbox 1953 3372 2227 3437; x_wconf 50' lang='lat' dir='ltr'><strong>Modesta),</strong></span> <span class='ocrx_word' id='word_1_583' title='bbox 2262 3384 2316 3429; x_wconf 92' lang='lat' dir='ltr'><strong>et</strong></span> <span class='ocrx_word' id='word_1_584' title='bbox 2367 3374 2597 3429; x_wconf 89' lang='lat' dir='ltr'><strong>aliorum</strong></span> <span class='ocrx_word' id='word_1_585' title='bbox 2640 3373 2917 3430; x_wconf 89' lang='lat' dir='ltr'><strong>undecim.</strong></span> <span class='ocrx_word' id='word_1_586' title='bbox 2964 3375 3021 3431; x_wconf 88' lang='grc' dir='ltr'>Ιιι</span> <span class='ocrx_word' id='word_1_587' title='bbox 3062 3375 3397 3444; x_wconf 86' lang='lat' dir='ltr'><strong>Macedonia,</strong></span> 
     </span>
    </p>
   </div>
   <div class='ocr_carea' id='block_1_93' title="bbox 1802 3464 3398 3537">
    <p class='ocr_par' dir='ltr' id='par_1_93' title="bbox 1802 3464 3398 3537">
     <span class='ocr_line' id='line_1_93' title="bbox 1802 3464 3398 3537; baseline 0.004 -18"><span class='ocrx_word' id='word_1_588' title='bbox 1802 3464 2097 3527; x_wconf 89' lang='lat' dir='ltr'><strong>Timothei,</strong></span> <span class='ocrx_word' id='word_1_589' title='bbox 2154 3466 2427 3536; x_wconf 85' lang='lat' dir='ltr'><strong>Diogenis.</strong></span> <span class='ocrx_word' id='word_1_590' title='bbox 2482 3465 2540 3520; x_wconf 91' lang='lat' dir='ltr'><strong>ln</strong></span> <span class='ocrx_word' id='word_1_591' title='bbox 2587 3465 2943 3537; x_wconf 85' lang='lat' dir='ltr'><strong>Alexandria,</strong></span> <span class='ocrx_word' id='word_1_592' title='bbox 2986 3468 3179 3524; x_wconf 87' lang='lat' dir='ltr'><strong>natalis</strong></span> <span class='ocrx_word' id='word_1_593' title='bbox 3225 3471 3398 3525; x_wconf 91' lang='lat' dir='ltr'><strong>sancti</strong></span> 
     </span>
    </p>
   </div>
   <div class='ocr_carea' id='block_1_94' title="bbox 1802 3556 3404 3631">
    <p class='ocr_par' dir='ltr' id='par_1_94' title="bbox 1802 3556 3404 3631">
     <span class='ocr_line' id='line_1_94' title="bbox 1802 3556 3404 3631; baseline 0.004 -18"><span class='ocrx_word' id='word_1_594' title='bbox 1802 3556 1951 3613; x_wconf 89' lang='lat' dir='ltr'><strong>Clusi</strong></span> <span class='ocrx_word' id='word_1_595' title='bbox 1981 3558 2306 3631; x_wconf 87' lang='lat' dir='ltr'><strong>presbyteri.</strong></span> <span class='ocrx_word' id='word_1_596' title='bbox 2332 3558 3236 3628; x_wconf 79' lang='lat' dir='ltr'><strong>Pentapoli,Timothei,Macari:c,</strong></span> <span class='ocrx_word' id='word_1_597' title='bbox 3260 3562 3404 3619; x_wconf 82' lang='lat' dir='ltr'><strong>Mar-</strong></span> 
     </span>
    </p>
   </div>
   <div class='ocr_carea' id='block_1_95' title="bbox 1803 3650 3400 3727">
    <p class='ocr_par' dir='ltr' id='par_1_95' title="bbox 1803 3650 3400 3727">
     <span class='ocr_line' id='line_1_95' title="bbox 1803 3650 3400 3727; baseline 0.006 -24"><span class='ocrx_word' id='word_1_598' title='bbox 1803 3651 1913 3715; x_wconf 64' lang='lat' dir='ltr'><strong>tiae,</strong></span> <span class='ocrx_word' id='word_1_599' title='bbox 1963 3650 2226 3707; x_wconf 80' lang='lat' dir='ltr'><strong>Maximae.</strong></span> <span class='ocrx_word' id='word_1_600' title='bbox 2273 3651 2458 3725; x_wconf 72' lang='lat' dir='ltr'><strong>Libya:</strong></span> <span class='ocrx_word' id='word_1_601' title='bbox 2504 3652 2828 3722; x_wconf 83' lang='lat' dir='ltr'><strong>superioris,</strong></span> <span class='ocrx_word' id='word_1_602' title='bbox 2886 3654 3082 3710; x_wconf 88' lang='lat' dir='ltr'><strong>natalis</strong></span> <span class='ocrx_word' id='word_1_603' title='bbox 3132 3655 3400 3727; x_wconf 75' lang='lat' dir='ltr'><strong>Superite,</strong></span> 
     </span>
    </p>
   </div>
   <div class='ocr_carea' id='block_1_96' title="bbox 1803 3742 3399 3819">
    <p class='ocr_par' dir='ltr' id='par_1_96' title="bbox 1803 3742 3399 3819">
     <span class='ocr_line' id='line_1_96' title="bbox 1803 3742 3399 3819; baseline 0.003 -20"><span class='ocrx_word' id='word_1_604' title='bbox 1803 3742 2075 3800; x_wconf 87' lang='lat' dir='ltr'><strong>Theodori</strong></span> <span class='ocrx_word' id='word_1_605' title='bbox 2133 3745 2370 3814; x_wconf 83' lang='lat' dir='ltr'><strong>episcOpi</strong></span> <span class='ocrx_word' id='word_1_606' title='bbox 2404 3786 2419 3810; x_wconf 95' lang='lat'><strong>,</strong></span> <span class='ocrx_word' id='word_1_607' title='bbox 2470 3744 2706 3801; x_wconf 89' lang='lat' dir='ltr'><strong>llcrenei</strong></span> <span class='ocrx_word' id='word_1_608' title='bbox 2752 3745 3007 3813; x_wconf 89' lang='lat' dir='ltr'><strong>diaconi,</strong></span> <span class='ocrx_word' id='word_1_609' title='bbox 3062 3747 3399 3819; x_wconf 90' lang='lat' dir='ltr'><strong>Serapionis,</strong></span> 
     </span>
    </p>
   </div>
   <div class='ocr_carea' id='block_1_97' title="bbox 1802 3836 3408 3907">
    <p class='ocr_par' dir='ltr' id='par_1_97' title="bbox 1802 3836 3408 3907">
     <span class='ocr_line' id='line_1_97' title="bbox 1802 3836 3408 3907; baseline 0.004 -16"><span class='ocrx_word' id='word_1_610' title='bbox 1802 3836 2055 3891; x_wconf 87' lang='lat' dir='ltr'><strong>Ammoni</strong></span> <span class='ocrx_word' id='word_1_611' title='bbox 2099 3836 2340 3905; x_wconf 81' lang='lat' dir='ltr'><strong>lcetoris,</strong></span> <span class='ocrx_word' id='word_1_612' title='bbox 2394 3838 2723 3902; x_wconf 69' lang='lat' dir='ltr'><strong>Sutnmistaa,</strong></span> <span class='ocrx_word' id='word_1_613' title='bbox 2775 3838 3000 3907; x_wconf 90' lang='lat' dir='ltr'><strong>Apricii,</strong></span> <span class='ocrx_word' id='word_1_614' title='bbox 3056 3840 3303 3896; x_wconf 81' lang='lat' dir='ltr'><strong>Victoris.</strong></span> <span class='ocrx_word' id='word_1_615' title='bbox 3336 3840 3408 3897; x_wconf 85' lang='lat' dir='ltr'><strong>Et</strong></span> 
     </span>
    </p>
   </div>
   <div class='ocr_carea' id='block_1_98' title="bbox 1803 3929 3365 4002">
    <p class='ocr_par' dir='ltr' id='par_1_98' title="bbox 1803 3929 3365 4002">
     <span class='ocr_line' id='line_1_98' title="bbox 1803 3929 3365 4002; baseline 0.004 -18"><span class='ocrx_word' id='word_1_616' title='bbox 1803 3929 1953 3995; x_wconf 87' lang='lat' dir='ltr'><strong>alibi,</strong></span> <span class='ocrx_word' id='word_1_617' title='bbox 1991 3930 2188 3985; x_wconf 86' lang='lat' dir='ltr'><strong>natalis</strong></span> <span class='ocrx_word' id='word_1_618' title='bbox 2213 3942 2414 3986; x_wconf 71' lang='lat' dir='ltr'><strong>sanctae</strong></span> <span class='ocrx_word' id='word_1_619' title='bbox 2439 3930 2684 3999; x_wconf 68' lang='lat' dir='ltr'><strong>Marium,</strong></span> <span class='ocrx_word' id='word_1_620' title='bbox 2719 3940 2774 3987; x_wconf 90' lang='lat' dir='ltr'><strong>et</strong></span> <span class='ocrx_word' id='word_1_621' title='bbox 2806 3929 3107 4002; x_wconf 87' lang='lat' dir='ltr'><strong>Teguliani,</strong></span> <span class='ocrx_word' id='word_1_622' title='bbox 3143 3934 3365 3990; x_wconf 89' lang='lat' dir='ltr'><strong>Urbani.</strong></span> 
     </span>
    </p>
   </div>
   <div class='ocr_carea' id='block_1_99' title="bbox 1881 4021 3404 4095">
    <p class='ocr_par' dir='ltr' id='par_1_99' title="bbox 1881 4021 3404 4095">
     <span class='ocr_line' id='line_1_99' title="bbox 1881 4021 3404 4095; baseline 0.005 -18"><span class='ocrx_word' id='word_1_623' title='bbox 1881 4040 1954 4079; x_wconf 88' lang='lat' dir='ltr'><strong>vtt</strong></span> <span class='ocrx_word' id='word_1_624' title='bbox 1984 4024 2104 4078; x_wconf 89' lang='lat' dir='ltr'><strong>idus</strong></span> <span class='ocrx_word' id='word_1_625' title='bbox 2127 4025 2253 4095; x_wconf 89' lang='lat' dir='ltr'><strong>Apr.</strong></span> <span class='ocrx_word' id='word_1_626' title='bbox 2300 4021 2355 4077; x_wconf 92' lang='lat' dir='ltr'><strong>ln</strong></span> <span class='ocrx_word' id='word_1_627' title='bbox 2382 4023 2663 4080; x_wconf 82' lang='lat' dir='ltr'><strong>Antiochia</strong></span> <span class='ocrx_word' id='word_1_628' title='bbox 2706 4022 2907 4095; x_wconf 76' lang='lat' dir='ltr'><strong>Syriae,</strong></span> <span class='ocrx_word' id='word_1_629' title='bbox 2955 4027 3150 4082; x_wconf 88' lang='lat' dir='ltr'><strong>natalis</strong></span> <span class='ocrx_word' id='word_1_630' title='bbox 3190 4040 3404 4086; x_wconf 33' lang='lat' dir='ltr'><strong>sanctos</strong></span> 
     </span>
    </p>
   </div>
   <div class='ocr_carea' id='block_1_100' title="bbox 1806 4115 3402 4186">
    <p class='ocr_par' dir='ltr' id='par_1_100' title="bbox 1806 4115 3402 4186">
     <span class='ocr_line' id='line_1_100' title="bbox 1806 4115 3402 4186; baseline 0.003 -13"><span class='ocrx_word' id='word_1_631' title='bbox 1806 4132 1925 4173; x_wconf 91' lang='lat' dir='ltr'><strong>rum</strong></span> <span class='ocrx_word' id='word_1_632' title='bbox 1981 4115 2271 4177; x_wconf 89' lang='lat' dir='ltr'><strong>Timothei,</strong></span> <span class='ocrx_word' id='word_1_633' title='bbox 2331 4116 2604 4186; x_wconf 85' lang='lat' dir='ltr'><strong>Diogenis,</strong></span> <span class='ocrx_word' id='word_1_634' title='bbox 2656 4115 2969 4183; x_wconf 76' lang='lat' dir='ltr'><strong>Macharizn,</strong></span> <span class='ocrx_word' id='word_1_635' title='bbox 3024 4118 3292 4176; x_wconf 74' lang='lat' dir='ltr'><strong>Maximte.</strong></span> <span class='ocrx_word' id='word_1_636' title='bbox 3330 4120 3402 4178; x_wconf 87' lang='lat' dir='ltr'><strong>Et</strong></span> 
     </span>
    </p>
   </div>
   <div class='ocr_carea' id='block_1_101' title="bbox 1806 4208 3401 4281">
    <p class='ocr_par' dir='ltr' id='par_1_101' title="bbox 1806 4208 3401 4281">
     <span class='ocr_line' id='line_1_101' title="bbox 1806 4208 3401 4281; baseline 0.003 -16"><span class='ocrx_word' id='word_1_637' title='bbox 1806 4211 1959 4278; x_wconf 90' lang='lat' dir='ltr'><strong>alibi,</strong></span> <span class='ocrx_word' id='word_1_638' title='bbox 1994 4208 2153 4264; x_wconf 87' lang='lat' dir='ltr'><strong>Lcusi</strong></span> <span class='ocrx_word' id='word_1_639' title='bbox 2186 4208 2510 4281; x_wconf 88' lang='lat' dir='ltr'><strong>presbyteri.</strong></span> <span class='ocrx_word' id='word_1_640' title='bbox 2565 4208 2735 4281; x_wconf 87' lang='lat' dir='ltr'><strong>Libya</strong></span> <span class='ocrx_word' id='word_1_641' title='bbox 2789 4210 3096 4281; x_wconf 88' lang='lat' dir='ltr'><strong>superiore,</strong></span> <span class='ocrx_word' id='word_1_642' title='bbox 3129 4212 3401 4281; x_wconf 84' lang='lat' dir='ltr'><strong>Copricae,</strong></span> 
     </span>
    </p>
   </div>
   <div class='ocr_carea' id='block_1_102' title="bbox 1808 4301 3409 4370">
    <p class='ocr_par' dir='ltr' id='par_1_102' title="bbox 1808 4301 3409 4370">
     <span class='ocr_line' id='line_1_102' title="bbox 1808 4301 3409 4370; baseline 0.005 -13"><span class='ocrx_word' id='word_1_643' title='bbox 1808 4302 2069 4367; x_wconf 90' lang='lat' dir='ltr'><strong>Victoris,</strong></span> <span class='ocrx_word' id='word_1_644' title='bbox 2096 4301 2311 4358; x_wconf 90' lang='lat' dir='ltr'><strong>Donati.</strong></span> <span class='ocrx_word' id='word_1_645' title='bbox 2340 4301 2397 4357; x_wconf 87' lang='lat' dir='ltr'><strong>In</strong></span> <span class='ocrx_word' id='word_1_646' title='bbox 2432 4302 2790 4370; x_wconf 82' lang='lat' dir='ltr'><strong>Alexandria,</strong></span> <span class='ocrx_word' id='word_1_647' title='bbox 2817 4304 3014 4359; x_wconf 87' lang='lat' dir='ltr'><strong>natalis</strong></span> <span class='ocrx_word' id='word_1_648' title='bbox 3043 4306 3216 4362; x_wconf 87' lang='lat' dir='ltr'><strong>sancti</strong></span> <span class='ocrx_word' id='word_1_649' title='bbox 3237 4307 3409 4365; x_wconf 82' lang='lat' dir='ltr'><strong>Pelu-</strong></span> 
     </span>
    </p>
   </div>
   <div class='ocr_carea' id='block_1_103' title="bbox 1807 4398 2459 4475">
    <p class='ocr_par' dir='ltr' id='par_1_103' title="bbox 1807 4398 2459 4475">
     <span class='ocr_line' id='line_1_103' title="bbox 1807 4398 2459 4475; baseline -0.006 -21"><span class='ocrx_word' id='word_1_650' title='bbox 1807 4398 1870 4454; x_wconf 90' lang='lat' dir='ltr'><strong>sii</strong></span> <span class='ocrx_word' id='word_1_651' title='bbox 1900 4398 2224 4469; x_wconf 83' lang='lat' dir='ltr'><strong>presbyteri.</strong></span> <span class='ocrx_word' id='word_1_652' title='bbox 2452 4467 2459 4475; x_wconf 18' lang='grc' dir='ltr'>Ο</span> 
     </span>
    </p>
   </div>
   <div class='ocr_carea' id='block_1_104' title="bbox 1880 4490 3403 4568">
    <p class='ocr_par' dir='ltr' id='par_1_104' title="bbox 1880 4490 3403 4568">
     <span class='ocr_line' id='line_1_104' title="bbox 1880 4490 3403 4568; baseline 0.005 -23"><span class='ocrx_word' id='word_1_653' title='bbox 1880 4509 1933 4547; x_wconf 82' lang='lat' dir='ltr'><strong>v1</strong></span> <span class='ocrx_word' id='word_1_654' title='bbox 1960 4492 2077 4546; x_wconf 79' lang='lat' dir='ltr'><strong>idus</strong></span> <span class='ocrx_word' id='word_1_655' title='bbox 2114 4493 2243 4560; x_wconf 76' lang='lat' dir='ltr'><strong>Apr.</strong></span> <span class='ocrx_word' id='word_1_656' title='bbox 2279 4490 2334 4546; x_wconf 89' lang='lat' dir='ltr'><strong>lu</strong></span> <span class='ocrx_word' id='word_1_657' title='bbox 2367 4491 2570 4559; x_wconf 77' lang='lat' dir='ltr'><strong>Africa,</strong></span> <span class='ocrx_word' id='word_1_658' title='bbox 2608 4491 2804 4547; x_wconf 89' lang='lat' dir='ltr'><strong>natalis</strong></span> <span class='ocrx_word' id='word_1_659' title='bbox 2833 4501 3147 4551; x_wconf 90' lang='lat' dir='ltr'><strong>sanctorum</strong></span> <span class='ocrx_word' id='word_1_660' title='bbox 3174 4494 3403 4568; x_wconf 88' lang='lat' dir='ltr'><strong>Timori,</strong></span> 
     </span>
    </p>
   </div>
   <div class='ocr_carea' id='block_1_105' title="bbox 1734 4564 3409 4659">
    <p class='ocr_par' dir='ltr' id='par_1_105' title="bbox 1734 4564 3409 4659">
     <span class='ocr_line' id='line_1_105' title="bbox 1734 4564 3409 4659; baseline 0.007 -22"><span class='ocrx_word' id='word_1_661' title='bbox 1734 4564 1789 4626; x_wconf 82' lang='grc' dir='ltr'><strong>Ῑ)</strong></span> <span class='ocrx_word' id='word_1_662' title='bbox 1817 4584 2095 4647; x_wconf 70' lang='grc' dir='ltr'>Μωριιιιιί,</span> <span class='ocrx_word' id='word_1_663' title='bbox 2128 4583 2355 4651; x_wconf 77' lang='lat' dir='ltr'><strong>Conexi,</strong></span> <span class='ocrx_word' id='word_1_664' title='bbox 2390 4584 2628 4641; x_wconf 74' lang='lat' dir='ltr'><strong>Maximi.</strong></span> <span class='ocrx_word' id='word_1_665' title='bbox 2667 4583 2733 4638; x_wconf 87' lang='lat' dir='ltr'><strong>Et</strong></span> <span class='ocrx_word' id='word_1_666' title='bbox 2757 4585 2907 4648; x_wconf 88' lang='lat' dir='ltr'><strong>alibi.</strong></span> <span class='ocrx_word' id='word_1_667' title='bbox 2942 4584 3225 4659; x_wconf 89' lang='lat' dir='ltr'><strong>Concessi,</strong></span> <span class='ocrx_word' id='word_1_668' title='bbox 3253 4564 3409 4649; x_wconf 35' lang='lat' dir='ltr'><strong>Salue</strong></span> 
     </span>
    </p>
   </div>
   <div class='ocr_carea' id='block_1_106' title="bbox 1816 4677 3123 4748">
    <p class='ocr_par' dir='ltr' id='par_1_106' title="bbox 1816 4677 3123 4748">
     <span class='ocr_line' id='line_1_106' title="bbox 1816 4677 3123 4748; baseline 0.004 -15"><span class='ocrx_word' id='word_1_669' title='bbox 1816 4679 1971 4743; x_wconf 91' lang='lat' dir='ltr'><strong>toris,</strong></span> <span class='ocrx_word' id='word_1_670' title='bbox 1996 4678 2235 4743; x_wconf 85' lang='lat' dir='ltr'><strong>Pinnari,</strong></span> <span class='ocrx_word' id='word_1_671' title='bbox 2270 4678 2546 4744; x_wconf 89' lang='lat' dir='ltr'><strong>Ammoni,</strong></span> <span class='ocrx_word' id='word_1_672' title='bbox 2577 4677 2847 4748; x_wconf 81' lang='lat' dir='ltr'><strong>Successi,</strong></span> <span class='ocrx_word' id='word_1_673' title='bbox 2882 4679 3123 4738; x_wconf 70' lang='lat' dir='ltr'><strong>Donatas.</strong></span> 
     </span>
    </p>
   </div>
   <div class='ocr_carea' id='block_1_107' title="bbox 1888 4769 3404 4848">
    <p class='ocr_par' dir='ltr' id='par_1_107' title="bbox 1888 4769 3404 4848">
     <span class='ocr_line' id='line_1_107' title="bbox 1888 4769 3404 4848; baseline 0.006 -23"><span class='ocrx_word' id='word_1_674' title='bbox 1888 4788 1920 4825; x_wconf 93' lang='lat' dir='ltr'><strong>v</strong></span> <span class='ocrx_word' id='word_1_675' title='bbox 1949 4772 2065 4823; x_wconf 84' lang='lat' dir='ltr'><strong>idus</strong></span> <span class='ocrx_word' id='word_1_676' title='bbox 2090 4769 2217 4836; x_wconf 79' lang='lat' dir='ltr'><strong>Apr.</strong></span> <span class='ocrx_word' id='word_1_677' title='bbox 2255 4769 2311 4825; x_wconf 90' lang='lat' dir='ltr'><strong>ln</strong></span> <span class='ocrx_word' id='word_1_678' title='bbox 2344 4771 2577 4842; x_wconf 88' lang='lat' dir='ltr'><strong>Syrmia,</strong></span> <span class='ocrx_word' id='word_1_679' title='bbox 2622 4772 2816 4826; x_wconf 84' lang='lat' dir='ltr'><strong>natalis</strong></span> <span class='ocrx_word' id='word_1_680' title='bbox 2853 4782 3085 4841; x_wconf 86' lang='lat' dir='ltr'><strong>quatuor</strong></span> <span class='ocrx_word' id='word_1_681' title='bbox 3112 4776 3404 4848; x_wconf 87' lang='lat' dir='ltr'><strong>virginum,</strong></span> 
     </span>
    </p>
   </div>
   <div class='ocr_carea' id='block_1_108' title="bbox 1815 4861 3403 4937">
    <p class='ocr_par' dir='ltr' id='par_1_108' title="bbox 1815 4861 3403 4937">
     <span class='ocr_line' id='line_1_108' title="bbox 1815 4861 3403 4937; baseline 0.006 -23"><span class='ocrx_word' id='word_1_682' title='bbox 1815 4878 2043 4934; x_wconf 86' lang='lat' dir='ltr'><strong>quarum</strong></span> <span class='ocrx_word' id='word_1_683' title='bbox 2068 4861 2284 4915; x_wconf 84' lang='lat' dir='ltr'><strong>nomina</strong></span> <span class='ocrx_word' id='word_1_684' title='bbox 2314 4861 2454 4916; x_wconf 89' lang='lat' dir='ltr'><strong>Deus</strong></span> <span class='ocrx_word' id='word_1_685' title='bbox 2484 4862 2605 4917; x_wconf 90' lang='lat' dir='ltr'><strong>scit.</strong></span> <span class='ocrx_word' id='word_1_686' title='bbox 2644 4862 2707 4918; x_wconf 87' lang='lat' dir='ltr'><strong>Et</strong></span> <span class='ocrx_word' id='word_1_687' title='bbox 2734 4863 2886 4929; x_wconf 90' lang='lat' dir='ltr'><strong>alibi,</strong></span> <span class='ocrx_word' id='word_1_688' title='bbox 2915 4866 3150 4923; x_wconf 89' lang='lat' dir='ltr'><strong>Demetri</strong></span> <span class='ocrx_word' id='word_1_689' title='bbox 3170 4868 3403 4937; x_wconf 88' lang='lat' dir='ltr'><strong>diaconi,</strong></span> 
     </span>
    </p>
   </div>
   <div class='ocr_carea' id='block_1_109' title="bbox 1821 4954 3412 5026">
    <p class='ocr_par' dir='ltr' id='par_1_109' title="bbox 1821 4954 3412 5026">
     <span class='ocr_line' id='line_1_109' title="bbox 1821 4954 3412 5026; baseline 0.001 -16"><span class='ocrx_word' id='word_1_690' title='bbox 1821 4954 2036 5021; x_wconf 89' lang='lat' dir='ltr'><strong>llilarii,</strong></span> <span class='ocrx_word' id='word_1_691' title='bbox 2062 4954 2343 5018; x_wconf 65' lang='lat' dir='ltr'><strong>Concessi,</strong></span> <span class='ocrx_word' id='word_1_692' title='bbox 2378 4954 2529 5009; x_wconf 85' lang='lat' dir='ltr'><strong>Mari.</strong></span> <span class='ocrx_word' id='word_1_693' title='bbox 2562 4956 2859 5026; x_wconf 86' lang='lat' dir='ltr'><strong>Syrmium,</strong></span> <span class='ocrx_word' id='word_1_694' title='bbox 2889 4956 3195 5024; x_wconf 89' lang='lat' dir='ltr'><strong>Fortunati,</strong></span> <span class='ocrx_word' id='word_1_695' title='bbox 3219 4961 3412 5014; x_wconf 89' lang='lat' dir='ltr'><strong>Donati</strong></span> 
     </span>
    </p>
   </div>
   <div class='ocr_carea' id='block_1_110' title="bbox 1815 5044 3417 5125">
    <p class='ocr_par' dir='ltr' id='par_1_110' title="bbox 1815 5044 3417 5125">
     <span class='ocr_line' id='line_1_110' title="bbox 1815 5044 3417 5125; baseline 0.002 -22"><span class='ocrx_word' id='word_1_696' title='bbox 1815 5056 1870 5103; x_wconf 90' lang='lat' dir='ltr'><strong>et</strong></span> <span class='ocrx_word' id='word_1_697' title='bbox 1890 5047 2116 5101; x_wconf 85' lang='lat' dir='ltr'><strong>aliorum</strong></span> <span class='ocrx_word' id='word_1_698' title='bbox 2149 5062 2265 5102; x_wconf 76' lang='lat' dir='ltr'><strong>sex.</strong></span> <span class='ocrx_word' id='word_1_699' title='bbox 2300 5044 2366 5099; x_wconf 85' lang='lat' dir='ltr'><strong>Et</strong></span> <span class='ocrx_word' id='word_1_700' title='bbox 2389 5047 2580 5101; x_wconf 82' lang='lat' dir='ltr'><strong>natalis</strong></span> <span class='ocrx_word' id='word_1_701' title='bbox 2617 5058 2809 5120; x_wconf 82' lang='lat' dir='ltr'><strong>septem</strong></span> <span class='ocrx_word' id='word_1_702' title='bbox 2850 5052 3109 5125; x_wconf 71' lang='lat' dir='ltr'><strong>virginum</strong></span> <span class='ocrx_word' id='word_1_703' title='bbox 3140 5054 3417 5107; x_wconf 82' lang='lat' dir='ltr'><strong>canonica-</strong></span> 
     </span>
    </p>
   </div>
   <div class='ocr_carea' id='block_1_111' title="bbox 1816 5136 3311 5203">
    <p class='ocr_par' dir='ltr' id='par_1_111' title="bbox 1816 5136 3311 5203">
     <span class='ocr_line' id='line_1_111' title="bbox 1816 5136 3311 5203; baseline 0.004 -8"><span class='ocrx_word' id='word_1_704' title='bbox 1816 5156 1951 5195; x_wconf 87' lang='lat' dir='ltr'><strong>rum.</strong></span> <span class='ocrx_word' id='word_1_705' title='bbox 1982 5136 2046 5192; x_wconf 88' lang='lat' dir='ltr'><strong>In</strong></span> <span class='ocrx_word' id='word_1_706' title='bbox 2074 5138 2338 5203; x_wconf 69' lang='lat' dir='ltr'><strong>Ilmenna,</strong></span> <span class='ocrx_word' id='word_1_707' title='bbox 2373 5140 2637 5194; x_wconf 74' lang='lat' dir='ltr'><strong>dedicatio</strong></span> <span class='ocrx_word' id='word_1_708' title='bbox 2667 5144 2886 5197; x_wconf 83' lang='lat' dir='ltr'><strong>oratorii</strong></span> <span class='ocrx_word' id='word_1_709' title='bbox 2908 5145 3075 5198; x_wconf 79' lang='lat' dir='ltr'><strong>sancti</strong></span> <span class='ocrx_word' id='word_1_710' title='bbox 3102 5143 3311 5201; x_wconf 81' lang='lat' dir='ltr'><strong>Policti.</strong></span> 
     </span>
    </p>
   </div>
   <div class='ocr_carea' id='block_1_112' title="bbox 1890 5231 3414 5310">
    <p class='ocr_par' dir='ltr' id='par_1_112' title="bbox 1890 5231 3414 5310">
     <span class='ocr_line' id='line_1_112' title="bbox 1890 5231 3414 5310; baseline 0.005 -23"><span class='ocrx_word' id='word_1_711' title='bbox 1890 5250 1939 5287; x_wconf 87' lang='lat' dir='ltr'><strong>tv</strong></span> <span class='ocrx_word' id='word_1_712' title='bbox 1966 5233 2083 5287; x_wconf 87' lang='lat' dir='ltr'><strong>idus</strong></span> <span class='ocrx_word' id='word_1_713' title='bbox 2106 5231 2275 5303; x_wconf 79' lang='lat' dir='ltr'><strong>April.</strong></span> <span class='ocrx_word' id='word_1_714' title='bbox 2312 5234 2366 5288; x_wconf 90' lang='lat' dir='ltr'><strong>ltt</strong></span> <span class='ocrx_word' id='word_1_715' title='bbox 2399 5233 2749 5299; x_wconf 77' lang='lat' dir='ltr'><strong>Alexandria,</strong></span> <span class='ocrx_word' id='word_1_716' title='bbox 2783 5237 3067 5300; x_wconf 85' lang='lat' dir='ltr'><strong>Apollonis</strong></span> <span class='ocrx_word' id='word_1_717' title='bbox 3086 5239 3414 5310; x_wconf 82' lang='lat' dir='ltr'><strong>presbyteri,</strong></span> 
     </span>
    </p>
   </div>
   <div class='ocr_carea' id='block_1_113' title="bbox 1816 5326 3413 5401">
    <p class='ocr_par' dir='ltr' id='par_1_113' title="bbox 1816 5326 3413 5401">
     <span class='ocr_line' id='line_1_113' title="bbox 1816 5326 3413 5401; baseline 0.006 -18"><span class='ocrx_word' id='word_1_718' title='bbox 1816 5327 2033 5392; x_wconf 84' lang='lat' dir='ltr'><strong>Gaiani,</strong></span> <span class='ocrx_word' id='word_1_719' title='bbox 2070 5326 2282 5390; x_wconf 89' lang='lat' dir='ltr'><strong>llilarii,</strong></span> <span class='ocrx_word' id='word_1_720' title='bbox 2330 5326 2549 5390; x_wconf 89' lang='lat' dir='ltr'><strong>Donati,</strong></span> <span class='ocrx_word' id='word_1_721' title='bbox 2577 5328 2857 5395; x_wconf 89' lang='lat' dir='ltr'><strong>Concessi,</strong></span> <span class='ocrx_word' id='word_1_722' title='bbox 2886 5330 3184 5401; x_wconf 89' lang='lat' dir='ltr'><strong>Saturnini,</strong></span> <span class='ocrx_word' id='word_1_723' title='bbox 3211 5334 3413 5393; x_wconf 89' lang='lat' dir='ltr'><strong>Saturi.</strong></span> 
     </span>
    </p>
   </div>
   <div class='ocr_carea' id='block_1_114' title="bbox 1817 5417 3416 5498">
    <p class='ocr_par' dir='ltr' id='par_1_114' title="bbox 1817 5417 3416 5498">
     <span class='ocr_line' id='line_1_114' title="bbox 1817 5417 3416 5498; baseline 0.006 -24"><span class='ocrx_word' id='word_1_724' title='bbox 1817 5417 1878 5474; x_wconf 89' lang='lat' dir='ltr'><strong>In</strong></span> <span class='ocrx_word' id='word_1_725' title='bbox 1907 5420 2158 5483; x_wconf 85' lang='lat' dir='ltr'><strong>Thracia,</strong></span> <span class='ocrx_word' id='word_1_726' title='bbox 2211 5420 2403 5473; x_wconf 85' lang='lat' dir='ltr'><strong>natalis</strong></span> <span class='ocrx_word' id='word_1_727' title='bbox 2433 5418 2640 5476; x_wconf 88' lang='lat' dir='ltr'><strong>Gaiani.</strong></span> <span class='ocrx_word' id='word_1_728' title='bbox 2680 5420 2735 5474; x_wconf 88' lang='lat' dir='ltr'><strong>In</strong></span> <span class='ocrx_word' id='word_1_729' title='bbox 2778 5420 2958 5476; x_wconf 79' lang='lat' dir='ltr'><strong>Alrica</strong></span> <span class='ocrx_word' id='word_1_730' title='bbox 3000 5436 3297 5498; x_wconf 88' lang='lat' dir='ltr'><strong>martyrum</strong></span> <span class='ocrx_word' id='word_1_731' title='bbox 3328 5443 3416 5485; x_wconf 86' lang='lat' dir='ltr'><strong>se-</strong></span> 
     </span>
    </p>
   </div>
   <div class='ocr_carea' id='block_1_115' title="bbox 1819 5513 3414 5586">
    <p class='ocr_par' dir='ltr' id='par_1_115' title="bbox 1819 5513 3414 5586">
     <span class='ocr_line' id='line_1_115' title="bbox 1819 5513 3414 5586; baseline 0.005 -17"><span class='ocrx_word' id='word_1_732' title='bbox 1819 5513 2167 5586; x_wconf 86' lang='lat' dir='ltr'><strong>ptemdecim,</strong></span> <span class='ocrx_word' id='word_1_733' title='bbox 2200 5528 2430 5583; x_wconf 87' lang='lat' dir='ltr'><strong>quorum</strong></span> <span class='ocrx_word' id='word_1_734' title='bbox 2464 5514 2682 5568; x_wconf 90' lang='lat' dir='ltr'><strong>nomina</strong></span> <span class='ocrx_word' id='word_1_735' title='bbox 2710 5513 2849 5569; x_wconf 90' lang='lat' dir='ltr'><strong>Deus</strong></span> <span class='ocrx_word' id='word_1_736' title='bbox 2879 5516 3003 5572; x_wconf 89' lang='lat' dir='ltr'><strong>scit.</strong></span> <span class='ocrx_word' id='word_1_737' title='bbox 3040 5518 3257 5576; x_wconf 87' lang='lat' dir='ltr'><strong>Etalibi</strong></span> <span class='ocrx_word' id='word_1_738' title='bbox 3289 5520 3414 5576; x_wconf 90' lang='lat' dir='ltr'><strong>Pin-</strong></span> 
     </span>
    </p>
   </div>
   <div class='ocr_carea' id='block_1_116' title="bbox 1821 5604 3415 5682">
    <p class='ocr_par' dir='ltr' id='par_1_116' title="bbox 1821 5604 3415 5682">
     <span class='ocr_line' id='line_1_116' title="bbox 1821 5604 3415 5682; baseline 0.004 -18"><span class='ocrx_word' id='word_1_739' title='bbox 1821 5608 1954 5672; x_wconf 92' lang='lat' dir='ltr'><strong>nati,</strong></span> <span class='ocrx_word' id='word_1_740' title='bbox 1985 5605 2257 5671; x_wconf 90' lang='lat' dir='ltr'><strong>Successi,</strong></span> <span class='ocrx_word' id='word_1_741' title='bbox 2282 5605 2540 5662; x_wconf 84' lang='lat' dir='ltr'><strong>Marcelli.</strong></span> <span class='ocrx_word' id='word_1_742' title='bbox 2575 5604 2630 5659; x_wconf 93' lang='lat' dir='ltr'><strong>In</strong></span> <span class='ocrx_word' id='word_1_743' title='bbox 2659 5604 2969 5682; x_wconf 91' lang='lat' dir='ltr'><strong>Antiochia,</strong></span> <span class='ocrx_word' id='word_1_744' title='bbox 3001 5612 3200 5669; x_wconf 79' lang='lat' dir='ltr'><strong>natalis</strong></span> <span class='ocrx_word' id='word_1_745' title='bbox 3232 5612 3415 5672; x_wconf 88' lang='lat' dir='ltr'><strong>Sancti</strong></span> 
     </span>
    </p>
   </div>
   <div class='ocr_carea' id='block_1_117' title="bbox 1821 5698 2452 5770">
    <p class='ocr_par' dir='ltr' id='par_1_117' title="bbox 1821 5698 2452 5770">
     <span class='ocr_line' id='line_1_117' title="bbox 1821 5698 2452 5770; baseline -0.006 -12"><span class='ocrx_word' id='word_1_746' title='bbox 1821 5700 2094 5758; x_wconf 87' lang='lat' dir='ltr'><strong>Theodori</strong></span> <span class='ocrx_word' id='word_1_747' title='bbox 2127 5698 2452 5770; x_wconf 83' lang='lat' dir='ltr'><strong>presbyteri.</strong></span> 
     </span>
    </p>
   </div>
   <div class='ocr_carea' id='block_1_118' title="bbox 1894 5790 3412 5879">
    <p class='ocr_par' dir='ltr' id='par_1_118' title="bbox 1894 5790 3412 5879">
     <span class='ocr_line' id='line_1_118' title="bbox 1894 5790 3412 5879; baseline 0.005 -26"><span class='ocrx_word' id='word_1_748' title='bbox 1894 5809 1953 5854; x_wconf 93' lang='lat' dir='ltr'><strong>ttt</strong></span> <span class='ocrx_word' id='word_1_749' title='bbox 2007 5794 2126 5853; x_wconf 85' lang='lat' dir='ltr'><strong>idus</strong></span> <span class='ocrx_word' id='word_1_750' title='bbox 2180 5792 2349 5867; x_wconf 81' lang='lat' dir='ltr'><strong>April.</strong></span> <span class='ocrx_word' id='word_1_751' title='bbox 2398 5790 2457 5853; x_wconf 87' lang='lat' dir='ltr'><strong>In</strong></span> <span class='ocrx_word' id='word_1_752' title='bbox 2522 5792 2881 5869; x_wconf 87' lang='lat' dir='ltr'><strong>Mauritania,</strong></span> <span class='ocrx_word' id='word_1_753' title='bbox 2932 5798 3128 5859; x_wconf 83' lang='lat' dir='ltr'><strong>natalis</strong></span> <span class='ocrx_word' id='word_1_754' title='bbox 3181 5798 3412 5879; x_wconf 88' lang='lat' dir='ltr'><strong>Saloni,</strong></span> 
     </span>
    </p>
   </div>
  </div>
