3918 6294
542 263 639 326 iiii
1586 270 1645 326 s.
1689 261 2070 324 DIERONYMI
2106 247 2395 320 οι)εῆοΜ
2435 254 2803 319 MANTISSA.
3671 258 3756 322 tsi

548 384 787 453 Maximi,
835 382 1060 453 Ilelarii,
1108 378 1367 445 Concessi
1416 400 1537 443 cum
1588 382 1801 440 caeteris
1838 381 2062 449 sanctis,
2094 385 2146 433 et
2175 370 2230 440 Α
2255 377 2519 446 Faustini,
2572 376 2943 434 Luciani......
2985 371 3228 445 episcopi
3262 380 3313 431 et
3355 376 3659 450 confessoris,
3683 382 3756 439 ubi

546 476 801 534 Dotnnini
841 478 1107 551 episcopi.
1146 479 1205 537 In
1254 481 1455 537 Salona
1518 475 1837 545 Dalmatiae,
1891 473 2143 529 Dontioni
2248 471 2622 527 suntcondittc
2652 468 2893 540 reliquis:
2916 465 3090 523 sancti
3115 466 3331 525 Joannis
3360 473 3676 542 evangelista.
3703 474 3758 529 Et

546 573 811 645 episcopi,
846 584 900 630 et
929 576 1161 633 militum
1186 591 1403 646 novem,
1446 582 1503 630 et
1537 573 1821 628 Dalmatas.
1850 569 1909 626 In
1933 569 2141 639 Africa,
2248 564 2503 621 dedicatio
2533 565 2715 622 altaris
2758 562 2921 619 sancti
2946 560 3151 617 Iuliani
3178 565 3424 635 martyris,
3467 567 3544 636 qui
3580 566 3758 624 Briuata:

546 665 850 731 Fortunati,
882 668 1093 736 Donati,
1130 678 1185 726 et
1229 668 1459 724 aliorum
1511 666 1869 723 ducentorum
1914 661 2146 735 quadra-
2248 676 2432 729 passus
2462 669 2558 714 est.

544 759 713 830 ginta.
752 762 807 817 In
838 760 1181 828 Nicomedia,
1212 762 1408 818 natalis
1432 770 1746 816 sanctorum
1775 730 1957 813 Eusto-i
1994 771 2147 826 pres-
2322 767 2413 807 xvi
2443 752 2548 807 kal.
2586 751 2736 807 Maii.
2772 752 2829 806 In
2868 748 3090 815 Achaia,
3136 730 3391 805 Corintho
3409 750 3618 818 civitate,
3646 761 3762 808 nata-

543 852 744 924 byteri,
768 853 1039 922 Nestoris,
1072 854 1277 923 Filoni,
1309 850 1685 909 Caarcmoniar.
1719 849 1982 921 Lugduno
2013 846 2142 903 Gal-
2245 846 2313 902 Iis
2341 854 2650 901 sanctorum
2679 841 2904 910 Calesti,
2936 842 3161 907 Carissi,
3193 841 3457 908 Leonidis,
3489 842 3635 907 Lotze,
3662 842 3763 900 Ter-

543 944 651 1011 lias,
682 944 948 1017 depositio
974 948 1192 1019 Siagrii,
1216 958 1267 1004 et
1295 946 1536 1003 Patricii.
2248 942 2356 1007 tias,
2402 939 2747 1006 Christianae,
2779 938 2966 1003 Gallae,
3018 934 3304 1002 Theodori,
3333 936 3533 1002 CariSsi,
3571 940 3761 995 omnium

620 1037 802 1094 Pridie
828 1040 946 1094 idus
974 1039 1145 1112 April.
1192 1040 1245 1095 In
1278 1040 1437 1104 Asia,
1474 1039 1759 1109 Pergamo,
1794 1032 1991 1089 natalis
2016 1046 2146 1086 san-
2250 1035 2303 1089 in
2335 1050 2483 1089 mare
2508 1048 2674 1089 mers.
2703 1030 2997 1100 Caritonis,
3027 1030 3272 1088 Ctelestie
3302 1045 3415 1085 cum
3444 1032 3567 1096 aliis,
3599 1031 3761 1100 Unica,

544 1140 754 1187 ctorum
793 1132 953 1203 Carpi
1001 1132 1281 1202 episcopi,
1324 1132 1511 1196 Pauli,
1553 1127 1767 1194 Isaach,
1814 1124 2139 1197 Agathonis.
2245 1126 2517 1194 Gallinite,
2545 1126 2810 1195 Monicias,
2839 1125 3029 1197 Nigiae.
3065 1125 3129 1181 Et
3151 1124 3296 1193 alibi,
3325 1124 3567 1190 Martiani,
3594 1123 3765 1189 Eniani,

546 1222 734 1280 Romaa
761 1227 812 1279 in
853 1227 1169 1281 emmcterio
1197 1224 1500 1293 Calepodii,
1544 1222 1810 1293 Lupicini.
1842 1219 1937 1275 Via
1971 1222 2144 1273 Aure-
2246 1222 2464 1289 Felicis,
2497 1221 2877 1292 Hermogenis,
2932 1218 3221 1284 Vincentii,
3275 1215 3454 1283 Tertii,
3501 1215 3685 1272 Czilesti.
3724 1214 3765 1270 In

546 1318 641 1383 lia,
674 1320 833 1374 tertio
858 1317 1133 1383 milliario,
1157 1318 1425 1388 depositio
1451 1316 1579 1373 Julii
1600 1314 1861 1387 episcopi.
1900 1311 2137 1378 Etalibi,
2246 1316 2590 1383 Mauritania,
2645 1315 2840 1370 natalis
2872 1313 3104 1367 Basilim.
3167 1310 3224 1366 In
3269 1308 3455 1375 Ponto,
3507 1310 3765 1378 Insclacclli,

545 1412 782 1482 Agapiti,
826 1412 1005 1479 Bassi,
1042 1410 1265 1478 Juliani,
1310 1409 1530 1478 Felicis,
1565 1407 1741 1475 Pauli,
1777 1406 1968 1470 Mauri,
2006 1403 2139 1459 ller-
2241 1410 2517 1477 Martiilis,
2550 1409 2762 1473 Felicis,
2797 1406 3096 1474 Fortunati,
3130 1403 3348 1471 Silvani,
3400 1402 3619 1469 Liciani,
3656 1403 3767 1458 Gea-

544 1503 704 1571 culae,
756 1502 1113 1571 Verecundac,
1145 1513 1202 1559 et
1249 1503 1480 1558 aliorum
1526 1517 1755 1557 numero
1788 1499 2139 1571 quadraginta
2244 1503 2396 1569 mili,
2442 1502 2695 1565 Parcilai,
2745 1500 3035 1565 Leonedis,
3068 1497 3241 1565 Mica,
3273 1496 3510 1562 Gallieni,
3553 1486 3769 1561 Martiani,

544 1598 677 1663 duo,
730 1596 958 1663 Quarti,
1006 1596 1317 1662 Saturnini,
1369 1594 1627 1659 Secundi,
1687 1592 1913 1656 Deiimi,
1968 1590 2135 1645 Darii.
2246 1593 2856 1661 Fanstini,etLueiani,
2890 1591 3140 1648 Jocundi.

543 1692 674 1746 Item
705 1689 961 1747 Secundi.
999 1690 1130 1747 Item
1164 1691 1465 1757 Saturnini,
1492 1688 1700 1756 Quinti,
1732 1684 2138 1753 Dextri,Victo-
2316 1704 2383 1742 xv
2413 1686 2518 1742 kal.
2566 1687 2718 1741 Maii.
2779 1683 2834 1741 in
2888 1684 3204 1751 Antiochia,
3256 1683 3438 1740 natalis
3478 1684 3633 1738 sancti
3660 1680 3771 1737 Petri

542 1790 641 1855 ris,
700 1787 911 1853 Donati,
961 1785 1160 1851 Varici,
1210 1786 1379 1855 Butti,
1429 1784 1678 1848 Venusti,
1736 1782 1959 1837 Titiani.
2005 1780 2137 1834 Item
2170 1771 2217 1833 Β
2246 1782 2480 1844 diaconi,
2520 1790 2574 1835 et
2618 1779 2973 1850 Hermogenis
3014 1777 3269 1843 ministri,
3316 1776 3472 1843 Petri,
3517 1773 3771 1838 Fortunati,

546 1879 802 1946 Victoris,
821 1878 1053 1950 Sytillat,
1081 1878 1234 1946 Luci,
1262 1877 1424 1944 Justi,
1450 1876 1700 1931 Orbanm.
1726 1875 1858 1929 Item
1884 1871 2136 1938 Orbonae,
2247 1874 2512 1929 Martiani.
2542 1873 2600 1928 In
2629 1872 2827 1939 Africa,
2859 1873 3077 1940 Buruei,
3114 1872 3318 1939 Quinti,
3344 1868 3772 1941 Mappalici,Victu-

541 1973 721 2043 Marti,
754 1973 1017 2040 Januarii,
1050 1972 1263 2038 Citlini,
1307 1971 1552 2038 Paterni,
1600 1969 1803 2035 Pacini,
1828 1965 1995 2029 Ptitti,
2026 1965 2141 2020 Mu-
2245 1970 2366 2040 rici,
2398 1968 2612 2036 Donati,
2646 1967 2908 2030 Januarii,
2963 1968 3182 2031 Maceri,
3232 1965 3392 2031 Galli,
3423 1962 3679 2025 Theodori,
3700 1960 3774 2016 Ju-

539 2068 661 2133 rici,
700 2066 898 2137 Optati.
947 2065 1079 2121 Item
1126 2064 1354 2128 Victori,
1385 2063 1619 2134 Mignne,
1670 2060 1923 2125 Demetri,
1955 2058 2139 2124 Marci,
2246 2062 2373 2116 liztni
2422 2061 2748 2133 presbyteri,
2778 2067 2833 2115 et
2870 2059 3136 2125 Meceoni,
3174 2055 3380 2129 Migini,
3424 2052 3683 2119 Diomedis,
3709 2051 3776 2107 Fi-

541 2157 809 2224 Flaviani,
838 2157 1047 2226 Vitalis,
1084 2156 1326 2224 Dinaliaa,
1359 2153 1699 2222 Clementia,
1730 2152 2009 2215 Victorias,
2041 2150 2141 2205 Fe—
2244 2153 2493 2224 Iippiani.

538 2250 698 2316 liciaz,
737 2249 1007 2314 Haximas,
1039 2248 1245 2304 Musae.
1283 2249 1415 2304 Itent
1445 2248 1632 2314 Marci,
1682 2247 1967 2314 Honorati,
2001 2245 2141 2300 Lau-
2316 2264 2403 2303 xiv
2431 2246 2534 2302 kal.
2570 2246 2720 2302 Maii.
2772 2246 2826 2303 In
2875 2247 3076 2305 Salona
3106 2247 3347 2311 civitate,
3398 2241 3579 2299 natalis
3605 2245 3778 2294 sancto-

538 2344 704 2409 renti,
745 2343 967 2408 Arburi,
1010 2340 1486 2414 Crispini,'l‘ertii,
1524 2340 1820 2408 Quintulaa,
1860 2338 2138 2405 Restituti,
2242 2360 2363 2400 rum
2394 2343 2620 2411 Scplimi
2652 2343 2894 2409 diaconi,
2945 2341 3225 2397 Victurici,
3263 2340 3330 2395 Ει
3353 2338 3496 2403 alibi,
3538 2335 3775 2401 Hermoge-

538 2434 819 2501 Revocati,
870 2434 1112 2499 Paterni,
1165 2435 1371 2489 Buttasi
1398 2478 1412 2502 ,
1458 2432 1658 2499 Varici,
1704 2432 1876 2499 Pauli,
1936 2431 2140 2502 Oplail,
2245 2439 2350 2499 nis,
2384 2434 2648 2508 Dionysii.
2684 2435 2740 2489 ι..
2786 2436 2988 2497 Africa,
3021 2433 3278 2503 Victoris,
3313 2427 3581 2500 Pamphili,
3606 2424 3775 2491 Donati,

510 2530 726 2613 ,Speni,
762 2529 996 2594 Valenti,
1030 2529 1242 2595 Donati,
1287 2528 1492 2597 Manili,
1525 2527 1693 2592 Petri,
1743 2526 1961 2591 Felicis,
2009 2526 2143 2581 Pro-
2241 2530 2507 2592 Januarii,
2555 2528 2829 2595 Micionis,
2872 2528 3097 2594 Domni,
3142 2524 3449 2590 Turemini,
3487 2517 3778 2595 Syrici,Pri-

474 2611 668 2678 quli.
722 2622 851 2677 Item
907 2622 1120 2688 Donati,
1177 2621 1461 2687 Gemellus,
1514 2621 1729 2686 Evanti,
1782 2619 1995 2685 Lazari,
2036 2618 2140 2674 Ve-
2242 2624 2439 2688 sciani,
2471 2621 2724 2677 Jocundi.
2756 2621 2964 2686 Romae,
2990 2631 3304 2677 sanctorum
3328 2614 3607 2679 Eleutheri,
3632 2611 3780 2667 etAn-

536 2715 702 2782 nusti,
738 2714 969 2782 Fluvini,
1012 2713 1218 2779 Ruﬁni,
1251 2713 1516 2785 CriSpini,
1565 2712 1788 2780 Nabnri,
1846 2711 2083 2768 Victorin

2244 2717 2372 2772 thiaa
2399 2716 2587 2770 matris
2609 2717 2748 2785 eius,
2776 2715 3078 2783 Parthenii,
3110 2711 3384 2781 Coloceri,
3418 2708 3559 2774 Febi,
3581 2701 3775 2768 Proculi,

539 2810 840 2877 Donatulae,
879 2807 1134 2875 Victoris,
1168 2808 1439 2878 Agutinas,
1464 2814 1520 2861 et
1546 2806 1768 2873 Tertiae,
1800 2806 2047 2861 Mameri.
2082 2803 2138 2861 lit
2242 2810 2544 2879 Apolloitis,
2579 2807 2878 2874 Fertunati,
2910 2809 3172 2880 Crispini,
3215 2805 3490 2879 Expediti,
3525 2796 3776 2871 Mappalit'i,

536 2903 744 2975 Capua,
791 2902 989 2957 natalis
1024 2911 1340 2957 sanctorum
1382 2899 1672 2972 Cypriani,
1708 2900 1988 2966 Musculaa,
2032 2898 2140 2953 Do-
2243 2901 2527 2972 Victurini,
2560 2913 2613 2958 et
2643 2902 2795 2973 Gagi.
2839 2902 3199 2957 Aulissiodoro
3247 2902 3299 2956 in
3338 2897 3528 2965 Gallia,
3573 2888 3779 2949 dedicatio

539 3006 702 3064 natas,
748 2994 983 3059 Novelli,
1033 2992 1302 3061 Januarii,
1350 2992 1579 3056 Silvani,
1632 2990 1897 3055 PIuriani,
1934 2990 2136 3056 Saturi,
2242 2996 2427 3050 altaris
2458 2996 2674 3052 senioris
2703 2996 2967 3051 Εεειεείω,

534 3089 689 3145 Julii.
725 3087 791 3142 Et
837 3087 990 3154 alibi,
1030 3086 1218 3154 Primi,
1260 3085 1448 3151 Chari,
1494 3084 1702 3156 Cyrilli,
1736 3082 1994 3150 Machari,
2033 3085 2140 3139 Sti-
2314 3105 2408 3145 xm
2432 3088 2540 3143 kal.
2574 3088 2725 3143 Maii.
2761 3089 2818 3144 ιη
2855 3089 3092 3145 Miiitana
3122 3090 3348 3145 civiiate
3370 3083 3649 3147 Armeniae,
3674 3076 3781 3134 Her-

547 3184 668 3251 Iari,
701 3180 946 3237 Vcnusti.
998 3179 1129 3236 Item
1177 3180 1422 3245 Venusti,
1474 3177 1654 3245 Julian,
1703 3177 1921 3242 Felicis,
1965 3176 2129 3234 Vere-
2158 3157 2205 3223 (ἶ
2236 3187 2505 3255 mogenis,
2558 3183 2679 3251 Gai,
2727 3183 2873 3249 Ruﬁ,
2929 3183 3222 3254 Εςρεάξιί,
3260 3178 3566 3238 Aristonici,
3613 3173 3779 3230 Galate

533 3275 751 3341 cundia,
793 3290 917 3329 cum
957 3275 1077 3329 aliis
1129 3288 1350 3328 novem.
1396 3271 1620 3341 Eocapi,
1671 3270 1931 3339 Tertulte,
1961 3274 2080 3323 Anti

2235 3294 2340 3336 una
2380 3279 2468 3335 die
2501 3289 2908 3335 coroiiatorum.
2948 3279 3195 3334 Militina:
3228 3276 3521 3341 Armeniae,
3550 3268 3677 3336 Rufi,
3710 3264 3778 3320 Hi-

534 3371 662 3438 niae,
691 3368 958 3434 MustuIae,
983 3366 1187 3438 Migini.
1224 3368 1354 3422 Item
1381 3366 1648 3421 Donasue.
1678 3365 1745 3419 Et
1764 3362 1916 3430 alibi,
1935 3361 2081 3433 Eupli

2254 3372 2356 3439 ari,
2392 3372 2703 3439 Aristonici,
2752 3372 3058 3439 Fortunati,
3109 3370 3328 3438 Donati,
3374 3369 3523 3439 Gagi,
3563 3357 3798 3431 Μιιὶυιῑηὶο.

537 3464 687 3531 mite,
725 3460 983 3531 Macltari,
1043 3460 1235 3527 Primi,
1284 3472 1338 3515 et
1388 3460 1618 3514 aliorum
1673 3474 1888 3513 novem.
1922 3454 1988 3511 In
2029 3457 2084 3512 Vt

2234 3466 2291 3521 In
2320 3464 2503 3521 Africa
2536 3465 2838 3536 Sereciani,
2859 3465 3075 3533 Donati,
3107 3464 3341 3521 Hel-adii.
3374 3463 3501 3517 Item
3524 3450 3774 3515 Serec'ianii

533 3561 693 3631 pingo
722 3557 946 3623 civitate,
975 3554 1234 3622 depositio
1265 3551 1330 3607 B.
1359 3551 1688 3608 Constantini
1714 3552 1961 3623 episcopi.

2230 3568 2285 3614 et
2312 3557 2670 3629 Hermogenis
2700 3573 2825 3614 cum
2851 3559 2973 3614 aliis
3008 3558 3246 3615 duobus.
3282 3551 3630 3618 Gaucoliberi,
3655 3554 3776 3603 nata-

605 3652 738 3707 ldus
758 3648 974 3721 Aprilis.
1011 3650 1066 3703 In
1094 3646 1426 3710 Calcedone,
1460 3646 1656 3700 natalis
1680 3653 1884 3699 sancta:
1911 3643 2130 3713 Euphe-
2232 3651 2300 3707 iis
2329 3650 2391 3707 S.
2417 3650 2712 3707 Vincentii.

532 3749 679 3815 mite,
706 3754 761 3801 et
790 3745 1029 3814 Evapiaa,
1054 3742 1355 3798 Sectttoris.
1381 3741 1448 3795 Et
1474 3740 1625 3806 alibi,
1656 3739 1923 3805 Januarii,
1951 3739 2076 3792 Paul

2302 3763 2374 3802 χιι
2403 3745 2512 3801 kal.
2548 3745 2703 3801 Maii.
2742 3746 2800 3802 In
2846 3745 3054 3815 Africa,
3112 3746 3312 3801 natalis
3349 3744 3641 3799 sanctorum
3678 3730 3777 3788 Ser-

530 3842 733 3907 Passm,
764 3838 971 3907 Caroli,
1015 3838 1233 3901 Caritas,
1284 3834 1472 3900 Arobi,
1520 3833 1853 3899 [:zatonicas,
1900 3830 2077 3886 Decini

2230 3844 2397 3913 viani,
2430 3843 2663 3914 Arajaci,
2704 3844 3019 3910 Silvaniani,
3067 3842 3374 3911 Fortunati,
3417 3838 3644 3903 Joannis,
3673 3830 3777 3887 Ora-

530 3933 795 4004 Pcrgamo
821 3931 986 3997 Asiae,
1016 3927 1295 4000 Polycarpi
1317 3926 1581 3999 episc0pi,
1610 3936 1664 3981 et
1686 3925 1835 3980 I’auli
1856 3923 2093 3980 diaconi.
2228 3936 2318 4004 cii,
2350 3936 2565 4003 nonali,
2598 3936 2820 4002 Marum,
2856 3935 3063 4001 gemas,
3097 3933 3381 4001 εοηπειίπ,
3406 3930 3650 3993 Gemina},
3675 3920 3778 3977 Cor-

599 4042 731 4082 avni
758 4025 864 4079 kal.
900 4022 1050 4078 Maii.
1095 4022 1304 4088 Romm,
1350 4021 1435 4077 via
1485 4019 1659 4091 Appia
1707 4020 1759 4074 in
1808 4017 2124 4075 cmmetcrio

2228 4029 2394 4095 nilim,
2428 4027 2732 4093 Fortunati,
2768 4029 3091 4084 Vincentiae.
3116 4028 3331 4095 Romm,
3356 4022 3612 4097 depositio
3639 4012 3775 4073 sancti

530 4117 871 4183 Prmtextati,
908 4113 1104 4170 natalis
1156 4123 1467 4168 sanctorum
1521 4111 1774 4176 Tiburtii,
1822 4108 2119 4176 Valeriani,
2226 4122 2461 4179 Victoris
2487 4122 2749 4195 episcopi,
2794 4122 3012 4188 Felicis,
3046 4122 3373 4192 Aiemndri’
3413 4119 3603 4189 papa.
3642 4111 3775 4168 Em.

527 4210 768 4278 Maximi,
813 4208 1072 4277 Quiriaci,
1124 4208 1331 4277 Optati,
1384 4206 1528 4272 Pati,
1558 4205 1859 4270 Saturnini,
1891 4204 2074 4262 Martia

2227 4213 2396 4282 duno,
2421 4215 2691 4285 depositio
2711 4216 2885 4270 sancti
2908 4215 3202 4271 Marcellini
3234 4210 3496 4286 episcopi,
3527 4220 3575 4265 ct
3596 4200 3774 4262 confes-

527 4306 824 4371 Frmninae,
874 4301 1152 4366 Corniliae,
1200 4298 1533 4364 Conditoris,
1566 4297 1751 4353 Tituli.
1785 4296 2117 4366 Interamne,
2225 4308 2395 4375 soris,
2447 4308 2705 4374 Silviaui,
2751 4308 2981 4374 Tit-iaci,
3032 4308 3258 4369 Donati,
3316 4304 3517 4375 Quinti.
3578 4295 3777 4358 Autisio-

526 4398 765 4464 Proculi,
815 4395 1105 4459 Valentini,
1160 4392 1480 4457 Pruusduci,
1540 4391 1784 4458 Laurini,
1837 4391 2068 4447 Domnin

2226 4401 2361 4457 dero
2391 4402 2642 4469 civitate,
2685 4402 2954 4474 depositio
2980 4408 3150 4459 sancti
3184 4398 3403 4459 Martini
3434 4393 3713 4471 presbyteri
3734 4397 3773 4443 et

525 4491 751 4562 virginis
773 4506 897 4546 cum
920 4488 1037 4543 suis
1066 4485 1363 4557 virginibus
1392 4484 1550 4541 simul
1579 4496 1877 4551 coronam,
1910 4494 1965 4539 et
1994 4500 2119 4539 san-
2151 4559 2178 4562 _
2223 4495 2569 4551 confessoris,

521 4559 921 4639 cti'Valeriani.
975 4580 1040 4635 Et
1080 4578 1208 4634 alibi
1252 4579 1455 4649 Optati,
1497 4576 1796 4644 Saturnini,
1851 4575 2068 4631 Arcltila

2293 4603 2346 4642 xi
2366 4588 2468 4642 kal.
2507 4586 2657 4644 Maii.
2690 4588 2747 4643 In
2769 4587 3094 4643 Alexandria
3123 4587 3322 4643 natalis
3343 4594 3638 4643 sanctorum
3661 4577 3766 4634 For-

522 4675 885 4746 Simphronii,
939 4672 1224 4741 Frontini,
1270 4670 1515 4738 Maximi,
1570 4672 1824 4737 Decimae,
1884 4670 2069 4725 Martia

2225 4681 2427 4747 tunati,
2474 4682 2720 4735 Aratoris
2754 4683 3081 4753 presbyteri,
3138 4682 3339 4739 Felicis
3383 4678 3499 4747 filii,
3544 4671 3772 4732 Vitalisin

520 4769 794 4827 Corniliin.
829 4767 886 4823 In
922 4766 1271 4830 Alexandria,
1307 4763 1602 4820 Frontonis
1633 4763 1905 4819 monachi.
2219 4790 2443 4832 carcere
2487 4778 2841 4845 ηυῑρεοεηιίε,
2889 4776 3105 4848 Βοωω,
3146 4779 3201 4833 in
3252 4774 3569 4834 cmmemrio
3610 4760 3772 4825 Calesti

593 4860 829 4917 xvttkal.
862 4859 1013 4914 Maii.
1069 4858 1286 4926 Piceno,
1337 4859 1389 4911 in
1436 4872 1600 4912 aureo
1631 4867 1815 4912 monte
1854 4856 2111 4921 Maronis,
2218 4869 2307 4923 via
2337 4866 2508 4938 Appia
2539 4868 2737 4923 minus
2774 4879 3089 4924 sancimum
3129 4869 3428 4935 Valeriani,
3461 4854 3773 4926 Maximum

521 4959 799 5024 Mcssoris,
838 4954 1126 5022 Proclinm,
1162 4952 1390 5017 Mositis,
1438 4952 1691 5007 Jocundi.
1727 4953 1781 5007 In
1814 4951 2117 5023 Mesopota—
2222 4961 2422 5027 imi-iii,
2462 4960 2673 5015 Donati.
2723 4962 2789 5017 Et
2820 4963 2871 5016 in
2904 4962 3200 5019 Terracina
3255 4962 3583 5032 Campaniae,
3613 4949 3772 5011 natalis

521 5058 633 5112 mia
664 5054 899 5116 Arcelai,
951 5050 1236 5122 Cypriani,
1282 5048 1514 5112 Gomali,
1572 5047 1860 5113 Vironicm,
1897 5049 2105 5114 Aculm,
2218 5055 2393 5109 sancti
2422 5054 2751 5126 Antpltelici,
2782 5055 3035 5112 Jocundi.
3068 5057 3132 5112 Et
3158 5057 3290 5112 alibi
3325 5055 3574 5120 Victoris,
3602 5045 3768 5117 Papiri,

519 5149 771 5221 Diogenis
819 5145 1032 5202 diaconi
1082 5157 1204 5198 cum
1254 5140 1468 5195 duobus
1508 5138 1787 5194 fratribus.
1832 5137 1889 5193 Iit
1923 5139 2112 5193 Antio-
2216 5147 2438 5205 Felicis,
2475 5149 2539 5204 Ει
2569 5148 2699 5204 alibi
2732 5149 3008 5219 deposiiio
3041 5149 3340 5220 Αιιιιιιηοιιιῑ
3367 5142 3619 5219 episcopi.

517 5244 638 5298 chia
681 5230 876 5313 Syriae,
910 5236 1194 5302 Prosduci,
1242 5234 1543 5301 Veronicas,
1584 5242 1639 5290 et
1691 5234 1935 5287 Dioninte
1984 5232 2057 5287 iiIi

2286 5257 2319 5294 x
2340 5240 2444 5295 kal.
2480 5240 2627 5295 Maii.
2660 5241 2713 5295 In
2746 5239 2952 5309 Africa,
2972 5239 3224 5297 SiIviani.
3251 5240 3482 5296 Civitate
3508 5225 3766 5300 Hierapoli.

515 5338 655 5408 eius.
698 5334 955 5398 Octaviae,
1004 5331 1283 5398 Potamite,
1330 5328 1612 5394 Prudenti,
1660 5326 1809 5393 Fuci,
1860 5326 2006 5398 Syri.
2052 5327 2062 5380 l

2220 5335 2413 5390 natalis
2439 5335 2608 5390 sancti
2637 5334 2871 5405 Philippi
2904 5336 3163 5406 apostoli.
3191 5334 3383 5390 Roma:
3408 5332 3459 5387 in
3488 5320 3767 5386 cremeterio

515 5428 722 5488 Taudia
746 5426 1021 5490 Galliciac,
1057 5424 1364 5493 Quoamali,
1394 5424 1626 5483 Arcelai,
1662 5422 1891 5491 Potami,
1925 5423 2103 5478 Dona-
2214 5428 2437 5497 Calesli,
2490 5434 2572 5485 via
2622 5430 2815 5502 Appia,
2867 5430 3142 5501 depositio
3192 5428 3294 5487 Gai
3348 5440 3529 5501 papae,
3576 5412 3766 5478 Primoli

515 5524 682 5580 teilae.
720 5521 775 5576 In
801 5518 1093 5589 Hispaniis,
1124 5518 1404 5584 Caesariaa,
1438 5517 1619 5586 passio
1654 5524 1963 5571 sanctorum
1997 5516 2103 5570 Lu-
2216 5522 2511 5578 Tierdiani.
2567 5524 2829 5596 Lngduno
2874 5524 3093 5592 Gallia},
3143 5523 3327 5595 passio
3369 5519 3539 5577 sancti
3566 5506 3765 5585 Epolidi.

511 5616 708 5682 berci.
761 5609 1012 5683 Apomidi
1070 5626 1194 5666 cum
1250 5610 1465 5665 duobus
1512 5608 1796 5674 fratribus.
1835 5608 2101 5673 Martiani.
2215 5616 2280 5670 Et
2310 5617 2461 5685 alibi,
2514 5618 2788 5685 Leonidis,
2823 5618 3098 5684 Aratoris,
3129 5615 3412 5685 Quiriaci,
3455 5608 3675 5669 Basilius.
3714 5596 3767 5653 In

513 5710 648 5765 Item
679 5702 957 5773 Martiani,
1006 5701 1224 5768 Felicis,
1271 5700 1479 5767 Fausti,
1515 5700 1816 5766 Fortunati,
1871 5702 2051 5756 Silvan

1915 5702 2094 5765 ilvani,
2213 5710 2435 5765 Serranis
2462 5713 2687 5778 civitate,
2710 5711 2965 5782 depositio
3004 5700 3189 5766 Leonis
3210 5709 3461 5782 episcopi.

513 5797 765 5857 Luciam.
808 5794 1044 5863 Gomali,
1064 5793 1315 5863 Parcilai,
1342 5794 1599 5862 Eonedis,
1633 5790 1806 5863 Micze,
1838 5794 2096 5865 Gallieni,
2285 5817 2337 5855 ix
2366 5802 2468 5858 kat.
2504 5803 2654 5859 Μαίε,
2684 5804 2740 5858 in
2768 5803 2972 5873 Africa,
2996 5806 3190 5861 naiaiis
3210 5811 3523 5859 sanctorum
3545 5784 3763 5855 Catulini.
