3918 6294
134 237 212 298 457
1150 218 1717 289 VETUSTISSIMUM
1751 218 2278 285 KALENDARIUM.
3256 226 3367 285 458

137 347 339 416 Ilellenti,
365 344 550 413 Tinni,
581 341 795 403 Felioni
819 386 835 412 ,
876 342 1091 409 Tuinti,
1127 343 1383 410 Seleuci,
1425 343 1650 410 Zetulac,
1680 339 2007 414 Asiodero,
2041 340 2161 395 vico
2202 338 2436 408 Caiaco,
2481 339 2665 411 passio
2714 340 2888 397 sancti
2930 336 3209 412 Peregrini
3248 342 3366 411 epi-

136 442 363 506 Januarite,
391 439 691 507 Fortunali,
719 437 983 505 Tedetize,
1008 437 1224 505 Tonati,
1250 436 1497 507 Rogatus,
1522 434 1661 489 Pau-
1768 434 1918 505 sc0pi
1952 434 2113 505 primi
2146 435 2378 490 civitatis
2412 435 2602 505 ipsius.
2632 436 2952 503 Tricassino,
2983 435 3157 507 passio
3184 434 3247 492 S.
3270 432 3371 490 Fi-

141 537 248 601 lina,
272 533 471 591 Ianuari
496 574 511 599 ,
543 531 730 607 Niuaa‘,
764 531 1001 601 Honori,
1051 530 1370 600 Candediae,
1403 528 1663 594 Secundi,
1769 525 1878 581 doli
1907 526 2189 596 presbyteri
2213 538 2262 581 et
2290 529 2620 594 confessoris.

136 626 375 692 Saturnini,
407 625 637 693 Donati,
680 623 981 690 Salutoris,
1028 623 1261 693 Felicis,
1297 623 1487 692 Marci,
1524 621 1666 692 Nap-
1840 636 1932 676 xvr
1958 619 2063 675 kal.
2100 619 2273 675 Junii.
2308 621 2365 677 In
2401 622 2734 679 Alexandria
2760 664 2775 691 ,
2807 624 3047 681 Victoris
3069 664 3085 692 ,
3121 624 3360 692 Basiliaz,

138 724 234 795 poli,
255 720 458 786 Coddei,
492 720 637 788 Dati,
664 718 832 787 Naso,
858 719 1015 788 Mosi,
1042 718 1237 784 Satuli,
1269 716 1533 785 Victuris,
1559 716 1667 771 Ma-
1770 714 1998 773 Silvani.
2022 714 2081 770 In
2110 714 2306 782 Roma,
2335 716 2633 783 Parthinii,
2657 716 2941 786 Gallicori,
2975 719 3172 789 Eponi.
3202 720 3373 776 Libe-

136 815 482 883 suti,Malchi,
527 814 759 878 Severi,
802 812 1094 880 Martiani,
1142 810 1413 879 Fortuni,
1462 809 1665 877 Saturi,
1771 809 1839 864 rii
1878 808 2143 878 episcOpi.
2190 806 2491 864 Neveduno
2518 854 2531 875 ,
2580 808 2856 877 Heraclii,
2898 810 3087 880 Pauli,
3121 810 3370 878 Minerii,

136 912 335 981 Quintali,
359 909 585 978 Fidelis,
617 908 907 977 Severioli,
935 908 1157 977 Quinti,
1189 906 1404 973 Fausti,
1448 904 1666 971 Donati,
1772 899 2013 972 Agulini,
2041 899 2305 969 Victoris,
2332 901 2623 968 Arthemii,
2655 901 2893 962 Calcori.

138 1004 352 1071 Excruati,
384 1002 572 1069 Birici,
605 1001 856 1073 Septimi,
887 1000 1113 1067 Lucini,
1147 999 1430 1064 Restituti,
1463 997 1665 1062 Dativi,
1844 1009 1912 1048 xv
1953 992 2059 1047 kal.
2098 994 2226 1047 Jun.
2268 992 2331 1048 In
2377 995 2707 1051 Alexandria
2729 1034 2745 1063 ,
2790 995 3105 1052 Potamonis
3145 996 3376 1069 presby-

137 1096 368 1163 Ianuarizc,
408 1094 585 1161 Ninte,
618 1094 841 1161 Felicis,
872 1092 1072 1149 Saticze
1096 1136 1112 1162 ,
1145 1091 1415 1147 Marcellae
1442 1132 1457 1157 ,
1489 1090 1664 1157 Tulae,
1774 1085 1900 1152 teri,
1930 1085 2187 1155 Hortasii,
2222 1084 2540 1156 Serapionis
2562 1130 2577 1155 ,
2606 1089 2831 1144 Panteri
2852 1135 2865 1159 ,
2898 1089 3166 1159 Dioscori,
3198 1090 3376 1157 Pami,

135 1187 635 1257 Ilatronre,Lucusa:,
656 1187 940 1255 Victuriae,
967 1185 1207 1253 Felicite,
1232 1183 1513 1248 Jocundae,
1542 1182 1673 1239 Glo-
1775 1178 2049 1235 Pentecon
2097 1179 2334 1250 diaconi,
2377 1179 2626 1248 Cenron,
2665 1182 2841 1238 Dativi
2863 1228 2878 1252 ,
2910 1183 3066 1252 Luci,
3098 1184 3377 1252 Maxima,

137 1283 283 1350 nosos,
305 1280 620 1353 Rogatinte,
654 1280 951 1337 Victurinte
972 1322 988 1346 ,
1018 1278 1198 1343 Julia),
1226 1277 1446 1344 Primae,
1479 1276 1674 1331 Fortu—
1776 1272 2020 1328 Ilermon
2044 1272 2280 1343 lectoris
2328 1289 2453 1330 cum
2491 1275 2614 1331 aliis
2651 1285 2891 1346 quatuor
2939 1278 3286 1349 martyribus.
3318 1278 3381 1333 In

135 1371 241 1437 nati,
273 1370 476 1439 Mariae,
524 1370 781 1441 Bogatae,
830 1370 1047 1439 Monni,
1096 1367 1324 1436 Jacobi,
1370 1367 1671 1439 Septimite,
1777 1364 2054 1438 Egypto,
2107 1366 2355 1423 Dioscuri
2399 1369 2621 1424 lectoris
2653 1411 2667 1435 ,
2698 1372 2791 1440 qui
2839 1370 3006 1425 multa
3040 1386 3232 1442 passus
3272 1382 3383 1429 est.

136 1462 343 1532 Maurelli,
364 1463 557 1531 Incidi,
579 1462 743 1533 Tuni,
768 1462 1084 1532 Felicionis,
1112 1462 1353 1533 Seleugi,
1380 1460 1670 1529 Honorati,
1779 1460 2274 1532 Constantinopoli,
2304 1461 2503 1530 Ell‘uci,
2531 1463 2879 1532 Serapionis,
2913 1466 3127 1520 Bustasi
3159 1467 3384 1539 presby-

136 1555 322 1621 Saturni,
352 1555 569 1625 Lucini,
602 1555 872 1626 Zeberite,
902 1556 1153 1624 Venusti,
1182 1553 1483 1623 Saturnini,
1508 1553 1677 1621 Quin-
1781 1558 1916 1625 teri,
1946 1557 2211 1613 Patamon
2236 1601 2251 1627 ,
2283 1557 2534 1625 Panteri,
2566 1557 2916 1627 Peteclondi,
2950 1559 3095 1615 Eran
3138 1560 3383 1629 lectoris,

136 1648 245 1705 tulte.
275 1648 400 1706 Item
430 1647 622 1720 Cyrilli
646 1690 663 1717 ,
708 1649 977 1721 Dionysii.
1015 1650 1085 1706 Et
1119 1648 1253 1706 alibi
1288 1646 1559 1719 depositio
1585 1646 1677 1703 Ju.
1782 1646 1985 1715 Dativi,
2017 1648 2267 1705 Martiani
2289 1692 2305 1719 ,
2336 1648 2581 1715 Luciosi,
2611 1648 2894 1717 Lucianae,
2924 1650 3131 1722 Eginaz.
3158 1650 3227 1707 Et
3256 1651 3387 1711 alibi

136 1743 316 1811 venalis,
343 1752 398 1800 et
428 1741 533 1798 Job
562 1741 866 1814 prophetae.
1704 1768 1754 1831 Β
1781 1740 1986 1799 natalis
2011 1749 2328 1795 sanctorum
2356 1738 2531 1808 Cassi,
2561 1739 2826 1807 Victoris,
2861 1740 3082 1797 Juliani.

184 1850 209 1888 τ
230 1836 330 1890 idus
358 1833 518 1889 Maii.
542 1834 603 1891 In
633 1834 853 1901 Sirmia,
885 1832 1088 1890 natalis
1117 1832 1291 1889 sancti
1322 1832 1585 1889 Montani.
1618 1830 1676 1886 lu
1857 1850 1946 1889 xiv
1981 1832 2091 1887 kal.
2125 1831 2256 1887 Jun.
2287 1833 2494 1903 Romae,
2542 1834 2739 1890 natalis
2765 1843 3081 1891 sanctorum
3112 1836 3390 1908 Caloceri,

134 1927 296 1999 Africa,
316 1928 522 2002 Majuli,
567 1929 837 1985 Victorini
867 1927 1217 1994 ,Fortunati,
1248 1924 1677 1997 Septimi,Julii,
1782 1927 2021 1983 Parteini
2067 1926 2468 1995 cunuchorum,
2528 1936 2583 1983 et
2630 1941 2859 1983 uxorum
2910 1944 3125 1985 eorum.
3172 1929 3241 1985 Hi
3286 1932 3389 1990 sub

132 2020 289 2092 Crispi,
311 2021 605 2088 Januarias,
635 2020 886 2087 Primuli,
908 2020 1114 2086 Manili,
1140 2019 1324 2075 Nerei.
1353 2019 1483 2074 Item
1514 2017 1681 2072 Mani-
1785 2018 1949 2074 Decio
1978 2017 2309 2089 imperatore
2335 2017 2537 2084 occisi,
2580 2027 2636 2074 et
2661 2018 3012 2089 requiescunt
3038 2021 3092 2077 in
3120 2034 3387 2081 cmmete-

135 2111 202 2181 Iis,
225 2113 478 2181 Victuriae,
504 2113 814 2181 Fortunati,
844 2111 1089 2179 Januari,
1112 2110 1367 2181 Jocundi,
1397 2110 1679 2183 Syppiani,
1786 2110 1870 2166 rio
1894 2109 2047 2180 juxta
2086 2109 2230 2165 viam
2256 2110 2506 2182 Appiam.
2558 2109 2972 2181 Infcmmeterio
3020 2114 3259 2182 Calesti,
3304 2116 3391 2171 via

134 2202 367 2276 Epimini.
396 2206 502 2263 Via
546 2204 757 2261 Salaria
782 2246 797 2271 ,
828 2204 1085 2259 milliario
1122 2202 1387 2275 vigesimo
1415 2201 1680 2270 secundo,
1787 2202 1983 2274 Appia,
2014 2203 2253 2275 Paterni,
2280 2203 2537 2271 Galicori,
2566 2202 2705 2272 Indi,
2739 2205 2981 2278 Seleuci,
3006 2207 3227 2275 Felicis,
3261 2208 3391 2265 Elo-

135 2295 291 2352 natalis
318 2296 494 2354 sancti
529 2295 795 2352 Anthimi.
836 2294 895 2351 In
939 2295 1099 2362 Asia,
1137 2295 1335 2351 natalis
1365 2303 1682 2351 sanctorum
1789 2296 1918 2362 nici,
1953 2295 2187 2363 Christi,
2228 2296 2530 2363 Calonicac,
2573 2296 2752 2353 Julia).
2798 2298 2931 2354 Item
2963 2299 3201 2367 Urbani,
3233 2301 3400 2371 Inge-

134 2387 375 2459 Detnetrii,
405 2387 618 2446 Taddei
644 2432 659 2456 ,
694 2398 751 2445 et
790 2386 1063 2459 depositio
1100 2386 1407 2458 Nepotiani.
1449 2386 1684 2456 Viennae,
1790 2405 1935 2461 uuae,
1982 2389 2219 2446 Saturni.
2254 2388 2314 2445 In
2354 2390 2681 2445 Alexandria
2708 2430 2724 2459 ,
2766 2392 2967 2449 natalis
3007 2395 3183 2449 sancti
3222 2392 3394 2451 Areni

135 2482 339 2553 depositio
362 2480 639 2550 Mamerti,
670 2490 717 2535 et
750 2479 1056 2537 Mamertini
1086 2478 1485 2553 EpiscOporum.
1790 2481 2032 2538 diaconi.
2061 2480 2120 2537 In
2149 2481 2386 2537 Caesaria
2422 2481 2813 2552 Cappadociae,
2844 2483 3043 2539 natalis
3082 2485 3257 2540 sancti
3286 2485 3393 2541 Po-

184 2574 347 2630 nidus
391 2573 554 2630 Maii.
585 2573 805 2641 Romae,
846 2574 1042 2630 natalis
1080 2582 1390 2631 sanctorum
1420 2573 1601 2640 Nerei,
1633 2581 1689 2629 et
1791 2570 1979 2629 liochi.
2006 2572 2063 2628 In
2093 2572 2279 2629 Africa
2311 2572 2511 2628 natalis
2542 2582 2850 2629 sanctorum
2890 2574 3108 2644 Quinti,
3143 2576 3397 2644 Primuli,

133 2664 321 2723 Achillei
361 2667 623 2723 fratrum.
662 2667 732 2722 Et
761 2666 921 2735 alibi,
951 2663 1146 2722 natalis
1189 2665 1362 2722 sancti
1392 2662 1686 2733 Pancratii,
1792 2664 2019 2730 Salusti,
2054 2665 2372 2731 Fortunati,
2405 2664 2639 2719 duorum
2670 2664 3012 2722 Donatorum
3035 2708 3050 2733 ,
3077 2666 3269 2735 Primi,
3306 2668 3399 2724 In-

132 2752 263 2811 Gradi
285 2766 335 2814 et
353 2758 576 2815 Soteris
594 2757 876 2827 Virginis,
910 2757 1167 2825 Joannis,
1196 2756 1428 2812 Achillis
1458 2756 1688 2828 Moysei,
1795 2759 1953 2826 dicae,
1976 2757 2265 2828 Lugustae,
2296 2758 2547 2828 negatae,
2581 2758 2817 2814 Urbana:
2837 2802 2852 2827 ,
2882 2760 3167 2816 Romamn.
3199 2763 3257 2818 In
3291 2762 3402 2821 Ge-

134 2844 353 2922 Afroditi,
377 2865 508 2906 cum
546 2850 667 2906 aliis
699 2864 930 2906 numero
957 2850 1236 2921 quingenti
1268 2858 1535 2919 quatuor,
1555 2862 1688 2919 quo-
1796 2849 1950 2916 tulia,
1974 2850 2172 2905 natalis
2197 2860 2508 2906 sanctorum
2544 2849 2754 2921 Emeli,
2791 2852 2991 2924 Baseli,
3025 2853 3397 2930 Prattextattc,

133 2952 228 2995 rum
249 2942 467 2999 nomina
489 2943 632 3000 Deus
660 2943 787 3010 scit,
807 2942 1134 3011 Alexandri,
1161 2941 1417 3017 Moisitis,
1446 2940 1598 2998 Julii.
1633 2939 1691 2997 In
1800 2942 2040 3010 Basiliae,
2071 2942 2362 2998 Parthimi.

134 3030 301 3105 Alrica,
332 3037 613 3094 Prancati.
1870 3050 1965 3092 xm
2000 3035 2107 3091 kal.
2143 3032 2273 3091 Jun.
2293 3035 2355 3092 In
2381 3034 2596 3103 Africa,
2630 3037 2832 3096 natalis
2865 3048 3185 3097 sanctorum
3212 3042 3405 3100 Victo-

185 3142 236 3183 nt
255 3130 362 3186 idus
416 3130 573 3186 Maii.
625 3130 685 3187 In
727 3129 1058 3188 Alexandria
1082 3170 1099 3200 ,
1146 3130 1342 3188 natalis
1382 3140 1692 3188 sanctorum
1721 3162 1767 3228 Ο
1800 3128 1915 3197 riae,
1950 3127 2317 3197 Marcellosaz,
2343 3127 2534 3186 Salsae.
2565 3130 2775 3203 Romae,
2809 3133 2895 3188 via
2922 3133 3153 3204 Salaria,
3183 3135 3405 3193 Basilis-

136 3217 346 3279 Al‘rodisii
368 3264 385 3291 ,
420 3223 713 3294 Agrippae,
754 3223 974 3292 Savini,
1019 3224 1156 3280 Grill
1184 3269 1199 3293 ,
1232 3224 1423 3291 Lucii,
1451 3221 1694 3296 Cyrillae,
1727 3217 1767 3228 “”
1802 3241 1903 3294 sm,
1930 3226 2091 3282 Aurei
2112 3268 2128 3294 ,
2166 3225 2403 3295 Nustize,
2452 3225 2684 3283 Nemavi
2712 3271 2728 3298 ,
2763 3228 2992 3286 Baudeli
3022 3231 3301 3304 martyris.
3334 3232 3404 3290 Et

132 3310 348 3387 Cridulae,
376 3332 509 3374 cum
538 3317 661 3374 aliis
691 3318 925 3386 duobus,
954 3318 1162 3374 Juvini.
1190 3317 1436 3392 Trajeclo
1459 3328 1612 3390 porto
1642 3320 1699 3372 in
1800 3318 1933 3374 alibi
1964 3317 2161 3374 natalis
2190 3326 2503 3374 sanctorum
2538 3334 2948 3391 germanorum,
2974 3322 3247 3391 Cervasii,
3269 3323 3407 3382 Pro-

136 3404 298 3477 Goltia,
329 3412 592 3486 depositio
624 3414 791 3468 sancti
828 3412 1065 3468 Servacii
1103 3413 1330 3485 episcopi
1359 3423 1409 3468 et
1439 3413 1700 3484 confesso-
1800 3409 1948 3479 tasii,
1981 3418 2038 3466 et
2070 3408 2343 3481 depositio
2365 3409 2565 3465 Vellesi
2590 3419 2646 3466 et
2677 3410 2866 3468 Fausti
2899 3414 3305 3486 episcoporum.

134 3500 206 3556 ris.
231 3500 282 3560 In
320 3505 652 3575 Palestina,
696 3505 888 3563 Taraci
911 3548 929 3572 ,
974 3504 1173 3575 Probi,
1205 3514 1261 3563 et
1288 3505 1609 3562 Andronici.
1639 3503 1700 3561 In
1877 3520 1955 3560 xu
1976 3503 2083 3559 kal.
2120 3504 2251 3559 Jun.
2275 3505 2331 3559 In
2349 3504 3175 3578 Mauritania,Timothei,Poli,
3200 3511 3404 3586 Eutici,

134 3591 381 3667 Polentia,
438 3600 623 3672 passio
666 3601 843 3656 sancti
888 3598 1127 3656 Victoris
1182 3607 1243 3657 et
1286 3598 1590 3657 Saturnini.
1640 3600 1701 3657 In
1806 3596 2044 3653 diaconi.
2079 3597 2137 3652 In
2178 3596 2467 3653 Provincia
2511 3598 2787 3669 Caesaria,
2833 3599 3023 3672 Epoli,
3055 3603 3231 3660 Eutici
3259 3645 3276 3673 ,
3308 3604 3407 3661 Jo-

135 3686 457 3760 Alexandria,
484 3693 763 3766 Agrippae,
792 3694 966 3763 Veris,
992 3694 1206 3768 Cyrilli,
1234 3694 1438 3763 Savini,
1462 3695 1700 3762 Maximi,
1804 3690 1990 3745 cundi.
2048 3689 2105 3744 In
2161 3689 2345 3745 Africa
2372 3732 2387 3759 ,
2447 3691 2645 3746 natalis
2699 3701 3015 3748 sanctorum
3082 3694 3359 3754 Maurellaa
3385 3740 3405 3767 ,

134 3775 305 3840 (Σηᾶίιί
326 3826 345 3852 ,
376 3784 558 3857 Gagij,
592 3795 647 3843 et
678 3786 947 3858 depositio
986 3786 1295 3843 Sebastiani
1332 3787 1594 3857 episcopi.
1634 3784 1703 3842 In
1804 3780 2009 3851 Quinti,
2038 3781 2285 3849 Primuli,
2318 3781 2544 3851 Salusti,
2587 3781 2906 3853 Fortunati,
2935 3784 3182 3854 Nirillas,
3216 3787 3408 3845 Primi.

133 3872 306 3933 civitate
343 3880 685 3936 Autisiodero
712 3922 728 3949 ,
773 3880 1061 3953 depositio,
1114 3891 1163 3937 et
1213 3878 1495 3937 translatio
1536 3880 1705 3936 sancti
1804 3875 1865 3931 In
1892 3874 2130 3931 Caesaria
2162 3874 2551 3947 Cappadociae,
2579 3875 2880 3945 Polieucti,
2922 3877 3155 3947 Victuri,
3188 3880 3409 3951 Donati,

134 3963 444 4029 ΠαναιιὶΜὶ
471 3973 723 4046 episcopi.
1807 3969 2013 4039 Quinti.
2047 3971 2105 4027 In
2139 3970 2455 4038 Britannia,
2499 3971 2694 4027 natalis
2741 3971 3016 4029 Timothei
3061 3973 3298 4034 diaconi.
3346 3979 3415 4035 Et

192 4059 361 4121 Pridie
386 4065 513 4121 idus
558 4063 711 4119 Maii.
736 4063 796 4121 In
826 4064 983 4139 Syria
1011 4108 1027 4135 ,
1063 4065 1332 4134 Victoris,
1363 4073 1419 4123 et
1452 4062 1702 4135 Corona,
1809 4060 1938 4119 alibi
1966 4062 2204 4119 Matthaci
2236 4063 2488 4135 apostoli.
2517 4062 2577 4118 In
2600 4062 2824 4120 civitate
2844 4064 3215 4139 Autisiodero,
3242 4068 3414 4142 depo-

133 4154 209 4223 qui
234 4156 396 4215 simul
430 4158 578 4230 passi
602 4168 752 4214 sunt.
785 4158 843 4214 In
870 4159 1051 4216 Africa
1078 4158 1273 4216 natalis
1302 4159 1473 4215 sancti
1502 4158 1709 4215 Secun-
1808 4157 1935 4213 sitio
1966 4155 2110 4212 beati
2140 4154 2290 4211 Valis
2316 4155 2646 4227 presbyteri,
2677 4165 2732 4213 et
2761 4156 3119 4215 confessoris.

133 4243 275 4316 diani,
296 4250 520 4321 Quarti,
542 4249 866 4319 Victoriani,
901 4250 1169 4321 Januarii,
1202 4251 1443 4321 Medion,
1468 4252 1709 4308 Alexan-
1880 4266 1938 4306 xi
1976 4250 2082 4306 kal.
2124 4247 2255 4305 Jun.
2295 4248 2518 4319 Romae,
2548 4251 2746 4306 natalis
2783 4262 3099 4309 sanctorum
3143 4252 3416 4325 Faustini,

130 4336 220 4409 dri,
242 4341 554 4411 Afraniani,
583 4343 885 4414 Maximini,
930 4343 1172 4412 Proculi,
1205 4344 1475 4413 Audacti,
1524 4345 1709 4401 Adeo-
1811 4343 2126 4410 Timothei,
2158 4342 2419 4410 Venusti,
2465 4340 2637 4410 Casti,
2693 4342 2893 4412 Emili,
2956 4343 3141 4414 Gotti,
3195 4344 3417 4419 Rogati,

133 4427 249 4489 dati.
276 4434 336 4491 In
363 4436 522 4506 Asia,
555 4434 734 4492 sancti
763 4435 1063 4493 Maximini.
1092 4436 1422 4505 Mediolano,
1448 4436 1707 4503 Victoris,
1815 4435 2082 4503 Maxenti,
2114 4435 2337 4502 Felicis,
2376 4433 2657 4504 Januarii,
2692 4434 2970 4503 Concessi,
3004 4437 3210 4507 Albini,
3238 4438 3419 4512 Roga-

128 4521 373 4601 Timoris,
396 4530 627 4600 Felicis,
652 4530 888 4599 Rustici,
921 4539 977 4586 et
1003 4541 1313 4587 sanctorum
1344 4540 1710 4587 trecentorum
1738 4554 1794 4615 D
1820 4530 1975 4587 tiani.
2018 4530 2152 4586 item
2206 4527 2375 4588 Casti.
2422 4526 2554 4583 Item
2604 4528 2797 4585 Plassi.
2849 4530 2909 4586 In
2950 4532 3173 4589 Corsica
3215 4536 3417 4607 insula,

130 4628 348 4686 Quattuor
376 4628 718 4695 martyrum,
750 4621 841 4693 qui
885 4635 1010 4677 cum
1042 4621 1103 4679 S.
1130 4622 1358 4694 Cyriaco
1387 4622 1535 4693 passi
1564 4628 1711 4677 sunt.
1818 4622 2003 4692 passio
2060 4621 2118 4677 S.
2165 4618 2322 4676 Juliaa
2355 4620 2580 4691 virginis
2628 4626 2685 4675 et
2734 4623 3011 4693 martyris.
3081 4624 3137 4681 In
3182 4625 3421 4685 Caesaria

130 4711 381 4786 Arvernis,
416 4715 679 4771 dedicatio
704 4714 936 4771 ecclesia:
962 4712 1025 4770 S.
1057 4714 1338 4786 Agriculw.
1819 4714 2199 4787 Cappadociae,
2233 4713 2431 4769 natalis
2460 4712 2518 4770 S.
2556 4714 2809 4772 Poliocti.

190 4801 317 4863 Idus
357 4804 516 4863 Maii.
544 4806 603 4863 In
633 4806 881 4879 Syrmia,
931 4805 1317 4875 Timothei,et
1346 4804 1476 4861 alibi
1505 4813 1716 4877 septem
1892 4824 1926 4864 x
1964 4806 2071 4864 kal.
2116 4808 2247 4862 Jun.
2291 4806 2532 4878 Spanis,
2582 4808 2777 4865 natalis
2824 4818 3138 4867 sanctorum
3174 4813 3418 4886 Epictiti,

128 4892 397 4971 virginum
422 4945 437 4971 ,
491 4899 815 4965 Alexandri,
870 4899 1066 4971 Digni,
1118 4896 1296 4954 Chr...
1338 4897 1399 4954 In
1444 4897 1715 4969 Sardinia,
1820 4902 2066 4973 Aptonii,
2096 4901 2284 4957 Basilii
2315 4902 2580 4973 episcopi.
2623 4902 2758 4960 Item
2797 4904 3043 4976 Aptonii,
3079 4906 3329 4966 Jocundi.
3360 4912 3421 4968 In

132 4987 413 5064 Simplicii.
444 4992 507 5049 In
540 5004 701 5063 portu
725 4991 1010 5060 Romano,
1060 4991 1427 5060 Prmstahilis,
1462 4991 1717 5061 Victoris,
1821 4993 2026 5063 Africa,
2060 4993 2267 5063 Quinti,
2297 4994 2464 5063 Luci,
2499 5002 2556 5051 et
2581 4996 2765 5065 passio
2801 4998 2975 5054 sancti
3004 4998 3273 5057 Desiderii
3304 5004 3423 5074 epi-

126 5077 321 5155 Cyrici,
348 5084 499 5153 Jani,
526 5085 730 5141 Eracli.
763 5084 1085 5155 Mediolano,
1105 5084 1365 5141 Victoris.
1396 5084 1718 5155 Lampsaco,
1823 5086 1999 5156 scopi,
2033 5085 2252 5155 Juliani,
2275 5085 2497 5152 Felicis,
2539 5086 2830 5155 Montanae,
2854 5088 3147 5157 Januarize,
3178 5090 3419 5164 Emilize,

132 5175 304 5242 passio
340 5186 665 5234 sanctorum
710 5177 856 5233 Petri
894 5188 950 5233 et
980 5177 1215 5233 Andreas
1241 5222 1256 5247 ,
1289 5176 1477 5247 Pauli,
1508 5184 1565 5233 et
1596 5177 1722 5233 Dio-
1823 5179 2053 5249 Nonnte,
2086 5180 2418 5251 Alemeridi,
2449 5181 2571 5237 Asti
2598 5222 2613 5248 ,
2648 5181 2843 5237 Basilei
2873 5182 3149 5254 Episcopi,
3188 5186 3422 5263 Victuri,

128 5268 289 5342 mii,
321 5268 478 5327 Julii.
508 5271 894 5345 Augustiduno,
926 5271 1098 5327 Retici
1118 5270 1370 5343 episcopi.
1824 5272 2019 5344 Firmi,
2064 5274 2307 5331 Montani
2333 5315 2350 5343 ,
2379 5274 2605 5344 Iuliani,
2633 5276 2894 5333 Victurici
2920 5318 2936 5344 ,
2970 5277 3165 5349 Fideli,
3201 5281 3424 5358 Donati,

192 5375 305 5420 xm
328 5362 441 5421 kal.
462 5362 631 5419 Junii.
661 5362 719 5419 In
741 5363 950 5419 Isauria
972 5372 1283 5419 sanctorum
1306 5361 1570 5446 Aquilini,
1596 5362 1723 5420 Vic—
1825 5366 2014 5437 Nician,
2049 5368 2232 5424 Fausti
2259 5409 2275 5437 ,
2308 5368 2603 5436 Timothei,
2648 5368 2886 5436 Silvani,
2932 5368 3085 5428 Foci.
3126 5371 3195 5430 In
3225 5377 3431 5436 civitate

129 5453 364 5525 loriam,
399 5456 635 5515 Heraclii
665 5500 680 5527 ,
710 5457 952 5523 Paulini,
988 5456 1259 5513 Minermi.
1296 5455 1353 5511 In
1388 5456 1605 5512 civitate
1631 5456 1726 5512 Pi-
1830 5460 2179 5530 Autisiodero,
2207 5461 2459 5533 depositio
2486 5470 2535 5516 et
2561 5461 2834 5516 translatio
2856 5461 2920 5518 S.
2950 5462 3165 5521 Helena:
3188 5469 3426 5542 virginis.

125 5559 287 5616 ceno,
312 5550 569 5616 Ausomi,
594 5549 883 5615 Florentii,
909 5548 1723 5617 Diocletiani,Meminii,Justi.
1904 5570 1964 5611 rx
2006 5554 2109 5608 kal.
2148 5552 2279 5609 Jun.
2332 5556 2391 5610 In
2435 5553 2671 5622 Ilistria,
2721 5553 2918 5611 natalis
2971 5567 3283 5615 sanctorum
3329 5562 3432 5619 Ze-

128 5637 184 5697 in
214 5642 449 5701 civitate
497 5643 712 5715 Epheso
739 5686 753 5709 ,
807 5642 1085 5715 Mengenis
1110 5686 1125 5709 ,
1163 5642 1358 5699 Gaioni
1388 5688 1401 5713 ,
1431 5640 1633 5699 Juvini.
1666 5643 1726 5699 In
1838 5647 1993 5714 belli,
2028 5645 2248 5702 Scrvuli
2277 5689 2293 5714 ,
2326 5645 2649 5703 Secundini.
2682 5646 2739 5701 In
2790 5648 2970 5704 Africa
2994 5690 3008 5714 ,
3040 5649 3232 5705 natalis
3259 5656 3435 5711 sancti

129 5734 369 5792 civitate
387 5732 674 5799 Corthosa,
699 5734 995 5803 Viucentii,
1019 5732 1299 5803 Nideruni,
1320 5734 1525 5802 Ilereli,
1549 5735 1725 5804 Pauli,
1834 5739 2157 5807 Saturnini,
2186 5747 2243 5795 et
2282 5739 2514 5794 aliorum
2547 5754 2643 5794 sex
2673 5748 2999 5810 martyrum.
3030 5739 3086 5797 In
3130 5751 3285 5812 portu
3328 5746 3439 5803 Ro-

125 5821 352 5898 Mineri,
389 5828 587 5902 Aquili.
625 5828 763 5885 Item
796 5828 981 5896 Pauli,
1013 5828 1256 5903 Mouorgi
1276 5870 1293 5898 ,
1325 5828 1446 5888 Gai.
1477 5825 1539 5887 In
1569 5828 1672 5889 Aut

1887 5847 2017 5905 ano,
2052 5831 2250 5891 natalis
2275 5833 2447 5891 sancti
2477 5832 2774 5893 Vincentii.
2801 5833 2859 5891 In
2894 5835 3051 5909 Syria
3074 5877 3091 5905 ,
3121 5835 3297 5913 Zoeli,
3330 5842 3434 5903 Sa-

446 5921 727 5990 PATBOL.
772 5918 990 5985 XXX.
1064 5987 1076 6005 ἱ

3060 5927 3137 5991 15
