3918 6294
561 270 671 330 465

1603 265 1663 331 S.
1706 260 2089 325 mERONYMl
2128 254 2415 327 OPERUM
2451 260 2819 330 MANTISSA.

3689 276 3775 340 ιιι

640 391 773 449 Idus
799 388 928 447 Jun.
961 391 1020 448 In
1050 388 1254 459 Africa,
1280 386 1524 457 Luciani,
1554 388 1864 456 Fortunali,
1894 386 2245 451 Crescen-'A
2269 386 2393 444 aliis
2420 387 2605 460 viginti
2646 379 3552 461 duobus,'Augustiduno,'depositio
3577 389 3631 450 S.
3660 391 3776 452 Sim.

498 488 499 491 “
568 485 731 551 tiani,
757 492 813 541 et
836 483 1013 540 Teclae
1042 481 1292 555 virginis.
1326 480 1385 538 In
1426 481 1675 550 Persida,
1708 478 1912 537 natalis
1936 478 1994 535 S.
2026 478 2167 535 Bar-

570 577 845 635 tholomaei
868 574 1122 644 apostoli.
1146 574 1334 631 Romae
1356 573 1610 630 milliaria
1630 572 1886 645 septimo,
1912 568 2163 638 Feliculi,

567 669 830 737 Januarii,
862 668 1090 726 Silvani.

644 778 777 817 xvm
814 760 919 817 kal.
962 759 1158 815 Jutias.
1198 758 1260 815 In
1296 756 1451 832 papia
1492 757 1731 828 civitate,
1765 756 1964 812 natalis
1990 755 2166 812 sancti

571 854 851 927 Antigoni,
893 853 1031 910 Afri.
1076 852 1137 910 In
1173 854 1378 922 Africa,
1409 852 1714 922 Quintiani,
1745 850 2031 918 Theodoti,
2065 850 2168 907 Fe-

568 952 747 1021 stivm,
776 948 1148 1017 Cancianillaz,
1176 956 1233 1004 et
1269 946 1551 1004 Canciani.
1580 945 1639 1001 In
1671 946 1941 1018 Aquileia,
1972 944 2167 1000 natalis

564 1043 628 1100 S.
659 1042 832 1109 Proti,
863 1040 1116 1099 Jacincti.
1138 1040 1454 1098 Suessionis
1474 1040 1716 1107 civitate,
1740 1039 1924 1109 passio
1950 1046 2168 1094 sancto-

566 1152 687 1194 rum
715 1135 897 1192 Ruﬁni
927 1146 982 1191 et
1018 1134 1193 1192 Valeri
1226 1144 1549 1206 martyrum.
1584 1133 1651 1189 In
1686 1134 1889 1189 civitate
1922 1132 2166 1188 Aurelia-

566 1230 673 1296 nis,
700 1229 972 1284 translatio
995 1228 1228 1299 corporis
1254 1228 1316 1283 S.
1347 1227 1534 1282 Aniani
1557 1227 1804 1299 episcopi.

639 1337 751 1377 xvn
794 1320 899 1375 kal.
945 1318 1058 1374 Jul.
1101 1320 1160 1376 In
1207 1319 1525 1387 Dorostoro,
1567 1320 1763 1375 natalis
1792 1317 1963 1375 sancti
1993 1317 2165 1388 Ysici,

566 1416 793 1483 Felicis,
828 1414 987 1486 Lupi.
1015 1413 1073 1470 ln
1103 1413 1370 1485 Aquileia,
1404 1413 1678 1481 Cantiani,
1710 1413 1883 1480 Proti,
1916 1411 2167 1469 Clemen-

568 1510 661 1564 tis.
693 1508 750 1563 In
782 1506 1275 1577 Constantinopoli,
1312 1506 1509 1562 natalis
1540 1514 1853 1561 sanctorum
1881 1504 2036 1569 Nuci,
2065 1502 2167 1559 Mi-

563 1601 724 1670 getia:
746 1615 776 1656 e
796 1599 1037 1671 Mingini.
1062 1599 1119 1655 ln
1144 1599 1361 1654 civitate
1381 1597 1660 1667 Barbaria,
1687 1597 1903 1666 Gaiani,
1926 1594 2162 1664 Joviani,

564 1692 901 1764 Pbilippi.ln
931 1690 1191 1761 Lucania,
1215 1690 1350 1759 Viti,
1375 1688 1626 1757 Candidi,
1655 1688 2166 1755 Cantiani,Cantia—

2268 481 2415 553 plicii
2443 481 2693 555 episcopi.

2338 589 2413 630 vn
2433 574 2539 629 kat.
2560 572 2673 630 Jul.
2697 573 3101 644 Thessalonica,
3129 571 3388 642 Lanitani,
3407 573 3775 651 Thesanlonicai,

2268 667 2463 740 Bigati,
2494 683 2902 741 germanorum,
2930 666 3143 725 Luceiae
3166 667 3403 740 virginis,
3435 679 3487 727 et
3511 669 3780 731 Auceiare-

2266 762 2371 833 gis.
2395 761 2596 819 Eodem
2636 761 2727 818 die
2748 803 2764 831 ,
2786 760 2986 818 natalis
3007 760 3184 833 Vigilii
3204 761 3446 834 martyris
3462 803 3476 831 ,
3495 770 3547 820 et
3561 764 3779 823 sociorum

2268 868 2406 924 eius.

2338 961 2393 1001 vr
2431 946 2535 1001 kat.
2575 944 2689 1003 Jul.
2733 945 2944 1016 Romae,
2983 945 3231 1015 Joannis,
3261 954 3314 1003 et
3347 946 3512 1005 Pauli.
3539 947 3593 1005 In
3616 948 3779 1020 Alt-ica,

2268 1036 2595 1108 Gaudentii,
2652 1038 2870 1110 Felicis,
2917 1038 3160 1111 Agapiti,
3202 1038 3471 1096 Emerita.
3508 1038 3561 1098 In
3597 1041 3783 1099 Alexan-

2267 1130 2407 1201 dria,
2438 1131 2730 1203 Agathoni,
2767 1173 2781 1188 .
2818 1172 2833 1188 .
2870 1172 2884 1187 .
2922 1173 2938 1190 .
2968 1131 3121 1189 iceiaa
3145 1131 3384 1203 virginis,
3417 1139 3469 1189 et
3492 1130 3728 1205 Diogenis.

2338 1243 2373 1283 v
2413 1225 2521 1283 kat.
2561 1226 2677 1284 Jul.
2708 1228 2915 1296 Romae,
2954 1227 3207 1285 milliaria
3237 1242 3399 1295 nono,
3425 1224 3605 1299 Crispi,
3625 1225 3785 1298 Crispi-

2267 1319 2441 1388 niani,
2468 1319 2688 1387 Felicis,
2718 1319 3001 1391 Spinellm,
3028 1328 3085 1377 et
3118 1327 3323 1392 septem
3363 1334 3719 1391 germanorum.
3741 1320 3785 1375 In

2268 1413 2546 1484 HiSpania,
2589 1412 2921 1482 Crescentis,
2959 1411 3181 1482 Juliani,
3215 1452 3230 1470 .
3268 1454 3282 1469 .
3317 1453 3333 1470 .
3366 1413 3516 1480 inesi,
3542 1411 3785 1480 Primitivi,

2268 1508 2489 1576 Justini,
2513 1506 2759 1574 Tacthei,
2782 1508 3030 1579 Engenii,
3053 1506 3358 1577 Novatiani,
3380 1504 3666 1573 Clementis,
3682 1502 3788 1559 Mar-

2268 1601 2448 1657 cellini
2469 1641 2484 1667 ,
2517 1600 2745 1657 Zebdini
2766 1640 2782 1668 ,
2810 1599 3007 1657 Felicis
3028 1640 3044 1668 ,
3077 1600 3291 1656 Hinusti
3309 1641 3325 1666 ,
3351 1597 3553 1667 Zoenii,
3580 1594 3787 1663 Marcelli,

2266 1691 2493 1763 Italicae,
2524 1692 2689 1759 Lelii,
2717 1691 3017 1763 Capitonis,
3054 1731 3070 1747 .
3102 1729 3119 1747 .
3151 1730 3168 1759 ρ
3203 1731 3217 1747 .
3250 1691 3323 1747 ini
3354 1688 3581 1758 Tuechii,
3606 1686 3787 1745 Silvani.

561 1786 728 1852 nillm,
772 1784 943 1852 Proti,
985 1783 1224 1848 Grisoni,
1273 1783 1503 1851 Arteon,
1544 1781 1841 1848 Quintiani,
1869 1779 2159 1850 Theodoli,
2191 1783 2240 1844 B
2269 1784 2473 1841 Eodem
2503 1783 2615 1852 die,
2656 1783 2853 1840 natalis
2895 1792 3206 1841 sanctorum
3238 1790 3552 1856 martyrum,
3581 1780 3728 1848 Iusti,
3750 1785 3791 1835 et

559 1875 814 1944 Jocundi,
842 1875 1014 1932 Silvii.
1046 1874 1105 1929 ln
1142 1873 1405 1943 Lucania,
1446 1872 1643 1930 natalis
1684 1882 1996 1930 sanctorum
2026 1871 2160 1944 Viti,

562 1968 813 2037 Modesti,
848 1967 1199 2026 Crescentiae.

635 2077 728 2118 xvt
764 2060 871 2116 kal.
910 2057 1026 2115 Jul.
1057 2060 1117 2115 In
1145 2058 1350 2129 Africa,
1398 2058 1594 2114 natalis
1621 2067 1931 2115 sanctorum
1963 2059 2164 2132 Diogee

562 2153 670 2222 nis,
704 2153 875 2221 Micaa,
919 2151 1172 2220 Valeriae,
1216 2151 1443 2207 Martiae.
1483 2150 1542 2207 In
1573 2151 1756 2209 Sicilia
1784 2152 2034 2220 civitate,
2067 2154 2168 2211 Sa-

559 2247 785 2318 turnini,
815 2245 1039 2303 Cendei.
1086 2244 1145 2301 In
1182 2245 1495 2313 Antiochia,
1535 2246 1735 2318 Cyrici,
1778 2245 1939 2302 Julia:
1979 2246 2167 2303 matris

562 2342 704 2414 ejus,
736 2349 794 2398 et
822 2356 945 2397 cum
976 2341 1056 2396 eis
1086 2338 1609 2411 quadringentorum
1640 2350 1963 2411 martyrum.
1992 2337 2061 2395 In
2090 2340 2167 2394 ci-

559 2436 720 2490 vitate
758 2433 1053 2501 Namnetis,
1086 2430 1279 2486 natalis
1311 2432 1374 2489 S.
1407 2431 1695 2489 Similiani.

632 2544 702 2582 xv
724 2525 832 2580 kat.
855 2523 969 2580 Jul.
996 2526 1203 2593 Romm,
1228 2525 1487 2592 Quiriaci,
1513 2524 1702 2591 Blasti,
1727 2524 1999 2581 Nicandri.
2026 2524 2168 2582 Ene-

562 2620 849 2686 dorostoli,
871 2619 1018 2685 Isici,
1041 2619 1271 2689 Aquilae,
1291 2618 1471 2690 Canti,
1496 2618 1763 2687 Cantiani,
1789 2619 2162 2689 Cantianellaz,

567 2714 743 2771 Proti.
788 2712 1165 2780 Alexandriae,
1206 2710 1478 2781 Dioscori,
1519 2719 1573 2768 et
1615 2711 1807 2766 Marini
1838 2720 2165 2783 martyrum,

558 2804 751 2861 Roma:
784 2844 798 2858 .
843 2844 859 2860 .
906 2845 922 2860 .
968 2843 983 2858 .
1030 2843 1044 2857 .
1078 2803 1256 2874 ogeni,
1289 2803 1557 2874 Aquileia,
1587 2804 1784 2876 Cyriae,
1808 2804 2027 2868 Muscze,
2055 2804 2165 2859 Va-

559 2894 776 2962 leriani,
798 2892 1003 2951 Maria}.
1033 2892 1101 2949 In
1132 2894 1427 2950 Aurelianis
1454 2896 1679 2963 civitate,
1704 2896 1841 2950 Aviti
1862 2896 2165 2969 presbyteri.

633 3003 730 3045 xw
770 2986 876 3042 kal.
919 2985 1037 3041 Jul.
1084 2986 1145 3042 In
1184 2986 1396 3054 Alrica,
1434 2987 1662 3055 Martiae,
1703 2988 1900 3054 Emeli,
1944 2988 2163 3045 Felicis.

562 3081 775 3147 Romae,
808 3079 997 3145 Marci,
1044 3077 1397 3149 Marcelliani,
1428 3119 1442 3134 .
1479 3117 1494 3133 .
1530 3121 1543 3135 .
1582 3118 1597 3134 .
1634 3123 1649 3135 .
1684 3119 1698 3134 .
1725 3079 1901 3145 Pauli,
1929 3079 2164 3151 Cyriaci.

2278 1876 2581 1934 Clementis
2608 1886 2773 1946 atque
2808 1876 3088 1934 Octaviani
3120 1876 3406 1949 pontiﬁcis.
3438 1873 3692 1939 Ambianis,
3718 1870 3791 1926 In-

2264 1973 2433 2029 ventio
2458 1980 2752 2027 sanctorum
2782 1988 3057 2044 corporum
3096 1970 3380 2037 Fusciani,
3413 1967 3655 2039 Victorici,
3676 1974 3793 2037 atque

2268 2064 2512 2122 Gentiani
2538 2074 2850 2137 martyrum.
2881 2062 2983 2120 Oia
3008 2064 3209 2134 insula,
3240 2062 3506 2119 translatio
3530 2059 3725 2132 corporis
3742 2056 3789 2114 S.

2268 2159 2551 2216 Florentii.

2339 2266 2394 2307 ιν
2414 2250 2518 2307 kal.
2540 2250 2655 2307 Jul.
2682 2249 2741 2307 In
2766 2250 2971 2320 Africa,
2992 2248 3242 2320 Sabiani,
3266 2248 3479 2318 Felicis,
3502 2244 3690 2319 Elaphi,
3713 2244 3789 2301 Ve-

2270 2343 2438 2410 nusti,
2460 2343 3057 2413 Eunuclii,{Crescenti,
3087 2341 3407 2410 Alexandri,
3434 2339 3644 2407 Theoni,
3670 2335 3794 2393 Ario-

2260 2424 2389 2501 'nis,
2420 2435 2661 2504 Ploenis,
2691 2435 3226 2507 Astel'ri,?Apolloni,
3253 2432 3619 2506 Amphimonii,
3647 2428 3793 2486 Philo-

2268 2525 2388 2593 sisi,
2423 2526 2621 2595 Melvii,
2654 2527 2918 2600 Dionysii,
2955 2569 2969 2583 .
2993 2569 3007 2583 .
3031 2568 3044 2583 .
3068 2570 3081 2583 .
3114 2544 3278 2598 unus,
3310 2528 3540 2593 Pannus,
3568 2523 3789 2590 Plebicus,

2270 2617 2536 2683 Dioscori,
2568 2618 2811 2685 Tribani,
2842 2618 3157 2690 Capitulini,
3183 2619 3350 2689 Nicae,
3370 2616 3600 2676 Gurdini.
3628 2614 3677 2670 ιιι
3699 2612 3795 2668 Ale-

2268 2713 2840 2779 xandria,sanctorum
2868 2713 3079 2781 Sereni,
3102 2713 3394 2780 Theodori,
3421 2709 3635 2778 Pastusi,
3654 2704 3793 2771 Titiri,

2278 2806 2613 2879 Dionysinte,
2642 2805 2891 2873 Passimi,
2925 2806 3142 2874 Plesici,
3176 2846 3192 2860 .
3220 2845 3235 2863 .
3259 2845 3276 2862 .
3298 2812 3491 2871 .'ast:e,
3520 2798 3796 2864 Ambeniari,

2270 2898 2512 2955 Dioscori
2532 2944 2547 2969 ,
2575 2898 2741 2954 Orion
2759 2940 2773 2966 ,
2804 2897 3018 2954 Treban
3040 2942 3056 2969 ,
3087 2897 3360 2969 Captulini
3379 2938 3394 2964 ,
3426 2895 3598 2963 Orion,
3624 2888 3793 2953 Seueri,

2266 2989 2503 3048 Plutarci
2525 3033 2539 3059 ,
2584 2991 2817 3048 Herenei
2863 2989 3136 3061 episcopi,
3168 2989 3381 3047 Heracli
3401 3031 3417 3055 ,
3449 2986 3653 3053 Heroti,
3674 2982 3796 3039 Pota-

2269 3086 2439 3155 mini,
2484 3085 2756 3153 Marcelli,
2797 3084 3045 3151 Basilidi,
3085 3082 3338 3151 Leonidi,
3382 3081 3643 3149 Pamboni,
3680 3075 3796 3141 Orio,

561 3174 846 3242 Ravenna,
872 3173 1065 3229 natalis
1090 3179 1400 3228 sanctorum
1423 3172 1939 3242 Martheri,Felicis,
1966 3173 2163 3251 Emeli,
2194 3161 2241 3227 C
2273 3177 2543 3233 Panuberi
2564 3219 2579 3245 ,
2608 3177 2824 3244 'l‘ilinae,
2865 3176 3148 3245 Nonnicae,
3184 3176 3384 3246 Sinidi,
3427 3173 3664 3239 Memmii,
3699 3167 3796 3225 Iuli.

561 3266 819 3337 Crispini.
874 3265 934 3323 In
988 3263 1350 3333 Alexandria,
1410 3264 1605 3321 natalis
1661 3273 1863 3322 sancta)
1920 3266 2162 3337 Marinae,

564 3361 801 3417 Theoni.

634 3468 732 3509 xm
758 3453 864 3508 kal.
897 3452 1010 3508 Jul.
1044 3451 1103 3508 In
1136 3452 1445 3509 Mediolano
1465 3452 1705 3521 civitate,
1731 3454 1926 3510 natalis
1947 3462 2164 3511 sancto-

565 3561 688 3602 rum
715 3543 950 3613 Nazarii,
982 3543 1250 3613 Gervasii,
1288 3543 1520 3611 Protasi,
1563 3552 1618 3601 et
1646 3543 1788 3600 Celsi
1818 3545 1991 3615 pueri,
2024 3560 2168 3600 mar-

568 3647 774 3711 tyrum,
805 3636 994 3692 Romae
1016 3636 1313 3711 Hippolyti,
1337 3636 1586 3706 Honorii,
1610 3638 1785 3705 Evoli,
1809 3638 1977 3707 Petri,
2005 3637 2166 3694 Vale-

565 3733 686 3801 riae,
717 3730 980 3797 Marcelli,
1023 3730 1233 3799 Vitalis,
1268 3730 1521 3788 Ursicini.

637 3839 715 3880 xu
752 3822 858 3879 kal.
896 3822 1008 3878 Jul.
1054 3822 1114 3879 In
1151 3824 1338 3880 Tomis
1381 3824 1631 3897 civitate,
1678 3827 1867 3896 Pauli,
1914 3826 2164 3900 Cyriaci,

563 3914 776 3982 Paulae,
819 3913 1101 3971 Feliciani.
1146 3914 1401 3985 Thomte,
1443 3917 1671 3986 Felicis,
1710 3918 1909 3990 Emeli,
1950 3920 2164 3989 Vitalis,

564 4008 825 4081 Crispini,
860 4008 1156 4082 Martyrize.

636 4117 697 4157 ιι
727 4099 833 4155 kal.
861 4099 974 4155 Jul.
1009 4100 1313 4171 Saturnini,
1348 4103 1610 4172 Quiriaci,
1651 4105 2005 4175 Apollinaris,
2039 4105 2167 4162 Bel-

562 4195 677 4263 lici,
717 4236 731 4250 .
767 4232 783 4250 .
817 4234 834 4249 .
871 4233 885 4248 .
915 4193 1144 4258 Crisini,
1179 4194 1366 4249 Primi.
1398 4194 1692 4253 Ianuariae.
1725 4196 1783 4253 In
1811 4196 2025 4265 Sicilia,
2058 4196 2171 4255 Ru-

567 4288 683 4356 ﬁni,
733 4294 789 4344 et
831 4286 1059 4343 Martiae.
1101 4287 1159 4342 in
1192 4287 1431 4343 Caesaria
1474 4290 1860 4361 Cappadociae,
1899 4291 2170 4364 depositio

570 4380 746 4435 sancti
786 4378 1011 4435 Eusebii
1054 4380 1319 4451 episcOpi,
1354 4379 1639 4451 Hipericli,
1680 4382 2009 4455 Saturninos,
2042 4384 2169 4442 Stu-

565 4473 676 4542 tiaz,
708 4471 924 4529 Inerite.

2268 3268 2533 3339 Lugduno
2577 3268 2766 3325 Gallias
2787 3311 2802 3336 ,
2835 3269 3065 3326 llerenei
3104 3270 3384 3341 episcopi,
3425 3283 3541 3324 cum
3575 3264 3679 3321 aliis
3707 3275 3796 3328 sex,

2268 3360 2565 3430 Leonidis,
2614 3361 2886 3430 Plutarci,
2933 3361 3162 3431 Sereni,
3203 3361 3557 3430 Pontaminae,
3588 3352 3795 3415 Marcelli.

2269 3454 2471 3519 Romae,
2504 3452 2691 3509 Leonis
2724 3470 2897 3525 papa).
3716 3514 3730 3521 _

2340 3564 2401 3603 ιιι
2433 3546 2539 3601 kat.
2580 3545 2696 3602 Jul.
2727 3546 2918 3605 Romae
2943 3588 2958 3615 ,
2997 3547 3197 3605 natalis
3240 3553 3546 3605 sanctorum
3577 3540 3732 3607 Petri,
3760 3542 3800 3591 et

2269 3639 2420 3697 Pauli
2461 3642 2869 3712 apostolorum,
2910 3649 2965 3697 et
3004 3642 3240 3699 aliorum
3283 3646 3656 3712 nongentorum
3684 3638 3799 3688 octo-

2267 3734 2416 3805 ginta
2460 3743 2516 3790 et
2548 3743 2759 3806 septem
2800 3742 3121 3807 martyrum.
3152 3733 3226 3790 Et
3266 3730 3527 3791 dedicatio
3552 3718 3799 3799 baptisterii

2270 3827 2501 3898 antiqui.

2341 3922 2525 3979 Pridie
2565 3922 2671 3978 Ital.
2718 3921 2834 3980 Jul.
2874 3922 3088 3991 Romus,
3120 3921 3316 3979 natalis
3344 3929 3637 3978 sanctorum
3660 3909 3801 3968 Timo-

2268 4016 2404 4085 thei,
2440 4015 2627 4084 ltaliaz,
2656 4015 2856 4083 Gelati,
2890 4015 3030 4083 Zoil,
3055 4014 3279 4082 Italicm,
3303 4011 3508 4071 Cursici
3530 3997 3800 4080 presbyteri.

2270 4108 2469 4166 Leonis
2494 4108 2832 4165 subdiaconi.
2864 4109 2921 4164 ln
2948 4108 3277 4179 Agrippina,
3303 4104 3530 4171 Asclivi,
3549 4090 3798 4170 Pamphilii,

2269 4200 2610 4271 Lemovicas,
2638 4200 2912 4273 depositio
2942 4200 3001 4259 S.
3031 4199 3301 4257 Martialis
3323 4194 3580 4272 episcopi.

2798 4360 3045 4419 MENSIS
3097 4357 3340 4417 JULIUS

2809 4477 2984 4535 liabet
3021 4477 3139 4533 dies
3177 4492 3330 4532 χχιιι.

568 4589 579 4596 -
644 4580 678 4619 x
707 4563 813 4618 kal.
844 4562 956 4621 Jul.
985 4566 1044 4621 In
1075 4565 1382 4635 Antiochia,
1405 4578 1715 4627 sanctorum
1742 4571 2046 4641 Gandalici,
2070 4574 2162 4633 Ju.
2190 4553 2247 4618 Ῑ)
2342 4589 2474 4649 Καί,
2510 4592 2625 4649 In].
2667 4593 2881 4650 Litania
2922 4592 3197 4649 indicitur,
3242 4591 3300 4646 ιη
3341 4578 3655 4649 Nicomedia,
3688 4572 3800 4633 Zoeli

568 4657 720 4726 liani,
764 4656 954 4729 Grapi,
983 4670 1037 4715 et
1074 4670 1386 4718 sanctorum
1422 4672 1721 4738 martyrum
1764 4677 2163 4740 nongentorum

566 4749 861 4815 tredecim;
894 4763 1122 4821 quorum
1153 4756 1372 4810 nomina
1405 4756 1672 4813 habentur
1701 4760 1754 4814 in
1778 4760 1916 4816 libro
1936 4761 2081 4817 vitm.
2107 4763 2165 4819 In

566 4840 815 4910 Persida,
845 4844 1041 4901 natalis
1069 4846 1127 4902 S.
1159 4845 1348 4903 Jacobi
1374 4848 1527 4906 Alitei
1559 4852 1810 4922 apostoli.
1835 4852 1894 4909 In
1924 4855 2164 4913 Alexan-

569 4938 709 5004 dria,
744 4938 938 4993 natalis
968 4939 1026 4995 S.
1073 4940 1194 4996 Rufi
1225 4946 1499 5015 martyris.
1538 4946 1597 5003 In
1637 4947 1937 5020 Britannia,
1968 4953 2161 5010 Albani

568 5033 849 5104 martyris,
878 5048 999 5088 cum
1030 5034 1121 5088 alii
1151 5038 1441 5107 nongentis
1472 5045 1807 5114 septuaginta
1838 5054 1891 5102 et
1914 5056 2055 5103 octo.
2092 5046 2161 5103 In

563 5121 707 5179 Nola
744 5127 968 5193 civitate,
1012 5127 1201 5183 natalis
1247 5129 1311 5186 S.
1360 5130 1571 5187 Paulini
1604 5136 1833 5209 episc0pi
1867 5148 1913 5192 et
1955 5141 2159 5212 confes-

553 5216 710 5270 soris.
736 5216 805 5271 Et
830 5218 956 5274 alibi
986 5218 1239 5290 depositio
1263 5233 1458 5280 sancta:
1481 5228 1745 5284 memoria:
1770 5228 1945 5287 Niceti
1971 5231 2151 5305 Episc.

631 5324 686 5363 1x
714 5307 818 5363 kal.
859 5309 975 5366 Jul.
1004 5311 1062 5368 In
1089 5312 1424 5385 Nicomedia,
1456 5319 1624 5388 Aviti,
1654 5319 1921 5393 Cinzami,
1951 5325 2149 5383 Lecto-

552 5401 654 5467 ris,
694 5401 989 5472 Aritionis,
1042 5406 1302 5477 Amirati,
1350 5409 1511 5483 Alici,
1560 5413 1876 5486 Capitonis,
1916 5427 1972 5475 et
2016 5420 2151 5477 alio-

551 5508 670 5550 rum
703 5535 717 5548 .
756 5534 772 5549 .
810 5534 821 5547 .
859 5536 874 5551 .
907 5511 1097 5554 XXVIII.

626 5602 725 5643 vm
762 5586 868 5642 kat.
908 5587 1022 5645 Jul.
1066 5591 1124 5648 In
1165 5594 1448 5653 Provincia
1493 5598 1805 5672 Palmstina,
1850 5604 2055 5661 natalis
2087 5604 2147 5663 S.

543 5678 769 5737 Joannis
797 5681 1053 5753 Baptistae
1081 5695 1136 5742 et
1164 5686 1474 5761 Prophetaa.
1510 5690 1567 5747 In
1607 5696 1844 5767 Epheso,
1876 5699 1933 5757 S.
1977 5702 2142 5759 Joan-

535 5775 622 5830 nis
647 5778 885 5848 apostoli
914 5780 1285 5854 evangelistve.
1320 5784 1529 5859 Romae,
1562 5788 1733 5863 Festi,
1764 5792 1977 5853 Luccia:
2009 5813 2132 5857 cum

2269 4687 2545 4758 martyris.
2587 4685 2799 4741 Romae.
2840 4684 2960 4742 Caii
3002 4698 3177 4755 papae,
3217 4692 3274 4739 et
3318 4680 3510 4737 natalis
3545 4679 3801 4758 sanctorum

2269 4756 2486 4837 Luceia:
2515 4778 2764 4852 virginis,
2795 4786 2851 4835 et
2880 4776 3097 4833 Auceine
3127 4777 3294 4847 regis,
3328 4791 3448 4832 cum
3479 4772 3591 4827 aliis
3615 4773 3735 4822 octo.
3760 4756 3803 4813 In

2267 4874 2459 4931 eadem
2504 4876 2638 4932 urbe
2679 4872 2821 4930 Esici
2842 4914 2857 4941 ,
2904 4870 3149 4927 Processi
3179 4914 3194 4940 ,
3226 4870 3448 4925 Marinze
3469 4909 3483 4935 ,
3511 4859 3707 4924 Antoni.
3727 4853 3801 4910 δε·

2267 4968 2411 5035 reni,
2441 4966 2693 5024 Victoris.
2724 4966 2785 5021 In
2812 4964 3224 5035 Mesopotamia,
3249 4961 3401 5019 Zoeli
3427 4974 3547 5016 cum
3575 4953 3680 5010 aliis
3695 4956 3800 5003 sex:

2272 5059 2442 5116 Orion
2473 5075 2594 5116 cum
2629 5058 2753 5114 aliis
2782 5067 2927 5114 octo.
2960 5057 3031 5113 Et
3060 5056 3288 5112 aliorum
3315 5055 3652 5111 ducentorum
3676 5053 3801 5099 sexa-

2266 5153 2413 5223 ginta
2444 5161 2589 5208 octo.
2629 5148 2687 5206 In
2719 5148 3025 5217 Antiochia,
3070 5147 3374 5213 Severiani,
3400 5144 3545 5220 .Zeli,
3577 5134 3731 5209 EpaSi-
3758 5127 3800 5223 in

2265 5221 2452 5302 monte
2499 5244 2603 5315 Or,
2650 5243 2922 5315 depositio
2951 5244 3133 5299 Aaron
3164 5240 3455 5313 pontiﬁcis.
3487 5238 3547 5292 Et
3577 5221 3800 5322 depositi?

2260 5336 2456 5404 Primi,
2488 5336 2639 5393 ldoni
2665 5351 2788 5392 cum
2814 5335 2957 5391 aliis.
2990 5332 3394 5405 Angustiduno,
3419 5323 3668 5399 depositio
3691 5319 3800 5374 beati

2261 5428 2477 5487 Leontii
2516 5430 2775 5501 episcopi.
2807 5428 2866 5486 In
2911 5428 3150 5496 Persida,
3183 5426 3362 5499 passio
3390 5428 3678 5480 sanctorum
3701 5420 3801 5481 ³Ρο-

2264 5522 2534 5576 stolorum
2581 5521 2820 5578 Simonis
2863 5519 3176 5587 Chanancei,
3207 5526 3260 5574 et
3286 5515 3437 5572 Judre
3464 5510 3669 5574 Zelotis,
3691 5502 3801 5574 £90-

2261 5614 2416 5671 lisma
2454 5615 2682 5682 civitate,
2721 5615 2973 5687 depositio
3010 5614 3146 5669 beati
3181 5611 3377 5685 Eparci
3413 5602 3643 5681 episwpi.
3678 5594 3801 5687 Citio:

2258 5712 2500 5766 mannico
2532 5711 2746 5765 Anisola
2782 5682 3118 5781 monasterio,
3159 5682 3407 5779 depositio
3439 5702 3499 5761 S.
3528 5698 3593 5756 Ρ.
3616 5682 3801 5754 Καιὶιεβ

2255 5805 2547 5880 presbyteri
2578 5813 2624 5862 et
2654 5804 2985 5877 confessoris.
