3918 6294
145 294 245 371 465

1213 313 1780 376 VETUSTISSIMUM
1817 313 2343 379 KALENDARIUM.

3314 329 3423 387 466

208 445 255 489 vi
296 446 452 489 nonas
484 430 683 490 Julius.
726 432 935 503 Romae,
966 431 1209 502 Damasi,
1239 441 1293 491 et
1318 434 1549 489 militum
1576 433 1714 489 duo-
1743 433 1962 502 Asoni,
2004 434 2250 504 Eustasi,
2297 434 2504 505 Actavi,
2550 435 2807 506 Aniceti,
2845 438 3141 508 Theodori,
3183 440 3411 512 Christi,

144 538 273 592 rum,
301 524 566 593 Processi,
597 526 932 593 Martiniani,
958 525 1184 583 Calesti.
1216 526 1283 582 Et
1313 527 1490 582 natale
1517 525 1714 582 Eutici.

145 619 205 675 Et
228 619 481 693 depositio
506 620 776 678 Meltiadis
798 636 975 693 papae,
1001 619 1189 676 llisici.
1213 620 1444 686 Amidae,
1468 620 1718 691 Amigra—

140 712 287 783 dium,
316 714 482 784 Arixi,
510 712 953 773 Jocundianillze.
976 712 1214 771 Turonis
1238 712 1479 785 civitate,
1509 720 1715 770 sancta:

140 802 487 875 Honegundte.

197 910 228 951 ν
263 911 380 951 non.
413 894 530 953 Jul.
574 893 635 952 In
684 895 892 954 Edessa
935 894 1376 967 Mesopotamiae,
1420 893 1619 951 natalis
1659 903 1715 951 et

140 986 397 1046 translatio
437 989 689 1059 corporis
730 988 791 1048 S.
834 988 1058 1045 Thomas
1099 989 1357 1059 apostoli,
1400 988 1491 1059 qui
1522 1002 1713 1059 passus

140 1090 210 1137 est
231 1082 281 1137 in
306 1081 475 1138 India.
510 1082 570 1138 In
597 1082 950 1149 Alexandria,
991 1081 1306 1153 Triphonis,
1334 1082 1584 1147 Menelai,
1618 1080 1710 1137 Ci-

138 1172 317 1243 rionis',
346 1172 557 1246 Cyrilli,
592 1214 606 1227 .
641 1214 656 1228 .
693 1214 708 1228 .
745 1213 756 1225 .
787 1173 1038 1241 forleris,
1068 1174 1251 1245 Aprici
1274 1217 1288 1243 ,
1320 1174 1452 1241 Juli,
1481 1174 1706 1241 Christi,

136 1260 312 1318 Juliani
335 1305 350 1329 ,
376 1264 648 1331 Ilecracli,
680 1264 894 1337 Eologi,
926 1264 1261 1333 Emerionis,
1291 1266 1561 1337 Cyrionis,
1593 1265 1707 1320 Ilo-

133 1354 293 1411 restis.
320 1354 374 1411 In
403 1355 603 1423 Tarso,
628 1355 841 1423 Severi,
876 1356 1142 1425 Helionis,
1174 1356 1408 1423 Stracei,
1439 1356 1706 1424 Montani,

132 1446 350 1516 Adriani,
380 1487 395 1501 .
416 1487 429 1500 .
448 1487 464 1502 .
484 1448 608 1516 sici,
633 1446 914 1516 Germani,
938 1446 1216 1517 Partheni,
1244 1446 1416 1503 Pauli.
1441 1444 1709 1504 Constan-

134 1540 329 1612 tinopoli
348 1581 363 1606 ,
390 1540 655 1597 Eufemia:
674 1581 690 1606 ,
725 1542 920 1609 Aeaci,
949 1540 1263 1610 Ammonis,
1293 1540 1518 1596 Thomas
1537 1582 1553 1609 ,
1585 1540 1708 1596 Tri-

131 1650 241 1705 pou,
264 1634 511 1701 Menelai,
539 1633 791 1702 Cerialis,
828 1634 1089 1703 Baraclm,
1122 1620 1334 1704 ’Eologi,
1358 1632 1588 1701 Cionice,
1613 1632 1707 1689 Ju-

131 1726 263 1793 liani,
303 1727 567 1797 Demetri,
608 1722 879 1797 liorestis,
921 1726 1227 1794 lleliodori,
1268 1727 1525 1798 Strategi,
1556 1725 1706 1782 Ami-

1817 526 2068 595 Candidi,
2108 528 2393 599 Gorgonii,
2434 530 2671 599 Arcelai,
2710 531 2921 604 Cyrini,
2962 532 3266 600 Eufrodisi,
3310 534 3417 592 Ge-

1817 618 1948 687 lani,
1970 618 2178 687 Autici,
2211 620 2380 689 Azeli,
2410 619 2655 690 Attenei,
2685 622 2841 696 Gagi,
2870 624 3127 693 Sisionaz,
3154 624 3418 695 Auxenti,

1816 709 2111 779 Valentini,
2143 710 2375 779 Droditi,
2402 711 2674 785 Faustasi,
2699 714 2906 782 Aureli,
2933 715 3287 788 Gorgodiani,
3310 717 3416 790 Cy-

1815 803 1956 870 rion,
1985 803 2189 874 Coroli,
2222 803 2455 874 Nostini,
2488 807 2741 876 Sisinnae,
2770 807 3027 876 Castrini,
3053 812 3327 882 Apolloni.
3356 813 3417 869 In

1814 896 2123 966 Antiochia,
2157 898 2399 966 Maximi,
2429 900 2662 972 Rodogi,
2686 900 2949 973 Vironici,
2976 904 3281 972 Domninae,
3305 907 3415 964 Ma-

1813 989 2012 1057 ximte,
2042 990 2301 1062 Diogenis
2320 1034 2335 1059 ,
2366 992 2631 1063 Machari,
2660 993 2956 1065 Timothei,
2984 996 3235 1067 Zorchei,
3267 999 3419 1068 lsici,

1812 1080 2037 1139 Moenis.
2073 1084 2131 1139 ln
2166 1084 2371 1153 Africa,
2402 1095 2717 1143 sanctorum
2748 1086 3013 1153 Januarii,
3044 1088 3285 1158 Marinre,
3308 1090 3416 1145 Na-

1812 1173 1982 1244 horis,
2012 1185 2063 1231 et
2090 1175 2307 1232 Felicis.
2345 1177 2414 1232 Et
2443 1178 2594 1247 alibi,
2627 1178 2857 1233 militum
2884 1179 3193 1237 duodecim.
3227 1181 3283 1236 ln
3312 1183 3416 1237 Ar-

1811 1266 2013 1333 menia,
2038 1267 2259 1323 civitate
2279 1267 2546 1338 Nicopoli,
2568 1268 2825 1337 Milionis,
2848 1269 3145 1339 Diomedis,
3164 1272 3413 1340 Antonii,

1810 1355 2006 1413 Anitici
2030 1403 2044 1428 ,
2076 1358 2374 1429 Theodoli,
2403 1359 2555 1416 Cessi
2574 1402 2589 1428 ,
2618 1359 2809 1418 Gaiani
2828 1405 2843 1433 ,
2878 1362 3109 1433 Clerici,
3139 1362 3371 1422 Sisiunte
3390 1406 3407 1434 ,

1808 1446 2061 1519 Nigdoni,
2093 1450 2385 1520 Theodoti,
2415 1450 2627 1523 Cyrilli.

1882 1560 1916 1599 v
1944 1544 2064 1600 idus
2108 1543 2222 1599 Jul.
2267 1545 2325 1600 In
2357 1544 2540 1602 Africa
2563 1588 2577 1613 ,
2612 1547 2838 1603 Mariani
2867 1590 2881 1614 ,
2912 1557 2967 1605 et
2998 1549 3283 1621 Januarii,
3312 1550 3414 1608 Ju-

1810 1633 1963 1690 liani.
1988 1636 2046 1690 In
2080 1637 2361 1705 Armenia,
2390 1637 2611 1693 civitate
2640 1637 2918 1710 Nicopoli,
2951 1639 3223 1707 Januarii,
3260 1641 3418 1698 Pela-

1808 1727 1930 1798 εἷκε.
1980 1727 2191 1794 Romae,
2235 1735 2549 1783 sanctorum
2584 1728 2883 1800 Stephani,
2918 1732 3163 1799 Leontii,
3210 1734 3412 1789 Mauri-

132 1819 251 1887 nidi,
279 1819 542 1889 Jocundi,
576 1821 802 1893 Martyri
827 1862 843 1890 ,
874 1821 1055 1878 Ammi
1076 1865 1091 1892 ,
1123 1820 1376 1892 Sustrati,
1410 1820 1701 1890 Timothei,
1734 1823 1783 1883 Β
1810 1820 1902 1887 cii,
1954 1820 2167 1885 Domni,
2203 1821 2493 1888 Militonis,
2524 1821 2796 1890 Achillei,
2824 1825 3031 1881 Danilae
3052 1871 3067 1895 ,
3094 1826 3407 1896 Diomedis,

134 1914 344 1987 Cbionii,
374 1916 621 1989 Cyriani.

190 2024 235 2065 tv
262 2025 381 2065 non.
411 2008 527 2064 Jul.
566 2008 620 2064 lu
649 2008 855 2074 Africa,
887 2007 1211 2064 Jocundiani
1238 2008 1293 2063 in
1322 2008 1492 2063 altum
1524 2008 1699 2074 missi,

129 2108 174 2155 et
195 2101 454 2173 martyris.
481 2101 538 2155 In
562 2100 795 2173 Syrmia,
820 2100 1078 2166 Sabatina,
1103 2099 1403 2156 lnnocentii
1427 2116 1549 2155 cum
1577 2101 1700 2158 aliis

128 2207 218 2247 nx.
251 2190 314 2247 In
340 2191 520 2249 Gallia
544 2192 785 2259 Turonis,
811 2192 1070 2248 ordinatio
1096 2194 1440 2265 episCOpatus,
1466 2191 1699 2263 etltrans-

128 2284 226 2340 latio
259 2286 490 2357 corporis
533 2284 599 2343 S.
646 2284 863 2340 Martini
890 2287 1052 2356 episc.
1094 2293 1141 2339 et
1181 2285 1320 2355 conf.
1365 2294 1413 2339 el
1442 2284 1697 2341 dedicatio

130 2379 324 2436 basilica
346 2381 536 2450 ipsius.
566 2379 838 2449 Beturino,
868 2380 1062 2436 natalis
1098 2381 1263 2436 sancti
1288 2378 1546 2436 Lauriani
1574 2381 1682 2453 epi-

132 2474 245 2543 scopi
278 2483 325 2528 et
354 2474 687 2545 confessoris.

182 2581 230 2623 tu
252 2583 371 2622 non.
400 2567 521 2624 Jul.
564 2567 622 2623 In
652 2566 835 2625 Sicilia
859 2609 876 2636 ,
904 2566 1157 2641 Agatoni,
1186 2564 1502 2639 Triphonis,
1526 2565 1688 2623 Justi.

125 2654 179 2710 Et
194 2655 240 2711 in
259 2658 467 2727 Tomis,
488 2656 784 2725 Stratonis,
806 2658 1097 2724 Theodoti,
1125 2658 1378 2727 Meronaz,
1411 2658 1672 2724 Rodeliae,

127 2747 341 2821 Secundi,
364 2751 584 2819 Thomi,
608 2751 853 2821 Magrini.
882 2752 1015 2809 ltem
1044 2752 1332 2809 Theodoti.
1356 2752 1419 2809 In
1445 2752 1683 2809 Alexan-

125 2841 241 2910 dria,
268 2845 468 2902 natalis
493 2845 553 2901 S.
587 2844 807 2915 Arpotis
837 2844 1193 2902 confessoris.
1557 2844 1561 2849 ’

183 2935 348 2994 Pridie
374 2955 501 2994 non.
532 2938 642 2996 Jul.
676 2940 732 2995 In
772 2939 1117 3009 Alexandria,
1150 2940 1357 3007 Artoti,
1389 2938 1530 3007 Zeti,
1570 2939 1693 2996 Pal-

130 3028 224 3097 lati,
250 3031 504 3103 Philippi,
534 3032 752 3100 Severi,
779 3031 1001 3089 Juliani.
1034 3032 1093 3087 In
1130 3031 1342 3105 Syrica,
1370 3031 1686 3102 Neveduno,

126 3119 279 3188 Zotici.
304 3123 567 3190 Amaudi,
596 3123 831 3180 Artetis.
860 3124 1259 3194 Augustiduno,
1290 3124 1562 3194 depositio
1582 3123 1688 3178 Le-

1805 1912 1980 1983 Cyrici
2009 1953 2022 1976 ,
2070 1913 2310 1981 Antoni,
2364 1912 2553 1979 Jason,
2589 1913 2818 1970 Joannis
2844 1957 2859 1981 ,
2911 1916 3152 1983 EUSlaSi,
3183 1918 3412 1986 Octavi,

1802 2002 2063 2059 Emiliani
2089 2046 2104 2070 ,
2137 2003 2340 2059 Sisinni
2369 2047 2383 2071 ,
2432 2003 2625 2071 Anici,
2656 2004 2921 2062 Theodoli
2942 2049 2956 2076 ,
2988 2006 3172 2073 Cessi,
3204 2006 3411 2063 Candi-

1801 2098 1969 2155 diani.
2022 2097 2153 2153 Item
2200 2096 2481 2164 Archelai,
2529 2097 2824 2168 Gurgonii,
2879 2098 3097 2171 Cyrini,
3134 2101 3409 2170 Alrodisi,

1802 2190 1993 2248 Gaiani
2018 2235 2031 2259 ,
2063 2190 2290 2257 Clerici,
2320 2191 2525 2246 Antoni
2547 2232 2561 2257 ,
2602 2189 2733 2261 Gagi
2754 2233 2770 2259 ,
2797 2193 3066 2261 Auxenti,
3097 2193 3396 2267 Valentini,

1801 2282 1996 2351 Flavii,
2043 2283 2294 2352 Nicaoni,
2329 2283 2629 2354 Theodori,
2680 2284 2948 2353 Faustasi,
2995 2288 3216 2357 Aureli,
3261 2289 3406 2345 Cor-

1799 2376 1974 2443 diani,
2001 2373 2249 2447 Cyrioni,
2282 2374 2495 2448 Cyrilli,
2525 2375 2724 2442 Castri,
2760 2376 2974 2445 Sancti,
3006 2379 3267 2449 Eutichii,
3299 2380 3409 2437 Ma-

1794 2468 1925 2539 juli,
1957 2468 2134 2526 Silvii.
2168 2469 2225 2524 ln
2268 2468 2487 2540 Syrmia
2511 2509 2528 2537 ,
2560 2470 2735 2525 sancti
2765 2469 3035 2527 Martiani.
3072 2471 3365 2529 Antiochia
3388 2514 3405 2541 ,

1798 2565 2069 2630 Prodixaa,
2100 2564 2410 2629 Veronicae,
2441 2565 2740 2636 Speciosm.
2775 2564 2834 2621 In
2866 2566 3186 2623 Mauritania
3216 2613 3230 2636 ,
3264 2569 3407 2624 Illar-

1796 2658 1950 2714 tiani.
1987 2659 2047 2714 ln
2075 2657 2431 2728 Alexandria,
2466 2658 2666 2715 Eutici.
2715 2658 2781 2714 Et
2823 2659 2983 2718 beata:
3013 2662 3277 2717 memoria:
3302 2661 3406 2718 Be-

1797 2754 1987 2810 nedicti
2010 2754 2235 2808 abbatis.

1867 2863 1922 2904 1v
1946 2848 2065 2903 idus
2093 2847 2209 2903 Jul.
2238 2847 2297 2903 In
2328 2846 2576 2918 Aquileia
2598 2892 2611 2915 ,
2648 2848 2938 2904 Fortunati
2961 2890 2975 2915 ,
3003 2848 3312 2920 Armagcri.
3342 2850 3401 2907 in

1791 2939 1984 2997 Sicilia
2007 2981 2024 3007 ,
2060 2940 2254 2995 natalis
2283 2939 2543 3007 Nahoris,
2590 2939 2824 3007 Felicis,
2881 2940 3121 3010 Eustasi,
3154 2940 3399 2997 Antonii.

1794 3032 2121 3096 Mediolano.
2145 3032 2403 3097 Naboris,
2436 3032 2654 3102 Felicis,
2688 3032 2988 3100 Primitivi,
3020 3033 3169 3089 Julii.
3203 3035 3259 3089 ln
3292 3034 3401 3090 Cae-

1793 3125 1961 3191 saria,
1996 3125 2169 3179 sancti
2204 3126 2349 3192 Divi,
2380 3124 2659 3181 Corninsi.
2690 3123 2951 3196 Lugdune
2980 3122 3171 3180 Gallice
3192 3166 3208 3195 ,
3251 3128 3405 3197 depo-

125 3213 259 3285 gontii
297 3216 549 3289 episcopi
572 3218 650 3286 ζει
690 3215 1041 3273 confessoris.
1083 3215 1348 3288 Depositio
1394 3215 1455 3273 S.
1494 3214 1685 3271 Goaris
1712 3198 1760 3264 (ἶ
1792 3219 1915 3274 sitio
1955 3217 2232 3273 Viventioli
2271 3217 2518 3289 episwpi.

126 3307 371 3381 presbyteri
393 3321 442 3365 et
488 3310 824 3382 confessoris.
848 3309 918 3365 Et
944 3310 1164 3366 Octava:
1189 3309 1556 3381 apostolorum
1580 3309 1681 3366 Pe-

126 3400 175 3453 υἱ
195 3408 240 3456 et
266 3402 442 3459 Pauli.

178 3491 297 3551 Non.
342 3495 454 3552 Jul.
493 3495 553 3553 In
591 3495 941 3562 Alexandria,
970 3494 1274 3562 Parthenii,
1313 3495 1546 3553 Eraclei.
1575 3496 1684 3553 Eu-

132 3583 334 3660 domoni,
368 3590 546 3658 llelei,
581 3589 878 3660 Apolloniae
904 3630 920 3657 ,
946 3588 1115 3656 Novi,
1140 3588 1419 3645 Publicum
1446 3589 1568 3645 aliis
1590 3589 1689 3644 de-

127 3689 217 3733 cen
238 3689 288 3737 et
312 3695 532 3738 novem.
572 3680 639 3737 Et
658 3681 809 3749 alibi,
838 3679 1135 3747 Parthemi,
1170 3680 1429 3747 Animasi,
1461 3680 1683 3752 Pyvidui

128 3781 221 3827 cum
242 3773 355 3831 aliis
383 3783 623 3847 septem.
656 3774 726 3829 Et
762 3774 915 3841 alibi,
942 3773 1261 3842 Alexandri,
1292 3774 1573 3831 Parthimi.

178 3877 255 3920 un
285 3866 405 3923 idus
448 3864 564 3923 Jul.
606 3865 664 3921 ln
699 3864 904 3935 Nicaea,
949 3865 1206 3932 Sustrati,
1251 3867 1433 3937 Speri,
1477 3867 1677 3923 Eracli.

126 3951 168 4008 In
190 3953 411 4029 Syrmia,
438 3959 759 4016 Sanctorum
792 3958 1029 4029 Perenti,
1053 3958 1329 4030 Caecyrize.
1356 3958 1413 4014 In
1446 3958 1679 4013 Caesarie

125 4039 469 4119 Cappadocia,
517 4049 784 4119 Procobi,
824 4049 1051 4119 Quarti,
1098 4048 1318 4105 Felicis.
1359 4049 1416 4105 In
1453 4049 1631 4104 Sicilia
1662 4090 1677 4116 ,

125 4132 350 4197 Prancati.
374 4139 438 4196 In
464 4140 841 4208 Taurominio,
866 4140 1075 4210 Seperi,
1101 4137 1545 4195 Cornelianicum
1563 4140 1681 4195 aliis

126 4233 385 4302 sexaginta.
418 4233 475 4289 In
504 4232 707 4303 Nicaea,
739 4216 914 4302 Pladi,
938 4233 1138 4302 Emmi,
1165 4232 1468 4299 Senatoris,
1491 4232 1676 4303 Alphi,

124 4317 290 4394 Severi,
323 4326 612 4393 Honorati,
645 4325 861 4392 Eucoli,
906 4326 1102 4392 Elenti,
1133 4326 1376 4391 Straton,
1405 4324 1676 4392 Arthemi,

124 4409 410 4487 Endomoni,
439 4418 632 4485 Melite,
656 4417 856 4475 Novasi
875 4459 891 4486 ,
922 4416 1133 4489 Apolivi
1158 4431 1281 4472 cum
1310 4416 1430 4472 aliis
1460 4416 1679 4471 octode-

123 4503 222 4563 cim.
243 4507 296 4567 In
321 4508 605 4578 Heraclea,
633 4509 877 4578 Joannis,
909 4510 1062 4581 Apri,
1096 4508 1402 4575 Antcoloci,
1425 4508 1672 4578 Glieteri,

124 4594 323 4673 Potenti,
354 4603 656 4662 Stratonis.
691 4603 761 4660 Et
788 4604 951 4672 alibi,
981 4601 1218 4674 Agresti,
1249 4602 1495 4659 Primoli.

174 4709 234 4751 vn
270 4697 406 4753 idus.
450 4696 778 4767 Mediolano,
824 4697 1023 4752 Moclii.
1066 4696 1125 4751 ln
1167 4695 1329 4751 tomis
1359 4703 1676 4751 sanctorum

124 4780 290 4846 leoni
311 4833 327 4862 ,
359 4790 521 4848 Minae
545 4833 562 4860 ,
597 4788 791 4845 Vitalis
818 4833 833 4859 ,
863 4788 1071 4844 Ruﬁna:
1100 4827 1118 4856 ,
1152 4787 1413 4858 Evangeli
1441 4831 1455 4857 ,
1491 4787 1633 4844 Urisi
1660 4830 1675 4855 ,

122 4878 323 4951 Διιαιίι,
351 4883 520 4958 Cyrili
547 4884 791 4954 episcopi
829 4883 939 4955 igni
967 4882 1171 4938 traditi.
1203 4881 1260 4936 ln
1291 4880 1499 4946 Sicilia,
1532 4882 1674 4938 Feli-

122 4970 249 5031 ciui.
272 4974 486 5043 Romae,
514 4976 707 5035 natalis
733 4977 994 5046 virginum
1026 4974 1291 5031 Florlanaa
1314 5016 1328 5045 ,
1361 4972 1633 5029 Faustinze
1655 5014 1671 5041 ,

121 5062 367 5139 Amolite,
399 5078 458 5125 et
488 5068 732 5124 Fraterni
771 5068 1033 5139 episcopi.

174 5170 221 5214 τι
241 5158 351 5218 idus
370 5160 488 5217 Jul.
516 5160 728 5227 Romaa,
751 5160 1035 5227 Priscillae,
1060 5170 1115 5217 et
1142 5161 1338 5217 natalis
1363 5169 1675 5217 sanctorum

123 5256 294 5320 κμοω
326 5269 733 5327 germanorum,
772 5253 825 5309 id
857 5263 962 5322 est,
991 5254 1209 5323 Felicis,
1239 5254 1497 5326 Philippi,
1528 5253 1678 5310 Vita-

124 5337 196 5407 lil,
220 5341 490 5412 Iartialis,
521 5345 835 5413 Alexandri,
864 5346 1054 5416 Silani,
1078 5348 1340 5413 Januarii,
1364 5358 1419 5403 et
1446 5346 1677 5402 militum

123 5443 338 5510 quatuor,
366 5440 601 5507 Ruﬁnae,
630 5440 914 5509 Secundae,
941 5441 1152 5497 Lueini.
1178 5442 1237 5496 ln
1267 5441 1503 5507 Sabinis,
1535 5439 1681 5496 Ana-

124 5526 260 5599 ιοῦι,
282 5531 555 5591 Ἶίοιιιτίεθ.
589 5532 647 5588 ln
676 5533 897 5589 civitate
922 5533 1129 5599 Tomis,
1156 5534 1427 5601 Martiani,
1452 5534 1671 5602 Domni,

123 5612 364 5692 Tromedi,
391 5627 641 5695 Joannis,
675 5626 875 5695 Sesini,
907 5626 1279 5694 Aurilianidis,
1315 5628 1589 5693 Eniiliani,
1622 5638 1677 5684 et

124 5710 319 5775 Iliorum
352 5722 573 5796 triginta
612 5736 732 5777 sex.
775 5723 835 5778 ln
875 5721 1229 5791 Alexandria,
1264 5723 1501 5789 Leontii,
1529 5723 1675 5779 Mau-

128 5803 255 5887 ricii,
281 5812 437 5875 Meliti
456 5857 471 5885 ,
500 5812 771 5882 Achillei,
803 5815 1011 5886 Daneli,
1049 5815 1299 5885 Corioni,
1328 5817 1512 5873 Attnni
1537 5859 1551 5887 ,
1584 5817 1683 5874 Ζο-

1864 3328 1922 3367 ιιι
1949 3313 2070 3367 idus
2095 3312 2208 3366 Jul.
2242 3311 2299 3366 In
2330 3310 2684 3378 Alexandria,
2718 3311 3039 3383 Seraponis,
3070 3311 3399 3382 Tropiimei,

1791 3404 1975 3473 Melei,
2006 3403 2313 3474 Evangelii,
2347 3414 2402 3458 et
2429 3402 2673 3475 Propoli,
2702 3404 2900 3472 Attali,
2948 3404 3195 3472 Gelonis,
3225 3405 3405 3462 Menci

1790 3495 2115 3567 presbyteri,
2140 3494 2435 3563 Tropimize
2456 3491 2699 3564 virginis,
2726 3494 3006 3550 Macrohii.

1862 3585 2045 3641 Pridie
2072 3586 2192 3640 idus
2220 3584 2335 3640 Jul.
2370 3585 2427 3641 In
2457 3586 2660 3650 Africa,
2697 3585 2916 3643 Donati.
2947 3586 3007 3643 In
3035 3586 3397 3656 Alexandria,

1789 3678 2063 3745 Anthioti,
2097 3678 2271 3733 Marii.
2310 3678 2543 3749 Dagiona
2562 3721 2576 3742 ,
2610 3678 2908 3736 Menesidei
2937 3722 2951 3747 ,
2978 3680 3230 3736 Namoris
3255 3723 3269 3746 ,
3297 3680 3399 3736 Pe-

1788 3770 2068 3841 trigumni.
2106 3770 2175 3824 Et
2204 3769 2334 3825 alibi
2364 3772 2537 3825 sancti
2569 3769 2699 3825 Foci
2730 3771 3003 3842 episcopi,
3027 3778 3085 3827 et
3114 3771 3396 3826 confesso-

1788 3861 1882 3917 ris.
1908 3861 2172 3931 Lugduno
2194 3861 2405 3927 Galliae,
2437 3860 2636 3915 natalis
2664 3862 2723 3917 S.
2746 3862 2775 3917 J
2785 3863 2890 3917 usti
2918 3862 3164 3933 episcopi
3185 3870 3239 3918 et
3256 3876 3391 3917 con-

1786 3954 2033 4019 fessoris,
2066 3954 2238 4009 Amici
2263 3953 2503 4025 episcopi
2535 3962 2587 4007 et
2608 3952 2962 4009 confessoris.

1856 4048 1989 4103 Idus
2028 4047 2143 4102 Jul.
2186 4047 2246 4103 In
2294 4047 2646 4117 Alexandria,
2677 4048 2877 4104 natalis
2903 4058 3221 4103 sanctorum
3259 4043 3390 4100 Phi-

1785 4140 1942 4212 lippi,
1974 4139 2245 4209 Zenonis,
2274 4138 2474 4207 Nasci,
2505 4147 2561 4196 et
2604 4141 2795 4196 decem
2828 4140 3137 4196 infantium.
3170 4140 3227 4194 In
3256 4139 3389 4209 Syr-

1783 4233 1916 4299 mia,
1946 4233 2145 4288 natalis
2172 4244 2490 4289 sanctorum
2518 4234 2826 4304 Agrippini,
2855 4234 3119 4297 Secundi,
3142 4233 3389 4299 Maximi,

1784 4325 2098 4393 Fortunati,
2124 4325 2405 4381 Martialis.
2436 4325 2626 4382 Jacobi
2658 4327 2902 4396 episcopi
2930 4326 3186 4389 Nisibini,
3211 4326 3305 4395 qui
3333 4326 3389 4380 in

1781 4434 2013 4489 corpore
2057 4419 2224 4473 multa
2280 4433 2474 4487 passus
2518 4427 2622 4487 est,
2658 4428 2713 4474 et
2743 4419 2910 4473 multa
2943 4418 3096 4488 signa
3129 4416 3260 4472 fecit
3289 4459 3303 4483 ,
3333 4427 3389 4473 et

1781 4526 1962 4568 arcam
1990 4511 2106 4569 Noe
2153 4511 2304 4568 solus
2342 4511 2474 4567 vidit
2507 4512 2561 4566 in
2594 4521 2801 4576 monte,
2835 4510 3018 4566 nullus
3050 4510 3189 4564 alius
3217 4508 3383 4576 vidit,

1702 4592 1874 4675 uni
1918 4619 2040 4658 cum
2085 4619 2151 4658 eo
2197 4612 2376 4671 erant,
2433 4618 2531 4659 nec
2573 4601 2899 4674 permissum
2944 4610 3029 4658 est
3076 4601 3283 4657 videre.
3323 4601 3381 4656 lu

1782 4704 1945 4769 portu
1974 4696 2220 4753 Romano
2244 4740 2258 4764 ,
2295 4697 2397 4753 hoc
2442 4706 2548 4767 est,
2590 4698 2644 4751 in
2693 4695 2899 4763 lliscla,
2932 4694 3127 4751 natalis
3157 4705 3382 4751 sancto-

1782 4816 1901 4857 rum
1935 4799 2177 4870 EutrOpii
2198 4842 2213 4867 ,
2246 4799 2487 4871 Zosimi,
2518 4808 2575 4856 et
2621 4799 2850 4855 Bonosaa
2890 4798 3100 4855 sororis
3129 4796 3266 4868 ejus.
3316 4796 3377 4851 In

1782 4908 1962 4965 Africa
2003 4907 2219 4962 civitate
2254 4906 2586 4975 Carthagine
2607 4946 2620 4973 ,
2654 4905 2851 4960 natalis
2896 4911 3207 4959 sanctorum
3234 4943 3250 4969 ,
3279 4898 3382 4956 Ca-

1785 5008 1977 5065 tholini
2026 5008 2280 5077 diaconi,
2321 5017 2377 5064 et
2414 5006 2750 5078 reliquorum
2784 5015 3085 5079 martyrum
3112 5046 3128 5071 ,
3174 5004 3267 5074 qui
3300 5016 3385 5059 re-

1785 5110 2069 5181 quiescunt
2093 5109 2148 5164 in
2173 5108 2394 5165 basilica
2414 5118 2618 5165 sanctae
2641 5107 2857 5163 Faustae
2884 5125 2896 5160 :
2930 5104 3224 5171 Januariaa,
3257 5103 3383 5160 Flo-

1778 5213 1941 5271 rentii
1966 5255 1980 5279 ,
2018 5212 2355 5279 Pullutanaa,
2397 5212 2557 5269 Juliae
2581 5212 2741 5268 simul
2770 5252 2786 5278 ,
2830 5218 2887 5266 et
2921 5208 3111 5265 Justm.
3163 5206 3383 5264 Corbcia

1781 5316 2121 5381 monasterio,
2171 5315 2400 5387 exceptio
2430 5316 2770 5387 reliquiarum
2809 5314 2976 5367 sancti
3017 5313 3303 5387 Dionysii,
3334 5323 3385 5367 et

1780 5417 2040 5473 sociorum
2069 5418 2209 5488 ejus.

1854 5534 1964 5574 xvn
2006 5516 2114 5571 kal.
2155 5517 2289 5590 Aug.
2338 5516 2396 5571 ln
2442 5515 2664 5571 civitate
2695 5514 2880 5582 Ostia,
2916 5515 3111 5573 natalis
3142 5515 3201 5572 S.
3235 5514 3386 5569 Hila-

1781 5618 1907 5675 rini.
1939 5618 2264 5683 Mediolano,
2314 5618 2509 5671 natalis
2546 5615 2718 5670 sancti
2768 5615 3051 5673 Macharii.
3084 5615 3141 5670 In
3181 5614 3379 5669 Antio-

1779 5716 1921 5786 chia,
1948 5718 2150 5775 natalis
2178 5725 2488 5773 sanctorum
2512 5714 2841 5785 TIICOdOSlI},
2874 5715 3110 5783 Eustasi,
3135 5713 3383 5784 Dionysi,

1780 5820 2070 5897 Theodoti,
2122 5819 2364 5881 Maximi.
2399 5817 2460 5879 ln
2488 5818 2767 5891 Caesaria,
2808 5818 3007 5880 natalis
3074 5826 3387 5879 sanctorum
