3918 6294
165 359 251 419 469
1214 356 1710 419 νετυετιεειιιυ

1872 354 2327 417 \LENDARIUM.
3311 363 3419 420 470

166 477 480 550 confessoris;
507 478 886 550 Augustiduno,
923 474 1183 533 dedicatio
1209 478 1439 532 ecclesite
1461 474 1679 531 senioris
1703 513 1719 541 ,
1748 475 1800 535 Α
1826 471 1883 528 S.
1916 472 2161 528 Faustini
2192 474 2467 547 martyris.
2497 473 2708 541 Romae,
2738 475 2926 545 passio
2971 482 3279 549 martyrum
3316 492 3423 532 nu-

166 583 204 627 ιι
228 574 485 628 translatio
516 573 799 628 multorum
817 582 1115 628 sanctorum
1138 580 1448 643 martyrum.
1831 579 1986 621 mero
2028 566 2218 637 viginli
2257 567 2601 639 quinque-1n
2653 568 2937 624 Ρτονῖηοίδ
2980 571 3163 637 “ﬁlia,
3194 570 3419 627 οῖνίῑπο

600 706 852 765 MENSIS
888 705 1261 765 AUGUSTUS
1830 658 2093 765 Augusta,
2129 660 2328 765 natalis
2358 660 2836 765 sanctorum-Atri,
2862 669 2919 718 et
2950 662 3218 765 Veneriae.

880 751 1260 855 é};sv;;x'lvv
1902 765 1953 804 vt
1981 752 2101 805 idus
2123 752 2258 824 Aug.
2288 751 2496 819 Romae,
2521 752 2718 807 natalis
2746 763 3057 810 sanctorum
3090 754 3413 824 Secundini,

921 800 931 810 ,
1915 800 1953 804 .-
2123 800 2258 824 --μγ
2288 800 2496 819 ------_,
2522 800 2716 807 --ηψ-
2747 800 3056 810 -....ν-ν......
3090 800 3413 824 ηνν..........,

718 800 841 855 abet
880 800 996 855 dles
1038 816 1189 856 xxxl'
1831 840 2133 908 Severiani,
2166 844 2473 914 Carpofori,
2509 843 2795 910 Victorini,
2825 855 2879 900 et
2909 844 3116 901 Albini.
3147 847 3215 901 Et
3247 846 3301 901 in
3327 848 3414 901 via

224 936 333 992 Kal.
361 938 499 1011 Aug.
533 939 747 995 Litania
775 940 1086 995 indieenda.
1118 937 1176 995 in
1207 939 1516 1007 Antiochia,
1546 942 1729 1011 passio
1832 935 2063 1003 Salaria,
2098 936 2338 1005 Oslensi,
2371 935 2767 1008 Crescenliani,
2800 939 2978 1010 Largi,
3009 940 3300 1003 Memmiat.
3326 940 3423 995 Ju-

166 1042 439 1088 sanctornm
470 1032 907 1090 Machabarornm
948 1045 1155 1103 septem
1189 1034 1412 1089 fratrum
1442 1050 1566 1089 eum
1609 1048 1726 1089 ma-
1831 1026 2013 1091 Ιίὲηω,
2065 1025 2373 1098 Cyriacitis,
2410 1039 2465 1085 el
2506 1030 2813 1101 Smaragdi,
2848 1030 3163 1099 Secundini,
3213 1034 3419 1101 Albini,

169 1132 232 1179 tm
269 1137 357 1178 sua
380 1164 395 1188 ,
422 1123 514 1193 qui
547 1125 693 1195 passi
726 1133 855 1179 sunt
882 1124 984 1180 sub
1007 1124 1281 1180 Antiocho
1319 1140 1466 1195 rege.
1502 1125 1723 1191 Romae,
1831 1118 2154 1187 Victuriani,
2199 1119 2466 1189 Faustini,
2513 1120 2759 1189 Donatat,
2814 1120 3035 1189 Felicis,
3087 1123 3319 1179 Silvani.
3360 1124 3419 1179 in

165 1215 400 1271 dedicatio
426 1218 624 1288 prima:
646 1217 918 1284 ecclesiae,
952 1229 1004 1273 et
1031 1233 1059 1271 a
1088 1218 1248 1274 beato
1282 1218 1443 1274 Petro
1472 1220 1728 1289 apostolo
1830 1209 2167 1276 Nicomedia,
2195 1213 2390 1265 natalis
2420 1224 2735 1268 sanctorutn
2765 1213 2980 1279 Nazat-i,
3004 1214 3255 1283 Julianae,
3278 1218 3420 1287 Aga-

165 1318 483 1380 contttruette,
515 1324 573 1369 et
601 1322 957 1371 consecratas.
987 1312 1045 1368 In
1077 1313 1275 1369 Arabia
1302 1354 1315 1380 ,
1348 1312 1569 1369 civitate
1600 1314 1712 1369 Phi-

1870 1319 1913 1360 ω
1945 1307 2236 1376 virginum,
2269 1305 2559 1373 Eutieiani,
2589 1306 2932 1372 Coriutonis,
2964 1308 3240 1364 Diomedis
3260 1351 3274 1377 ,
3308 1310 3417 1365 Me—

164 1401 416 1473 Iadelphia,
456 1406 703 1476 synodus
729 1416 1026 1478 martyrum
1059 1406 1371 1461 celebratur
1397 1423 1411 1460 :
1442 1417 1500 1461 et
1530 1407 1711 1462 natalis

1868 1397 2067 1453 'odorae
2143 1397 2390 1467 virginis,
2450 1397 2638 1453 iustae.
2715 1398 3148 1470 Philadelphia},
3221 1402 3415 1457 natalis

163 1506 431 1552 sanctorum
461 1498 686 1571 Cyrilli,
723 1501 962 1571 Aquilae,
1011 1500 1186 1567 Petri,
1231 1499 1545 1565 Domitiani,
1578 1500 1721 1564 Ruit,
1828 1487 1887 1543 S-
1922 1488 2201 1557 LeonidiS,
2227 1490 2465 1561 Agapiti.

162 1586 388 1644 iiinandri
433 1605 542 1646 una
591 1591 680 1647 die
733 1601 1139 1647 coronatorum.
1192 1589 1414 1657 Romae,
1467 1590 1709 1645 milliarit

1901 1597 1933 1634 v
1963 1582 2084 1637 idus
2110 1581 2245 1655 Aug.
2282 1583 2607 1655 in.0riente,
2642 1586 2840 1641 natalis
2883 1595 3195 1644 sanctorum
3226 1589 3418 1659 Firmi,

162 1680 397 1751 trigesimo
434 1684 508 1738 ab
545 1684 713 1751 urbe,
758 1684 955 1739 namus
995 1692 1311 1737 sanctorum
1358 1681 1719 1749 secundinis,
1823 1673 3413 1751 Rustici,Pritni,Creseentiani,Largi,Tybcriani,Amii,

164 1772 436 1839 Donatium,
488 1775 857 1843 secundum,
912 1775 1196 1839 Maxima},
1248 1775 1450 1841 Justm,
1496 1775 1720 1831 Μοηηη-
1826 1768 2124 1835 Tiberiani,
2154 1769 2445 1837 Theodon,
2486 1771 2831 1841 Nemediani,
2887 1773 3149 1843 Laudaci,
3190 1777 3417 1842 Juliani,

161 1861 302 1930 dri,...
333 1865 465 1937 iuni,
493 1866 729 1935 Silvani,
760 1867 977 1922 Donati.
1004 1866 1064 1920 iu
1096 1865 1271 1930 italia,
1302 1866 1570 1921 Vercellis
1593 1867 1723 1922 civi-
1752 1860 1799 1920 B
1825 1860 2133 1931 Polycarpi,
2164 1862 2353 1932 Primi,
2382 1862 2560 1934 Xysti,
2594 1867 2852 1938 Agatnpi,
2882 1877 2935 1924 et
2964 1869 3197 1926 aliorum
3223 1885 3420 1928 nume-

163 1965 263 2025 tate,
307 1959 575 2029 depositio
604 1961 775 2016 sancti
806 1958 1021 2015 Eusebii
1064 1958 1306 2029 episcopi
1352 1966 1409 2014 et
1437 1958 1718 2013 confesso-
1823 1968 1887 2008 ro
1934 1951 2206 2018 undecim,
2260 1953 2621 2027 Felicissimi,
2664 1956 3030 2030 Carpophori,
3087 1959 3413 2033 Zemaragdi

159 2048 298 2105 risin
318 2051 608 2124 Hispaniis,
630 2051 1136 2118 Gerundacivitate,
1163 2051 1359 2107 natalis
1385 2054 1553 2106 sancti
1571 2050 1718 2107 Feli-
1823 2058 1946 2100 cum
1986 2044 2110 2099 aliis
2156 2045 2343 2101 decem
2398 2058 2452 2103 et
2497 2064 2711 2105 novem.
2743 2050 2804 2105 In
2829 2052 3181 2119 Alexandria,
3216 2056 3412 2111 natalis

158 2141 217 2195 eis
239 2146 493 2217 martyris.
522 2145 585 2200 in
609 2144 802 2214 Gallia,
822 2146 1045 2201 civitate
1066 2145 1355 2212 Bituricas,
1379 2143 1529 2201 Beati
1545 2142 1717 2200 Arce-
1820 2148 2131 2195 sanctorum
2162 2142 2447 2208 Antonini,
2474 2150 2531 2198 et
2557 2142 2756 2209 Onion,
2780 2145 3078 2211 Tiburtini,
3117 2147 3413 2215 Valeriani,

158 2232 240 2289 indi
265 2236 516 2308 episcopi.
546 2237 606 2292 in
641 2238 920 2293 territorio
946 2236 1301 2293 Parisiacensi
1320 2279 1334 2302 ,
1368 2238 1419 2291 in
1448 2238 1569 2307 ipso
1598 2237 1717 2293 loco
1824 2234 2087 2305 Dionysii,
2111 2234 2331 2301 Felicis,
2364 2235 2647 2301 Euticiani,
2674 2235 2832 2308 Gagi,
2857 2236 3155 2301 Melciadis,
3182 2238 3415 2309 Stepha-

157 2328 226 2395 qui
250 2329 432 2386 dicitur
473 2329 725 2401 Lupera,
764 2331 945 2401 passio
986 2331 1159 2386 sancti
1202 2329 1403 2386 Justini
1442 2330 1713 2401 martyris.
1823 2330 1898 2392 nl,
1940 2328 2165 2397 Urbani,
2201 2329 2356 2397 Luci,
2392 2330 2625 2398 Mamon,
2670 2331 2890 2398 Saetiri,
2931 2330 3155 2400 Nimidi,
3200 2332 3412 2402 Ladiei,

210 2433 252 2473 tr
277 2437 386 2477 non.
420 2423 563 2494 Aug.
616 2423 804 2479 Roma
851 2422 905 2477 in
938 2421 1257 2479 cwmeterio
1299 2420 1511 2488 Calisti,
1540 2422 1717 2476 sancti
1818 2422 2039 2487 Juliani,
2076 2422 2379 2494 Polycarpi,
2413 2423 2613 2494 Magni,
2657 2423 2904 2495 Sylvani.
2951 2424 3139 2480 Romae
3190 2426 3243 2480 in
3297 2442 3413 2482 cte-

156 2506 367 2578 Stephani
394 2514 678 2584 martyris.
709 2513 764 2567 in
798 2513 1109 2580 Antiochia,
1134 2513 1328 2568 natalis
1359 2512 1713 2584 reliquiarum
1823 2519 2071 2581 meterio,
2104 2518 2371 2587 depositio
2403 2518 2647 2589 Dionysii
2681 2520 2941 2590 episcopi.
2974 2520 3037 2576 Et
3073 2524 3124 2574 in
3157 2521 3411 2587 Colonia,

158 2596 370 2667 Stephani
392 2606 819 2676 protomartyris
843 2612 899 2660 et
929 2606 1163 2669 diaconi,
1196 2606 1288 2675 qui
1317 2605 1716 2678 Hierosolymis
1822 2610 2018 2664 natalis
2074 2622 2381 2665 sanctorum
2436 2610 2666 2678 Viriani,
2726 2612 3046 2680 Marcellini,
3095 2613 3411 2682 Secundini,

156 2695 221 2743 est
239 2694 513 2751 translatus
551 2711 618 2751 ex
664 2697 997 2753 revelatione
1044 2696 1263 2752 aniani
1296 2697 1625 2769 presbyteri.
1656 2698 1713 2754 in
1820 2702 1999 2772 Xysti,
2033 2702 2177 2756 Urbe
2210 2704 2546 2769 Lemovicas,
2580 2703 2640 2758 S.
2665 2704 2879 2759 Martini
2902 2705 3265 2764 Brivatensis.

155 2782 342 2841 Casaria
389 2789 759 2860 Mauritanim,
788 2792 1106 2856 'l'heodotae,
1137 2800 1192 2847 et
1235 2803 1445 2860 septem
1479 2791 1713 2848 ﬁliorum
1888 2811 1941 2849 tv
1972 2795 2091 2848 idus
2116 2795 2253 2865 Aug.
2298 2796 2506 2861 Romae,
2534 2796 2617 2850 via
2667 2795 2975 2864 Tiburtina,
3009 2800 3206 2854 natalis
3240 2801 3413 2856 sancti

155 2875 345 2944 eius.Et
390 2882 442 2939 in
498 2882 679 2951 italia,
711 2886 933 2941 civitate
960 2885 1227 2951 Romana,
1258 2885 1457 2941 natalis
1497 2896 1714 2941 saneto-
1818 2888 2089 2944 Laurentii
2144 2889 2532 2956 archidiaconi,
2580 2899 2634 2946 et
2665 2893 2933 2963 martyris.
2968 2892 3023 2947 in
3078 2894 3160 2948 via
3213 2897 3411 2965 Appia,

156 2972 1713 3051 rumFelicisetsanetiNiceti.Nieomedia,natalismarty-
1819 2980 2160 3037 Felicissimi.
2212 2981 2281 3035 Et.
2329 2982 2457 3038 alibi
2505 2980 2908 3049 Crescentiani,
2953 2983 3135 3053 Nerei,
3180 2987 3415 3053 iacenti,

157 3077 245 3118 mm
270 3082 487 3124 numero
524 3079 735 3141 septem
759 3086 881 3126 eum
912 3073 1076 3127 sociis
1103 3086 1313 3127 eorum.
1815 3075 2079 3139 Januarii,
2113 3076 2428 3145 Exuperati,
2455 3076 2665 3148 Cyrilli,
2693 3077 2895 3143 Quinti,
2924 3077 3199 3147 Germani,
3232 3082 3415 3135 Gemi-

208 3171 253 3211 ttt
276 3174 388 3214 non.
417 3161 565 3234 Aug.
597 3162 785 3219 Sancti
834 3164 1119 3233 Metropoli
1166 3164 1431 3234 episcopi,
1465 3175 1520 3222 et
1574 3166 1711 3223 lier-
1817 3170 1894 3236 ni,
1926 3167 2186 3235 Qniriaci,
2214 3167 2462 3236 Eugenii.
2505 3169 2639 3223 itetn
2672 3170 2920 3240 Eugenii,
2953 3171 3189 3240 Pastori,
3219 3174 3412 3228 Lucel-

156 3249 254 3305 meti
302 3256 579 3327 martyris.
626 3258 683 3312 in
732 3257 1229 3328 Constantinopoli,
1278 3262 1475 3316 natalis
1533 3262 1707 3318 sancti
1738 3246 1785 3311 Ο
1817 3260 1904 3328 ite,
1938 3260 2211 3327 Pontiani,
2242 3260 2527 3331 CriSpinre,
2560 3263 2886 3329 innocentii,
2923 3265 3216 3332 Terentiae,
3246 3269 3409 3324 Eleu-

155 3348 547 3417 A':hillei,.iusti.
585 3357 651 3410 Et
680 3358 875 3412 natalis
904 3365 1178 3412 sanctae...
1206 3357 1402 3414 ddenis
1427 3362 1705 3432 martyris.
1814 3357 1980 3427 cippi,
2034 3358 2231 3423 Sidnri,
2290 3357 2512 3428 Agapm,
2560 3357 2785 3427 Christi,
2842 3360 3091 3428 Euticim,
3137 3364 3405 3432 Cyriacar.

156 3439 316 3508 tioium,
343 3449 542 3504 natalis
564 3456 877 3505 sanctorum
901 3450 1165 3520 Drogcnis
1195 3461 1247 3507 et
1277 3452 1563 3523 Stephani.
1584 3453 1711 3509 Hic—
1814 3448 1968 3517 item,
2010 3448 2287 3519 Eleucippi
2316 3464 2439 3504 cum
2474 3449 2597 3505 aliis
2624 3466 2720 3505 sex
2752 3450 3166 3521 innocentibus,
3190 3454 3279 3523 qui
3303 3470 3410 3510 una

156 3537 418 3611 rosolymis,
450 3544 703 3599 inventio
744 3546 990 3615 corporis
1023 3545 1325 3601 beatissimi
1376 3548 1531 3617 primi
1566 3566 1711 3604 mar-
1813 3542 1902 3597 die
1928 3542 2173 3597 coronati
2196 3550 2343 3596 sunt.
2373 3542 2519 3610 Sevi,
2546 3542 2876 3598 Crescentia:
2894 3559 3016 3600 eum
3046 3545 3167 3599 aliis
3191 3548 3407 3617 triginta

156 3631 347 3697 mis,“
370 3645 697 3692 sanctorum
727 3637 1060 3702 Gamanens,
1095 3638 1398 3707 Νίοθαεηιί,
1423 3650 1479 3697 οι
1509 3642 1710 3699 Abibo-
1813 3648 2041 3703 quorum
2077 3635 2290 3688 nomina
2338 3634 2606 3689 habentur
2635 3635 2687 3689 in
2732 3635 2873 3691 libro
2906 3637 3052 3692 vitae.
3086 3637 3143 3693 in
3172 3639 3408 3707 Epheso,

156 3724 311 3781 nitht
361 3730 757 3803 Augustiduno,
784 3732 1039 3803 depositio
1084 3731 1335 3805 Eufronii
1384 3738 1616 3807 episcopi
1663 3752 1711 3792 et
1817 3726 2009 3781 "amns
2039 3733 2246 3796 seine"1
2276 3725 2680 3783 ἀοτωίθυιίυτηο

152 3815 445 3883 confessoris,
1885 3836 1944 3876 ιιι
1982 3822 2101 3875 idus
2128 3822 2262 3894 Aug.
2295 3821 2503 3875 Natalis
2527 3820 2589 3877 S.
2618 3821 2872 3891 Tiburtii,
2903 3830 2957 3878 et
2986 3823 3176 3878 natalis
3204 3832 3410 3879 sancta:

207 3908 365 3969 Pridie
391 3933 523 3972 non.
559 3916 798 3991 Augusti.
836 3917 1040 3988 Romus,
1072 3920 1155 3976 via
1189 3921 1497 3991 Tiburtina,
1522 3926 1573 3981 in
1600 3941 1711 3983 ρω-
1814 3912 2094 3970 Susaunm.
2128 3913 2185 3968 in
2218 3913 2484 3984 Nicopoli,
2521 3915 2704 3984 passio
2747 3914 3043 3970 multorum
3083 3927 3405 3988 martyrum,

152 4009 583 4075 M0ﬁo,nalalis
613 4021 922 4067 sanctorum
955 4024 1251 4087 martyrum
1275 4017 1705 4090 Cresccmmnm’
1814 4023 2040 4080 quorum
2089 4008 2305 4062 nomina
2358 4005 2499 4062 Deus
2551 4006 2657 4061 scit
2687 4022 2699 4059 :
2732 4015 2787 4060 et
2817 4006 2997 4073 passio
3038 4007 3095 4063 S.
3137 4006 3404 4064 Cassiani.

151 4105 192 4148 ει
213 4096 378 4157 lustre.
412 4104 487 4160 Et
533 4104 730 4160 natalis
758 4108 931 4163 sancti
970 4107 1233 4163 Secincti.
1274 4110 1329 4164 In
1355 4111 1704 4183 Nicomedia,
1817 4105 2081 4168 Ebrocas,
2114 4103 2310 4157 natalis
2338 4101 2394 4158 S.
2429 4100 2651 4156 Taurini
2683 4098 2929 4170 episcopi
2959 4111 3016 4156 et
3046 4100 3401 4157 confessoris.

152 4190 308 4279 natalis
334 4207 649 4251 sanctorum
683 4196 862 4266 Segtc,
895 4207 951 4254 et
990 4198 1379 4257 Bartholomzci
1427 4207 1699 4279 martyris.

1859 4212 2092 4251 amcraco
2121 4196 2321 4249 civitate
2352 4195 2405 4248 in
2431 4191 2631 4260 Gallia,
2663 4193 2852 4248 natalis
2883 4190 2964 4265 8.3
2984 4191 3266 4265 Gaugarici
3297 4196 3406 4267 epi-

149 4277 367 4353 LIgdtmo
410 4289 621 4358 Galliae,
658 4292 906 4347 adventus
947 4294 1181 4366 corporis
1230 4299 1401 4352 sancti
1449 4277 1589 4353 Julii
1643 4302 1707 4355 de
1815 4293 2030 4363 δσορὶετ
2060 4288 2393 4359 confessoris-

151 4389 307 4432 emno.
1888 4400 1922 4439 ιι
1950 4384 2067 4437 idus
2098 4381 2231 4452 Aug.
2269 4381 2323 4435 in
2368 4379 2575 4447 Sicilia,
2608 4377 2829 4433 civitate
2857 4375 3173 4444 ,Cathenas,
3211 4378 3407 4435 natalis

204 4468 355 4529 Nonis
379 4475 517 4547 Aug.
564 4476 767 4532 Natalis
810 4487 1120 4535 sanctorum
1172 4479 1419 4547 iierenti,
1467 4482 1704 4552 Hei-acii,
1815 4487 2127 4535 sanctorum
2160 4475 2371 4546 Eupoli,
2398 4473 2665 4538 Vercciie,
2691 4471 2963 4527 Veneriae.
2993 4472 3065 4527 Et
3090 4472 3410 4545 Syria,vico

149 4561 293 4633 Dassi.
315 4570 429 4627 sive
460 4572 633 4629 Bassi.
663 4573 941 4645 Axinpoli,
973 4562 1227 4640 Hererici,
1256 4575 1493 4642 lierocli,
1520 4578 1700 4634 Dassi.
1745 4641 1779 4645 _
1815 4576 2140 4639 Cantarato,
2184 4579 2495 4623 sanctorum
2517 4608 2531 4633 ,
2566 4564 2850 4630 Macharii,
2897 4565 3124 4621 Juliani.
3198 4565 3407 4635 Romae,

152 4652 325 4723 Rome.
357 4663 633 4719 dedicatio
664 4641 909 4722 ecclesiae
931 4677 1133 4721 sanctm
1158 4666 1358 4722 .‘liaritc.
1390 4667 1445 4723 in
1477 4670 1700 4727 civitate
1739 4641 1791 4700 D
1818 4668 2011 4723 natalis
2036 4675 2344 4721 sanctorum
2372 4660 2707 4732 Chrysanthi
2742 4669 2799 4715 et
2832 4658 3034 4726 Darim,
3071 4667 3127 4715 et
3157 4660 3247 4732 qui
3281 4675 3403 4715 cum

148 4746 373 4819 Angusta,
406 4757 587 4823 passio
614 4769 818 4813 sancta:
866 4757 1030 4813 Afrae.
1068 4760 1465 4829 Augustiduuo,
1492 4765 1695 4819 natalis
1815 4764 1894 4818 eis
1942 4760 2082 4832 passi
2129 4766 2275 4821 Sunt,
2306 4756 2539 4820 Claudii,
2588 4753 2814 4817 Eiarim,
2848 4752 3091 4819 Jasonis,
3134 4754 3325 4819 Mauri,
3356 4764 3412 4810 et

147 4840 190 4893 5.
216 4843 444 4902 Cassiani
467 4848 728 4919 episcopi.
752 4851 1064 4906 Catalaunis
1091 4853 1333 4917 civitate,
1360 4854 1555 4909 natalis
1578 4871 1699 4912 san-
1816 4855 2045 4908 militum
2078 4850 2349 4920 octoginta
2386 4861 2502 4903 sex.
2539 4845 2607 4900 Et
2633 4846 2689 4900 in
2714 4844 2898 4913 istria,
2926 4846 3128 4901 natalis
3150 4843 3207 4901 S.
3240 4843 3410 4900 Julia-

147 4937 204 4987 αἱ
241 4934 447 4997 Nrmmi
478 4944 721 5013 episcopi
754 4954 809 4999 ct
834 4946 1189 5001 centesimis.
1229 4949 1289 5002 iit
1318 4947 1469 5016 alibi,
1506 4952 1707 5007 natalis
1815 4952 1866 5006 ni
1900 4964 2020 5003 cum
2051 4945 2209 5001 sociis
2241 4944 2374 4999 suis.

147 5038 429 5091 sanctorum
458 5035 719 5104 Finriaui,
753 5048 804 5093 et
827 5036 1092 5094 Filistinrc
1120 5050 1447 5111 martyrum.
1885 5042 2005 5098 idus
2058 5040 2194 5110 Aug.
2244 5037 2461 5103 Romaa,
2516 5034 2713 5090 natalis
2770 5041 3082 5088 sanctorum
3133 5028 3411 5101 Hippolyti

202 5136 285 5181 rm
328 5130 441 5184 idus
494 5132 627 5205 Aug.
655 5131 864 5195 Roma},
893 5132 943 5187 in
977 5134 1297 5189 cmmetcrio
1338 5135 1562 5205 Calesti,
1618 5138 1703 5192 via
1812 5135 2091 5206 martyris,
2128 5128 2377 5186 Pontiani
2415 5127 2679 5196 episc0pi,
2708 5124 2977 5188 Cornelii,
3008 5121 3277 5189 Cassiani,
3302 5121 3407 5177 Ca-

149 5216 319 5289 Appia,
343 5222 538 5279 natalis
563 5223 697 5281 Sixti
727 5226 988 5295 episcopi,
1010 5237 1066 5282 et
1093 5226 1439 5295 Felicissimi,
1464 5229 1704 5299 Agapiti,
1820 5228 1941 5283 testi
1973 5242 2093 5282 cum
2138 5224 2300 5280 sociis
2346 5236 2558 5278 eorum.
2591 5218 2848 5291 Synnada
2896 5215 3169 5286 Phrygiae,
3210 5217 3411 5271 natalis

151 5308 429 5387 Donatianl,
464 5314 668 5383 Fausti,
708 5316 1037 5386 Praetextati,
1069 5318 1371 5387 Laurentii,
1414 5322 1709 5394 Hippolyti,
1817 5322 1875 5377 S.
1900 5320 2117 5375 Antonii
2156 5316 2420 5389 episcopi.
2466 5313 2727 5385 Lugdune
2757 5311 2969 5375 Galliae,
3011 5310 3207 5366 natalis
3238 5313 3413 5367 sancti

147 5406 193 5456 δι
212 5406 434 5464 toiiitum
457 5418 676 5467 centum
699 5412 976 5483 Sexaginta
1000 5412 1256 5469 duorum.
1286 5413 1355 5468 Et
1386 5414 1564 5484 passio
1587 5428 1715 5470 san-
1821 5412 1989 5469 Λιιαοί
2019 5409 2275 5481 episcopi.
2296 5408 2543 5469 Pictavis,
2562 5404 2827 5473 depositio
2846 5412 3044 5457 ιαηςιιε
3074 5402 3415 5475 Radegunda:

149 5504 234 5551 cui
253 5498 412 5554 Afra}.
1822 5508 2029 5578 regium.
2084 5502 2313 5556 Ebrocas
2369 5502 2597 5562 civitate,
2648 5494 2843 5551 natalis
2888 5500 3056 5552 sancti
3106 5495 3415 5567 Landuiplti

206 5600 276 5644 tu
324 5592 444 5647 idus
496 5592 633 5666 Aug.
670 5592 725 5649 in
775 5594 1083 5667 Antiochia,
1138 5596 1335 5654 natalis
1394 5604 1711 5655 sanctorum
1822 5597 2047 5671 episcOpi
2069 5606 2115 5652 et
2144 5594 2479 5666 confessoris.

148 5675 492 5754 Synphronii,
534 5687 803 5757 Veneriae,
853 5700 909 5747 et
951 5691 1184 5749 aliorum
1229 5703 1441 5765 septem
1499 5710 1716 5767 germa-
1894 5709 1984 5750 rut
2010 5692 2114 5749 kal.
2156 5690 2301 5759 Sept.
2336 5684 2587 5743 Gendara
2631 5681 2823 5754 Syriae,
2859 5682 3051 5739 natalis
3095 5682 3151 5738 S.
3204 5681 3405 5737 Fortu-

151 5786 342 5833 norum.
373 5778 432 5836 in
485 5782 705 5851 Tuscia,
757 5785 975 5843 civitate
1024 5788 1237 5856 Arecia,
1288 5789 1485 5846 natalis
1540 5791 1715 5845 sancti
1824 5786 1934 5841 nati
1966 5780 2241 5853 martyris.
2268 5781 2323 5833 lu
2355 5777 2557 5845 Africa,
2595 5775 2793 5830 natalis
2822 5776 2879 5831 S.
2914 5772 3192 5829 Demetrii.
3223 5774 3289 5828 Et
3311 5775 3420 5831 ali-

152 5861 322 5927 Donati
370 5875 602 5948 episcopi
652 5887 706 5936 et
759 5880 1111 5939 confessoris.
1146 5882 1478 5951 Mediolano,
1506 5884 1709 5940 natalis
1826 5883 1874 5938 bi
1902 5878 2099 5943 Eutici,
2136 5872 2307 5940 Pauli,
2340 5870 2576 5939 Heracli,
2606 5867 2939 5936 Possessori,
2970 5868 3169 5935 Parmi,
3201 5867 3411 5941 Diaei,
