3918 6294
475 322 585 383 471
1518 323 1580 382 S.
1618 318 2005 381 HIERONYMI
2043 316 2329 377 OPERUM
2365 317 2728 379 MANTISSA.
3637 329 3728 390 ιη

478 443 721 509 Hermae,
784 438 1113 510 Prospolmi,
1162 437 1485 509 Prosalami,
1539 438 1801 506 Bermiae,
1858 433 2241 496 lIeracliAvi
2261 443 2313 491 et
2335 435 2732 495 Emilianicum
2759 436 2883 496 ﬁliis
2904 439 3715 514 oeto,etsanctiSymphroniani

481 551 609 593 cum
642 533 834 590 tribus.
869 532 927 587 In
949 531 1223 602 Aquileia,
1249 533 1446 587 natalis
1488 541 1808 588 sanctorum
1849 529 2071 600 Felicis,
2180 527 2460 598 martyris.

479 627 823 691 Fortunata),
859 621 1185 691 Vineentiac,
1213 623 1536 680 Vindirasiri
1566 624 1594 652 ⁸
1620 624 1819 679 natalis
1848 631 2026 678 sancti

2251 636 2285 675 ι
2314 619 2422 675 Ital.
2445 620 2596 692 Sept.
2621 620 2683 677 In
2713 621 2989 694 Aquileia,
3022 624 3216 680 natalis
3237 634 3539 683 sanctorum
3559 629 3724 687 Fortu-

477 736 606 780 rum
635 717 882 786 Eusebii,
911 714 1106 787 Tituli,
1133 717 1468 789 Conditoris,
1492 717 1863 789 Prospolami,
1898 713 2073 785 Casti,
2181 710 2317 782 nati,
2372 712 2751 786 Hermogenis,
2800 713 2977 787 XySti,
3007 717 3314 786 EMartialis,
3364 718 3723 797 Hermogerati,

479 812 735 872 Candidi.
2180 803 2343 872 Justi,
2367 806 2577 863 Gerati.
2611 807 2821 875 Romae,
2856 809 3052 865 natalis
3072 819 3384 867 sanctorum
3407 812 3722 887 Abundantii,

555 906 821 963 xvntkat.
864 909 1013 980 Sept.
1046 904 1105 960 In
1146 902 1489 969 Nicomedia,
1522 902 1722 958 natalis
1760 908 2080 957 sanctorum
2180 896 2504 967 Innocentii,
2554 899 2938 969 Mirerendini,
2995 901 3235 973 Magnili.
3294 903 3351 959 In
3403 915 3554 977 portu
3599 910 3728 968 urbis

485 997 787 1064 Stratonis,
805 996 1063 1069 Philippi,
1089 1004 1144 1051 et
1172 992 1439 1050 Euticiani
1459 1010 1475 1060 ;
1499 998 1555 1050 et
1578 991 1871 1064 Assumptio
1887 998 2083 1047 sanctte
2184 988 2396 1059 Romae,
2425 991 2626 1049 natalis
2656 993 2830 1049 sancti
2857 993 3156 1065 Hippolyti,
3185 996 3278 1066 qui
3304 995 3500 1054 dicitur
3519 999 3733 1071 Nunnus,

485 1089 678 1144 Maria:
700 1090 880 1144 matris
901 1087 1115 1143 Domini
1136 1086 1321 1141 nostri.
2184 1097 2308 1139 cum
2329 1084 2495 1141 sociis
2517 1086 2652 1142 suis.
2671 1086 2733 1142 In
2753 1086 2928 1157 Ostia,
2952 1089 3150 1145 natalis
3172 1100 3485 1148 sanctorum
3508 1093 3735 1166 Quiriaci,

553 1196 668 1236 xvn
715 1180 819 1235 kal.
851 1180 1001 1251 Sept.
1034 1178 1090 1234 ln
1124 1177 1479 1246 Alexandria,
1518 1176 1716 1234 natalis
1763 1185 2083 1234 sanctorum
2186 1173 2463 1230 Archelai.
2495 1174 2551 1229 In
2609 1178 2890 1246 provincia
2937 1177 3167 1247 Ciliciae,
3218 1182 3415 1239 natalis
3459 1195 3733 1244 sanctorum

485 1273 726 1342 Orionis,
762 1272 959 1339 Emeli,
988 1270 1171 1337 Anati,
1203 1269 1424 1338 Justini,
1447 1269 1603 1326 Luci.
1634 1269 1695 1326 In
1717 1268 1966 1337 Persida,
1990 1283 2087 1326 na-
2187 1267 2361 1337 Agite,
2390 1267 2627 1337 Claudii,
2660 1269 2885 1335 Asterii,
2918 1271 3151 1341 Neonis,
3181 1273 3435 1331 Domnini
3463 1292 3577 1333 cum
3596 1280 3735 1336 sociis

484 1364 615 1422 talis
643 1365 703 1420 S.
730 1363 891 1435 Tyrsi
911 1378 1035 1420 cum
1059 1361 1225 1419 sociis
1249 1362 1386 1418 suis.
2190 1372 2403 1414 eorum.
2429 1358 2697 1429 Lugduno
2722 1362 2934 1433 Galliae,
2962 1364 3162 1421 natalis
3201 1377 3511 1423 sanctorum
3559 1369 3736 1426 Miner-
3763 1415 3770 1422 .

561 1473 651 1512 xv:
693 1456 800 1511 kal.
830 1456 980 1527 Sept.
1037 1455 1095 1510 In
1144 1453 1383 1510 Cmsaria
1432 1453 1822 1525 Cappadociae,
1883 1452 2086 1509 natalis
2190 1447 2285 1516 vii,
2321 1449 2571 1506 Eleazari
2600 1465 2725 1507 cum
2755 1452 2881 1508 tiliis
2923 1462 3049 1511 octo
3078 1457 3430 1528 martyribus.
3459 1457 3630 1516 Remis
3671 1462 3734 1517 ci-

490 1550 551 1609 S.
581 1548 899 1605 Mammetis
934 1547 1205 1603 Monachi.
1233 1547 1290 1602 ln
1333 1547 1644 1603 Nicomedia
1674 1547 1962 1619 Bithynice,
1994 1563 2091 1601 na-
2191 1542 2381 1613 vitate,
2417 1544 2614 1602 natalis
2643 1558 2958 1603 sanctorum
3005 1548 3303 1621 Timothei,
3345 1560 3402 1607 et
3428 1554 3737 1623 Apollinaris.

493 1642 621 1697 talis
645 1640 1183 1712 sanctmEupbemia:
1203 1638 1455 1711 virginis,
1474 1639 1825 1695 Macharii.ln
1854 1639 2091 1695 Alexan—
2191 1635 2601 1707 Augustiduno,
2631 1639 2903 1710 depositio
2932 1640 3179 1697 Flaviani
3229 1644 3490 1714 episcopi.
3518 1646 3733 1713 Arvenis,

494 1738 636 1803 dria,
669 1737 873 1792 natalis
894 1735 952 1793 S.
984 1734 1228 1791 Orionis.
1254 1734 1384 1790 Item
1415 1734 1744 1801 Mammetis,
1770 1734 2085 1803 Emeldisei,
2192 1729 2392 1784 natalis
2421 1732 2595 1785 sancti
2627 1731 2839 1787 Sidonii
2882 1747 3010 1788 cum
3045 1733 3212 1791 sociis
3238 1735 3372 1792 suis.
3422 1737 3738 1809 Augustiduno

491 1829 788 1885 Mammita:
815 1843 936 1884 cum
964 1828 1131 1884 sociis
1152 1828 1285 1892 suis,
1315 1826 1542 1883 Juliani.
2112 1812 2162 1875 B
2189 1822 2443 1890 depositio
2470 1819 2719 1877 Flaviani
2746 1825 2993 1897 episcOpi.
3014 1840 3024 1893 ἀ

567 1939 637 1979 xv
665 1924 769 1977 και.
802 1923 951 1994 Sept.
980 1922 1318 1979 Praenestina
1341 1921 1580 1988 civitate,
1614 1920 1871 1977 milliario
1898 1920 1967 1977 ab
1991 1936 2086 1976 ur-

2267 1929 2322 1969 rx
2343 1913 2448 1969 kal.
2474 1913 2621 1985 Sept.
2656 1915 2713 1972 In
2755 1918 3067 1990 Antiochia,
3098 1920 3301 1977 natalis
3344 1929 3635 1979 sanctorum
3660 1924 3737 1981 Ze-

494 2015 565 2073 be
615 2015 898 2086 trigesimo
947 2014 1126 2081 tertio,
1162 2014 1356 2068 natalis
1414 2013 1590 2069 sancti
1638 2010 1874 2083 Agapiti.
1925 2012 1995 2067 Et
2034 2013 2041 2066 i

2196 2005 2367 2075 nobii,
2413 2004 2727 2076 Capitolini,
2764 2008 3040 2077 Emerita,
3090 2010 3316 2080 Italicae,
3367 2012 3587 2082 Juviani,
3616 2015 3736 2071 Julii.

493 2109 693 2177 Ponto,
723 2107 945 2164 Amecia
976 2108 1004 2146 b
1044 2106 1287 2173 civitate,
1318 2106 1512 2161 natalis
1544 2115 1858 2160 sanctorum
1900 2103 2090 2160 Ponti-
2193 2095 2255 2151 In
2298 2094 2473 2162 India,
2515 2097 2714 2154 natalis
2757 2100 2931 2154 sancti
2962 2100 3353 2158 Bartholomtei
3387 2104 3625 2174 apostoli.
3644 2104 3733 2160 RO-

493 2198 594 2266 mi,
620 2197 929 2267 Philantim,
964 2198 1207 2253 Heliante
1243 2197 1492 2268 virginis,
1530 2196 1811 2253 Martianae
1842 2197 2086 2267 virginis,
2194 2202 2321 2255 m8?»
2352 2187 2549 2243 "amis
2586 2190 2761 2244 sane“
2804 2190 3029 2247 Genesii
3055 2194 3335 2265 martyris.
3356 2193 3596 2251 Neverno
3630 2195 3741 2250 civi-

497 2300 552 2345 et
598 2289 907 2345 Lancianae.
941 2290 1001 2344 In
1028 2290 1234 2356 Africa,
1265 2288 1461 2344 natalis
1504 2298 1818 2344 sanctorum
1871 2289 2087 2360 Massae,
2196 2290 2325 2349 lale.
2349 2281 2622 2351 dePOSiliO
2660 2281 2881 2338 Palrlcii
2925 2285 3161 2342 abbatis.
3210 2285 3281 2341 In
3310 2286 3612 2359 Rothomago
3645 2289 3743 2341 civi-

493 2382 776 2451 Candidaz,
807 2383 1006 2450 Dissei,
1038 2382 1299 2450 Amacite,
1322 2381 1834 2453 Potomi,Martyrii,
1854 2383 2087 2454 Agapiti,
2200 2385 2321 2441 tate,
2359 2376 2612 2447 depositio
2641 2379 2809 2434 sancti
2851 2379 3091 2435 Audoeni
3117 2381 3347 2453 episcOpi
3380 2390 3423 2437 et
3450 2382 3739 2453 confessoris.

505 2476 686 2531 Eziaci
711 2490 837 2530 cum
867 2475 1030 2529 sociis
1056 2475 1193 2530 suis.
2196 2466 2264 2521 In
2288 2469 2553 2525 territorio
2577 2471 2828 2542 ejusdem,
2854 2471 2962 2526 vico
2993 2470 3344 2542 Luperciaco,
3371 2474 3609 2544 depositio
3644 2489 3743 2528 san-

570 2583 661 2623 xtv
703 2567 809 2623 Ital.
836 2568 985 2637 Sept.
1020 2567 1195 2621 Ponto
1251 2567 1305 2621 in
1344 2566 1570 2623 Amacia
1621 2567 1863 2633 civitate,
1899 2564 2094 2620 natalis
2197 2564 2266 2617 cti
2293 2562 2549 2634 Gyldardi
2580 2564 2867 2636 presbyteri
2896 2572 2943 2619 et
2966 2565 3303 2636 confessoris.
3333 2566 3399 2621 Et
3438 2567 3491 2621 in
3518 2566 3737 2621 territam

510 2669 822 2715 sanctorum
870 2658 1121 2723 Filionis,
1164 2656 1363 2719 Ruﬁni,
1396 2657 1612 2725 Leonti,
1662 2656 1953 2722 Tlteodoli,
1985 2655 2092 2727 Cy-
2196 2656 2362 2726 ipsius
2409 2656 2654 2726 civitatis,
2687 2657 2940 2728 depositio
2970 2658 3137 2714 sancti
3183 2656 3366 2730 Eptati
3415 2658 3671 2731 presbyteri
3703 2666 3743 2712 et

502 2750 635 2819 rilli,
666 2749 867 2818 Zelasi,
917 2747 1205 2817 Timothei,
1258 2749 1485 2816 Gaddae,
1532 2750 1769 2818 Romoli,
1806 2748 1979 2804 Silvii.
2033 2747 2095 2805 In
2199 2751 2530 2822 confessoris.

500 2840 850 2910 Alexandria,
884 2842 1079 2895 natalis
1102 2841 1161 2898 S.
1185 2841 1405 2895 Orionis
1429 2856 1552 2897 cum
1580 2840 1769 2896 sociis.
1794 2841 1860 2895 Et
1885 2841 1939 2895 in
1969 2841 2097 2896 llie-
2269 2857 2365 2896 vm
2395 2841 2497 2897 kal.
2541 2841 2694 2914 Sept.
2718 2841 2778 2899 in
2825 2843 3106 2914 provincia
3132 2844 3339 2916 ,Syriae,
3383 2843 3565 2900 natalis
3600 2840 3743 2897 sancti

498 2933 807 3004 rosolyma,
842 2934 1112 3003 apparitio
1142 2942 1346 2989 sanctae
1371 2934 1576 2989 crucis.
1606 2933 1667 2987 ln
1699 2931 2096 3001 Bitorivo,vico
2200 2937 2423 2994 Juliani.
2456 2938 2512 2993 In
2549 2940 2758 3009 Capua,
2788 2938 3014 2995 civitate
3041 2938 3378 3010 Campanize,
3411 2938 3591 2993 natalis
3611 2951 3741 2992 sanc-

501 3026 791 3097 Vellauno,
818 3027 1090 3098 depositio
1138 3027 1316 3082 sancti
1370 3027 1599 3083 Mariani
1645 3027 1997 3084 confessoris.
2030 3030 2098 3086 Et
2203 3039 2380 3087 torum
2403 3029 2607 3099 Ruﬁni,
2634 3031 2813 3087 Eutici
2836 3046 2962 3088 cum
2989 3031 3157 3088 sociis
3179 3046 3394 3088 eorum.
3416 3031 3640 3093 Arelato.
3669 3042 3744 3081 na-

499 3121 703 3176 natalis
733 3121 913 3176 sancti
940 3120 1118 3192 Magni
1148 3122 1429 3193 martyris.
2202 3124 2327 3179 talis
2365 3131 2676 3181 sanctorum
2724 3124 2945 3181 Genesii
3003 3128 3284 3196 martyris,
3314 3124 3462 3192 Julii,
3490 3122 3739 3186 llermetis,

574 3226 673 3266 xm
704 3210 809 3265 kat.
838 3211 986 3284 Sept.
1016 3212 1077 3267 In
1101 3212 1357 3280 Lucania,
1391 3212 1591 3269 natalis
1630 3223 1943 3271 sanctorum
1980 3216 2095 3271 Va-
2127 3202 2176 3267 C
2205 3216 2438 3274 Joviani.
2469 3217 2528 3272 ln
2559 3216 2839 3288 Hispania,
2870 3217 3070 3273 natalis
3116 3228 3434 3274 sanctorum
3489 3223 3744 3287 martyrum

502 3304 754 3369 lentiani,
779 3303 1017 3360 Leontii.
1052 3305 1109 3360 ln
1129 3305 1487 3375 Alexandria,
1514 3308 1707 3363 natalis
1734 3310 1907 3364 sancti
1942 3309 2098 3365 Dios-
2202 3308 2345 3365 Justi
2375 3316 2430 3364 et
2453 3308 2696 3365 Pastoris
2715 3323 3128 3379 germanorum.

506 3396 646 3452 cori.
670 3397 726 3453 In
753 3398 1006 3470 Synnada
1037 3401 1288 3467 civitate,
1323 3410 1639 3457 sanctorum
1672 3402 1945 3470 Pistiarci,
1970 3403 2100 3459 Dio-
2274 3416 2348 3456 vn
2370 3400 2477 3454 kal.
2499 3399 2650 3473 Sept.
2672 3401 2907 3459 Civitate
2928 3401 3155 3469 Salona,
3179 3401 3376 3459 natalis
3394 3400 3558 3457 sancti
3584 3398 3727 3454 Anas-

505 3490 703 3559 madis,
735 3492 969 3561 Agativi,
994 3492 1133 3561 Zeli,
1167 3493 1469 3565 Pamphili,
1503 3494 1696 3551 Coloni
1722 3496 1877 3551 Cont‘.
1913 3496 1971 3552 In
1993 3497 2101 3553 Tu-
2205 3496 2329 3551 tasii
2358 3497 2735 3566 martyris,....
2759 3495 2837 3552 sia
2869 3498 3113 3565 civitate,
3144 3507 3458 3553 sanctorum
3504 3490 3742 3557 Poeclani,

507 3587 717 3654 ronico,
746 3587 986 3645 Cainone
1007 3589 1501 3659 castro,depositio
1526 3589 1704 3647 sancti
1723 3590 2098 3648 Maximicon-
2204 3586 2455 3642 Mercurii
2501 3594 2825 3658 martyrum-
2869 3587 3062 3643 Romae
3111 3588 3173 3646 in
3226 3587 3553 3654 οωῐηθιεΐίο.
3583 3581 3743 3641 nauus

504 3677 754 3735 fessoris.
780 3680 848 3734 Et
871 3682 1121 3752 depositio
1146 3683 1314 3737 sancti
1334 3680 1598 3737 Filiberti.
2205 3690 2523 3737 sanctorum
2549 3679 2781 3747 Basillze,
2816 3681 3194 3749 Maximiliani,
3226 3682 3414 3751 Quinti
3461 3690 3739 3751 martyrum.

580 3790 654 3829 su
686 3773 790 3829 kal.
821 3775 968 3846 Sept.
1003 3776 1061 3830 In
1087 3776 1385 3846 Hispaniis,
1422 3776 1624 3833 natalis
1653 3788 1969 3834 sanctorum
2005 3777 2101 3833 Ju-
2206 3774 2306 3829 Via
2353 3774 2712 3842 Praenestina,
2741 3775 2978 3829 militum
3024 3776 3216 3847 viginti
3261 3776 3516 3847 quinque.
3561 3770 3744 3828 Arelate

510 3867 590 3934 lii,
623 3877 678 3923 et
718 3867 966 3935 Julianii,
992 3868 1291 3935 Vincentii,
1333 3869 1561 3940 Auguri,
1594 3869 1809 3925 Eulodi.
1841 3870 1899 3925 In
1942 3880 2104 3939 portu
2204 3868 2443 3933 civitate,
2475 3866 2669 3923 natalis
2714 3878 3034 3924 sanctorum
3091 3870 3243 3938 Sevi,
3293 3868 3539 3934 Victoris,
3591 3860 3743 3919 Primi.

508 3960 780 4029 Romano,
812 3963 1009 4017 natalis
1038 3962 1212 4018 sancti
1254 3961 1533 4033 Ilippolyti
1573 3964 1851 4033 martyris.
1886 3962 1945 4017 In
1972 3962 2101 4018 Sar-
2205 3962 2341 4017 Item
2376 3960 2639 4017 Victoris.
2692 3961 3026 4016 Autisiodero
3070 3962 3296 4028 civitate,
3333 3958 3574 4031 depositio
3611 3951 3745 4009 saucii

507 4053 680 4121 dinia,
714 4054 914 4110 natalis
944 4055 1119 4110 sancti
1150 4054 1397 4122 Luxurii,
1429 4054 1668 4125 Traiani,
1706 4055 1966 4123 Quadrati
1987 4057 2102 4126 epi-
2206 4054 2478 4111 Eleuthcri
2507 4056 2735 4127 episcopi
2767 4072 2886 4111 cum
2914 4057 3067 4111 sociis
3094 4058 3205 4112 suis
3235 4053 3614 4127 confessoribus.

506 4146 888 4216 scepi,Primi.
912 4146 971 4201 In
997 4146 1353 4215 Alexandria,
1381 4148 1581 4204 natalis
1610 4159 1927 4205 sanctorum
1946 4150 2100 4217 Pisti,
2276 4164 2330 4203 vt
2356 4146 2464 4203 Ital.
2490 4147 2642 4218 Sept.
2673 4147 2735 4203 In
2765 4148 3081 4217 Antiochia,
3115 4150 3313 4204 natalis
3340 4157 3635 4204 sanctorum
3664 4138 3742 4194 Sa-

504 4237 834 4307 Sevi.ltem,
864 4238 1144 4307 Quadrati.
1183 4239 1535 4311 Sindofagiae,
1561 4241 1758 4296 natalis
1788 4253 2104 4298 sanctorum
2207 4242 2372 4308 basti,
2426 4241 2726 4298 Alexandri
2767 4242 3049 4310 abbatum,
3095 4243 3375 4299 Emeritm.
3418 4241 3471 4296 In
3521 4234 3741 4298 Lucania,

507 4329 776 4398 Arthosii,
825 4329 1123 4400 Diomedis,
1176 4330 1376 4396 Zotici,
1406 4332 1751 4401 Azatangeli,
1783 4332 2010 4404 Moysei.
2044 4334 2105 4391 In
2208 4332 2456 4388 Polentia
2479 4333 2721 4400 civitate,
2755 4334 2954 4390 natalis
2978 4344 3298 4391 sanctorum
3326 4332 3540 4399 Felicis,
3564 4325 3744 4389 Aronti.

508 4420 729 4476 Lucana
801 4422 1111 4491 provincia,
1164 4423 1363 4478 natalis
1428 4432 1748 4480 sanctorum
1804 4424 2101 4496 Valentini,
2208 4428 2518 4494 Sabiniani,
2554 4427 2839 4485 Honorati.
2866 4428 2937 4485 Et
2983 4429 3039 4484 in
3092 4429 3300 4501 Capua,
3332 4425 3526 4484 natalis
3565 4425 3744 4477 sancto-

515 4512 756 4570 Leontii.
791 4515 847 4571 ln
886 4516 1251 4586 Caballitano,
1288 4519 1412 4575 vico
1443 4518 1729 4589 Mimmati,
1764 4520 1944 4591 passio
1979 4536 2106 4577 san-
2136 4581 2177 4591 _
2209 4537 2333 4577 rum
2358 4520 2501 4585 Ruﬁ,
2533 4518 2733 4591 Magni.
2764 4519 2972 4586 Romm,
3002 4521 3205 4577 natalis
3228 4529 3535 4576 sanctorum
3561 4513 3748 4569 Herme-

516 4606 591 4661 cti
619 4605 823 4662 Privati
856 4610 1141 4681 martyris.
1237 4581 1247 4586 ν
1714 4581 1726 4589 ’
1764 4581 1779 4591 ’
2130 4581 2185 4643 D
2215 4614 2303 4681 tis,
2330 4623 2386 4668 et
2414 4581 2651 4677 Basilla;
2680 4611 2828 4667 Julii.
2865 4581 3363 4681 Constantinopoli,
3393 4607 3574 4666 natalis
3613 4613 3747 4659 sanc-

583 4714 637 4754 xr
667 4698 771 4755 kal.
813 4699 962 4771 Sept.
992 4703 1203 4771 Romae,
1237 4704 1324 4760 via
1374 4703 1653 4772 Ostiense,
1677 4706 1731 4761 in
1781 4707 2105 4762 coemeterio
2214 4714 2393 4761 torum
2417 4703 2546 4770 Olii,
2577 4714 2630 4760 et
2657 4703 2924 4773 Stephani
2948 4705 3105 4760 Mart.
3134 4704 3193 4760 In
3223 4704 3407 4760 Tomis
3432 4701 3647 4761 civitate,
3672 4704 3746 4747 na-

509 4792 801 4863 ejusdem,
852 4795 1049 4850 natalis
1099 4797 1275 4851 sancti
1325 4797 1599 4853 Timothei
1646 4797 1900 4868 discipuli
1952 4798 2105 4855 Pauli
2213 4802 2333 4858 talis
2359 4812 2675 4857 sanctorum
2700 4798 3021 4866 Marcellini,
3051 4798 3307 4865 Tribuni,
3335 4807 3390 4853 et
3418 4791 3612 4851 Mannis
3631 4796 3743 4842 uxo-

508 4885 763 4953 apostoli.
798 4884 868 4939 Et
893 4886 947 4940 in
978 4896 1139 4956 portu
1169 4888 1435 4957 Romano,
1468 4890 1877 4960 peregrinorum
1901 4903 2105 4963 marty-
2211 4895 2289 4950 ris
2345 4894 2498 4964 eius,
2559 4908 2686 4948 cum
2732 4892 2860 4947 filiis
2899 4893 3018 4962 eius
3065 4891 3277 4948 Joanne
3324 4900 3378 4946 et
3425 4883 3693 4956 Serapione
3732 4888 3744 4926 :

510 4989 654 5043 rum,
690 4984 745 5032 et
769 4977 966 5034 natalis
991 4988 1304 5035 sanctorum
1332 4980 1615 5047 Martialis,
1644 4982 1852 5051 Aureli,
1880 4984 2105 5054 Epicte-
2213 4988 2437 5057 Elerici,
2468 4996 2522 5043 et
2549 4985 2695 5042 Petri
2717 4986 2928 5041 militis.
2956 4987 3023 5040 Et
3046 4986 3176 5041 alibi
3206 4983 3546 5056 quadraginta
3576 4976 3745 5039 mari)“

512 5066 577 5131 ti,
605 5070 901 5135 Saturnini,
930 5070 1159 5141 Aprilis,
1191 5080 1246 5128 et
1275 5072 1474 5129 Felicis
1516 5088 1641 5129 cum
1671 5076 1838 5132 sociis
1882 5091 2096 5147 eorum,
2209 5082 2459 5152 rum,qui
2486 5082 2553 5136 de
2580 5079 2767 5135 Graeco
2779 5079 2836 5134 in
2858 5078 3109 5134 Latinum
3134 5076 3383 5134 translati
3408 5082 3544 5131 sunt.
3566 5063 3741 5124 Arelaio

508 5155 646 5211 JuSti
682 5167 737 5213 et
768 5159 922 5216 Julii.
953 5161 1012 5217 In
1042 5162 1237 5232 Ponto,
1266 5162 1628 5237 Neocaesaria,
1660 5168 1858 5223 natalis
1885 5178 2103 5225 sancto-
2207 5175 2429 5238 civitate,
2465 5172 2721 5244 depositio
2750 5172 2919 5225 sancti
2947 5169 3165 5226 Cazsarii
3194 5167 3420 5240 episwpi
3446 5172 3491 5218 et
3521 5158 3741 5228 conme-

506 5265 629 5306 rum
657 5251 899 5322 Nectavi,
934 5255 1083 5315 Sevi.
1118 5257 1179 5314 In
1210 5257 1523 5326 Antiochia,
1553 5260 1749 5316 natalis
1779 5262 1953 5318 sancti
1984 5262 2101 5318 Μει-
2206 5266 2301 5319 ris.
2330 5262 2717 5333 Augustiduno,
2746 5262 2937 5317 natalis
2964 5262 3133 5316 sancti
3157 5258 3377 5332 Syagrii
3402 5249 3627 5328 episcopi.

504 5344 635 5401 rini.
658 5345 1038 5418 Augustiduno
1058 5351 1304 5421 civitate,
1335 5354 1531 5410 natalis
1552 5362 1870 5411 sanctorum
1906 5356 2104 5413 Miner-
2274 5371 2310 5412 v
2340 5355 2444 5411 kal.
2480 5355 2629 5427 Sept.
2652 5353 2862 5422 Romae,
2896 5353 2983 5411 via
3011 5352 3451 5426 Salariayetere,
3481 5347 3534 5403 in
3554 5347 3741 5413 cmme-

576 5530 608 5563 ⁸
650 5530 984 5607 Vindirasiri.
1010 5533 1090 5586 An
1122 5533 1263 5587 ullus
1291 5542 1638 5607 estsanctus
1669 5536 1788 5607 ejus
1812 5524 2095 5593 nominis?
2207 5536 2609 5593 Vindirasirum
2639 5533 2897 5591 eﬁ‘ectum
2930 5546 3053 5607 esse
3075 5549 3145 5607 ex
3178 5533 3317 5588 urbe
3345 5529 3563 5607 quadam
3583 5522 3739 5595 Syria.

503 5602 835 5680 _lta_g_uidem
868 5604 1169 5680 arbitratus
1196 5614 1283 5659 est
1313 5606 1605 5680 Acherius,
1628 5602 1721 5678 qui
1749 5607 2095 5663 Vindiratum
2203 5624 2324 5680 quae
2354 5610 2441 5663 hic
2475 5608 2719 5680 Vindira,
2753 5620 2930 5680 supra
2953 5603 3199 5680 Cendera
3222 5604 3568 5680 appellatum.

498 5667 1015 5753 inLH'ieronymiano
1045 5673 1227 5729 Indice
1258 5667 1621 5753 memoravit;
1645 5667 1750 5732 'nos
1784 5692 1913 5733 vero
1934 5679 2095 5753 longe
2220 5667 2235 5680 ’
2262 5680 2304 5753 Δι’
2335 5680 2564 5753 Amecia.
2601 5667 2793 5753 Dicere
2824 5667 3019 5734 "voluit
3072 5667 3322 5744 Amisiae,
3351 5688 3474 5732 cum
3520 5667 3617 5735 hic,
3645 5669 3738 5715 tum

502 5742 664 5822 aliter
688 5742 1098 5822 existimamus;
1130 5761 1255 5822 nam
1283 5760 1405 5822 cum
1440 5742 1625 5822 statim
1666 5756 1944 5822 sequatur,
1981 5742 2097 5807 Νἷι-
2204 5750 2369 5810 etiam
2399 5750 2487 5810 die
2510 5749 2783 5822 sequenti.

500 5813 642 5885 tatis,
671 5824 779 5877 etc.
808 5818 1172 5890 perspicimus
1201 5816 1268 5876 ab
1315 5817 1568 5891 imperito
1594 5813 1829 5890 quodam
1851 5821 2091 5895 librario

2425 5886 2433 5895 σ
2460 5882 2557 5897 ,I.sr-
2604 5881 2776 5905 7“.sﬂlto\
2844 5883 2877 5901 ’ς
