  <div class='ocr_page' id='page_1' title='image "/cluster/home/n/w/nwhite01/storage/ocr_20150623/30/hvd.32044096580535/246.png"; bbox 0 0 3918 6294; ppageno 0'>
   <div class='ocr_carea' id='block_1_1' title="bbox 196 391 3438 463">
    <p class='ocr_par' dir='ltr' id='par_1_1' title="bbox 196 391 3438 463">
     <span class='ocr_line' id='line_1_1' title="bbox 196 391 3438 463; baseline 0 -14"><span class='ocrx_word' id='word_1_1' title='bbox 196 403 279 463; x_wconf 73' lang='grc' dir='ltr'><strong><em>ιτδ</em></strong></span> <span class='ocrx_word' id='word_1_2' title='bbox 1218 391 1777 454; x_wconf 79' lang='lat' dir='ltr'><strong>VETUSTISSIMUM</strong></span> <span class='ocrx_word' id='word_1_3' title='bbox 1813 391 2342 454; x_wconf 79' lang='lat' dir='ltr'><strong>KALENDARIUM.</strong></span> <span class='ocrx_word' id='word_1_4' title='bbox 3329 404 3438 462; x_wconf 65' lang='grc'><strong>474</strong></span> 
     </span>
    </p>
   </div>
   <div class='ocr_carea' id='block_1_2' title="bbox 197 509 3439 590">
    <p class='ocr_par' dir='ltr' id='par_1_2' title="bbox 197 509 3439 590">
     <span class='ocr_line' id='line_1_2' title="bbox 197 509 3439 590; baseline 0.001 -16"><span class='ocrx_word' id='word_1_5' title='bbox 197 518 324 587; x_wconf 84' lang='lat' dir='ltr'><strong>tet-io,</strong></span> <span class='ocrx_word' id='word_1_6' title='bbox 359 513 540 572; x_wconf 86' lang='lat' dir='ltr'><strong>natalis</strong></span> <span class='ocrx_word' id='word_1_7' title='bbox 587 518 901 571; x_wconf 87' lang='lat' dir='ltr'><strong>sanctorum</strong></span> <span class='ocrx_word' id='word_1_8' title='bbox 932 510 1229 579; x_wconf 82' lang='lat' dir='ltr'><strong>Hermetis,</strong></span> <span class='ocrx_word' id='word_1_9' title='bbox 1260 510 1506 579; x_wconf 85' lang='lat' dir='ltr'><strong>Basilici,</strong></span> <span class='ocrx_word' id='word_1_10' title='bbox 1539 509 1736 579; x_wconf 83' lang='lat' dir='ltr'><strong>Heliae,</strong></span> <span class='ocrx_word' id='word_1_11' title='bbox 1764 513 1819 574; x_wconf 81' lang='grc' dir='ltr'><strong>Α</strong></span> <span class='ocrx_word' id='word_1_12' title='bbox 1846 511 2042 567; x_wconf 89' lang='lat' dir='ltr'><strong>natalis</strong></span> <span class='ocrx_word' id='word_1_13' title='bbox 2088 514 2262 569; x_wconf 92' lang='lat' dir='ltr'><strong>sancti</strong></span> <span class='ocrx_word' id='word_1_14' title='bbox 2314 511 2538 569; x_wconf 78' lang='lat' dir='ltr'><strong>Antonii</strong></span> <span class='ocrx_word' id='word_1_15' title='bbox 2592 513 2770 584; x_wconf 90' lang='lat' dir='ltr'><strong>pueri,</strong></span> <span class='ocrx_word' id='word_1_16' title='bbox 2823 516 3003 572; x_wconf 90' lang='lat' dir='ltr'><strong>Aresti</strong></span> <span class='ocrx_word' id='word_1_17' title='bbox 3059 517 3322 590; x_wconf 86' lang='lat' dir='ltr'><strong>episcopi.</strong></span> <span class='ocrx_word' id='word_1_18' title='bbox 3379 518 3439 577; x_wconf 86' lang='lat' dir='ltr'><strong>In</strong></span> 
     </span>
    </p>
   </div>
   <div class='ocr_carea' id='block_1_3' title="bbox 192 604 3436 682">
    <p class='ocr_par' dir='ltr' id='par_1_3' title="bbox 192 604 3436 682">
     <span class='ocr_line' id='line_1_3' title="bbox 192 604 3436 682; baseline 0.001 -13"><span class='ocrx_word' id='word_1_19' title='bbox 192 609 411 682; x_wconf 84' lang='lat' dir='ltr'><strong>Stephani</strong></span> <span class='ocrx_word' id='word_1_20' title='bbox 438 606 671 673; x_wconf 90' lang='lat' dir='ltr'><strong>diaconi,</strong></span> <span class='ocrx_word' id='word_1_21' title='bbox 716 605 999 663; x_wconf 89' lang='lat' dir='ltr'><strong>Pollionis.</strong></span> <span class='ocrx_word' id='word_1_22' title='bbox 1033 605 1092 661; x_wconf 90' lang='lat' dir='ltr'><strong>In</strong></span> <span class='ocrx_word' id='word_1_23' title='bbox 1124 604 1489 673; x_wconf 80' lang='lat' dir='ltr'><strong>Alexandria,</strong></span> <span class='ocrx_word' id='word_1_24' title='bbox 1538 605 1736 661; x_wconf 89' lang='lat' dir='ltr'><strong>natalis</strong></span> <span class='ocrx_word' id='word_1_25' title='bbox 1848 605 2117 676; x_wconf 88' lang='lat' dir='ltr'><strong>Aquileia,</strong></span> <span class='ocrx_word' id='word_1_26' title='bbox 2152 606 2418 677; x_wconf 84' lang='lat' dir='ltr'><strong>ingressio</strong></span> <span class='ocrx_word' id='word_1_27' title='bbox 2450 608 2803 679; x_wconf 84' lang='lat' dir='ltr'><strong>reliquiarum</strong></span> <span class='ocrx_word' id='word_1_28' title='bbox 2854 621 3168 667; x_wconf 89' lang='lat' dir='ltr'><strong>sanctorum</strong></span> <span class='ocrx_word' id='word_1_29' title='bbox 3200 613 3436 671; x_wconf 75' lang='lat' dir='ltr'><strong>Andreze</strong></span> 
     </span>
    </p>
   </div>
   <div class='ocr_carea' id='block_1_4' title="bbox 193 697 3435 775">
    <p class='ocr_par' dir='ltr' id='par_1_4' title="bbox 193 697 3435 775">
     <span class='ocr_line' id='line_1_4' title="bbox 193 697 3435 775; baseline -0.001 -12"><span class='ocrx_word' id='word_1_30' title='bbox 193 714 458 764; x_wconf 83' lang='lat' dir='ltr'><strong>sanctorum</strong></span> <span class='ocrx_word' id='word_1_31' title='bbox 479 702 706 771; x_wconf 90' lang='lat' dir='ltr'><strong>Polieni,</strong></span> <span class='ocrx_word' id='word_1_32' title='bbox 760 701 1098 773; x_wconf 83' lang='lat' dir='ltr'><strong>Serapionis,</strong></span> <span class='ocrx_word' id='word_1_33' title='bbox 1128 700 1378 758; x_wconf 67' lang='lat' dir='ltr'><strong>Justillas.</strong></span> <span class='ocrx_word' id='word_1_34' title='bbox 1425 699 1737 758; x_wconf 88' lang='lat' dir='ltr'><strong>Constanti-</strong></span> <span class='ocrx_word' id='word_1_35' title='bbox 1841 697 2101 768; x_wconf 84' lang='lat' dir='ltr'><strong>apostoli,</strong></span> <span class='ocrx_word' id='word_1_36' title='bbox 2151 697 2336 763; x_wconf 70' lang='lat' dir='ltr'><strong>Lucra,</strong></span> <span class='ocrx_word' id='word_1_37' title='bbox 2386 699 2609 754; x_wconf 80' lang='lat' dir='ltr'><strong>Joannis</strong></span> <span class='ocrx_word' id='word_1_38' title='bbox 2668 701 3151 772; x_wconf 88' lang='lat' dir='ltr'><strong>evangelistarum.</strong></span> <span class='ocrx_word' id='word_1_39' title='bbox 3186 702 3255 759; x_wconf 87' lang='lat' dir='ltr'><strong>Et</strong></span> <span class='ocrx_word' id='word_1_40' title='bbox 3284 704 3435 775; x_wconf 87' lang='lat' dir='ltr'><strong>alibi,</strong></span> 
     </span>
    </p>
   </div>
   <div class='ocr_carea' id='block_1_5' title="bbox 191 789 3437 867">
    <p class='ocr_par' dir='ltr' id='par_1_5' title="bbox 191 789 3437 867">
     <span class='ocr_line' id='line_1_5' title="bbox 191 789 3437 867; baseline 0.001 -18"><span class='ocrx_word' id='word_1_41' title='bbox 191 796 359 867; x_wconf 90' lang='lat' dir='ltr'><strong>nopoli,</strong></span> <span class='ocrx_word' id='word_1_42' title='bbox 401 793 667 865; x_wconf 87' lang='lat' dir='ltr'><strong>depositio</strong></span> <span class='ocrx_word' id='word_1_43' title='bbox 714 793 890 849; x_wconf 89' lang='lat' dir='ltr'><strong>sancti</strong></span> <span class='ocrx_word' id='word_1_44' title='bbox 930 792 1229 850; x_wconf 81' lang='lat' dir='ltr'><strong>Alexandri</strong></span> <span class='ocrx_word' id='word_1_45' title='bbox 1261 793 1530 866; x_wconf 89' lang='lat' dir='ltr'><strong>episcopi,</strong></span> <span class='ocrx_word' id='word_1_46' title='bbox 1562 792 1734 850; x_wconf 69' lang='grc' dir='ltr'><strong>θινὶ·</strong></span> <span class='ocrx_word' id='word_1_47' title='bbox 1839 789 2039 845; x_wconf 82' lang='lat' dir='ltr'><strong>natalis</strong></span> <span class='ocrx_word' id='word_1_48' title='bbox 2083 798 2394 846; x_wconf 90' lang='lat' dir='ltr'><strong>sanctorum</strong></span> <span class='ocrx_word' id='word_1_49' title='bbox 2436 791 2775 863; x_wconf 70' lang='lat' dir='ltr'><strong>Euphemiae,</strong></span> <span class='ocrx_word' id='word_1_50' title='bbox 2822 794 3022 866; x_wconf 86' lang='lat' dir='ltr'><strong>Syrici,</strong></span> <span class='ocrx_word' id='word_1_51' title='bbox 3069 795 3285 852; x_wconf 89' lang='lat' dir='ltr'><strong>Aritoni</strong></span> <span class='ocrx_word' id='word_1_52' title='bbox 3312 811 3437 853; x_wconf 85' lang='lat' dir='ltr'><strong>cum</strong></span> 
     </span>
    </p>
   </div>
   <div class='ocr_carea' id='block_1_6' title="bbox 191 883 2235 958">
    <p class='ocr_par' dir='ltr' id='par_1_6' title="bbox 191 883 2235 958">
     <span class='ocr_line' id='line_1_6' title="bbox 191 883 2235 958; baseline -0.004 -13"><span class='ocrx_word' id='word_1_53' title='bbox 191 888 304 946; x_wconf 80' lang='lat' dir='ltr'><strong>viani</strong></span> <span class='ocrx_word' id='word_1_54' title='bbox 347 886 602 958; x_wconf 84' lang='lat' dir='ltr'><strong>episcopi.</strong></span> <span class='ocrx_word' id='word_1_55' title='bbox 656 886 718 943; x_wconf 91' lang='lat' dir='ltr'><strong>In</strong></span> <span class='ocrx_word' id='word_1_56' title='bbox 766 885 1045 943; x_wconf 84' lang='lat' dir='ltr'><strong>territorio</strong></span> <span class='ocrx_word' id='word_1_57' title='bbox 1075 886 1338 943; x_wconf 78' lang='lat' dir='ltr'><strong>Arvernis</strong></span> <span class='ocrx_word' id='word_1_58' title='bbox 1380 886 1556 955; x_wconf 90' lang='lat' dir='ltr'><strong>urbis,</strong></span> <span class='ocrx_word' id='word_1_59' title='bbox 1612 885 1737 941; x_wconf 92' lang='lat' dir='ltr'><strong>vico</strong></span> <span class='ocrx_word' id='word_1_60' title='bbox 1839 883 2004 936; x_wconf 90' lang='lat' dir='ltr'><strong>sociis</strong></span> <span class='ocrx_word' id='word_1_61' title='bbox 2026 897 2235 938; x_wconf 90' lang='lat' dir='ltr'><strong>eorum.</strong></span> 
     </span>
    </p>
   </div>
   <div class='ocr_carea' id='block_1_7' title="bbox 188 972 3437 1053">
    <p class='ocr_par' dir='ltr' id='par_1_7' title="bbox 188 972 3437 1053">
     <span class='ocr_line' id='line_1_7' title="bbox 188 972 3437 1053; baseline -0.002 -12"><span class='ocrx_word' id='word_1_62' title='bbox 188 984 392 1051; x_wconf 83' lang='lat' dir='ltr'><strong>Brivate,</strong></span> <span class='ocrx_word' id='word_1_63' title='bbox 422 981 620 1038; x_wconf 89' lang='lat' dir='ltr'><strong>natalis</strong></span> <span class='ocrx_word' id='word_1_64' title='bbox 666 981 844 1038; x_wconf 85' lang='lat' dir='ltr'><strong>sancti</strong></span> <span class='ocrx_word' id='word_1_65' title='bbox 890 980 1093 1038; x_wconf 78' lang='lat' dir='ltr'><strong>Juliani</strong></span> <span class='ocrx_word' id='word_1_66' title='bbox 1138 980 1415 1053; x_wconf 85' lang='lat' dir='ltr'><strong>martyris.</strong></span> <span class='ocrx_word' id='word_1_67' title='bbox 1465 979 1737 1037; x_wconf 88' lang='lat' dir='ltr'><strong>Santonas</strong></span> <span class='ocrx_word' id='word_1_68' title='bbox 1911 972 2094 1030; x_wconf 80' lang='lat' dir='ltr'><strong>Pridie</strong></span> <span class='ocrx_word' id='word_1_69' title='bbox 2122 992 2248 1031; x_wconf 85' lang='lat' dir='ltr'><strong>non.</strong></span> <span class='ocrx_word' id='word_1_70' title='bbox 2273 974 2421 1048; x_wconf 84' lang='lat' dir='ltr'><strong>Sept.</strong></span> <span class='ocrx_word' id='word_1_71' title='bbox 2477 976 2534 1031; x_wconf 88' lang='lat' dir='ltr'><strong>lu</strong></span> <span class='ocrx_word' id='word_1_72' title='bbox 2561 976 2775 1050; x_wconf 80' lang='lat' dir='ltr'><strong>Ancyra</strong></span> <span class='ocrx_word' id='word_1_73' title='bbox 2802 977 3051 1046; x_wconf 65' lang='lat' dir='ltr'><strong>Galatiaz,</strong></span> <span class='ocrx_word' id='word_1_74' title='bbox 3078 979 3274 1035; x_wconf 87' lang='lat' dir='ltr'><strong>natalis</strong></span> <span class='ocrx_word' id='word_1_75' title='bbox 3295 994 3437 1036; x_wconf 88' lang='lat' dir='ltr'><strong>san-</strong></span> 
     </span>
    </p>
   </div>
   <div class='ocr_carea' id='block_1_8' title="bbox 187 1067 3433 1146">
    <p class='ocr_par' dir='ltr' id='par_1_8' title="bbox 187 1067 3433 1146">
     <span class='ocr_line' id='line_1_8' title="bbox 187 1067 3433 1146; baseline -0.001 -13"><span class='ocrx_word' id='word_1_76' title='bbox 187 1076 386 1141; x_wconf 79' lang='lat' dir='ltr'><strong>civitate,</strong></span> <span class='ocrx_word' id='word_1_77' title='bbox 416 1072 681 1146; x_wconf 83' lang='lat' dir='ltr'><strong>depositio</strong></span> <span class='ocrx_word' id='word_1_78' title='bbox 704 1073 879 1129; x_wconf 86' lang='lat' dir='ltr'><strong>sancti</strong></span> <span class='ocrx_word' id='word_1_79' title='bbox 906 1072 1118 1129; x_wconf 75' lang='lat' dir='ltr'><strong>Viviani</strong></span> <span class='ocrx_word' id='word_1_80' title='bbox 1147 1072 1389 1144; x_wconf 83' lang='lat' dir='ltr'><strong>episcopi</strong></span> <span class='ocrx_word' id='word_1_81' title='bbox 1436 1082 1492 1128; x_wconf 89' lang='lat' dir='ltr'><strong>et</strong></span> <span class='ocrx_word' id='word_1_82' title='bbox 1517 1070 1733 1127; x_wconf 58' lang='lat' dir='ltr'><strong>confes.</strong></span> <span class='ocrx_word' id='word_1_83' title='bbox 1838 1075 2049 1124; x_wconf 84' lang='lat' dir='ltr'><strong>ctorum</strong></span> <span class='ocrx_word' id='word_1_84' title='bbox 2082 1068 2281 1135; x_wconf 77' lang='lat' dir='ltr'><strong>Ruﬁni,</strong></span> <span class='ocrx_word' id='word_1_85' title='bbox 2336 1067 2563 1137; x_wconf 90' lang='lat' dir='ltr'><strong>Silvani,</strong></span> <span class='ocrx_word' id='word_1_86' title='bbox 2600 1070 2865 1135; x_wconf 85' lang='lat' dir='ltr'><strong>Marcelli,</strong></span> <span class='ocrx_word' id='word_1_87' title='bbox 2914 1070 3103 1127; x_wconf 89' lang='lat' dir='ltr'><strong>Gaiani</strong></span> <span class='ocrx_word' id='word_1_88' title='bbox 3130 1114 3144 1137; x_wconf 93' lang='lat'><strong>,</strong></span> <span class='ocrx_word' id='word_1_89' title='bbox 3195 1073 3433 1143; x_wconf 83' lang='lat' dir='ltr'><strong>Helpidi,</strong></span> 
     </span>
    </p>
   </div>
   <div class='ocr_carea' id='block_1_9' title="bbox 185 1160 3438 1239">
    <p class='ocr_par' dir='ltr' id='par_1_9' title="bbox 185 1160 3438 1239">
     <span class='ocr_line' id='line_1_9' title="bbox 185 1160 3438 1239; baseline -0.002 -14"><span class='ocrx_word' id='word_1_90' title='bbox 185 1169 317 1226; x_wconf 82' lang='lat' dir='ltr'><strong>saris.</strong></span> <span class='ocrx_word' id='word_1_91' title='bbox 358 1165 423 1223; x_wconf 78' lang='lat' dir='ltr'><strong>In</strong></span> <span class='ocrx_word' id='word_1_92' title='bbox 448 1166 668 1239; x_wconf 76' lang='lat' dir='ltr'><strong>Africa,</strong></span> <span class='ocrx_word' id='word_1_93' title='bbox 715 1167 922 1221; x_wconf 78' lang='lat' dir='ltr'><strong>civitate</strong></span> <span class='ocrx_word' id='word_1_94' title='bbox 969 1164 1220 1238; x_wconf 78' lang='lat' dir='ltr'><strong>Hippone</strong></span> <span class='ocrx_word' id='word_1_95' title='bbox 1258 1165 1401 1236; x_wconf 85' lang='lat' dir='ltr'><strong>regio</strong></span> <span class='ocrx_word' id='word_1_96' title='bbox 1427 1206 1441 1233; x_wconf 92' lang='lat'><strong>,</strong></span> <span class='ocrx_word' id='word_1_97' title='bbox 1481 1163 1737 1234; x_wconf 74' lang='lat' dir='ltr'><strong>depositio</strong></span> <span class='ocrx_word' id='word_1_98' title='bbox 1839 1160 2631 1231; x_wconf 87' lang='lat' dir='ltr'><strong>Antonini,Eustici,Maximi,</strong></span> <span class='ocrx_word' id='word_1_99' title='bbox 2660 1163 2902 1218; x_wconf 83' lang='lat' dir='ltr'><strong>Eusebii.</strong></span> <span class='ocrx_word' id='word_1_100' title='bbox 2931 1163 3082 1232; x_wconf 90' lang='lat' dir='ltr'><strong>Item,</strong></span> <span class='ocrx_word' id='word_1_101' title='bbox 3103 1165 3314 1230; x_wconf 86' lang='lat' dir='ltr'><strong>Gaiani,</strong></span> <span class='ocrx_word' id='word_1_102' title='bbox 3342 1166 3438 1220; x_wconf 78' lang='lat' dir='ltr'><strong>V&#39;i-</strong></span> 
     </span>
    </p>
   </div>
   <div class='ocr_carea' id='block_1_10' title="bbox 185 1253 3433 1332">
    <p class='ocr_par' dir='ltr' id='par_1_10' title="bbox 185 1253 3433 1332">
     <span class='ocr_line' id='line_1_10' title="bbox 185 1253 3433 1332; baseline -0.002 -14"><span class='ocrx_word' id='word_1_103' title='bbox 185 1261 321 1319; x_wconf 69' lang='lat' dir='ltr'><strong>uncti</strong></span> <span class='ocrx_word' id='word_1_104' title='bbox 345 1260 619 1332; x_wconf 76' lang='lat' dir='ltr'><strong>Augustini</strong></span> <span class='ocrx_word' id='word_1_105' title='bbox 640 1259 872 1331; x_wconf 78' lang='lat' dir='ltr'><strong>episcopi</strong></span> <span class='ocrx_word' id='word_1_106' title='bbox 893 1266 942 1313; x_wconf 85' lang='lat' dir='ltr'><strong>et</strong></span> <span class='ocrx_word' id='word_1_107' title='bbox 968 1259 1304 1331; x_wconf 76' lang='lat' dir='ltr'><strong>confessoris.</strong></span> <span class='ocrx_word' id='word_1_108' title='bbox 1846 1254 2057 1323; x_wconf 67' lang='lat' dir='ltr'><strong>talicm,</strong></span> <span class='ocrx_word' id='word_1_109' title='bbox 2106 1253 2342 1321; x_wconf 89' lang='lat' dir='ltr'><strong>Gaison,</strong></span> <span class='ocrx_word' id='word_1_110' title='bbox 2396 1255 2609 1325; x_wconf 82' lang='lat' dir='ltr'><strong>Magni,</strong></span> <span class='ocrx_word' id='word_1_111' title='bbox 2658 1255 2845 1322; x_wconf 91' lang='lat' dir='ltr'><strong>Casti,</strong></span> <span class='ocrx_word' id='word_1_112' title='bbox 2883 1256 3180 1321; x_wconf 88' lang='lat' dir='ltr'><strong>Saturnini,</strong></span> <span class='ocrx_word' id='word_1_113' title='bbox 3214 1257 3433 1327; x_wconf 84' lang='lat' dir='ltr'><strong>Donati,</strong></span> 
     </span>
    </p>
   </div>
   <div class='ocr_carea' id='block_1_11' title="bbox 239 1345 3437 1425">
    <p class='ocr_par' dir='ltr' id='par_1_11' title="bbox 239 1345 3437 1425">
     <span class='ocr_line' id='line_1_11' title="bbox 239 1345 3437 1425; baseline -0.001 -16"><span class='ocrx_word' id='word_1_114' title='bbox 239 1369 284 1409; x_wconf 82' lang='lat' dir='ltr'><strong>tv</strong></span> <span class='ocrx_word' id='word_1_115' title='bbox 307 1353 402 1409; x_wconf 74' lang='lat' dir='ltr'><strong>kal.</strong></span> <span class='ocrx_word' id='word_1_116' title='bbox 432 1353 583 1425; x_wconf 83' lang='lat' dir='ltr'><strong>Sept.</strong></span> <span class='ocrx_word' id='word_1_117' title='bbox 628 1351 888 1409; x_wconf 83' lang='lat' dir='ltr'><strong>Pansatio</strong></span> <span class='ocrx_word' id='word_1_118' title='bbox 934 1351 1112 1409; x_wconf 87' lang='lat' dir='ltr'><strong>sancti</strong></span> <span class='ocrx_word' id='word_1_119' title='bbox 1170 1350 1372 1407; x_wconf 89' lang='lat' dir='ltr'><strong>Helisei</strong></span> <span class='ocrx_word' id='word_1_120' title='bbox 1429 1349 1733 1421; x_wconf 61' lang='lat' dir='ltr'><strong>prophetae,</strong></span> <span class='ocrx_word' id='word_1_121' title='bbox 1839 1346 2023 1401; x_wconf 90' lang='lat' dir='ltr'><strong>Eleusi</strong></span> <span class='ocrx_word' id='word_1_122' title='bbox 2052 1361 2177 1403; x_wconf 91' lang='lat' dir='ltr'><strong>cum</strong></span> <span class='ocrx_word' id='word_1_123' title='bbox 2210 1345 2372 1402; x_wconf 90' lang='lat' dir='ltr'><strong>sociis</strong></span> <span class='ocrx_word' id='word_1_124' title='bbox 2414 1363 2626 1403; x_wconf 88' lang='lat' dir='ltr'><strong>eorum.</strong></span> <span class='ocrx_word' id='word_1_125' title='bbox 2670 1347 2881 1414; x_wconf 82' lang='lat' dir='ltr'><strong>Romae,</strong></span> <span class='ocrx_word' id='word_1_126' title='bbox 2906 1350 2958 1404; x_wconf 93' lang='lat' dir='ltr'><strong>in</strong></span> <span class='ocrx_word' id='word_1_127' title='bbox 2986 1351 3298 1406; x_wconf 86' lang='lat' dir='ltr'><strong>coetneterio</strong></span> <span class='ocrx_word' id='word_1_128' title='bbox 3327 1350 3437 1406; x_wconf 86' lang='lat' dir='ltr'><strong>Ma-</strong></span> 
     </span>
    </p>
   </div>
   <div class='ocr_carea' id='block_1_12' title="bbox 184 1439 3431 1517">
    <p class='ocr_par' dir='ltr' id='par_1_12' title="bbox 184 1439 3431 1517">
     <span class='ocr_line' id='line_1_12' title="bbox 184 1439 3431 1517; baseline -0.001 -16"><span class='ocrx_word' id='word_1_129' title='bbox 184 1444 395 1517; x_wconf 82' lang='lat' dir='ltr'><strong>discipuli</strong></span> <span class='ocrx_word' id='word_1_130' title='bbox 436 1445 613 1501; x_wconf 88' lang='lat' dir='ltr'><strong>sancti</strong></span> <span class='ocrx_word' id='word_1_131' title='bbox 642 1443 775 1501; x_wconf 63' lang='lat' dir='ltr'><strong>Elia:</strong></span> <span class='ocrx_word' id='word_1_132' title='bbox 803 1443 1107 1515; x_wconf 68' lang='lat' dir='ltr'><strong>prophetae.</strong></span> <span class='ocrx_word' id='word_1_133' title='bbox 1156 1442 1212 1497; x_wconf 93' lang='lat' dir='ltr'><strong>ln</strong></span> <span class='ocrx_word' id='word_1_134' title='bbox 1242 1441 1481 1515; x_wconf 88' lang='lat' dir='ltr'><strong>Syrmia,</strong></span> <span class='ocrx_word' id='word_1_135' title='bbox 1536 1440 1737 1498; x_wconf 85' lang='lat' dir='ltr'><strong>natalis</strong></span> <span class='ocrx_word' id='word_1_136' title='bbox 1840 1439 1992 1505; x_wconf 72' lang='lat' dir='ltr'><strong>simi,</strong></span> <span class='ocrx_word' id='word_1_137' title='bbox 2025 1440 2111 1495; x_wconf 88' lang='lat' dir='ltr'><strong>via</strong></span> <span class='ocrx_word' id='word_1_138' title='bbox 2140 1440 2351 1495; x_wconf 89' lang='lat' dir='ltr'><strong>Salaria</strong></span> <span class='ocrx_word' id='word_1_139' title='bbox 2373 1482 2388 1508; x_wconf 95' lang='lat'><strong>,</strong></span> <span class='ocrx_word' id='word_1_140' title='bbox 2448 1440 2717 1511; x_wconf 88' lang='lat' dir='ltr'><strong>depositio</strong></span> <span class='ocrx_word' id='word_1_141' title='bbox 2747 1440 3008 1497; x_wconf 78' lang='lat' dir='ltr'><strong>Bonifacii</strong></span> <span class='ocrx_word' id='word_1_142' title='bbox 3060 1442 3318 1513; x_wconf 84' lang='lat' dir='ltr'><strong>episcopi.</strong></span> <span class='ocrx_word' id='word_1_143' title='bbox 3348 1443 3431 1499; x_wconf 92' lang='lat' dir='ltr'><strong>Ad</strong></span> 
     </span>
    </p>
   </div>
   <div class='ocr_carea' id='block_1_13' title="bbox 183 1533 3436 1607">
    <p class='ocr_par' dir='ltr' id='par_1_13' title="bbox 183 1533 3436 1607">
     <span class='ocr_line' id='line_1_13' title="bbox 183 1533 3436 1607; baseline -0.001 -15"><span class='ocrx_word' id='word_1_144' title='bbox 183 1549 347 1594; x_wconf 62' lang='lat' dir='ltr'><strong>sanctae</strong></span> <span class='ocrx_word' id='word_1_145' title='bbox 375 1537 643 1593; x_wconf 67' lang='lat' dir='ltr'><strong>Basilissac</strong></span> <span class='ocrx_word' id='word_1_146' title='bbox 672 1535 919 1607; x_wconf 76' lang='lat' dir='ltr'><strong>virginis.</strong></span> <span class='ocrx_word' id='word_1_147' title='bbox 952 1534 1011 1590; x_wconf 92' lang='lat' dir='ltr'><strong>ln</strong></span> <span class='ocrx_word' id='word_1_148' title='bbox 1045 1533 1328 1590; x_wconf 84' lang='lat' dir='ltr'><strong>Antiochia</strong></span> <span class='ocrx_word' id='word_1_149' title='bbox 1352 1533 1548 1605; x_wconf 65' lang='lat' dir='ltr'><strong>Syriae,</strong></span> <span class='ocrx_word' id='word_1_150' title='bbox 1576 1542 1735 1588; x_wconf 88' lang='lat' dir='ltr'><strong>nata-</strong></span> <span class='ocrx_word' id='word_1_151' title='bbox 1841 1540 2089 1589; x_wconf 87' lang='lat' dir='ltr'><strong>sanctam</strong></span> <span class='ocrx_word' id='word_1_152' title='bbox 2120 1533 2483 1602; x_wconf 88' lang='lat' dir='ltr'><strong>Felicitatem,</strong></span> <span class='ocrx_word' id='word_1_153' title='bbox 2516 1535 2712 1591; x_wconf 91' lang='lat' dir='ltr'><strong>natalis</strong></span> <span class='ocrx_word' id='word_1_154' title='bbox 2734 1542 3050 1591; x_wconf 90' lang='lat' dir='ltr'><strong>sanctorum</strong></span> <span class='ocrx_word' id='word_1_155' title='bbox 3085 1535 3284 1607; x_wconf 82' lang='lat' dir='ltr'><strong>Magni,</strong></span> <span class='ocrx_word' id='word_1_156' title='bbox 3331 1536 3436 1592; x_wconf 89' lang='lat' dir='ltr'><strong>Ca-</strong></span> 
     </span>
    </p>
   </div>
   <div class='ocr_carea' id='block_1_14' title="bbox 182 1626 3432 1697">
    <p class='ocr_par' dir='ltr' id='par_1_14' title="bbox 182 1626 3432 1697">
     <span class='ocr_line' id='line_1_14' title="bbox 182 1626 3432 1697; baseline -0.001 -10"><span class='ocrx_word' id='word_1_157' title='bbox 182 1632 237 1687; x_wconf 89' lang='lat' dir='ltr'><strong>lis</strong></span> <span class='ocrx_word' id='word_1_158' title='bbox 273 1642 566 1689; x_wconf 88' lang='lat' dir='ltr'><strong>sanctorum</strong></span> <span class='ocrx_word' id='word_1_159' title='bbox 595 1630 780 1686; x_wconf 67' lang='lat' dir='ltr'><strong>Nicena</strong></span> <span class='ocrx_word' id='word_1_160' title='bbox 801 1671 818 1697; x_wconf 93' lang='lat'><strong>,</strong></span> <span class='ocrx_word' id='word_1_161' title='bbox 872 1629 1046 1685; x_wconf 90' lang='lat' dir='ltr'><strong>Pauli.</strong></span> <span class='ocrx_word' id='word_1_162' title='bbox 1104 1628 1312 1695; x_wconf 66' lang='lat' dir='ltr'><strong>80mm,</strong></span> <span class='ocrx_word' id='word_1_163' title='bbox 1346 1628 1430 1681; x_wconf 90' lang='lat' dir='ltr'><strong>via</strong></span> <span class='ocrx_word' id='word_1_164' title='bbox 1478 1626 1734 1693; x_wconf 79' lang='lat' dir='ltr'><strong>OSIense,</strong></span> <span class='ocrx_word' id='word_1_165' title='bbox 1839 1628 1930 1694; x_wconf 89' lang='lat' dir='ltr'><strong>sti,</strong></span> <span class='ocrx_word' id='word_1_166' title='bbox 1956 1626 2255 1697; x_wconf 89' lang='lat' dir='ltr'><strong>Saturnini,</strong></span> <span class='ocrx_word' id='word_1_167' title='bbox 2292 1628 2538 1683; x_wconf 88' lang='lat' dir='ltr'><strong>Firmini.</strong></span> <span class='ocrx_word' id='word_1_168' title='bbox 2564 1628 2621 1685; x_wconf 90' lang='lat' dir='ltr'><strong>In</strong></span> <span class='ocrx_word' id='word_1_169' title='bbox 2653 1626 2848 1697; x_wconf 87' lang='lat' dir='ltr'><strong>Gallia,</strong></span> <span class='ocrx_word' id='word_1_170' title='bbox 2880 1628 3103 1685; x_wconf 85' lang='lat' dir='ltr'><strong>civitate</strong></span> <span class='ocrx_word' id='word_1_171' title='bbox 3130 1630 3432 1697; x_wconf 82' lang='lat' dir='ltr'><strong>Cabillono,</strong></span> 
     </span>
    </p>
   </div>
   <div class='ocr_carea' id='block_1_15' title="bbox 183 1719 3434 1794">
    <p class='ocr_par' dir='ltr' id='par_1_15' title="bbox 183 1719 3434 1794">
     <span class='ocr_line' id='line_1_15' title="bbox 183 1719 3434 1794; baseline -0.001 -14"><span class='ocrx_word' id='word_1_172' title='bbox 183 1724 342 1781; x_wconf 82' lang='lat' dir='ltr'><strong>natalis</strong></span> <span class='ocrx_word' id='word_1_173' title='bbox 388 1734 706 1782; x_wconf 89' lang='lat' dir='ltr'><strong>sanctorum</strong></span> <span class='ocrx_word' id='word_1_174' title='bbox 734 1722 949 1790; x_wconf 87' lang='lat' dir='ltr'><strong>Felicis,</strong></span> <span class='ocrx_word' id='word_1_175' title='bbox 1007 1720 1263 1777; x_wconf 78' lang='lat' dir='ltr'><strong>Candida:</strong></span> <span class='ocrx_word' id='word_1_176' title='bbox 1294 1719 1543 1791; x_wconf 79' lang='lat' dir='ltr'><strong>virginis,</strong></span> <span class='ocrx_word' id='word_1_177' title='bbox 1575 1720 1735 1775; x_wconf 89' lang='lat' dir='ltr'><strong>Fori-</strong></span> <span class='ocrx_word' id='word_1_178' title='bbox 1840 1721 2036 1775; x_wconf 89' lang='lat' dir='ltr'><strong>natalis</strong></span> <span class='ocrx_word' id='word_1_179' title='bbox 2067 1721 2239 1775; x_wconf 86' lang='lat' dir='ltr'><strong>sancti</strong></span> <span class='ocrx_word' id='word_1_180' title='bbox 2272 1720 2510 1776; x_wconf 85' lang='lat' dir='ltr'><strong>Marcelli</strong></span> <span class='ocrx_word' id='word_1_181' title='bbox 2544 1721 2819 1792; x_wconf 85' lang='lat' dir='ltr'><strong>martyris.</strong></span> <span class='ocrx_word' id='word_1_182' title='bbox 2851 1721 3126 1789; x_wconf 86' lang='lat' dir='ltr'><strong>Treveris,</strong></span> <span class='ocrx_word' id='word_1_183' title='bbox 3161 1723 3434 1794; x_wconf 85' lang='lat' dir='ltr'><strong>depositio</strong></span> 
     </span>
    </p>
   </div>
   <div class='ocr_carea' id='block_1_16' title="bbox 181 1812 2547 1886">
    <p class='ocr_par' dir='ltr' id='par_1_16' title="bbox 181 1812 2547 1886">
     <span class='ocr_line' id='line_1_16' title="bbox 181 1812 2547 1886; baseline -0.002 -14"><span class='ocrx_word' id='word_1_184' title='bbox 181 1818 277 1885; x_wconf 75' lang='lat' dir='ltr'><strong>cite,</strong></span> <span class='ocrx_word' id='word_1_185' title='bbox 302 1817 566 1886; x_wconf 71' lang='lat' dir='ltr'><strong>Adausite,</strong></span> <span class='ocrx_word' id='word_1_186' title='bbox 598 1816 919 1874; x_wconf 71' lang='lat' dir='ltr'><strong>Gemellina:</strong></span> <span class='ocrx_word' id='word_1_187' title='bbox 948 1830 1072 1872; x_wconf 92' lang='lat' dir='ltr'><strong>cum</strong></span> <span class='ocrx_word' id='word_1_188' title='bbox 1105 1814 1269 1871; x_wconf 90' lang='lat' dir='ltr'><strong>sociis</strong></span> <span class='ocrx_word' id='word_1_189' title='bbox 1300 1827 1512 1869; x_wconf 89' lang='lat' dir='ltr'><strong>eorum.</strong></span> <span class='ocrx_word' id='word_1_190' title='bbox 1543 1812 1736 1868; x_wconf 91' lang='lat' dir='ltr'><strong>Passio</strong></span> <span class='ocrx_word' id='word_1_191' title='bbox 1838 1814 2011 1868; x_wconf 88' lang='lat' dir='ltr'><strong>sancti</strong></span> <span class='ocrx_word' id='word_1_192' title='bbox 2041 1813 2251 1879; x_wconf 83' lang='lat' dir='ltr'><strong>Paulini</strong></span> <span class='ocrx_word' id='word_1_193' title='bbox 2281 1815 2547 1885; x_wconf 90' lang='lat' dir='ltr'><strong>episcopi.</strong></span> 
     </span>
    </p>
   </div>
   <div class='ocr_carea' id='block_1_17' title="bbox 182 1901 3435 1983">
    <p class='ocr_par' dir='ltr' id='par_1_17' title="bbox 182 1901 3435 1983">
     <span class='ocr_line' id='line_1_17' title="bbox 182 1901 3435 1983; baseline -0.001 -17"><span class='ocrx_word' id='word_1_194' title='bbox 182 1921 349 1967; x_wconf 73' lang='lat' dir='ltr'><strong>sancta:</strong></span> <span class='ocrx_word' id='word_1_195' title='bbox 370 1912 587 1969; x_wconf 74' lang='lat' dir='ltr'><strong>Sabina:</strong></span> <span class='ocrx_word' id='word_1_196' title='bbox 613 1910 890 1983; x_wconf 86' lang='lat' dir='ltr'><strong>martyris.</strong></span> <span class='ocrx_word' id='word_1_197' title='bbox 1763 1901 1814 1964; x_wconf 93' lang='lat' dir='ltr'><strong>B</strong></span> <span class='ocrx_word' id='word_1_198' title='bbox 1914 1906 2056 1960; x_wconf 85' lang='lat' dir='ltr'><strong>Non.</strong></span> <span class='ocrx_word' id='word_1_199' title='bbox 2094 1906 2241 1978; x_wconf 84' lang='lat' dir='ltr'><strong>Sept.</strong></span> <span class='ocrx_word' id='word_1_200' title='bbox 2298 1906 2355 1961; x_wconf 90' lang='lat' dir='ltr'><strong>lu</strong></span> <span class='ocrx_word' id='word_1_201' title='bbox 2398 1917 2553 1976; x_wconf 87' lang='lat' dir='ltr'><strong>portu</strong></span> <span class='ocrx_word' id='word_1_202' title='bbox 2582 1908 2851 1975; x_wconf 80' lang='lat' dir='ltr'><strong>Romano,</strong></span> <span class='ocrx_word' id='word_1_203' title='bbox 2886 1907 3079 1962; x_wconf 89' lang='lat' dir='ltr'><strong>natalis</strong></span> <span class='ocrx_word' id='word_1_204' title='bbox 3123 1914 3435 1964; x_wconf 86' lang='lat' dir='ltr'><strong>sanctorum</strong></span> 
     </span>
    </p>
   </div>
   <div class='ocr_carea' id='block_1_18' title="bbox 235 1996 3439 2075">
    <p class='ocr_par' dir='ltr' id='par_1_18' title="bbox 235 1996 3439 2075">
     <span class='ocr_line' id='line_1_18' title="bbox 235 1996 3439 2075; baseline -0.002 -15"><span class='ocrx_word' id='word_1_205' title='bbox 235 2019 287 2060; x_wconf 89' lang='grc' dir='ltr'><strong>ιιι</strong></span> <span class='ocrx_word' id='word_1_206' title='bbox 323 2004 425 2059; x_wconf 80' lang='lat' dir='ltr'><strong>kal.</strong></span> <span class='ocrx_word' id='word_1_207' title='bbox 457 2003 616 2075; x_wconf 88' lang='lat' dir='ltr'><strong>Sept.</strong></span> <span class='ocrx_word' id='word_1_208' title='bbox 644 2002 835 2059; x_wconf 64' lang='lat' dir='ltr'><strong>Romae</strong></span> <span class='ocrx_word' id='word_1_209' title='bbox 859 2042 873 2067; x_wconf 92' lang='lat'><strong>,</strong></span> <span class='ocrx_word' id='word_1_210' title='bbox 930 2000 1126 2056; x_wconf 90' lang='lat' dir='ltr'><strong>natalis</strong></span> <span class='ocrx_word' id='word_1_211' title='bbox 1156 2006 1359 2054; x_wconf 75' lang='lat' dir='ltr'><strong>sanctae</strong></span> <span class='ocrx_word' id='word_1_212' title='bbox 1388 1996 1731 2063; x_wconf 88' lang='lat' dir='ltr'><strong>Gaudentiae,</strong></span> <span class='ocrx_word' id='word_1_213' title='bbox 1838 1997 2083 2067; x_wconf 88' lang='lat' dir='ltr'><strong>Daurini,</strong></span> <span class='ocrx_word' id='word_1_214' title='bbox 2114 1998 2298 2066; x_wconf 85' lang='lat' dir='ltr'><strong>Heroi,</strong></span> <span class='ocrx_word' id='word_1_215' title='bbox 2348 1998 2649 2063; x_wconf 89' lang='lat' dir='ltr'><strong>Heraliani,</strong></span> <span class='ocrx_word' id='word_1_216' title='bbox 2688 1998 2943 2055; x_wconf 88' lang='lat' dir='ltr'><strong>Aristosi.</strong></span> <span class='ocrx_word' id='word_1_217' title='bbox 2997 1999 3067 2055; x_wconf 85' lang='lat' dir='ltr'><strong>Et</strong></span> <span class='ocrx_word' id='word_1_218' title='bbox 3100 2002 3283 2071; x_wconf 90' lang='lat' dir='ltr'><strong>passio</strong></span> <span class='ocrx_word' id='word_1_219' title='bbox 3312 2016 3439 2055; x_wconf 89' lang='lat' dir='ltr'><strong>san-</strong></span> 
     </span>
    </p>
   </div>
   <div class='ocr_carea' id='block_1_19' title="bbox 182 2089 3437 2166">
    <p class='ocr_par' dir='ltr' id='par_1_19' title="bbox 182 2089 3437 2166">
     <span class='ocr_line' id='line_1_19' title="bbox 182 2089 3437 2166; baseline 0 -17"><span class='ocrx_word' id='word_1_220' title='bbox 182 2094 368 2166; x_wconf 82' lang='lat' dir='ltr'><strong>rirgiuis</strong></span> <span class='ocrx_word' id='word_1_221' title='bbox 391 2110 518 2152; x_wconf 89' lang='lat' dir='ltr'><strong>cum</strong></span> <span class='ocrx_word' id='word_1_222' title='bbox 565 2095 792 2166; x_wconf 87' lang='lat' dir='ltr'><strong>reliquis</strong></span> <span class='ocrx_word' id='word_1_223' title='bbox 813 2093 1006 2149; x_wconf 89' lang='lat' dir='ltr'><strong>tribus.</strong></span> <span class='ocrx_word' id='word_1_224' title='bbox 1040 2091 1098 2147; x_wconf 84' lang='lat' dir='ltr'><strong>in</strong></span> <span class='ocrx_word' id='word_1_225' title='bbox 1127 2091 1410 2147; x_wconf 88' lang='lat' dir='ltr'><strong>Provincia</strong></span> <span class='ocrx_word' id='word_1_226' title='bbox 1432 2089 1735 2146; x_wconf 61' lang='lat' dir='ltr'><strong>Palaestina;</strong></span> <span class='ocrx_word' id='word_1_227' title='bbox 1836 2100 2047 2147; x_wconf 89' lang='lat' dir='ltr'><strong>ctorum</strong></span> <span class='ocrx_word' id='word_1_228' title='bbox 2076 2090 2457 2159; x_wconf 87' lang='lat' dir='ltr'><strong>Thothahelis,</strong></span> <span class='ocrx_word' id='word_1_229' title='bbox 2482 2102 2536 2147; x_wconf 92' lang='lat' dir='ltr'><strong>et</strong></span> <span class='ocrx_word' id='word_1_230' title='bbox 2566 2092 2774 2148; x_wconf 90' lang='lat' dir='ltr'><strong>sororis</strong></span> <span class='ocrx_word' id='word_1_231' title='bbox 2804 2093 2924 2163; x_wconf 85' lang='lat' dir='ltr'><strong>ejus</strong></span> <span class='ocrx_word' id='word_1_232' title='bbox 2972 2093 3192 2150; x_wconf 88' lang='lat' dir='ltr'><strong>nomine</strong></span> <span class='ocrx_word' id='word_1_233' title='bbox 3220 2093 3437 2149; x_wconf 74' lang='lat' dir='ltr'><strong>Bcbeaz.</strong></span> 
     </span>
    </p>
   </div>
   <div class='ocr_carea' id='block_1_20' title="bbox 181 2181 3440 2258">
    <p class='ocr_par' dir='ltr' id='par_1_20' title="bbox 181 2181 3440 2258">
     <span class='ocr_line' id='line_1_20' title="bbox 181 2181 3440 2258; baseline 0 -14"><span class='ocrx_word' id='word_1_234' title='bbox 181 2188 363 2245; x_wconf 80' lang='lat' dir='ltr'><strong>civitate</strong></span> <span class='ocrx_word' id='word_1_235' title='bbox 380 2188 666 2254; x_wconf 85' lang='lat' dir='ltr'><strong>Sabastia,</strong></span> <span class='ocrx_word' id='word_1_236' title='bbox 697 2186 882 2257; x_wconf 90' lang='lat' dir='ltr'><strong>passio</strong></span> <span class='ocrx_word' id='word_1_237' title='bbox 904 2184 1081 2241; x_wconf 88' lang='lat' dir='ltr'><strong>sancti</strong></span> <span class='ocrx_word' id='word_1_238' title='bbox 1107 2183 1331 2240; x_wconf 89' lang='lat' dir='ltr'><strong>Joannis</strong></span> <span class='ocrx_word' id='word_1_239' title='bbox 1356 2182 1637 2254; x_wconf 65' lang='lat' dir='ltr'><strong>Baptista).</strong></span> <span class='ocrx_word' id='word_1_240' title='bbox 1665 2181 1738 2237; x_wconf 89' lang='lat' dir='ltr'><strong>Et</strong></span> <span class='ocrx_word' id='word_1_241' title='bbox 1836 2185 1894 2240; x_wconf 92' lang='lat' dir='ltr'><strong>ln</strong></span> <span class='ocrx_word' id='word_1_242' title='bbox 1923 2186 2103 2257; x_wconf 87' lang='lat' dir='ltr'><strong>Capua</strong></span> <span class='ocrx_word' id='word_1_243' title='bbox 2138 2183 2473 2256; x_wconf 71' lang='lat' dir='ltr'><strong>Campanire,</strong></span> <span class='ocrx_word' id='word_1_244' title='bbox 2529 2187 2725 2242; x_wconf 87' lang='lat' dir='ltr'><strong>natalis</strong></span> <span class='ocrx_word' id='word_1_245' title='bbox 2756 2197 3069 2243; x_wconf 89' lang='lat' dir='ltr'><strong>sanctorum</strong></span> <span class='ocrx_word' id='word_1_246' title='bbox 3098 2188 3304 2258; x_wconf 85' lang='lat' dir='ltr'><strong>Quinti,</strong></span> <span class='ocrx_word' id='word_1_247' title='bbox 3336 2192 3440 2244; x_wconf 87' lang='lat' dir='ltr'><strong>Ar-</strong></span> 
     </span>
    </p>
   </div>
   <div class='ocr_carea' id='block_1_21' title="bbox 181 2274 3440 2349">
    <p class='ocr_par' dir='ltr' id='par_1_21' title="bbox 181 2274 3440 2349">
     <span class='ocr_line' id='line_1_21' title="bbox 181 2274 3440 2349; baseline 0.002 -16"><span class='ocrx_word' id='word_1_248' title='bbox 181 2278 301 2347; x_wconf 88' lang='lat' dir='ltr'><strong>alibi,</strong></span> <span class='ocrx_word' id='word_1_249' title='bbox 326 2280 515 2337; x_wconf 83' lang='lat' dir='ltr'><strong>natalis</strong></span> <span class='ocrx_word' id='word_1_250' title='bbox 535 2288 852 2337; x_wconf 83' lang='lat' dir='ltr'><strong>sanctorum</strong></span> <span class='ocrx_word' id='word_1_251' title='bbox 870 2288 1275 2348; x_wconf 86' lang='lat' dir='ltr'><strong>nongentorum</strong></span> <span class='ocrx_word' id='word_1_252' title='bbox 1294 2284 1619 2347; x_wconf 86' lang='lat' dir='ltr'><strong>martyrum,</strong></span> <span class='ocrx_word' id='word_1_253' title='bbox 1642 2274 1737 2345; x_wconf 92' lang='lat' dir='ltr'><strong>qui</strong></span> <span class='ocrx_word' id='word_1_254' title='bbox 1838 2279 2010 2344; x_wconf 92' lang='lat' dir='ltr'><strong>conti,</strong></span> <span class='ocrx_word' id='word_1_255' title='bbox 2035 2278 2255 2347; x_wconf 91' lang='lat' dir='ltr'><strong>Donati,</strong></span> <span class='ocrx_word' id='word_1_256' title='bbox 2280 2280 2479 2349; x_wconf 88' lang='lat' dir='ltr'><strong>Magni,</strong></span> <span class='ocrx_word' id='word_1_257' title='bbox 2510 2278 2772 2334; x_wconf 88' lang='lat' dir='ltr'><strong>Januarii.</strong></span> <span class='ocrx_word' id='word_1_258' title='bbox 2798 2280 2855 2335; x_wconf 86' lang='lat' dir='ltr'><strong>In</strong></span> <span class='ocrx_word' id='word_1_259' title='bbox 2879 2280 3223 2348; x_wconf 82' lang='lat' dir='ltr'><strong>Alexandria,</strong></span> <span class='ocrx_word' id='word_1_260' title='bbox 3241 2282 3440 2339; x_wconf 90' lang='lat' dir='ltr'><strong>natalis</strong></span> 
     </span>
    </p>
   </div>
   <div class='ocr_carea' id='block_1_22' title="bbox 182 2367 3439 2444">
    <p class='ocr_par' dir='ltr' id='par_1_22' title="bbox 182 2367 3439 2444">
     <span class='ocr_line' id='line_1_22' title="bbox 182 2367 3439 2444; baseline -0.001 -15"><span class='ocrx_word' id='word_1_261' title='bbox 182 2372 335 2429; x_wconf 84' lang='lat' dir='ltr'><strong>eadem</strong></span> <span class='ocrx_word' id='word_1_262' title='bbox 362 2374 447 2431; x_wconf 91' lang='lat' dir='ltr'><strong>die</strong></span> <span class='ocrx_word' id='word_1_263' title='bbox 476 2372 627 2444; x_wconf 89' lang='lat' dir='ltr'><strong>passi</strong></span> <span class='ocrx_word' id='word_1_264' title='bbox 654 2381 803 2427; x_wconf 89' lang='lat' dir='ltr'><strong>sunt.</strong></span> <span class='ocrx_word' id='word_1_265' title='bbox 1840 2377 2154 2425; x_wconf 87' lang='lat' dir='ltr'><strong>sanctorum</strong></span> <span class='ocrx_word' id='word_1_266' title='bbox 2186 2367 2449 2436; x_wconf 79' lang='lat' dir='ltr'><strong>Memiidi,</strong></span> <span class='ocrx_word' id='word_1_267' title='bbox 2476 2368 2772 2425; x_wconf 84' lang='lat' dir='ltr'><strong>Sturninae.</strong></span> <span class='ocrx_word' id='word_1_268' title='bbox 2800 2370 3080 2440; x_wconf 91' lang='lat' dir='ltr'><strong>Depositio</strong></span> <span class='ocrx_word' id='word_1_269' title='bbox 3113 2372 3259 2426; x_wconf 89' lang='lat' dir='ltr'><strong>Beati</strong></span> <span class='ocrx_word' id='word_1_270' title='bbox 3282 2371 3439 2444; x_wconf 86' lang='lat' dir='ltr'><strong>lnge-</strong></span> 
     </span>
    </p>
   </div>
   <div class='ocr_carea' id='block_1_23' title="bbox 236 2458 3438 2535">
    <p class='ocr_par' dir='ltr' id='par_1_23' title="bbox 236 2458 3438 2535">
     <span class='ocr_line' id='line_1_23' title="bbox 236 2458 3438 2535; baseline 0 -16"><span class='ocrx_word' id='word_1_271' title='bbox 236 2463 396 2522; x_wconf 82' lang='lat' dir='ltr'><strong>Pridic</strong></span> <span class='ocrx_word' id='word_1_272' title='bbox 420 2463 534 2520; x_wconf 78' lang='grc' dir='ltr'><strong><em>ιωι.</em></strong></span> <span class='ocrx_word' id='word_1_273' title='bbox 568 2464 723 2535; x_wconf 84' lang='lat' dir='ltr'><strong>Sept.</strong></span> <span class='ocrx_word' id='word_1_274' title='bbox 771 2463 1048 2531; x_wconf 83' lang='lat' dir='ltr'><strong>Treveris,</strong></span> <span class='ocrx_word' id='word_1_275' title='bbox 1082 2460 1354 2533; x_wconf 83' lang='lat' dir='ltr'><strong>depositio</strong></span> <span class='ocrx_word' id='word_1_276' title='bbox 1382 2459 1555 2516; x_wconf 84' lang='lat' dir='ltr'><strong>sancti</strong></span> <span class='ocrx_word' id='word_1_277' title='bbox 1584 2458 1739 2514; x_wconf 87' lang='lat' dir='ltr'><strong>Pauli</strong></span> <span class='ocrx_word' id='word_1_278' title='bbox 1842 2460 1937 2516; x_wconf 90' lang='lat' dir='ltr'><strong>nui</strong></span> <span class='ocrx_word' id='word_1_279' title='bbox 1988 2475 2109 2516; x_wconf 89' lang='lat' dir='ltr'><strong>cum</strong></span> <span class='ocrx_word' id='word_1_280' title='bbox 2141 2459 2305 2516; x_wconf 88' lang='lat' dir='ltr'><strong>sociis</strong></span> <span class='ocrx_word' id='word_1_281' title='bbox 2335 2460 2446 2516; x_wconf 89' lang='lat' dir='ltr'><strong>suis</strong></span> <span class='ocrx_word' id='word_1_282' title='bbox 2469 2502 2484 2527; x_wconf 96' lang='lat'><strong>,</strong></span> <span class='ocrx_word' id='word_1_283' title='bbox 2536 2477 2766 2531; x_wconf 90' lang='lat' dir='ltr'><strong>quorum</strong></span> <span class='ocrx_word' id='word_1_284' title='bbox 2796 2462 3012 2517; x_wconf 89' lang='lat' dir='ltr'><strong>nomina</strong></span> <span class='ocrx_word' id='word_1_285' title='bbox 3046 2463 3192 2519; x_wconf 90' lang='lat' dir='ltr'><strong>Deus</strong></span> <span class='ocrx_word' id='word_1_286' title='bbox 3212 2463 3336 2519; x_wconf 90' lang='lat' dir='ltr'><strong>scit.</strong></span> <span class='ocrx_word' id='word_1_287' title='bbox 3378 2465 3438 2520; x_wconf 89' lang='lat' dir='ltr'><strong>ln</strong></span> 
     </span>
    </p>
   </div>
   <div class='ocr_carea' id='block_1_24' title="bbox 181 2552 3442 2629">
    <p class='ocr_par' dir='ltr' id='par_1_24' title="bbox 181 2552 3442 2629">
     <span class='ocr_line' id='line_1_24' title="bbox 181 2552 3442 2629; baseline 0.001 -20"><span class='ocrx_word' id='word_1_288' title='bbox 181 2556 383 2629; x_wconf 80' lang='lat' dir='ltr'><strong>episcopi</strong></span> <span class='ocrx_word' id='word_1_289' title='bbox 408 2566 466 2614; x_wconf 84' lang='lat' dir='ltr'><strong>et</strong></span> <span class='ocrx_word' id='word_1_290' title='bbox 496 2556 867 2615; x_wconf 86' lang='lat' dir='ltr'><strong>confessoris:</strong></span> <span class='ocrx_word' id='word_1_291' title='bbox 897 2555 986 2611; x_wconf 90' lang='lat' dir='ltr'><strong>hic</strong></span> <span class='ocrx_word' id='word_1_292' title='bbox 1012 2554 1066 2609; x_wconf 94' lang='lat' dir='ltr'><strong>in</strong></span> <span class='ocrx_word' id='word_1_293' title='bbox 1094 2554 1289 2610; x_wconf 81' lang='lat' dir='ltr'><strong>exsilio</strong></span> <span class='ocrx_word' id='word_1_294' title='bbox 1310 2552 1598 2623; x_wconf 88' lang='lat' dir='ltr'><strong>requievit.</strong></span> <span class='ocrx_word' id='word_1_295' title='bbox 1629 2552 1743 2607; x_wconf 89' lang='lat' dir='ltr'><strong>An-</strong></span> <span class='ocrx_word' id='word_1_296' title='bbox 1844 2554 2101 2626; x_wconf 68' lang='lat' dir='ltr'><strong>ngypto,</strong></span> <span class='ocrx_word' id='word_1_297' title='bbox 2135 2554 2327 2609; x_wconf 90' lang='lat' dir='ltr'><strong>natalis</strong></span> <span class='ocrx_word' id='word_1_298' title='bbox 2368 2565 2690 2610; x_wconf 88' lang='lat' dir='ltr'><strong>sanctorum</strong></span> <span class='ocrx_word' id='word_1_299' title='bbox 2720 2554 2963 2623; x_wconf 86' lang='lat' dir='ltr'><strong>Taurini,</strong></span> <span class='ocrx_word' id='word_1_300' title='bbox 3013 2554 3292 2612; x_wconf 87' lang='lat' dir='ltr'><strong>Nemosati</strong></span> <span class='ocrx_word' id='word_1_301' title='bbox 3341 2556 3442 2613; x_wconf 87' lang='lat' dir='ltr'><strong>Sa-</strong></span> 
     </span>
    </p>
   </div>
   <div class='ocr_carea' id='block_1_25' title="bbox 181 2644 3442 2724">
    <p class='ocr_par' dir='ltr' id='par_1_25' title="bbox 181 2644 3442 2724">
     <span class='ocr_line' id='line_1_25' title="bbox 181 2644 3442 2724; baseline 0.002 -20"><span class='ocrx_word' id='word_1_302' title='bbox 181 2662 283 2720; x_wconf 80' lang='lat' dir='ltr'><strong>cyra</strong></span> <span class='ocrx_word' id='word_1_303' title='bbox 323 2651 569 2715; x_wconf 72' lang='lat' dir='ltr'><strong>Galatiae,</strong></span> <span class='ocrx_word' id='word_1_304' title='bbox 627 2650 822 2706; x_wconf 86' lang='lat' dir='ltr'><strong>natalis</strong></span> <span class='ocrx_word' id='word_1_305' title='bbox 869 2657 1185 2704; x_wconf 89' lang='lat' dir='ltr'><strong>sanctorum</strong></span> <span class='ocrx_word' id='word_1_306' title='bbox 1218 2646 1433 2712; x_wconf 83' lang='lat' dir='ltr'><strong>Gaiani,</strong></span> <span class='ocrx_word' id='word_1_307' title='bbox 1492 2644 1739 2711; x_wconf 79' lang='lat' dir='ltr'><strong>Luciani,</strong></span> <span class='ocrx_word' id='word_1_308' title='bbox 1846 2651 2088 2718; x_wconf 89' lang='lat' dir='ltr'><strong>turnini;</strong></span> <span class='ocrx_word' id='word_1_309' title='bbox 2122 2652 2464 2724; x_wconf 89' lang='lat' dir='ltr'><strong>Arapolloni.</strong></span> <span class='ocrx_word' id='word_1_310' title='bbox 2516 2653 2570 2708; x_wconf 89' lang='lat' dir='ltr'><strong>In</strong></span> <span class='ocrx_word' id='word_1_311' title='bbox 2606 2653 2803 2720; x_wconf 87' lang='lat' dir='ltr'><strong>Gallia,</strong></span> <span class='ocrx_word' id='word_1_312' title='bbox 2836 2652 3056 2709; x_wconf 80' lang='lat' dir='ltr'><strong>civitate</strong></span> <span class='ocrx_word' id='word_1_313' title='bbox 3082 2653 3442 2723; x_wconf 79' lang='lat' dir='ltr'><strong>Vesontione,</strong></span> 
     </span>
    </p>
   </div>
   <div class='ocr_carea' id='block_1_26' title="bbox 182 2738 3445 2815">
    <p class='ocr_par' dir='ltr' id='par_1_26' title="bbox 182 2738 3445 2815">
     <span class='ocr_line' id='line_1_26' title="bbox 182 2738 3445 2815; baseline 0.002 -18"><span class='ocrx_word' id='word_1_314' title='bbox 182 2740 659 2815; x_wconf 78' lang='lat' dir='ltr'><strong>linﬁni,Vincentii,</strong></span> <span class='ocrx_word' id='word_1_315' title='bbox 686 2743 918 2812; x_wconf 87' lang='lat' dir='ltr'><strong>Silvani,</strong></span> <span class='ocrx_word' id='word_1_316' title='bbox 938 2740 1547 2811; x_wconf 70' lang='lat' dir='ltr'><strong>Vitalicte,Antiquirae,</strong></span> <span class='ocrx_word' id='word_1_317' title='bbox 1580 2738 1742 2793; x_wconf 86' lang='lat' dir='ltr'><strong>Eme-</strong></span> <span class='ocrx_word' id='word_1_318' title='bbox 1845 2742 2042 2798; x_wconf 87' lang='lat' dir='ltr'><strong>natalis</strong></span> <span class='ocrx_word' id='word_1_319' title='bbox 2065 2756 2380 2800; x_wconf 89' lang='lat' dir='ltr'><strong>sanctorum</strong></span> <span class='ocrx_word' id='word_1_320' title='bbox 2413 2744 2682 2815; x_wconf 86' lang='lat' dir='ltr'><strong>Ferreoli,</strong></span> <span class='ocrx_word' id='word_1_321' title='bbox 2714 2754 2769 2802; x_wconf 92' lang='lat' dir='ltr'><strong>et</strong></span> <span class='ocrx_word' id='word_1_322' title='bbox 2788 2744 3104 2802; x_wconf 88' lang='lat' dir='ltr'><strong>Ferucionis</strong></span> <span class='ocrx_word' id='word_1_323' title='bbox 3129 2760 3253 2801; x_wconf 86' lang='lat' dir='ltr'><strong>cum</strong></span> <span class='ocrx_word' id='word_1_324' title='bbox 3277 2747 3445 2804; x_wconf 91' lang='lat' dir='ltr'><strong>sociis</strong></span> 
     </span>
    </p>
   </div>
   <div class='ocr_carea' id='block_1_27' title="bbox 183 2829 2057 2904">
    <p class='ocr_par' dir='ltr' id='par_1_27' title="bbox 183 2829 2057 2904">
     <span class='ocr_line' id='line_1_27' title="bbox 183 2829 2057 2904; baseline -0.004 -14"><span class='ocrx_word' id='word_1_325' title='bbox 183 2835 287 2904; x_wconf 89' lang='lat' dir='ltr'><strong>lini,</strong></span> <span class='ocrx_word' id='word_1_326' title='bbox 330 2836 674 2904; x_wconf 84' lang='lat' dir='ltr'><strong>Florentini,</strong></span> <span class='ocrx_word' id='word_1_327' title='bbox 729 2835 943 2902; x_wconf 66' lang='lat' dir='ltr'><strong>Justaa,</strong></span> <span class='ocrx_word' id='word_1_328' title='bbox 991 2832 1152 2890; x_wconf 67' lang='lat' dir='ltr'><strong>Julia:</strong></span> <span class='ocrx_word' id='word_1_329' title='bbox 1198 2832 1451 2901; x_wconf 87' lang='lat' dir='ltr'><strong>Antinei,</strong></span> <span class='ocrx_word' id='word_1_330' title='bbox 1499 2829 1741 2888; x_wconf 84' lang='lat' dir='ltr'><strong>Maximi.</strong></span> <span class='ocrx_word' id='word_1_331' title='bbox 1846 2848 2057 2891; x_wconf 86' lang='lat' dir='ltr'><strong>eorum.</strong></span> 
     </span>
    </p>
   </div>
   <div class='ocr_carea' id='block_1_28' title="bbox 180 2922 3446 3001">
    <p class='ocr_par' dir='ltr' id='par_1_28' title="bbox 180 2922 3446 3001">
     <span class='ocr_line' id='line_1_28' title="bbox 180 2922 3446 3001; baseline 0 -14"><span class='ocrx_word' id='word_1_332' title='bbox 180 2927 303 2998; x_wconf 84' lang='lat' dir='ltr'><strong>item,</strong></span> <span class='ocrx_word' id='word_1_333' title='bbox 333 2930 599 3001; x_wconf 76' lang='lat' dir='ltr'><strong>Vitalicae.</strong></span> <span class='ocrx_word' id='word_1_334' title='bbox 658 2930 730 2987; x_wconf 84' lang='lat' dir='ltr'><strong>Et</strong></span> <span class='ocrx_word' id='word_1_335' title='bbox 756 2927 1007 3000; x_wconf 90' lang='lat' dir='ltr'><strong>deposito</strong></span> <span class='ocrx_word' id='word_1_336' title='bbox 1036 2927 1209 2982; x_wconf 87' lang='lat' dir='ltr'><strong>sancti</strong></span> <span class='ocrx_word' id='word_1_337' title='bbox 1240 2924 1434 2981; x_wconf 87' lang='lat' dir='ltr'><strong>Elladii</strong></span> <span class='ocrx_word' id='word_1_338' title='bbox 1479 2922 1743 2994; x_wconf 90' lang='lat' dir='ltr'><strong>episc0pi,</strong></span> <span class='ocrx_word' id='word_1_339' title='bbox 1919 2943 2013 2984; x_wconf 81' lang='lat' dir='ltr'><strong>vui</strong></span> <span class='ocrx_word' id='word_1_340' title='bbox 2044 2927 2159 2983; x_wconf 78' lang='lat' dir='ltr'><strong>idus</strong></span> <span class='ocrx_word' id='word_1_341' title='bbox 2188 2927 2335 2998; x_wconf 85' lang='lat' dir='ltr'><strong>Sept.</strong></span> <span class='ocrx_word' id='word_1_342' title='bbox 2380 2928 2575 2985; x_wconf 58' lang='lat' dir='ltr'><strong>Romae</strong></span> <span class='ocrx_word' id='word_1_343' title='bbox 2597 2970 2611 2995; x_wconf 92' lang='lat'><strong>,</strong></span> <span class='ocrx_word' id='word_1_344' title='bbox 2664 2930 2750 2985; x_wconf 92' lang='lat' dir='ltr'><strong>via</strong></span> <span class='ocrx_word' id='word_1_345' title='bbox 2802 2928 3046 3000; x_wconf 90' lang='lat' dir='ltr'><strong>Salaria,</strong></span> <span class='ocrx_word' id='word_1_346' title='bbox 3078 2930 3333 2987; x_wconf 88' lang='lat' dir='ltr'><strong>milliario</strong></span> <span class='ocrx_word' id='word_1_347' title='bbox 3376 2932 3446 2987; x_wconf 92' lang='lat' dir='ltr'><strong>ab</strong></span> 
     </span>
    </p>
   </div>
   <div class='ocr_carea' id='block_1_29' title="bbox 182 3016 3444 3093">
    <p class='ocr_par' dir='ltr' id='par_1_29' title="bbox 182 3016 3444 3093">
     <span class='ocr_line' id='line_1_29' title="bbox 182 3016 3444 3093; baseline -0.004 -2"><span class='ocrx_word' id='word_1_348' title='bbox 182 3019 327 3093; x_wconf 68' lang='grc' dir='ltr'><strong>δῐΐϐί,</strong></span> <span class='ocrx_word' id='word_1_349' title='bbox 353 3023 808 3080; x_wconf 66' lang='grc' dir='ltr'><strong>Ριοτθηιίυὶευω</strong></span> <span class='ocrx_word' id='word_1_350' title='bbox 842 3022 1047 3077; x_wconf 78' lang='lat' dir='ltr'><strong>sanCliS</strong></span> <span class='ocrx_word' id='word_1_351' title='bbox 1069 3020 1232 3077; x_wconf 68' lang='lat' dir='ltr'><strong>SOCiiS</strong></span> <span class='ocrx_word' id='word_1_352' title='bbox 1263 3032 1479 3075; x_wconf 78' lang='lat' dir='ltr'><strong>eorum-</strong></span> <span class='ocrx_word' id='word_1_353' title='bbox 1509 3016 1745 3071; x_wconf 77' lang='grc' dir='ltr'><strong>Αιιείδίο·</strong></span> <span class='ocrx_word' id='word_1_354' title='bbox 1849 3021 1984 3078; x_wconf 89' lang='lat' dir='ltr'><strong>urbe</strong></span> <span class='ocrx_word' id='word_1_355' title='bbox 2013 3021 2211 3078; x_wconf 88' lang='lat' dir='ltr'><strong>natalis</strong></span> <span class='ocrx_word' id='word_1_356' title='bbox 2253 3024 2425 3078; x_wconf 90' lang='lat' dir='ltr'><strong>sancti</strong></span> <span class='ocrx_word' id='word_1_357' title='bbox 2454 3021 2754 3078; x_wconf 83' lang='lat' dir='ltr'><strong>Eleutherii</strong></span> <span class='ocrx_word' id='word_1_358' title='bbox 2782 3021 3042 3092; x_wconf 88' lang='lat' dir='ltr'><strong>episcopi.</strong></span> <span class='ocrx_word' id='word_1_359' title='bbox 3075 3022 3131 3077; x_wconf 92' lang='lat' dir='ltr'><strong>ln</strong></span> <span class='ocrx_word' id='word_1_360' title='bbox 3166 3023 3444 3079; x_wconf 89' lang='lat' dir='ltr'><strong>territorio</strong></span> 
     </span>
    </p>
   </div>
   <div class='ocr_carea' id='block_1_30' title="bbox 182 3110 3445 3190">
    <p class='ocr_par' dir='ltr' id='par_1_30' title="bbox 182 3110 3445 3190">
     <span class='ocr_line' id='line_1_30' title="bbox 182 3110 3445 3190; baseline -0.002 -6"><span class='ocrx_word' id='word_1_361' title='bbox 182 3113 299 3184; x_wconf 68' lang='grc' dir='ltr'><strong>ἀπο,</strong></span> <span class='ocrx_word' id='word_1_362' title='bbox 323 3116 582 3190; x_wconf 66' lang='lat' dir='ltr'><strong>depositio</strong></span> <span class='ocrx_word' id='word_1_363' title='bbox 610 3116 781 3172; x_wconf 74' lang='lat' dir='ltr'><strong>sancti</strong></span> <span class='ocrx_word' id='word_1_364' title='bbox 805 3113 988 3188; x_wconf 88' lang='lat' dir='ltr'><strong>Optati</strong></span> <span class='ocrx_word' id='word_1_365' title='bbox 1013 3112 1241 3185; x_wconf 81' lang='lat' dir='ltr'><strong>episcopi</strong></span> <span class='ocrx_word' id='word_1_366' title='bbox 1272 3121 1321 3167; x_wconf 89' lang='lat' dir='ltr'><strong>et</strong></span> <span class='ocrx_word' id='word_1_367' title='bbox 1341 3110 1672 3183; x_wconf 75' lang='lat' dir='ltr'><strong>confessoris.</strong></span> <span class='ocrx_word' id='word_1_368' title='bbox 1850 3114 2228 3187; x_wconf 71' lang='lat' dir='ltr'><strong>Cappadociae,</strong></span> <span class='ocrx_word' id='word_1_369' title='bbox 2256 3117 2475 3174; x_wconf 91' lang='lat' dir='ltr'><strong>civitate</strong></span> <span class='ocrx_word' id='word_1_370' title='bbox 2503 3116 2786 3187; x_wconf 82' lang='lat' dir='ltr'><strong>Readden,</strong></span> <span class='ocrx_word' id='word_1_371' title='bbox 2814 3118 3010 3173; x_wconf 89' lang='lat' dir='ltr'><strong>natalis</strong></span> <span class='ocrx_word' id='word_1_372' title='bbox 3040 3119 3213 3175; x_wconf 89' lang='lat' dir='ltr'><strong>sancti</strong></span> <span class='ocrx_word' id='word_1_373' title='bbox 3242 3117 3445 3176; x_wconf 88' lang='lat' dir='ltr'><strong>Cottidi</strong></span> 
     </span>
    </p>
   </div>
   <div class='ocr_carea' id='block_1_31' title="bbox 592 3225 2139 3351">
    <p class='ocr_par' dir='ltr' id='par_1_31' title="bbox 592 3225 2139 3351">
     <span class='ocr_line' id='line_1_31' title="bbox 592 3225 2139 3351; baseline -0.021 -40"><span class='ocrx_word' id='word_1_374' title='bbox 592 3250 849 3311; x_wconf 80' lang='lat' dir='ltr'><strong>MENSIS</strong></span> <span class='ocrx_word' id='word_1_375' title='bbox 884 3250 1318 3310; x_wconf 83' lang='lat' dir='ltr'><strong>SEPTEMBER.</strong></span> <span class='ocrx_word' id='word_1_376' title='bbox 1774 3288 1822 3351; x_wconf 76' lang='lat' dir='ltr'><strong><em>C</em></strong></span> <span class='ocrx_word' id='word_1_377' title='bbox 1853 3225 2139 3351; x_wconf 51' lang='grc' dir='ltr'><strong>θυῗῖῐδὲῗὶέ</strong></span> 
     </span>
    </p>
   </div>
   <div class='ocr_carea' id='block_1_32' title="bbox 1603 3225 3150 3351">
    <p class='ocr_par' dir='ltr' id='par_1_32' title="bbox 1774 3225 3150 3351">
     <span class='ocr_line' id='line_1_32' title="bbox 1853 3225 2332 3269; baseline 0.004 -2"><span class='ocrx_word' id='word_1_378' title='bbox 1853 3225 1975 3267; x_wconf 89' lang='lat' dir='ltr'><strong>cum</strong></span> <span class='ocrx_word' id='word_1_379' title='bbox 2000 3225 2164 3268; x_wconf 85' lang='lat' dir='ltr'><strong>SOCIIS</strong></span> <span class='ocrx_word' id='word_1_380' title='bbox 2197 3227 2332 3269; x_wconf 78' lang='lat' dir='ltr'><strong>SDlS.</strong></span> 
     </span>
     <span class='ocr_line' id='line_1_33' title="bbox 1774 3288 3150 3351; baseline 0 0"><span class='ocrx_word' id='word_1_381' title='bbox 1774 3288 1822 3351; x_wconf 80' lang='lat' dir='ltr'><strong>C</strong></span> <span class='ocrx_word' id='word_1_382' title='bbox 1924 3318 2000 3351; x_wconf 85' lang='lat' dir='ltr'><strong>vn</strong></span> <span class='ocrx_word' id='word_1_383' title='bbox 2028 3304 2143 3351; x_wconf 77' lang='lat' dir='ltr'><strong>idus</strong></span> <span class='ocrx_word' id='word_1_384' title='bbox 2175 3303 2323 3351; x_wconf 75' lang='lat' dir='ltr'><strong>Sent-</strong></span> <span class='ocrx_word' id='word_1_385' title='bbox 2359 3303 2671 3351; x_wconf 65' lang='lat' dir='ltr'><strong>Benevento</strong></span> <span class='ocrx_word' id='word_1_386' title='bbox 2700 3304 2917 3351; x_wconf 69' lang='lat' dir='ltr'><strong>civitate</strong></span> <span class='ocrx_word' id='word_1_387' title='bbox 2938 3346 2952 3351; x_wconf 89' lang='lat'><em>_</em></span> <span class='ocrx_word' id='word_1_388' title='bbox 2985 3304 3150 3351; x_wconf 77' lang='lat' dir='ltr'><strong>natali</strong></span> 
     </span>
    </p>
   </div>
   <div class='ocr_carea' id='block_1_33' title="bbox 956 3303 3446 3376">
    <p class='ocr_par' dir='ltr' id='par_1_33' title="bbox 956 3303 3446 3376">
     <span class='ocr_line' id='line_1_34' title="bbox 956 3303 3446 3376; baseline 0.027 -61"><span class='ocrx_word' id='word_1_389' title='bbox 956 3303 995 3376; x_wconf 35' lang='grc' dir='ltr'><strong>ζ-</strong></span> <span class='ocrx_word' id='word_1_390' title='bbox 1029 3303 1318 3310; x_wconf 67' lang='grc' dir='ltr'><strong><em>--------η</em></strong></span> <span class='ocrx_word' id='word_1_391' title='bbox 1774 3303 1822 3351; x_wconf 72' lang='grc' dir='ltr'>υ</span> <span class='ocrx_word' id='word_1_392' title='bbox 1924 3318 2000 3358; x_wconf 72' lang='grc' dir='ltr'><strong>γη</strong></span> <span class='ocrx_word' id='word_1_393' title='bbox 2028 3304 2143 3357; x_wconf 60' lang='lat' dir='ltr'><strong>idus</strong></span> <span class='ocrx_word' id='word_1_394' title='bbox 2174 3303 2323 3376; x_wconf 72' lang='lat' dir='ltr'><strong>Sept.</strong></span> <span class='ocrx_word' id='word_1_395' title='bbox 2359 3303 2671 3361; x_wconf 77' lang='lat' dir='ltr'><strong>Benevento</strong></span> <span class='ocrx_word' id='word_1_396' title='bbox 2700 3304 2917 3362; x_wconf 86' lang='lat' dir='ltr'><strong>civitate</strong></span> <span class='ocrx_word' id='word_1_397' title='bbox 2938 3346 2953 3371; x_wconf 84' lang='lat'><strong>.</strong></span> <span class='ocrx_word' id='word_1_398' title='bbox 2985 3304 3183 3361; x_wconf 74' lang='lat' dir='ltr'><strong>natalis</strong></span> <span class='ocrx_word' id='word_1_399' title='bbox 3230 3312 3446 3363; x_wconf 68' lang='grc' dir='ltr'><strong>εεηοιο·</strong></span> 
     </span>
    </p>
   </div>
   <div class='ocr_carea' id='block_1_34' title="bbox 717 3364 3447 3464">
    <p class='ocr_par' dir='ltr' id='par_1_34' title="bbox 717 3364 3447 3464">
     <span class='ocr_line' id='line_1_35' title="bbox 717 3364 3447 3464; baseline 0.007 -31"><span class='ocrx_word' id='word_1_400' title='bbox 717 3364 1036 3421; x_wconf 66' lang='grc' dir='ltr'><strong>Παδθιάίθε</strong></span> <span class='ocrx_word' id='word_1_401' title='bbox 1057 3378 1187 3419; x_wconf 61' lang='grc'><strong>³⁸⁸·</strong></span> <span class='ocrx_word' id='word_1_402' title='bbox 1847 3409 1967 3448; x_wconf 90' lang='lat' dir='ltr'><strong>rum</strong></span> <span class='ocrx_word' id='word_1_403' title='bbox 2023 3364 2537 3463; x_wconf 44' lang='lat' dir='ltr'><strong>Senoti,.Januarii,</strong></span> <span class='ocrx_word' id='word_1_404' title='bbox 2579 3396 2736 3462; x_wconf 88' lang='lat' dir='ltr'><strong>Fisti,</strong></span> <span class='ocrx_word' id='word_1_405' title='bbox 2788 3364 2988 3464; x_wconf 82' lang='lat' dir='ltr'><strong>Acuti,</strong></span> <span class='ocrx_word' id='word_1_406' title='bbox 3037 3396 3324 3452; x_wconf 87' lang='lat' dir='ltr'><strong>Desiderii.</strong></span> <span class='ocrx_word' id='word_1_407' title='bbox 3380 3397 3447 3453; x_wconf 84' lang='lat' dir='ltr'><strong>Et</strong></span> 
     </span>
    </p>
   </div>
   <div class='ocr_carea' id='block_1_35' title="bbox 224 3476 3445 3558">
    <p class='ocr_par' dir='ltr' id='par_1_35' title="bbox 224 3476 3445 3558">
     <span class='ocr_line' id='line_1_36' title="bbox 224 3476 3445 3558; baseline 0.002 -22"><span class='ocrx_word' id='word_1_408' title='bbox 224 3476 1249 3553; x_wconf 81' lang='lat' dir='ltr'><strong>Kol.Septembris.Litaniaindicenda.</strong></span> <span class='ocrx_word' id='word_1_409' title='bbox 1279 3479 1338 3535; x_wconf 87' lang='lat' dir='ltr'><strong>In</strong></span> <span class='ocrx_word' id='word_1_410' title='bbox 1355 3478 1537 3550; x_wconf 79' lang='lat' dir='ltr'><strong>Capua</strong></span> <span class='ocrx_word' id='word_1_411' title='bbox 1555 3480 1740 3550; x_wconf 81' lang='lat' dir='ltr'><strong>Aqua-</strong></span> <span class='ocrx_word' id='word_1_412' title='bbox 1845 3485 2033 3558; x_wconf 86' lang='lat' dir='ltr'><strong>passio</strong></span> <span class='ocrx_word' id='word_1_413' title='bbox 2060 3487 2235 3542; x_wconf 89' lang='lat' dir='ltr'><strong>sancti</strong></span> <span class='ocrx_word' id='word_1_414' title='bbox 2261 3487 2537 3543; x_wconf 86' lang='lat' dir='ltr'><strong>Anastasii</strong></span> <span class='ocrx_word' id='word_1_415' title='bbox 2584 3504 2707 3543; x_wconf 90' lang='lat' dir='ltr'><strong>cum</strong></span> <span class='ocrx_word' id='word_1_416' title='bbox 2738 3490 2902 3544; x_wconf 92' lang='lat' dir='ltr'><strong>sociis</strong></span> <span class='ocrx_word' id='word_1_417' title='bbox 2932 3488 3063 3543; x_wconf 92' lang='lat' dir='ltr'><strong>suis.</strong></span> <span class='ocrx_word' id='word_1_418' title='bbox 3097 3487 3323 3544; x_wconf 89' lang='lat' dir='ltr'><strong>Arelato</strong></span> <span class='ocrx_word' id='word_1_419' title='bbox 3364 3489 3445 3543; x_wconf 89' lang='lat' dir='ltr'><strong>ci-</strong></span> 
     </span>
    </p>
   </div>
   <div class='ocr_carea' id='block_1_36' title="bbox 180 3571 3445 3649">
    <p class='ocr_par' dir='ltr' id='par_1_36' title="bbox 180 3571 3445 3649">
     <span class='ocr_line' id='line_1_37' title="bbox 180 3571 3445 3649; baseline 0.002 -23"><span class='ocrx_word' id='word_1_420' title='bbox 180 3573 262 3639; x_wconf 89' lang='lat' dir='ltr'><strong>ria,</strong></span> <span class='ocrx_word' id='word_1_421' title='bbox 288 3577 482 3632; x_wconf 87' lang='lat' dir='ltr'><strong>natalis</strong></span> <span class='ocrx_word' id='word_1_422' title='bbox 527 3576 703 3631; x_wconf 87' lang='lat' dir='ltr'><strong>sancti</strong></span> <span class='ocrx_word' id='word_1_423' title='bbox 728 3576 899 3632; x_wconf 90' lang='lat' dir='ltr'><strong>Prisci</strong></span> <span class='ocrx_word' id='word_1_424' title='bbox 926 3574 1201 3646; x_wconf 87' lang='lat' dir='ltr'><strong>martyris,</strong></span> <span class='ocrx_word' id='word_1_425' title='bbox 1235 3572 1501 3643; x_wconf 84' lang='lat' dir='ltr'><strong>Magnilis.</strong></span> <span class='ocrx_word' id='word_1_426' title='bbox 1532 3571 1591 3627; x_wconf 91' lang='lat' dir='ltr'><strong>ln</strong></span> <span class='ocrx_word' id='word_1_427' title='bbox 1622 3572 1735 3627; x_wconf 85' lang='lat' dir='ltr'><strong>&#39;l‘u-</strong></span> <span class='ocrx_word' id='word_1_428' title='bbox 1846 3579 2034 3643; x_wconf 85' lang='lat' dir='ltr'><strong>vitate,</strong></span> <span class='ocrx_word' id='word_1_429' title='bbox 2066 3578 2339 3647; x_wconf 87' lang='lat' dir='ltr'><strong>depositio</strong></span> <span class='ocrx_word' id='word_1_430' title='bbox 2365 3580 2537 3633; x_wconf 87' lang='lat' dir='ltr'><strong>sancti</strong></span> <span class='ocrx_word' id='word_1_431' title='bbox 2567 3578 2879 3649; x_wconf 81' lang='lat' dir='ltr'><strong>Augustalis</strong></span> <span class='ocrx_word' id='word_1_432' title='bbox 2904 3578 3169 3649; x_wconf 90' lang='lat' dir='ltr'><strong>episcopi.</strong></span> <span class='ocrx_word' id='word_1_433' title='bbox 3195 3579 3445 3634; x_wconf 87' lang='lat' dir='ltr'><strong>Aurelia-</strong></span> 
     </span>
    </p>
   </div>
   <div class='ocr_carea' id='block_1_37' title="bbox 180 3663 3443 3743">
    <p class='ocr_par' dir='ltr' id='par_1_37' title="bbox 180 3663 3443 3743">
     <span class='ocr_line' id='line_1_38' title="bbox 180 3663 3443 3743; baseline -0.002 -9"><span class='ocrx_word' id='word_1_434' title='bbox 180 3663 384 3723; x_wconf 75' lang='lat' dir='ltr'><strong>derdana</strong></span> <span class='ocrx_word' id='word_1_435' title='bbox 407 3668 653 3735; x_wconf 73' lang='lat' dir='ltr'><strong>Tusciae.</strong></span> <span class='ocrx_word' id='word_1_436' title='bbox 684 3667 880 3722; x_wconf 73' lang='lat' dir='ltr'><strong>natalis</strong></span> <span class='ocrx_word' id='word_1_437' title='bbox 921 3677 1235 3721; x_wconf 74' lang='lat' dir='ltr'><strong>sanctorum</strong></span> <span class='ocrx_word' id='word_1_438' title='bbox 1259 3663 1575 3720; x_wconf 77' lang='lat' dir='ltr'><strong>Terentiani</strong></span> <span class='ocrx_word' id='word_1_439' title='bbox 1626 3663 1743 3734; x_wconf 82' lang='lat' dir='ltr'><strong>epi-</strong></span> <span class='ocrx_word' id='word_1_440' title='bbox 1846 3672 1930 3728; x_wconf 91' lang='lat' dir='ltr'><strong>nis</strong></span> <span class='ocrx_word' id='word_1_441' title='bbox 1951 3672 2190 3740; x_wconf 75' lang='lat' dir='ltr'><strong>civitate,</strong></span> <span class='ocrx_word' id='word_1_442' title='bbox 2224 3673 2494 3742; x_wconf 76' lang='lat' dir='ltr'><strong>depositio</strong></span> <span class='ocrx_word' id='word_1_443' title='bbox 2526 3673 2700 3728; x_wconf 88' lang='lat' dir='ltr'><strong>sancti</strong></span> <span class='ocrx_word' id='word_1_444' title='bbox 2732 3673 2938 3728; x_wconf 76' lang='lat' dir='ltr'><strong>Et-ortii</strong></span> <span class='ocrx_word' id='word_1_445' title='bbox 2962 3672 3204 3743; x_wconf 84' lang='lat' dir='ltr'><strong>episcopi</strong></span> <span class='ocrx_word' id='word_1_446' title='bbox 3233 3682 3288 3728; x_wconf 88' lang='lat' dir='ltr'><strong>et</strong></span> <span class='ocrx_word' id='word_1_447' title='bbox 3311 3688 3443 3727; x_wconf 89' lang='lat' dir='ltr'><strong>con-</strong></span> 
     </span>
    </p>
   </div>
   <div class='ocr_carea' id='block_1_38' title="bbox 178 3756 1725 3833">
    <p class='ocr_par' dir='ltr' id='par_1_38' title="bbox 178 3756 1725 3829">
     <span class='ocr_line' id='line_1_39' title="bbox 178 3756 1725 3829; baseline -0.003 -17"><span class='ocrx_word' id='word_1_448' title='bbox 178 3762 319 3829; x_wconf 75' lang='lat' dir='ltr'><strong>tcopi,</strong></span> <span class='ocrx_word' id='word_1_449' title='bbox 350 3761 578 3826; x_wconf 88' lang='lat' dir='ltr'><strong>Felicis,</strong></span> <span class='ocrx_word' id='word_1_450' title='bbox 610 3760 831 3827; x_wconf 88' lang='lat' dir='ltr'><strong>Donati,</strong></span> <span class='ocrx_word' id='word_1_451' title='bbox 862 3759 1092 3815; x_wconf 90' lang='lat' dir='ltr'><strong>Silvani.</strong></span> <span class='ocrx_word' id='word_1_452' title='bbox 1117 3759 1172 3813; x_wconf 90' lang='lat' dir='ltr'><strong>lu</strong></span> <span class='ocrx_word' id='word_1_453' title='bbox 1204 3757 1332 3813; x_wconf 87' lang='lat' dir='ltr'><strong>villa</strong></span> <span class='ocrx_word' id='word_1_454' title='bbox 1354 3757 1482 3823; x_wconf 85' lang='lat' dir='ltr'><strong>Her,</strong></span> <span class='ocrx_word' id='word_1_455' title='bbox 1518 3756 1725 3812; x_wconf 48' lang='lat' dir='ltr'><strong>Donati.</strong></span> 
     </span>
    </p>
   </div>
   <div class='ocr_carea' id='block_1_39' title="bbox 1895 3756 3442 3833">
    <p class='ocr_par' dir='ltr' id='par_1_39' title="bbox 1895 3764 3442 3833">
     <span class='ocr_line' id='line_1_40' title="bbox 1895 3764 3442 3833; baseline 0.001 -16"><span class='ocrx_word' id='word_1_456' title='bbox 1895 3764 2095 3819; x_wconf 77' lang='lat' dir='ltr'><strong>:ssoris.</strong></span> <span class='ocrx_word' id='word_1_457' title='bbox 2148 3764 2523 3833; x_wconf 85' lang='lat' dir='ltr'><strong>Augustiduno</strong></span> <span class='ocrx_word' id='word_1_458' title='bbox 2585 3764 2849 3831; x_wconf 90' lang='lat' dir='ltr'><strong>civitate,</strong></span> <span class='ocrx_word' id='word_1_459' title='bbox 2905 3764 3027 3819; x_wconf 90' lang='lat' dir='ltr'><strong>loco</strong></span> <span class='ocrx_word' id='word_1_460' title='bbox 3076 3765 3165 3833; x_wconf 90' lang='lat' dir='ltr'><strong>qui</strong></span> <span class='ocrx_word' id='word_1_461' title='bbox 3244 3764 3442 3819; x_wconf 86' lang='lat' dir='ltr'><strong>dicitur</strong></span> 
     </span>
    </p>
   </div>
   <div class='ocr_carea' id='block_1_40' title="bbox 178 3849 3441 3929">
    <p class='ocr_par' dir='ltr' id='par_1_40' title="bbox 178 3849 3441 3929">
     <span class='ocr_line' id='line_1_41' title="bbox 178 3849 3441 3929; baseline 0 -20"><span class='ocrx_word' id='word_1_462' title='bbox 178 3849 223 3908; x_wconf 86' lang='lat' dir='ltr'><strong>In</strong></span> <span class='ocrx_word' id='word_1_463' title='bbox 247 3854 452 3926; x_wconf 82' lang='lat' dir='ltr'><strong>Apulia,</strong></span> <span class='ocrx_word' id='word_1_464' title='bbox 478 3854 773 3927; x_wconf 86' lang='lat' dir='ltr'><strong>Syracusa,</strong></span> <span class='ocrx_word' id='word_1_465' title='bbox 802 3853 999 3909; x_wconf 86' lang='lat' dir='ltr'><strong>natalis</strong></span> <span class='ocrx_word' id='word_1_466' title='bbox 1026 3860 1343 3909; x_wconf 87' lang='lat' dir='ltr'><strong>sanctorum</strong></span> <span class='ocrx_word' id='word_1_467' title='bbox 1376 3850 1553 3915; x_wconf 77' lang='lat' dir='ltr'><strong>Evoti.</strong></span> <span class='ocrx_word' id='word_1_468' title='bbox 1602 3850 1741 3906; x_wconf 84' lang='lat' dir='ltr'><strong>Her-</strong></span> <span class='ocrx_word' id='word_1_469' title='bbox 1847 3858 2041 3924; x_wconf 89' lang='lat' dir='ltr'><strong>Alisia,</strong></span> <span class='ocrx_word' id='word_1_470' title='bbox 2077 3858 2276 3913; x_wconf 84' lang='lat' dir='ltr'><strong>natalis</strong></span> <span class='ocrx_word' id='word_1_471' title='bbox 2298 3869 2500 3913; x_wconf 86' lang='lat' dir='ltr'><strong>sanctae</strong></span> <span class='ocrx_word' id='word_1_472' title='bbox 2533 3858 2757 3928; x_wconf 79' lang='lat' dir='ltr'><strong>Reginzr:</strong></span> <span class='ocrx_word' id='word_1_473' title='bbox 2782 3857 3057 3929; x_wconf 87' lang='lat' dir='ltr'><strong>martyris.</strong></span> <span class='ocrx_word' id='word_1_474' title='bbox 3089 3856 3159 3910; x_wconf 86' lang='lat' dir='ltr'><strong>In</strong></span> <span class='ocrx_word' id='word_1_475' title='bbox 3180 3857 3441 3910; x_wconf 85' lang='lat' dir='ltr'><strong>territorio</strong></span> 
     </span>
    </p>
   </div>
   <div class='ocr_carea' id='block_1_41' title="bbox 178 3943 3441 4019">
    <p class='ocr_par' dir='ltr' id='par_1_41' title="bbox 178 3943 3441 4019">
     <span class='ocr_line' id='line_1_42' title="bbox 178 3943 3441 4019; baseline 0.001 -19"><span class='ocrx_word' id='word_1_476' title='bbox 178 3949 412 4018; x_wconf 84' lang='lat' dir='ltr'><strong>mogenis,</strong></span> <span class='ocrx_word' id='word_1_477' title='bbox 437 3948 699 4015; x_wconf 66' lang='lat' dir='ltr'><strong>Calestae,</strong></span> <span class='ocrx_word' id='word_1_478' title='bbox 731 3946 956 4003; x_wconf 67' lang='lat' dir='ltr'><strong>Iuliani.</strong></span> <span class='ocrx_word' id='word_1_479' title='bbox 986 3945 1045 4002; x_wconf 81' lang='grc' dir='ltr'><strong>ιιι</strong></span> <span class='ocrx_word' id='word_1_480' title='bbox 1071 3944 1281 4013; x_wconf 79' lang='lat' dir='ltr'><strong>Africa,</strong></span> <span class='ocrx_word' id='word_1_481' title='bbox 1308 3943 1530 3999; x_wconf 73' lang='lat' dir='ltr'><strong>civitate</strong></span> <span class='ocrx_word' id='word_1_482' title='bbox 1550 3943 1741 4011; x_wconf 80' lang='grc' dir='ltr'><strong>Τοηὶῑ,</strong></span> <span class='ocrx_word' id='word_1_483' title='bbox 1848 3947 2197 4015; x_wconf 84' lang='lat' dir='ltr'><strong>Parisiorum,</strong></span> <span class='ocrx_word' id='word_1_484' title='bbox 2243 3952 2353 4005; x_wconf 84' lang='lat' dir='ltr'><strong>vico</strong></span> <span class='ocrx_word' id='word_1_485' title='bbox 2386 3951 2670 4016; x_wconf 85' lang='lat' dir='ltr'><strong>Noviento,</strong></span> <span class='ocrx_word' id='word_1_486' title='bbox 2702 3950 2961 4019; x_wconf 79' lang='lat' dir='ltr'><strong>depositio</strong></span> <span class='ocrx_word' id='word_1_487' title='bbox 2988 3949 3134 4003; x_wconf 86' lang='lat' dir='ltr'><strong>Beati</strong></span> <span class='ocrx_word' id='word_1_488' title='bbox 3166 3948 3441 4005; x_wconf 85' lang='lat' dir='ltr'><strong>Clodooldi</strong></span> 
     </span>
    </p>
   </div>
   <div class='ocr_carea' id='block_1_42' title="bbox 176 4033 2934 4113">
    <p class='ocr_par' dir='ltr' id='par_1_42' title="bbox 176 4033 2934 4113">
     <span class='ocr_line' id='line_1_43' title="bbox 176 4033 2934 4113; baseline -0.001 -21"><span class='ocrx_word' id='word_1_489' title='bbox 176 4039 344 4095; x_wconf 87' lang='lat' dir='ltr'><strong>natalis</strong></span> <span class='ocrx_word' id='word_1_490' title='bbox 387 4048 711 4096; x_wconf 83' lang='lat' dir='ltr'><strong>sanctorum</strong></span> <span class='ocrx_word' id='word_1_491' title='bbox 738 4037 974 4105; x_wconf 75' lang='lat' dir='ltr'><strong>Tuscizn,</strong></span> <span class='ocrx_word' id='word_1_492' title='bbox 1034 4035 1295 4104; x_wconf 88' lang='lat' dir='ltr'><strong>Dubitati,</strong></span> <span class='ocrx_word' id='word_1_493' title='bbox 1352 4033 1613 4102; x_wconf 78' lang='lat' dir='ltr'><strong>Valcntii,</strong></span> <span class='ocrx_word' id='word_1_494' title='bbox 1639 4034 1747 4089; x_wconf 91' lang='lat' dir='ltr'><strong>Do-</strong></span> <span class='ocrx_word' id='word_1_495' title='bbox 1847 4044 2000 4113; x_wconf 64' lang='lat' dir='ltr'><strong>regis,</strong></span> <span class='ocrx_word' id='word_1_496' title='bbox 2024 4052 2201 4113; x_wconf 66' lang='lat' dir='ltr'><strong>postea</strong></span> <span class='ocrx_word' id='word_1_497' title='bbox 2228 4042 2511 4113; x_wconf 63' lang='lat' dir='ltr'><strong>presbyteri</strong></span> <span class='ocrx_word' id='word_1_498' title='bbox 2531 4052 2578 4097; x_wconf 70' lang='lat' dir='ltr'><strong>et</strong></span> <span class='ocrx_word' id='word_1_499' title='bbox 2605 4042 2934 4111; x_wconf 70' lang='lat' dir='ltr'><strong>confessoris.</strong></span> 
     </span>
    </p>
   </div>
   <div class='ocr_carea' id='block_1_43' title="bbox 174 4128 1721 4207">
    <p class='ocr_par' dir='ltr' id='par_1_43' title="bbox 174 4128 1719 4203">
     <span class='ocr_line' id='line_1_44' title="bbox 174 4128 1719 4203; baseline -0.001 -18"><span class='ocrx_word' id='word_1_500' title='bbox 174 4139 311 4188; x_wconf 76' lang='lat' dir='ltr'><strong>naue.</strong></span> <span class='ocrx_word' id='word_1_501' title='bbox 340 4130 399 4189; x_wconf 86' lang='lat' dir='ltr'><strong>In</strong></span> <span class='ocrx_word' id='word_1_502' title='bbox 429 4132 791 4203; x_wconf 79' lang='lat' dir='ltr'><strong>Carthagine,</strong></span> <span class='ocrx_word' id='word_1_503' title='bbox 844 4130 1040 4186; x_wconf 86' lang='lat' dir='ltr'><strong>natalis</strong></span> <span class='ocrx_word' id='word_1_504' title='bbox 1095 4139 1405 4185; x_wconf 88' lang='lat' dir='ltr'><strong>sanctorum</strong></span> <span class='ocrx_word' id='word_1_505' title='bbox 1438 4128 1719 4183; x_wconf 90' lang='lat' dir='ltr'><strong>Fortunati</strong></span> 
     </span>
    </p>
   </div>
   <div class='ocr_carea' id='block_1_44' title="bbox 1895 4128 3442 4207">
    <p class='ocr_par' dir='ltr' id='par_1_44' title="bbox 1918 4132 3442 4207">
     <span class='ocr_line' id='line_1_45' title="bbox 1918 4132 3442 4207; baseline -0.002 -17"><span class='ocrx_word' id='word_1_506' title='bbox 1918 4152 1971 4192; x_wconf 81' lang='lat' dir='ltr'><strong>vr</strong></span> <span class='ocrx_word' id='word_1_507' title='bbox 2001 4136 2117 4190; x_wconf 73' lang='lat' dir='ltr'><strong>idus</strong></span> <span class='ocrx_word' id='word_1_508' title='bbox 2149 4136 2297 4207; x_wconf 88' lang='lat' dir='ltr'><strong>Sept.</strong></span> <span class='ocrx_word' id='word_1_509' title='bbox 2342 4134 2603 4189; x_wconf 81' lang='lat' dir='ltr'><strong>Nativitas</strong></span> <span class='ocrx_word' id='word_1_510' title='bbox 2653 4146 2855 4189; x_wconf 66' lang='lat' dir='ltr'><strong>sanctae</strong></span> <span class='ocrx_word' id='word_1_511' title='bbox 2895 4132 3074 4187; x_wconf 79' lang='lat' dir='ltr'><strong>Maria:</strong></span> <span class='ocrx_word' id='word_1_512' title='bbox 3120 4132 3310 4187; x_wconf 88' lang='lat' dir='ltr'><strong>matris</strong></span> <span class='ocrx_word' id='word_1_513' title='bbox 3336 4132 3442 4187; x_wconf 87' lang='lat' dir='ltr'><strong>Do-</strong></span> 
     </span>
    </p>
   </div>
   <div class='ocr_carea' id='block_1_45' title="bbox 176 4218 1723 4293">
    <p class='ocr_par' dir='ltr' id='par_1_45' title="bbox 176 4219 1719 4293">
     <span class='ocr_line' id='line_1_46' title="bbox 176 4219 1719 4293; baseline -0.003 -15"><span class='ocrx_word' id='word_1_514' title='bbox 176 4221 363 4293; x_wconf 85' lang='lat' dir='ltr'><strong>Donati,</strong></span> <span class='ocrx_word' id='word_1_515' title='bbox 393 4224 621 4281; x_wconf 86' lang='lat' dir='ltr'><strong>Felicis.</strong></span> <span class='ocrx_word' id='word_1_516' title='bbox 670 4224 739 4280; x_wconf 86' lang='lat' dir='ltr'><strong>Et</strong></span> <span class='ocrx_word' id='word_1_517' title='bbox 768 4223 920 4290; x_wconf 85' lang='lat' dir='ltr'><strong>alibi,</strong></span> <span class='ocrx_word' id='word_1_518' title='bbox 956 4221 1153 4277; x_wconf 88' lang='lat' dir='ltr'><strong>natalis</strong></span> <span class='ocrx_word' id='word_1_519' title='bbox 1184 4229 1494 4277; x_wconf 88' lang='lat' dir='ltr'><strong>sanctorum</strong></span> <span class='ocrx_word' id='word_1_520' title='bbox 1526 4219 1719 4274; x_wconf 86' lang='lat' dir='ltr'><strong>Martia</strong></span> 
     </span>
    </p>
   </div>
   <div class='ocr_carea' id='block_1_46' title="bbox 1897 4218 3444 4293">
    <p class='ocr_par' dir='ltr' id='par_1_46' title="bbox 1897 4224 3444 4293">
     <span class='ocr_line' id='line_1_47' title="bbox 1897 4224 3444 4293; baseline -0.005 -6"><span class='ocrx_word' id='word_1_521' title='bbox 1897 4230 1981 4287; x_wconf 80' lang='grc' dir='ltr'><strong>ιίιιί</strong></span> <span class='ocrx_word' id='word_1_522' title='bbox 2013 4228 2332 4285; x_wconf 88' lang='lat' dir='ltr'><strong>nostriJcsu</strong></span> <span class='ocrx_word' id='word_1_523' title='bbox 2348 4227 2553 4284; x_wconf 89' lang='lat' dir='ltr'><strong>Christi</strong></span> <span class='ocrx_word' id='word_1_524' title='bbox 2572 4227 2869 4282; x_wconf 86' lang='lat' dir='ltr'><strong>secundum</strong></span> <span class='ocrx_word' id='word_1_525' title='bbox 2898 4240 3140 4281; x_wconf 87' lang='lat' dir='ltr'><strong>carnem.</strong></span> <span class='ocrx_word' id='word_1_526' title='bbox 3172 4225 3241 4279; x_wconf 87' lang='lat' dir='ltr'><strong>Et</strong></span> <span class='ocrx_word' id='word_1_527' title='bbox 3262 4224 3444 4293; x_wconf 88' lang='lat' dir='ltr'><strong>passio</strong></span> 
     </span>
    </p>
   </div>
   <div class='ocr_carea' id='block_1_47' title="bbox 172 4310 1719 4392">
    <p class='ocr_par' dir='ltr' id='par_1_47' title="bbox 172 4310 1717 4388">
     <span class='ocr_line' id='line_1_48' title="bbox 172 4310 1717 4388; baseline -0.002 -20"><span class='ocrx_word' id='word_1_528' title='bbox 172 4315 411 4388; x_wconf 85' lang='lat' dir='ltr'><strong>episcopi,</strong></span> <span class='ocrx_word' id='word_1_529' title='bbox 442 4316 676 4380; x_wconf 88' lang='lat' dir='ltr'><strong>Sisinni,</strong></span> <span class='ocrx_word' id='word_1_530' title='bbox 698 4315 941 4371; x_wconf 90' lang='lat' dir='ltr'><strong>Amavis.</strong></span> <span class='ocrx_word' id='word_1_531' title='bbox 979 4313 1294 4369; x_wconf 91' lang='lat' dir='ltr'><strong>Cinomauis</strong></span> <span class='ocrx_word' id='word_1_532' title='bbox 1317 4311 1554 4378; x_wconf 87' lang='lat' dir='ltr'><strong>civitate,</strong></span> <span class='ocrx_word' id='word_1_533' title='bbox 1580 4310 1717 4381; x_wconf 92' lang='lat' dir='ltr'><strong>depo</strong></span> 
     </span>
    </p>
   </div>
   <div class='ocr_carea' id='block_1_48' title="bbox 1895 4310 3442 4392">
    <p class='ocr_par' dir='ltr' id='par_1_48' title="bbox 1895 4317 3442 4392">
     <span class='ocr_line' id='line_1_49' title="bbox 1895 4317 3442 4392; baseline -0.007 -11"><span class='ocrx_word' id='word_1_534' title='bbox 1895 4324 2026 4381; x_wconf 89' lang='lat' dir='ltr'><strong>tncti</strong></span> <span class='ocrx_word' id='word_1_535' title='bbox 2052 4322 2275 4379; x_wconf 85' lang='lat' dir='ltr'><strong>Adriani</strong></span> <span class='ocrx_word' id='word_1_536' title='bbox 2304 4321 2581 4392; x_wconf 89' lang='lat' dir='ltr'><strong>martyris.</strong></span> <span class='ocrx_word' id='word_1_537' title='bbox 2616 4318 2673 4374; x_wconf 91' lang='lat' dir='ltr'><strong>lu</strong></span> <span class='ocrx_word' id='word_1_538' title='bbox 2708 4318 3054 4384; x_wconf 81' lang='lat' dir='ltr'><strong>Alexandria,</strong></span> <span class='ocrx_word' id='word_1_539' title='bbox 3094 4317 3288 4372; x_wconf 88' lang='lat' dir='ltr'><strong>natalis</strong></span> <span class='ocrx_word' id='word_1_540' title='bbox 3315 4333 3442 4371; x_wconf 88' lang='lat' dir='ltr'><strong>san-</strong></span> 
     </span>
    </p>
   </div>
   <div class='ocr_carea' id='block_1_49' title="bbox 173 4404 3443 4482">
    <p class='ocr_par' dir='ltr' id='par_1_49' title="bbox 173 4404 3443 4482">
     <span class='ocr_line' id='line_1_50' title="bbox 173 4404 3443 4482; baseline 0 -21"><span class='ocrx_word' id='word_1_541' title='bbox 173 4407 285 4466; x_wconf 82' lang='lat' dir='ltr'><strong>sitio</strong></span> <span class='ocrx_word' id='word_1_542' title='bbox 305 4412 480 4468; x_wconf 81' lang='lat' dir='ltr'><strong>sancti</strong></span> <span class='ocrx_word' id='word_1_543' title='bbox 510 4409 748 4467; x_wconf 85' lang='lat' dir='ltr'><strong>Victoris</strong></span> <span class='ocrx_word' id='word_1_544' title='bbox 770 4406 1036 4479; x_wconf 82' lang='lat' dir='ltr'><strong>episcOpi.</strong></span> <span class='ocrx_word' id='word_1_545' title='bbox 1066 4404 1348 4462; x_wconf 89' lang='lat' dir='ltr'><strong>Ambianis</strong></span> <span class='ocrx_word' id='word_1_546' title='bbox 1376 4404 1616 4470; x_wconf 86' lang='lat' dir='ltr'><strong>civitate,</strong></span> <span class='ocrx_word' id='word_1_547' title='bbox 1646 4404 1745 4459; x_wconf 89' lang='lat' dir='ltr'><strong>de-</strong></span> <span class='ocrx_word' id='word_1_548' title='bbox 1850 4426 2061 4473; x_wconf 70' lang='grc' dir='ltr'><strong><em>ειοιιυω</em></strong></span> <span class='ocrx_word' id='word_1_549' title='bbox 2089 4414 2388 4480; x_wconf 73' lang='grc' dir='ltr'><strong><em>Αιιιηιοίιιί,</em></strong></span> <span class='ocrx_word' id='word_1_550' title='bbox 2421 4413 2581 4478; x_wconf 80' lang='lat' dir='ltr'><strong>Justi,</strong></span> <span class='ocrx_word' id='word_1_551' title='bbox 2627 4411 2961 4482; x_wconf 80' lang='lat' dir='ltr'><strong>Serapionis,</strong></span> <span class='ocrx_word' id='word_1_552' title='bbox 3012 4408 3112 4465; x_wconf 85' lang='lat' dir='ltr'><strong>Pii.</strong></span> <span class='ocrx_word' id='word_1_553' title='bbox 3163 4410 3294 4463; x_wconf 89' lang='lat' dir='ltr'><strong>Item</strong></span> <span class='ocrx_word' id='word_1_554' title='bbox 3340 4409 3443 4477; x_wconf 88' lang='lat' dir='ltr'><strong>Pii,</strong></span> 
     </span>
    </p>
   </div>
   <div class='ocr_carea' id='block_1_50' title="bbox 171 4496 1718 4579">
    <p class='ocr_par' dir='ltr' id='par_1_50' title="bbox 171 4496 1718 4572">
     <span class='ocr_line' id='line_1_51' title="bbox 171 4496 1718 4572; baseline -0.005 -14"><span class='ocrx_word' id='word_1_555' title='bbox 171 4502 346 4569; x_wconf 76' lang='lat' dir='ltr'><strong>positio</strong></span> <span class='ocrx_word' id='word_1_556' title='bbox 379 4502 556 4560; x_wconf 89' lang='lat' dir='ltr'><strong>sancti</strong></span> <span class='ocrx_word' id='word_1_557' title='bbox 580 4500 811 4558; x_wconf 87' lang='lat' dir='ltr'><strong>Firmini</strong></span> <span class='ocrx_word' id='word_1_558' title='bbox 837 4499 1084 4572; x_wconf 87' lang='lat' dir='ltr'><strong>episcopi</strong></span> <span class='ocrx_word' id='word_1_559' title='bbox 1105 4506 1160 4554; x_wconf 87' lang='lat' dir='ltr'><strong>et</strong></span> <span class='ocrx_word' id='word_1_560' title='bbox 1184 4497 1539 4555; x_wconf 79' lang='lat' dir='ltr'><strong>confessoris.</strong></span> <span class='ocrx_word' id='word_1_561' title='bbox 1564 4496 1718 4569; x_wconf 80' lang='lat' dir='ltr'><strong>Egidt‘</strong></span> 
     </span>
    </p>
   </div>
   <div class='ocr_carea' id='block_1_51' title="bbox 1896 4496 3443 4579">
    <p class='ocr_par' dir='ltr' id='par_1_51' title="bbox 1902 4502 3443 4579">
     <span class='ocr_line' id='line_1_52' title="bbox 1902 4502 3443 4579; baseline -0.004 -16"><span class='ocrx_word' id='word_1_562' title='bbox 1902 4507 2161 4579; x_wconf 81' lang='lat' dir='ltr'><strong>necpltili,</strong></span> <span class='ocrx_word' id='word_1_563' title='bbox 2193 4504 2415 4561; x_wconf 88' lang='lat' dir='ltr'><strong>Neoteri</strong></span> <span class='ocrx_word' id='word_1_564' title='bbox 2439 4546 2452 4570; x_wconf 93' lang='lat'><strong>,</strong></span> <span class='ocrx_word' id='word_1_565' title='bbox 2486 4516 2539 4560; x_wconf 89' lang='lat' dir='ltr'><strong>et</strong></span> <span class='ocrx_word' id='word_1_566' title='bbox 2560 4504 2791 4559; x_wconf 90' lang='lat' dir='ltr'><strong>aliorum</strong></span> <span class='ocrx_word' id='word_1_567' title='bbox 2831 4502 3018 4574; x_wconf 89' lang='lat' dir='ltr'><strong>viginti</strong></span> <span class='ocrx_word' id='word_1_568' title='bbox 3049 4502 3305 4567; x_wconf 91' lang='lat' dir='ltr'><strong>duorum,</strong></span> <span class='ocrx_word' id='word_1_569' title='bbox 3339 4502 3443 4557; x_wconf 86' lang='lat' dir='ltr'><strong>Ne-</strong></span> 
     </span>
    </p>
   </div>
   <div class='ocr_carea' id='block_1_52' title="bbox 171 4593 3443 4669">
    <p class='ocr_par' dir='ltr' id='par_1_52' title="bbox 171 4593 3443 4669">
     <span class='ocr_line' id='line_1_53' title="bbox 171 4593 3443 4669; baseline -0.001 -17"><span class='ocrx_word' id='word_1_570' title='bbox 171 4593 368 4653; x_wconf 64' lang='lat' dir='ltr'><strong>abbotis.</strong></span> <span class='ocrx_word' id='word_1_571' title='bbox 1854 4601 2012 4669; x_wconf 90' lang='lat' dir='ltr'><strong>mesi,</strong></span> <span class='ocrx_word' id='word_1_572' title='bbox 2045 4598 2257 4665; x_wconf 87' lang='lat' dir='ltr'><strong>Arioni,</strong></span> <span class='ocrx_word' id='word_1_573' title='bbox 2292 4599 2551 4652; x_wconf 86' lang='lat' dir='ltr'><strong>Ammon.</strong></span> <span class='ocrx_word' id='word_1_574' title='bbox 2585 4596 2770 4651; x_wconf 90' lang='lat' dir='ltr'><strong>Passio</strong></span> <span class='ocrx_word' id='word_1_575' title='bbox 2801 4595 2973 4651; x_wconf 88' lang='lat' dir='ltr'><strong>sancti</strong></span> <span class='ocrx_word' id='word_1_576' title='bbox 3004 4594 3180 4661; x_wconf 87' lang='lat' dir='ltr'><strong>Petri,</strong></span> <span class='ocrx_word' id='word_1_577' title='bbox 3230 4594 3443 4660; x_wconf 88' lang='lat' dir='ltr'><strong>Sabini,</strong></span> 
     </span>
    </p>
   </div>
   <div class='ocr_carea' id='block_1_53' title="bbox 228 4682 3444 4762">
    <p class='ocr_par' dir='ltr' id='par_1_53' title="bbox 228 4682 3444 4762">
     <span class='ocr_line' id='line_1_54' title="bbox 228 4682 3444 4762; baseline 0 -20"><span class='ocrx_word' id='word_1_578' title='bbox 228 4701 279 4742; x_wconf 85' lang='lat' dir='ltr'><strong>tv</strong></span> <span class='ocrx_word' id='word_1_579' title='bbox 305 4706 433 4746; x_wconf 82' lang='lat' dir='ltr'><strong>non.</strong></span> <span class='ocrx_word' id='word_1_580' title='bbox 484 4689 635 4761; x_wconf 87' lang='lat' dir='ltr'><strong>Sept.</strong></span> <span class='ocrx_word' id='word_1_581' title='bbox 684 4687 742 4743; x_wconf 87' lang='lat' dir='ltr'><strong>In</strong></span> <span class='ocrx_word' id='word_1_582' title='bbox 786 4684 1139 4751; x_wconf 86' lang='lat' dir='ltr'><strong>Nicomedia,</strong></span> <span class='ocrx_word' id='word_1_583' title='bbox 1187 4684 1381 4740; x_wconf 88' lang='lat' dir='ltr'><strong>natalis</strong></span> <span class='ocrx_word' id='word_1_584' title='bbox 1435 4692 1744 4740; x_wconf 87' lang='lat' dir='ltr'><strong>sanctorum</strong></span> <span class='ocrx_word' id='word_1_585' title='bbox 1772 4682 1825 4744; x_wconf 89' lang='lat' dir='ltr'><strong>D</strong></span> <span class='ocrx_word' id='word_1_586' title='bbox 1854 4693 2287 4751; x_wconf 90' lang='lat' dir='ltr'><strong>Demetricicum</strong></span> <span class='ocrx_word' id='word_1_587' title='bbox 2321 4692 2441 4746; x_wconf 87' lang='lat' dir='ltr'><strong>aliis</strong></span> <span class='ocrx_word' id='word_1_588' title='bbox 2489 4690 2880 4762; x_wconf 85' lang='lat' dir='ltr'><strong>quadraginta;</strong></span> <span class='ocrx_word' id='word_1_589' title='bbox 2926 4689 3161 4761; x_wconf 88' lang='lat' dir='ltr'><strong>Didymi,</strong></span> <span class='ocrx_word' id='word_1_590' title='bbox 3191 4689 3444 4755; x_wconf 82' lang='lat' dir='ltr'><strong>Mitisori,</strong></span> 
     </span>
    </p>
   </div>
   <div class='ocr_carea' id='block_1_54' title="bbox 169 4776 1716 4855">
    <p class='ocr_par' dir='ltr' id='par_1_54' title="bbox 169 4776 1711 4854">
     <span class='ocr_line' id='line_1_55' title="bbox 169 4776 1711 4854; baseline -0.006 -15"><span class='ocrx_word' id='word_1_591' title='bbox 169 4779 403 4851; x_wconf 72' lang='lat' dir='ltr'><strong>Zenonis,</strong></span> <span class='ocrx_word' id='word_1_592' title='bbox 430 4782 714 4854; x_wconf 82' lang='lat' dir='ltr'><strong>Gargonii,</strong></span> <span class='ocrx_word' id='word_1_593' title='bbox 738 4780 1072 4851; x_wconf 88' lang='lat' dir='ltr'><strong>Mouolappi,</strong></span> <span class='ocrx_word' id='word_1_594' title='bbox 1098 4778 1419 4845; x_wconf 69' lang='lat' dir='ltr'><strong>Theodotm,</strong></span> <span class='ocrx_word' id='word_1_595' title='bbox 1462 4789 1585 4832; x_wconf 89' lang='lat' dir='ltr'><strong>cum</strong></span> <span class='ocrx_word' id='word_1_596' title='bbox 1619 4776 1711 4831; x_wconf 82' lang='lat' dir='ltr'><strong>lilii</strong></span> 
     </span>
    </p>
   </div>
   <div class='ocr_carea' id='block_1_55' title="bbox 1896 4776 3443 4855">
    <p class='ocr_par' dir='ltr' id='par_1_55' title="bbox 1896 4783 3443 4855">
     <span class='ocr_line' id='line_1_56' title="bbox 1896 4783 3443 4855; baseline -0.005 -12"><span class='ocrx_word' id='word_1_597' title='bbox 1896 4788 2060 4855; x_wconf 81' lang='lat' dir='ltr'><strong>aneti,</strong></span> <span class='ocrx_word' id='word_1_598' title='bbox 2090 4786 2309 4851; x_wconf 89' lang='lat' dir='ltr'><strong>Achilli,</strong></span> <span class='ocrx_word' id='word_1_599' title='bbox 2354 4785 2568 4850; x_wconf 87' lang='lat' dir='ltr'><strong>lsidori,</strong></span> <span class='ocrx_word' id='word_1_600' title='bbox 2600 4783 2939 4854; x_wconf 88' lang='lat' dir='ltr'><strong>Serapionis,</strong></span> <span class='ocrx_word' id='word_1_601' title='bbox 2963 4784 3194 4853; x_wconf 66' lang='lat' dir='ltr'><strong>Magitae,</strong></span> <span class='ocrx_word' id='word_1_602' title='bbox 3228 4783 3443 4849; x_wconf 87' lang='lat' dir='ltr'><strong>Orosei,</strong></span> 
     </span>
    </p>
   </div>
   <div class='ocr_carea' id='block_1_56' title="bbox 170 4870 1717 4946">
    <p class='ocr_par' dir='ltr' id='par_1_56' title="bbox 170 4870 1713 4944">
     <span class='ocr_line' id='line_1_57' title="bbox 170 4870 1713 4944; baseline -0.005 -14"><span class='ocrx_word' id='word_1_603' title='bbox 170 4873 304 4933; x_wconf 79' lang='lat' dir='ltr'><strong>suis:</strong></span> <span class='ocrx_word' id='word_1_604' title='bbox 336 4887 392 4933; x_wconf 86' lang='lat' dir='ltr'><strong>et</strong></span> <span class='ocrx_word' id='word_1_605' title='bbox 419 4874 678 4931; x_wconf 88' lang='lat' dir='ltr'><strong>Cosconi.</strong></span> <span class='ocrx_word' id='word_1_606' title='bbox 722 4873 778 4930; x_wconf 90' lang='lat' dir='ltr'><strong>ln</strong></span> <span class='ocrx_word' id='word_1_607' title='bbox 809 4872 1055 4944; x_wconf 90' lang='lat' dir='ltr'><strong>partibus</strong></span> <span class='ocrx_word' id='word_1_608' title='bbox 1082 4871 1358 4941; x_wconf 58' lang='lat' dir='ltr'><strong>Apamia,</strong></span> <span class='ocrx_word' id='word_1_609' title='bbox 1392 4870 1589 4925; x_wconf 87' lang='lat' dir='ltr'><strong>natalis</strong></span> <span class='ocrx_word' id='word_1_610' title='bbox 1619 4884 1713 4924; x_wconf 88' lang='lat' dir='ltr'><strong>san</strong></span> 
     </span>
    </p>
   </div>
   <div class='ocr_carea' id='block_1_57' title="bbox 1898 4870 3445 4946">
    <p class='ocr_par' dir='ltr' id='par_1_57' title="bbox 1898 4874 3445 4946">
     <span class='ocr_line' id='line_1_58' title="bbox 1898 4874 3445 4946; baseline -0.006 -12"><span class='ocrx_word' id='word_1_611' title='bbox 1898 4879 2077 4941; x_wconf 91' lang='lat' dir='ltr'><strong>ilvani,</strong></span> <span class='ocrx_word' id='word_1_612' title='bbox 2119 4877 2431 4946; x_wconf 87' lang='lat' dir='ltr'><strong>Arepionis,</strong></span> <span class='ocrx_word' id='word_1_613' title='bbox 2464 4885 2519 4931; x_wconf 89' lang='lat' dir='ltr'><strong>ct</strong></span> <span class='ocrx_word' id='word_1_614' title='bbox 2544 4874 2774 4930; x_wconf 90' lang='lat' dir='ltr'><strong>aliorum</strong></span> <span class='ocrx_word' id='word_1_615' title='bbox 2807 4876 3279 4945; x_wconf 89' lang='lat' dir='ltr'><strong>septingentorum</strong></span> <span class='ocrx_word' id='word_1_616' title='bbox 3309 4887 3445 4942; x_wconf 84' lang='lat' dir='ltr'><strong>qua-</strong></span> 
     </span>
    </p>
   </div>
   <div class='ocr_carea' id='block_1_58' title="bbox 169 4962 3443 5038">
    <p class='ocr_par' dir='ltr' id='par_1_58' title="bbox 169 4962 3443 5038">
     <span class='ocr_line' id='line_1_59' title="bbox 169 4962 3443 5038; baseline 0 -20"><span class='ocrx_word' id='word_1_617' title='bbox 169 4978 363 5025; x_wconf 79' lang='lat' dir='ltr'><strong>ctorum</strong></span> <span class='ocrx_word' id='word_1_618' title='bbox 412 4968 655 5038; x_wconf 66' lang='lat' dir='ltr'><strong>Antonii,</strong></span> <span class='ocrx_word' id='word_1_619' title='bbox 715 4977 770 5023; x_wconf 83' lang='lat' dir='ltr'><strong>et</strong></span> <span class='ocrx_word' id='word_1_620' title='bbox 809 4966 1070 5023; x_wconf 76' lang='lat' dir='ltr'><strong>Antonini</strong></span> <span class='ocrx_word' id='word_1_621' title='bbox 1114 4965 1269 5020; x_wconf 83' lang='lat' dir='ltr'><strong>Mart.</strong></span> <span class='ocrx_word' id='word_1_622' title='bbox 1301 4966 1356 5021; x_wconf 85' lang='lat' dir='ltr'><strong>In</strong></span> <span class='ocrx_word' id='word_1_623' title='bbox 1393 4962 1741 5034; x_wconf 86' lang='lat' dir='ltr'><strong>Carthagine,</strong></span> <span class='ocrx_word' id='word_1_624' title='bbox 1849 4980 1991 5027; x_wconf 86' lang='lat' dir='ltr'><strong>tuor.</strong></span> <span class='ocrx_word' id='word_1_625' title='bbox 2022 4970 2153 5025; x_wconf 90' lang='lat' dir='ltr'><strong>ltem</strong></span> <span class='ocrx_word' id='word_1_626' title='bbox 2186 4968 2433 5035; x_wconf 89' lang='lat' dir='ltr'><strong>Denetri,</strong></span> <span class='ocrx_word' id='word_1_627' title='bbox 2462 4968 2673 5033; x_wconf 90' lang='lat' dir='ltr'><strong>Severi,</strong></span> <span class='ocrx_word' id='word_1_628' title='bbox 2705 4982 2827 5022; x_wconf 90' lang='lat' dir='ltr'><strong>cum</strong></span> <span class='ocrx_word' id='word_1_629' title='bbox 2861 4968 2979 5021; x_wconf 89' lang='lat' dir='ltr'><strong>aliis</strong></span> <span class='ocrx_word' id='word_1_630' title='bbox 3005 4965 3277 5020; x_wconf 89' lang='lat' dir='ltr'><strong>undecim.</strong></span> <span class='ocrx_word' id='word_1_631' title='bbox 3310 4963 3443 5019; x_wconf 87' lang='lat' dir='ltr'><strong>Item</strong></span> 
     </span>
    </p>
   </div>
   <div class='ocr_carea' id='block_1_59' title="bbox 167 5055 1714 5132">
    <p class='ocr_par' dir='ltr' id='par_1_59' title="bbox 167 5055 1714 5126">
     <span class='ocr_line' id='line_1_60' title="bbox 167 5055 1714 5126; baseline -0.003 -12"><span class='ocrx_word' id='word_1_632' title='bbox 167 5061 348 5118; x_wconf 78' lang='lat' dir='ltr'><strong>natalis</strong></span> <span class='ocrx_word' id='word_1_633' title='bbox 391 5070 707 5117; x_wconf 85' lang='lat' dir='ltr'><strong>sanctorum</strong></span> <span class='ocrx_word' id='word_1_634' title='bbox 738 5060 976 5115; x_wconf 89' lang='lat' dir='ltr'><strong>Dubitati</strong></span> <span class='ocrx_word' id='word_1_635' title='bbox 1000 5100 1016 5126; x_wconf 92' lang='lat'><strong>,</strong></span> <span class='ocrx_word' id='word_1_636' title='bbox 1048 5058 1262 5113; x_wconf 69' lang='lat' dir='ltr'><strong>Tuscia:</strong></span> <span class='ocrx_word' id='word_1_637' title='bbox 1290 5096 1306 5124; x_wconf 92' lang='lat'><strong>,</strong></span> <span class='ocrx_word' id='word_1_638' title='bbox 1333 5056 1626 5112; x_wconf 84' lang='lat' dir='ltr'><strong>Valentini.</strong></span> <span class='ocrx_word' id='word_1_639' title='bbox 1684 5055 1714 5109; x_wconf 82' lang='grc' dir='ltr'><strong><em>Ιι</em></strong></span> 
     </span>
    </p>
   </div>
   <div class='ocr_carea' id='block_1_60' title="bbox 1900 5055 3447 5132">
    <p class='ocr_par' dir='ltr' id='par_1_60' title="bbox 1900 5056 3447 5132">
     <span class='ocr_line' id='line_1_61' title="bbox 1900 5056 3447 5132; baseline -0.005 -12"><span class='ocrx_word' id='word_1_640' title='bbox 1900 5063 2035 5120; x_wconf 76' lang='lat' dir='ltr'><strong>everi</strong></span> <span class='ocrx_word' id='word_1_641' title='bbox 2064 5076 2186 5117; x_wconf 85' lang='lat' dir='ltr'><strong>eum</strong></span> <span class='ocrx_word' id='word_1_642' title='bbox 2236 5061 2356 5117; x_wconf 89' lang='lat' dir='ltr'><strong>aliis</strong></span> <span class='ocrx_word' id='word_1_643' title='bbox 2404 5060 2779 5132; x_wconf 84' lang='lat' dir='ltr'><strong>quadraginta.</strong></span> <span class='ocrx_word' id='word_1_644' title='bbox 2827 5059 2883 5115; x_wconf 91' lang='lat' dir='ltr'><strong>ln</strong></span> <span class='ocrx_word' id='word_1_645' title='bbox 2934 5075 2997 5114; x_wconf 84' lang='lat' dir='ltr'><strong>ca</strong></span> <span class='ocrx_word' id='word_1_646' title='bbox 3048 5058 3137 5112; x_wconf 89' lang='lat' dir='ltr'><strong>die</strong></span> <span class='ocrx_word' id='word_1_647' title='bbox 3192 5056 3447 5113; x_wconf 87' lang='lat' dir='ltr'><strong>collectio</strong></span> 
     </span>
    </p>
   </div>
   <div class='ocr_carea' id='block_1_61' title="bbox 167 5147 3450 5225">
    <p class='ocr_par' dir='ltr' id='par_1_61' title="bbox 167 5147 3450 5225">
     <span class='ocr_line' id='line_1_62' title="bbox 167 5147 3450 5225; baseline -0.001 -15"><span class='ocrx_word' id='word_1_648' title='bbox 167 5150 373 5220; x_wconf 78' lang='lat' dir='ltr'><strong>Sicilia,</strong></span> <span class='ocrx_word' id='word_1_649' title='bbox 422 5154 619 5209; x_wconf 82' lang='lat' dir='ltr'><strong>natalis</strong></span> <span class='ocrx_word' id='word_1_650' title='bbox 649 5160 959 5208; x_wconf 79' lang='lat' dir='ltr'><strong>sanctorum</strong></span> <span class='ocrx_word' id='word_1_651' title='bbox 982 5150 1139 5220; x_wconf 83' lang='lat' dir='ltr'><strong>Eupli</strong></span> <span class='ocrx_word' id='word_1_652' title='bbox 1164 5190 1179 5216; x_wconf 90' lang='lat'><strong>,</strong></span> <span class='ocrx_word' id='word_1_653' title='bbox 1229 5149 1475 5218; x_wconf 68' lang='lat' dir='ltr'><strong>Iosephi,</strong></span> <span class='ocrx_word' id='word_1_654' title='bbox 1525 5147 1742 5214; x_wconf 79' lang='lat' dir='ltr'><strong>FcliCiS.</strong></span> <span class='ocrx_word' id='word_1_655' title='bbox 1852 5155 2144 5211; x_wconf 84' lang='lat' dir='ltr'><strong>multorum</strong></span> <span class='ocrx_word' id='word_1_656' title='bbox 2176 5161 2479 5225; x_wconf 88' lang='lat' dir='ltr'><strong>martyrum</strong></span> <span class='ocrx_word' id='word_1_657' title='bbox 2503 5168 2813 5221; x_wconf 88' lang='lat' dir='ltr'><strong>corporum.</strong></span> <span class='ocrx_word' id='word_1_658' title='bbox 2840 5152 2895 5206; x_wconf 87' lang='lat' dir='ltr'><strong>ltt</strong></span> <span class='ocrx_word' id='word_1_659' title='bbox 2918 5148 3226 5218; x_wconf 84' lang='lat' dir='ltr'><strong>Antiochia,</strong></span> <span class='ocrx_word' id='word_1_660' title='bbox 3251 5151 3450 5209; x_wconf 84' lang='lat' dir='ltr'><strong>natalis</strong></span> 
     </span>
    </p>
   </div>
   <div class='ocr_carea' id='block_1_62' title="bbox 165 5242 2885 5315">
    <p class='ocr_par' dir='ltr' id='par_1_62' title="bbox 165 5242 2885 5315">
     <span class='ocr_line' id='line_1_63' title="bbox 165 5242 2885 5315; baseline -0.004 -11"><span class='ocrx_word' id='word_1_661' title='bbox 165 5242 466 5315; x_wconf 84' lang='lat' dir='ltr'><strong>Secunduli,</strong></span> <span class='ocrx_word' id='word_1_662' title='bbox 500 5247 642 5303; x_wconf 82' lang='lat' dir='ltr'><strong>Iulli.</strong></span> <span class='ocrx_word' id='word_1_663' title='bbox 672 5245 730 5301; x_wconf 87' lang='lat' dir='ltr'><strong>In</strong></span> <span class='ocrx_word' id='word_1_664' title='bbox 756 5244 1106 5311; x_wconf 78' lang='lat' dir='ltr'><strong>Alexandria,</strong></span> <span class='ocrx_word' id='word_1_665' title='bbox 1134 5243 1332 5299; x_wconf 79' lang='lat' dir='ltr'><strong>natalis</strong></span> <span class='ocrx_word' id='word_1_666' title='bbox 1358 5242 1534 5299; x_wconf 89' lang='lat' dir='ltr'><strong>sancti</strong></span> <span class='ocrx_word' id='word_1_667' title='bbox 1566 5242 1748 5297; x_wconf 86' lang='lat' dir='ltr'><strong>Theo-</strong></span> <span class='ocrx_word' id='word_1_668' title='bbox 1850 5256 2163 5304; x_wconf 81' lang='lat' dir='ltr'><strong>sanctorum</strong></span> <span class='ocrx_word' id='word_1_669' title='bbox 2206 5244 2501 5309; x_wconf 80' lang='lat' dir='ltr'><strong>Timothei,</strong></span> <span class='ocrx_word' id='word_1_670' title='bbox 2530 5244 2885 5300; x_wconf 83' lang='lat' dir='ltr'><strong>Faustiniani.</strong></span> 
     </span>
    </p>
   </div>
   <div class='ocr_carea' id='block_1_63' title="bbox 166 5335 3445 5416">
    <p class='ocr_par' dir='ltr' id='par_1_63' title="bbox 166 5335 3445 5416">
     <span class='ocr_line' id='line_1_64' title="bbox 166 5335 3445 5416; baseline -0.001 -20"><span class='ocrx_word' id='word_1_671' title='bbox 166 5339 275 5399; x_wconf 84' lang='lat' dir='ltr'><strong>dori</strong></span> <span class='ocrx_word' id='word_1_672' title='bbox 314 5342 594 5416; x_wconf 86' lang='lat' dir='ltr'><strong>martyris.</strong></span> <span class='ocrx_word' id='word_1_673' title='bbox 631 5341 689 5397; x_wconf 86' lang='lat' dir='ltr'><strong>In</strong></span> <span class='ocrx_word' id='word_1_674' title='bbox 716 5339 1029 5405; x_wconf 85' lang='lat' dir='ltr'><strong>Antiochia,</strong></span> <span class='ocrx_word' id='word_1_675' title='bbox 1058 5338 1254 5395; x_wconf 86' lang='lat' dir='ltr'><strong>natalis</strong></span> <span class='ocrx_word' id='word_1_676' title='bbox 1285 5338 1453 5394; x_wconf 91' lang='lat' dir='ltr'><strong>sancti</strong></span> <span class='ocrx_word' id='word_1_677' title='bbox 1478 5335 1751 5392; x_wconf 85' lang='lat' dir='ltr'><strong>Timothei</strong></span> <span class='ocrx_word' id='word_1_678' title='bbox 1923 5356 1956 5395; x_wconf 93' lang='lat' dir='ltr'><strong>v</strong></span> <span class='ocrx_word' id='word_1_679' title='bbox 1980 5340 2100 5395; x_wconf 84' lang='lat' dir='ltr'><strong>idus</strong></span> <span class='ocrx_word' id='word_1_680' title='bbox 2136 5340 2283 5410; x_wconf 87' lang='lat' dir='ltr'><strong>Sept.</strong></span> <span class='ocrx_word' id='word_1_681' title='bbox 2316 5338 2524 5399; x_wconf 82' lang='lat' dir='ltr'><strong>Romae.</strong></span> <span class='ocrx_word' id='word_1_682' title='bbox 2574 5340 2659 5394; x_wconf 89' lang='lat' dir='ltr'><strong>via</strong></span> <span class='ocrx_word' id='word_1_683' title='bbox 2689 5337 2973 5403; x_wconf 87' lang='lat' dir='ltr'><strong>Lavicana,</strong></span> <span class='ocrx_word' id='word_1_684' title='bbox 2998 5336 3138 5392; x_wconf 90' lang='lat' dir='ltr'><strong>inter</strong></span> <span class='ocrx_word' id='word_1_685' title='bbox 3167 5338 3301 5393; x_wconf 90' lang='lat' dir='ltr'><strong>duas</strong></span> <span class='ocrx_word' id='word_1_686' title='bbox 3329 5339 3445 5394; x_wconf 86' lang='lat' dir='ltr'><strong>lau-</strong></span> 
     </span>
    </p>
   </div>
   <div class='ocr_carea' id='block_1_64' title="bbox 165 5428 3444 5509">
    <p class='ocr_par' dir='ltr' id='par_1_64' title="bbox 165 5428 3444 5509">
     <span class='ocr_line' id='line_1_65' title="bbox 165 5428 3444 5509; baseline -0.002 -18"><span class='ocrx_word' id='word_1_687' title='bbox 165 5435 431 5509; x_wconf 76' lang='lat' dir='ltr'><strong>martyris.</strong></span> <span class='ocrx_word' id='word_1_688' title='bbox 471 5434 733 5502; x_wconf 82' lang='lat' dir='ltr'><strong>Lugduno</strong></span> <span class='ocrx_word' id='word_1_689' title='bbox 756 5432 976 5497; x_wconf 74' lang='lat' dir='ltr'><strong>Gallize,</strong></span> <span class='ocrx_word' id='word_1_690' title='bbox 1003 5431 1272 5503; x_wconf 90' lang='lat' dir='ltr'><strong>depositio</strong></span> <span class='ocrx_word' id='word_1_691' title='bbox 1297 5431 1471 5488; x_wconf 87' lang='lat' dir='ltr'><strong>sancti</strong></span> <span class='ocrx_word' id='word_1_692' title='bbox 1500 5429 1661 5497; x_wconf 80' lang='lat' dir='ltr'><strong>Justi,</strong></span> <span class='ocrx_word' id='word_1_693' title='bbox 1693 5439 1749 5485; x_wconf 91' lang='lat' dir='ltr'><strong>et</strong></span> <span class='ocrx_word' id='word_1_694' title='bbox 1850 5449 1965 5500; x_wconf 90' lang='lat' dir='ltr'><strong>ros,</strong></span> <span class='ocrx_word' id='word_1_695' title='bbox 1997 5433 2194 5489; x_wconf 91' lang='lat' dir='ltr'><strong>natalis</strong></span> <span class='ocrx_word' id='word_1_696' title='bbox 2220 5433 2389 5489; x_wconf 90' lang='lat' dir='ltr'><strong>sancti</strong></span> <span class='ocrx_word' id='word_1_697' title='bbox 2422 5430 2703 5501; x_wconf 86' lang='lat' dir='ltr'><strong>Gorgonii.</strong></span> <span class='ocrx_word' id='word_1_698' title='bbox 2736 5429 2805 5485; x_wconf 84' lang='lat' dir='ltr'><strong>Et</strong></span> <span class='ocrx_word' id='word_1_699' title='bbox 2838 5429 2889 5483; x_wconf 91' lang='lat' dir='ltr'><strong>in</strong></span> <span class='ocrx_word' id='word_1_700' title='bbox 2924 5428 3164 5497; x_wconf 92' lang='lat' dir='ltr'><strong>Sabinis,</strong></span> <span class='ocrx_word' id='word_1_701' title='bbox 3190 5431 3444 5486; x_wconf 82' lang='lat' dir='ltr'><strong>milliaria</strong></span> 
     </span>
    </p>
   </div>
   <div class='ocr_carea' id='block_1_65' title="bbox 164 5520 3442 5595">
    <p class='ocr_par' dir='ltr' id='par_1_65' title="bbox 164 5520 3442 5595">
     <span class='ocr_line' id='line_1_66' title="bbox 164 5520 3442 5595; baseline -0.001 -16"><span class='ocrx_word' id='word_1_702' title='bbox 164 5523 427 5582; x_wconf 83' lang='lat' dir='ltr'><strong>dedicatio</strong></span> <span class='ocrx_word' id='word_1_703' title='bbox 479 5524 718 5583; x_wconf 76' lang='lat' dir='ltr'><strong>basilicae</strong></span> <span class='ocrx_word' id='word_1_704' title='bbox 760 5524 930 5595; x_wconf 88' lang='lat' dir='ltr'><strong>ipsius</strong></span> <span class='ocrx_word' id='word_1_705' title='bbox 976 5524 1173 5579; x_wconf 87' lang='lat' dir='ltr'><strong>sancti.</strong></span> <span class='ocrx_word' id='word_1_706' title='bbox 1239 5523 1523 5581; x_wconf 77' lang='lat' dir='ltr'><strong>Stabulum</strong></span> <span class='ocrx_word' id='word_1_707' title='bbox 1576 5523 1745 5578; x_wconf 74' lang='lat' dir='ltr'><strong>sancti</strong></span> <span class='ocrx_word' id='word_1_708' title='bbox 1850 5528 1919 5583; x_wconf 90' lang='lat' dir='ltr'><strong>ab</strong></span> <span class='ocrx_word' id='word_1_709' title='bbox 1947 5527 2104 5593; x_wconf 90' lang='lat' dir='ltr'><strong>urbe,</strong></span> <span class='ocrx_word' id='word_1_710' title='bbox 2154 5525 2354 5581; x_wconf 88' lang='lat' dir='ltr'><strong>natalis</strong></span> <span class='ocrx_word' id='word_1_711' title='bbox 2407 5533 2721 5580; x_wconf 90' lang='lat' dir='ltr'><strong>sanctorum</strong></span> <span class='ocrx_word' id='word_1_712' title='bbox 2764 5520 3073 5593; x_wconf 86' lang='lat' dir='ltr'><strong>Hyacinthi,</strong></span> <span class='ocrx_word' id='word_1_713' title='bbox 3125 5522 3442 5589; x_wconf 87' lang='lat' dir='ltr'><strong>Alexandri,</strong></span> 
     </span>
    </p>
   </div>
   <div class='ocr_carea' id='block_1_66' title="bbox 166 5611 3421 5689">
    <p class='ocr_par' dir='ltr' id='par_1_66' title="bbox 166 5611 3421 5689">
     <span class='ocr_line' id='line_1_67' title="bbox 166 5611 3421 5689; baseline -0.002 -16"><span class='ocrx_word' id='word_1_714' title='bbox 166 5615 393 5673; x_wconf 72' lang='lat' dir='ltr'><strong>Ranacli</strong></span> <span class='ocrx_word' id='word_1_715' title='bbox 421 5618 649 5689; x_wconf 74' lang='lat' dir='ltr'><strong>episcopi</strong></span> <span class='ocrx_word' id='word_1_716' title='bbox 688 5626 736 5672; x_wconf 89' lang='lat' dir='ltr'><strong>et</strong></span> <span class='ocrx_word' id='word_1_717' title='bbox 785 5616 1115 5687; x_wconf 72' lang='lat' dir='ltr'><strong>confessoris.</strong></span> <span class='ocrx_word' id='word_1_718' title='bbox 1166 5613 1382 5671; x_wconf 81' lang='lat' dir='ltr'><strong>Corbeia</strong></span> <span class='ocrx_word' id='word_1_719' title='bbox 1406 5614 1744 5682; x_wconf 81' lang='lat' dir='ltr'><strong>monasterio,</strong></span> <span class='ocrx_word' id='word_1_720' title='bbox 1848 5619 2105 5686; x_wconf 89' lang='lat' dir='ltr'><strong>Tiburtii,</strong></span> <span class='ocrx_word' id='word_1_721' title='bbox 2134 5617 2339 5683; x_wconf 89' lang='lat' dir='ltr'><strong>Juvini,</strong></span> <span class='ocrx_word' id='word_1_722' title='bbox 2396 5615 2619 5673; x_wconf 87' lang='lat' dir='ltr'><strong>Silvani.</strong></span> <span class='ocrx_word' id='word_1_723' title='bbox 2678 5614 2735 5669; x_wconf 92' lang='lat' dir='ltr'><strong>ln</strong></span> <span class='ocrx_word' id='word_1_724' title='bbox 2784 5611 3019 5670; x_wconf 66' lang='lat' dir='ltr'><strong>Caesaria</strong></span> <span class='ocrx_word' id='word_1_725' title='bbox 3067 5614 3421 5685; x_wconf 73' lang='lat' dir='ltr'><strong>Cappadocia:</strong></span> 
     </span>
    </p>
   </div>
   <div class='ocr_carea' id='block_1_67' title="bbox 166 5706 3442 5783">
    <p class='ocr_par' dir='ltr' id='par_1_67' title="bbox 166 5706 3442 5783">
     <span class='ocr_line' id='line_1_68' title="bbox 166 5706 3442 5783; baseline -0.002 -16"><span class='ocrx_word' id='word_1_726' title='bbox 166 5711 421 5768; x_wconf 75' lang='lat' dir='ltr'><strong>dedicatio</strong></span> <span class='ocrx_word' id='word_1_727' title='bbox 442 5710 667 5768; x_wconf 73' lang='lat' dir='ltr'><strong>basilicae</strong></span> <span class='ocrx_word' id='word_1_728' title='bbox 693 5712 855 5767; x_wconf 79' lang='lat' dir='ltr'><strong>sancti</strong></span> <span class='ocrx_word' id='word_1_729' title='bbox 886 5711 1106 5766; x_wconf 83' lang='lat' dir='ltr'><strong>Martini</strong></span> <span class='ocrx_word' id='word_1_730' title='bbox 1137 5711 1422 5783; x_wconf 79' lang='lat' dir='ltr'><strong>pontiﬁcis.</strong></span> <span class='ocrx_word' id='word_1_731' title='bbox 1853 5712 2049 5770; x_wconf 87' lang='lat' dir='ltr'><strong>natalis</strong></span> <span class='ocrx_word' id='word_1_732' title='bbox 2095 5719 2406 5767; x_wconf 89' lang='lat' dir='ltr'><strong>sanctorum</strong></span> <span class='ocrx_word' id='word_1_733' title='bbox 2460 5708 2674 5775; x_wconf 88' lang='lat' dir='ltr'><strong>Donati,</strong></span> <span class='ocrx_word' id='word_1_734' title='bbox 2705 5707 2937 5776; x_wconf 80' lang='lat' dir='ltr'><strong>Eleassi,</strong></span> <span class='ocrx_word' id='word_1_735' title='bbox 2974 5706 3274 5773; x_wconf 88' lang='lat' dir='ltr'><strong>Fortunati,</strong></span> <span class='ocrx_word' id='word_1_736' title='bbox 3309 5708 3442 5762; x_wconf 83' lang='lat' dir='ltr'><strong>Arn-</strong></span> 
     </span>
    </p>
   </div>
   <div class='ocr_carea' id='block_1_68' title="bbox 234 5797 3419 5880">
    <p class='ocr_par' dir='ltr' id='par_1_68' title="bbox 234 5797 3419 5880">
     <span class='ocr_line' id='line_1_69' title="bbox 234 5797 3419 5880; baseline -0.001 -21"><span class='ocrx_word' id='word_1_737' title='bbox 234 5818 292 5862; x_wconf 88' lang='grc' dir='ltr'><strong>ιιι</strong></span> <span class='ocrx_word' id='word_1_738' title='bbox 344 5821 466 5861; x_wconf 85' lang='lat' dir='ltr'><strong>non.</strong></span> <span class='ocrx_word' id='word_1_739' title='bbox 497 5807 643 5880; x_wconf 83' lang='lat' dir='ltr'><strong>Sept.</strong></span> <span class='ocrx_word' id='word_1_740' title='bbox 676 5806 732 5863; x_wconf 87' lang='lat' dir='ltr'><strong>In</strong></span> <span class='ocrx_word' id='word_1_741' title='bbox 760 5805 1119 5876; x_wconf 86' lang='lat' dir='ltr'><strong>Alexandria,</strong></span> <span class='ocrx_word' id='word_1_742' title='bbox 1180 5806 1377 5863; x_wconf 84' lang='lat' dir='ltr'><strong>natalis</strong></span> <span class='ocrx_word' id='word_1_743' title='bbox 1422 5810 1599 5865; x_wconf 90' lang='lat' dir='ltr'><strong>sancti</strong></span> <span class='ocrx_word' id='word_1_744' title='bbox 1629 5807 1750 5863; x_wconf 85' lang='lat' dir='ltr'><strong>Ari-</strong></span> <span class='ocrx_word' id='word_1_745' title='bbox 1855 5806 2047 5861; x_wconf 90' lang='lat' dir='ltr'><strong>monii.</strong></span> <span class='ocrx_word' id='word_1_746' title='bbox 2080 5804 2138 5861; x_wconf 92' lang='lat' dir='ltr'><strong>In</strong></span> <span class='ocrx_word' id='word_1_747' title='bbox 2168 5801 2405 5869; x_wconf 88' lang='lat' dir='ltr'><strong>Parthis,</strong></span> <span class='ocrx_word' id='word_1_748' title='bbox 2455 5800 2655 5859; x_wconf 86' lang='lat' dir='ltr'><strong>natalis</strong></span> <span class='ocrx_word' id='word_1_749' title='bbox 2682 5810 3002 5859; x_wconf 88' lang='lat' dir='ltr'><strong>sanctorum</strong></span> <span class='ocrx_word' id='word_1_750' title='bbox 3029 5797 3215 5870; x_wconf 81' lang='lat' dir='ltr'><strong>Marci,</strong></span> <span class='ocrx_word' id='word_1_751' title='bbox 3253 5797 3419 5855; x_wconf 87' lang='lat' dir='ltr'><strong>Libra</strong></span> 
     </span>
    </p>
   </div>
   <div class='ocr_carea' id='block_1_69' title="bbox 168 5897 2123 5973">
    <p class='ocr_par' dir='ltr' id='par_1_69' title="bbox 168 5897 2123 5973">
     <span class='ocr_line' id='line_1_70' title="bbox 168 5897 2123 5973; baseline 0.003 -21"><span class='ocrx_word' id='word_1_752' title='bbox 168 5899 426 5972; x_wconf 81' lang='lat' dir='ltr'><strong>stonippi.</strong></span> <span class='ocrx_word' id='word_1_753' title='bbox 472 5900 538 5958; x_wconf 74' lang='lat' dir='ltr'><strong>Et</strong></span> <span class='ocrx_word' id='word_1_754' title='bbox 574 5902 627 5959; x_wconf 92' lang='lat' dir='ltr'><strong>in</strong></span> <span class='ocrx_word' id='word_1_755' title='bbox 655 5899 879 5972; x_wconf 81' lang='lat' dir='ltr'><strong>regione</strong></span> <span class='ocrx_word' id='word_1_756' title='bbox 910 5897 1153 5972; x_wconf 73' lang='lat' dir='ltr'><strong>Apamia:</strong></span> <span class='ocrx_word' id='word_1_757' title='bbox 1178 5938 1195 5973; x_wconf 90' lang='lat'><strong>,</strong></span> <span class='ocrx_word' id='word_1_758' title='bbox 1226 5899 1505 5972; x_wconf 86' lang='lat' dir='ltr'><strong>provincia</strong></span> <span class='ocrx_word' id='word_1_759' title='bbox 1548 5900 1749 5972; x_wconf 80' lang='lat' dir='ltr'><strong>Syriae,</strong></span> <span class='ocrx_word' id='word_1_760' title='bbox 1854 5900 1946 5972; x_wconf 88' lang='lat' dir='ltr'><strong>tis,</strong></span> <span class='ocrx_word' id='word_1_761' title='bbox 1974 5898 2123 5959; x_wconf 85' lang='lat' dir='ltr'><strong>Julii.</strong></span> 
     </span>
    </p>
   </div>
  </div>
