3918 6294
440 401 549 461 ιτε

1487 396 1546 456 S.
1582 393 1966 453 illEBONYMl
2001 390 2291 454 OPERUM
2328 394 2690 455 MANTISSA.
3589 405 3679 466 576

512 530 571 573 tv
597 514 716 572 idus
745 513 891 585 Sept.
923 513 981 571 in
1009 509 1244 569 Caesaria
1270 509 1648 583 Cappadociae,
1674 511 1872 567 natalis
1899 526 2041 567 san-
2066 514 2118 575 Α
2146 513 2200 568 in
2226 514 2547 569 cienteterio
2576 512 2790 581 Mante,
2820 508 3015 569 natalis
3036 511 3209 568 sancti
3234 510 3591 575 Enterentiani.
3619 523 3676 580 Et

447 617 663 665 ctorum
697 606 921 676 Eupliae,
947 604 1267 673 Alexandri,
1291 602 1542 675 Cirosici,
1570 604 1755 671 Hisici,
1804 604 2036 677 Alapon,

449 700 676 765 Silvani,
729 713 852 754 cum
879 697 1001 752 aliis
1050 696 1311 767 quinque.
1363 697 1419 751 in
1448 696 1809 765 Alexandria,
1843 699 2040 754 natalis

450 801 760 853 sanctorum
812 790 1052 857 Nemesi,
1094 790 1403 856 Ammonis,
1451 791 1711 862 Originis,
1738 792 1953 859 Herosi,
1984 800 2043 849 et

446 887 675 941 aliorum
706 884 1138 954 octingentorum
1167 898 1303 950 sex;
1358 884 1594 957 Didymi,
1629 885 1913 948 Meresori.
1948 886 2044 941 Pa-

450 980 626 1049 nepsi,
677 978 937 1045 Achillei,
984 977 1186 1034 Niceti.
1233 978 1364 1033 item
1400 979 1703 1043 Ammonis,
1734 978 1914 1048 Orosi,
1944 980 2045 1037 Sil-

448 1071 594 1135 vani,
623 1070 875 1139 Oripion,
912 1069 1075 1133 Nimi,
1101 1068 1241 1133 Sitti,
1267 1077 1323 1123 et
1352 1069 1579 1123 aliorum
1609 1083 1803 1125 novem
1822 1112 1835 1135 ,
1876 1070 2045 1127 Pane-

449 1161 615 1227 modi,
642 1161 840 1229 Niceti,
864 1161 1078 1217 Silvini.
1141 1161 1348 1224 Batnae,
1380 1160 1648 1228 depositio
1690 1162 1838 1217 Beati
1876 1163 2043 1218 llilari

449 1269 626 1325 papae.
667 1254 725 1309 In
752 1252 955 1316 Africa,
978 1252 1174 1307 natalis
1203 1265 1513 1307 sanctorum
1557 1252 1855 1324 martyrum
1889 1254 2047 1309 Dole-

2139 604 2338 660 natalis
2364 613 2678 660 sanctorum
2703 603 2901 671 Palles,
2930 604 3153 672 Felicis,
3192 605 3436 677 Victoris,
3468 610 3669 681 Sperati,

2138 697 2349 766 Navini,
2378 698 2648 763 Chorinti,
2680 698 2965 763 Secundae,
3002 700 3214 765 Donati,
3244 698 3538 759 Generosa.
3560 705 3670 764 item

2140 790 2426 856 Secundae,
2471 790 2687 862 Lupati.
2722 789 2779 846 in
2828 790 3077 858 Nuceria,
3138 791 3415 859 Prisciani,
3458 794 3666 853 Maximi.

2142 882 2351 948 Romae,
2374 885 2552 955 passio
2572 892 2777 939 sancite
2790 881 3020 939 Caecilia
3038 882 3286 953 virginis,
3313 883 3491 951 Saluti,
3516 887 3673 960 Tyrsi.

2216 994 2283 1033 xv
2314 979 2416 1033 Ital.
2451 978 2566 1033 Oct.
2602 978 2660 1035 in
2700 977 3014 1043 Neveduno,
3062 977 3258 1032 natalis
3286 986 3571 1034 sanctorum
3596 981 3685 1036 Va-

2147 1069 2374 1135 leriani,
2447 1069 2708 1139 Magrini,
2770 1067 3051 1125 Gordiani.
3113 1067 3171 1121 lu
3219 1066 3471 1135 Nuceria,
3523 1070 3693 1125 natalis

2147 1172 2461 1217 sanctorum
2494 1160 2817 1227 Constantii,
2867 1158 3139 1215 Sunctini.
3187 1156 3517 1215 Chalcedone
3538 1160 3696 1233 Bithy-

2149 1254 2277 1320 nizc,
2303 1254 2501 1308 natalis
2529 1262 2840 1308 sanctorum
2872 1253 3210 1322 Euphemlm,
3236 1250 3460 1309 Saleosi.
3503 1254 3699 1325 Suipor-

445 1348 621 1417 tatuli,
650 1347 882 1412 Tusciae,
908 1344 1130 1415 Magari,
1165 1344 1459 1400 Valentini.
1750 1394 1753 1397 .
2151 1349 2244 1413 tio,
2274 1347 2567 1418 depositio,
2599 1348 2772 1401 sancti
2802 1346 2952 1402 Pauli
2974 1346 3214 1415 episcopi
3236 1387 3250 1409 ,
3293 1345 3539 1414 Macrobi,
3565 1347 3693 1404 Gau-

522 1456 582 1496 lll
611 1440 730 1494 idus
758 1438 908 1509 Sept.
933 1437 1142 1503 Romae,
1173 1436 1255 1491 via
1302 1436 1515 1492 Salaria
1539 1438 1732 1506 veteri,
1759 1438 1815 1493 in
1846 1453 2052 1495 coeme-

455 1535 593 1589 terio
640 1532 877 1598 Basillac,
911 1532 1105 1587 natalis
1146 1541 1457 1587 sanctorum
1490 1532 1662 1596 Preti,
1716 1543 1766 1587 et
1792 1532 2047 1601 Jacincti,

456 1627 692 1698 Didymi.
723 1625 781 1679 ln
836 1634 994 1694 portu
1043 1624 1191 1679 urbis
1243 1624 1450 1689 Romae,
1495 1624 1691 1679 natalis
1735 1632 2049 1680 sanctorum

452 1718 695 1788 ingenui,
729 1728 785 1772 ct
812 1717 1083 1788 Hippolyti
1126 1727 1445 1789 martyrum.
1478 1714 1537 1770 In
1562 1715 1916 1783 Alexandria,
1950 1731 2048 1771 na-

454 1813 582 1867 talis
624 1821 934 1867 sanctorum
976 1811 1138 1883 Syri,
1168 1820 1225 1865 et
1249 1809 1586 1878 Serapionis.
1632 1809 1688 1864 ln
1719 1811 1935 1880 Apulia,
1962 1824 2055 1864 na-

2150 1440 2320 1508 diani,
2363 1439 2479 1494 l~ici
2515 1449 2676 1494 tnart.
2711 1436 2777 1491 In
2803 1436 3001 1505 Gallia,
3031 1439 3144 1492 oico
3169 1438 3257 1507 qui
3283 1437 3465 1491 dicitur
3485 1436 3698 1505 Leoditts,

2152 1535 2323 1604 passio
2351 1533 2513 1587 sancti
2545 1532 2857 1586 Landeborti
2881 1532 3110 1602 episcopi
3127 1542 3173 1584 et
3202 1532 3462 1601 martyris.

2227 1640 2314 1679 xtv
2337 1624 2439 1678 kal.
2477 1624 2593 1678 Oct.
2628 1627 2684 1679 in
2720 1624 3083 1690 Alexandria,
3133 1621 3327 1678 natalis
3354 1623 3517 1678 sancti
3559 1622 3708 1679 Thro-

2158 1718 2349 1786 pbimi.
2384 1717 2452 1771 Et
2482 1718 2535 1771 in
2574 1716 2919 1778 Nicomedia.
2946 1716 3144 1770 natalis
3176 1724 3480 1770 sanctorum
3502 1713 3703 1783 Oceani,

2157 1812 2331 1884 Xysli,
2352 1812 2553 1867 Medaci
2569 1852 2582 1865 .
2608 1812 2665 1865 In
2692 1811 3017 1879 Mediolano,
3041 1808 3313 1881 depositio
3335 1810 3499 1866 sancti
3525 1810 3709 1865 Eustat-

455 1906 582 1960 talis
613 1913 926 1959 sanctorum
972 1901 1189 1966 Felicis,
1241 1911 1297 1956 et
1336 1902 1558 1967 Donati,
1611 1900 1760 1957 Julii.
1799 1901 2054 1974 Lugduno
2087 1903 2132 1964 B
2160 1905 2229 1974 gii
2258 1904 2525 1973 episcopi,
2558 1902 2763 1974 Satyri.

459 1995 667 2063 Gallice,
698 1994 949 2067 depositio
970 1996 1137 2049 sancti
1167 1992 1417 2048 Patientis
1446 1994 1693 2065 episcopi.

529 2085 711 2142 Pridie
740 2086 855 2141 idus
882 2085 1029 2157 Sept.
1068 2084 1123 2139 ltt
1157 2085 1362 2155 Sicilia,
1390 2086 1608 2140 civitate
1630 2084 1922 2153 Cathenas,
1958 2101 2057 2140 na-

454 2182 581 2239 talis
603 2192 914 2238 sanctorum
947 2181 1126 2251 Eupli,
1156 2193 1208 2235 et
1226 2182 1539 2253 Serapionis
1564 2184 1827 2253 episcopi,
1854 2183 2053 2253 Magni.

463 2274 673 2340 Romae,
703 2273 898 2331 natalis
935 2283 1244 2329 sanctorum
1271 2274 1437 2339 i’roti,
1464 2274 1730 2343 Sanctini,
1759 2276 2053 2348 Hippolyti.

460 2368 826 2435 Nicomedia,
892 2368 1091 2423 natalis
1139 2367 1424 2423 Ammonis
1484 2368 1725 2424 lectoris.
1786 2370 1843 2425 ln
1895 2370 2052 2441 Asia,

461 2461 656 2516 natalis
701 2461 871 2515 sancti
918 2458 1111 2514 Diololi
1140 2501 1154 2524 ,
1204 2459 1467 2514 Matronae
1496 2501 1512 2525 ,
1582 2460 1763 2516 Tecla:
1810 2462 2054 2531 virginis,

464 2554 757 2609 lleraclite.
810 2552 879 2607 Et
899 2552 1047 2619 alibi,
1079 2552 1345 2622 depositio
1372 2552 1592 2608 Eusebii
1622 2553 1884 2624 episcopi.
1913 2554 2057 2627 Lug-

464 2644 593 2698 duni
623 2642 829 2710 Gallice,
865 2643 1117 2715 depositio
1148 2643 1280 2697 beati
1308 2643 1593 2699 sacerdotis
1612 2646 1839 2718 episcopi
1864 2657 1912 2701 et
1939 2664 2059 2701 con-

465 2737 698 2807 fessoris.
722 2734 1121 2806 Augustiduno,
1141 2736 1408 2806 depositio
1427 2736 1573 2793 beati
1595 2737 1792 2795 Eranti
1816 2739 2060 2811 episcopi

400 2826 403 2827 ν
468 2838 523 2885 ct
546 2828 898 2885 confessoris.

542 2918 675 2977 Idus
703 2922 848 2993 Sept.
899 2921 953 2976 ltt
982 2920 1197 2991 Apulia,
1232 2923 1428 2978 natalis
1467 2934 1780 2979 sanctorum
1838 2924 2063 2980 Felicis-

472 3014 618 3079 simi,
645 3022 700 3069 et
728 3014 1044 3079 Secundini,
1071 3014 1291 3083 Justini,
1316 3013 1806 3087 Constantinopoli,
1849 3018 2063 3087 deposi-

2231 2013 2323 2053 xnt
2355 1996 2457 2051 kal.
2501 1996 2683 2052 Octob.
2716 1997 2774 2052 in
2816 1994 3169 2065 Alexandria,
3202 1995 3402 2051 natalis
3439 2003 3709 2051 sanctorum

2161 2089 2442 2153 Demetrii,
2479 2089 2651 2152 Palei,
2702 2088 2952 2157 Nilipaci,
2998 2087 3263 2154 Madielli,
3295 2087 3553 2151 Castoris,
3580 2087 3712 2141 Satu-

2160 2184 2286 2252 rini,
2321 2184 2449 2238 ϐωῑὶ
2477 2182 2754 2253 episcopi,
2790 2182 2938 2237 Casii
2962 2223 2976 2247 ,
3002 2182 3151 2237 Julii.
3180 2181 3239 2236 in
3272 2180 3516 2250 Neapoli,
3541 2178 3707 2233 natalis

2158 2287 2468 2332 sanctorum
2502 2275 2745 2331 Januarii
2774 2285 2823 2329 et
2848 2275 3082 2330 Aniceti.
3113 2273 3179 2329 Et
3212 2274 3268 2327 in
3288 2272 3530 2343 Synnada
3560 2270 3715 2341 Phry-

2158 2370 2293 2441 gias,
2327 2369 2522 2425 natalis
2568 2371 2741 2424 sancti
2774 2366 2996 2438 Trophi.
3031 2367 3236 2420 Vienna
3279 2364 3491 2421 civitate
3514 2404 3527 2429 ,
3557 2362 3717 2417 natalis

2160 2466 2335 2518 sancti
2366 2462 2611 2517 Ferreoli
2635 2473 2689 2516 et
2712 2460 2981 2516 dedicatio
3006 2458 3258 2514 Basilicas
3283 2458 3471 2529 ipsius,
3498 2466 3545 2509 et
3566 2464 3717 2508 trans-

2162 2558 2293 2611 latio
2322 2557 2613 2611 tnultorum
2643 2569 2966 2624 corporum,
2989 2567 3112 2607 cum
3140 2554 3324 2623 capite
3354 2550 3522 2605 sancti
3547 2544 3716 2603 Juliaai

2165 2649 2419 2721 martyris
2468 2648 2535 2703 de
2578 2647 2795 2701 Brivate
2837 2647 2939 2700 sub
2989 2646 3163 2699 altare
3213 2645 3416 2715 posito.
3447 2641 3499 2695 in
3534 2639 3721 2695 civitate

2163 2744 2427 2809 Treviris,
2459 2742 2729 2812 depositio
2776 2738 2927 2794 Militi
2975 2737 3239 2809 episcopi.
3274 2738 3341 2791 Et
3378 2733 3534 2798 alibi,
3559 2728 3724 2785 natalis

2164 2844 2477 2890 sanctorum
2524 2832 2686 2904 Trogi
2713 2832 2949 2902 episcopi
2974 2870 2989 2895 ,
3030 2840 3085 2884 et
3129 2829 3206 2884 Pii
3241 2827 3488 2891 diaconi,
3516 2819 3723 2893 Capilei,

2162 2929 2287 2995 Nili,
2319 2930 2555 2992 Paterni,
2588 2927 2775 2991 Musei,
2805 2940 2927 2981 cum
2950 2925 3070 2980 aliis
3089 2933 3313 2979 centum
3336 2918 3718 2992 quinquaginta.

2166 3022 2223 3076 in
2258 3020 2535 3075 territorio
2563 3019 2835 3086 Biturino,
2866 3018 2987 3073 vico
3022 3016 3322 3083 Vellauno,
3364 3011 3554 3068 natalis
3578 3006 3725 3063 sancti

474 3106 549 3160 tio
576 3107 748 3161 sancti
775 3104 1003 3162 Joannis
1044 3105 1311 3175 episcoiti.
1362 3106 1417 3161 in
1450 3108 1812 3175 Alexandria,
1869 3111 2065 3166 natalis
2167 3115 2411 3170 Mariaui.
2454 3114 2509 3169 In
2552 3113 2800 3179 Nuceria,
2845 3110 3088 3175 Hermei,
3131 3109 3287 3166 Beati
3332 3104 3583 3179 episcopi,
3605 3099 3728 3158 Feli-

473 3201 646 3253 sancti
680 3198 941 3254 'l‘heodoli
971 3198 1231 3269 episc0pi.
1278 3200 1333 3254 ln
1364 3200 1675 3267 Antiochia,
1709 3203 1905 3258 natalis
1932 3220 2061 3259 san-

2167 3210 2267 3275 cis,
2292 3208 2645 3271 Constantitc,
2668 3206 2893 3276 Privati,
2922 3205 3258 3275 Eupbetniaa,
3279 3204 3527 3275 Sygonre.
3561 3196 3619 3251 In
3644 3207 3729 3249 ter-

472 3301 683 3345 ctorum
731 3291 1043 3359 Timothei,
1101 3292 1395 3350 Theodori.
1441 3295 1497 3350 In
1542 3294 1777 3351 Turonis
1824 3298 2061 3365 civitate,
2093 3295 2139 3358 C
2172 3305 2350 3357 ritorio
2391 3302 2640 3374 Lingonis
2685 3302 2914 3368 civitate,
2941 3302 2992 3355 in
3032 3299 3353 3355 monasterio
3395 3297 3638 3367 Segestro,
3677 3288 3728 3345 S.

474 3388 742 3459 tlepositio
779 3392 951 3446 sancti
980 3391 1187 3447 Lidorii
1212 3394 1475 3463 episcopi.
1505 3393 2063 3463 Andegaviscivitate,

475 3482 742 3553 depositio
785 3483 937 3539 Beati
982 3484 1314 3541 Maurilionis
1367 3486 1628 3555 episcopi.
1669 3486 2061 3558 Augustiduno,

473 3577 725 3649 depositio
753 3578 887 3632 beati
917 3576 1154 3633 Nectarii
1184 3579 1434 3651 episcopi.

546 3684 685 3725 xvm
707 3669 815 3724 Ital.
843 3671 964 3725 Uct.
998 3670 1267 3726 Exaltatio
1288 3684 1491 3726 sancite
1512 3673 1710 3728 crucis.
1746 3672 1954 3740 Romae,
1980 3672 2065 3729 via

474 3762 670 3833 Appia,
704 3765 757 3818 in
775 3766 1096 3821 cmmeterio
1116 3763 1338 3833 Calcati,
1372 3766 1565 3820 natalis
1600 3774 1911 3822 sanctorum
1932 3768 2069 3823 Cor-

476 3854 602 3909 nelii
624 3854 865 3926 episcOpi
894 3864 950 3911 et
973 3856 1327 3913 confessoris.
1373 3858 1427 3912 In
1449 3857 1653 3927 Africa,
1684 3859 1903 3915 civitate
1945 3859 2069 3914 Car-

476 3947 714 4016 thagine,
751 3949 944 4003 natalis
976 3951 1149 4004 sancti
1178 3950 1434 4022 Cypriani
1466 3951 1731 4022 episcopi,
1763 3960 1821 4007 et
1848 3952 2065 4019 Felicis,

476 4038 703 4102 llonori.
740 4040 1033 4107 Demetrii,
1084 4041 1222 4097 Zeti.
1284 4043 1351 4097 Et
1377 4042 1541 4111 alibi,
1572 4043 1843 4114 depositio
1871 4045 2066 4115 Eparci

471 4132 738 4202 episcopi.

542 4240 652 4280 xvtt
692 4224 800 4279 kal.
834 4225 953 4281 Oet.
985 4226 1040 4282 In
1091 4226 1451 4296 Alexandria,
1505 4229 1701 4284 natalis
1755 4238 2066 4285 sanctorum

473 4317 632 4371 trium
666 4317 918 4384 fratrum,
949 4319 1154 4390 Cyrini,
1179 4319 1412 4384 Leontii,
1435 4320 1767 4389 Serapionis,
1798 4322 1975 4375 Croci.
2010 4321 2068 4377 In

2173 3395 2390 3467 Sigonis
2418 3403 2443 3431 ⁸
2475 3393 2755 3463 presbyteri
2782 3400 2827 3447 et
2856 3392 3189 3462 confessoris.

2240 3505 2316 3545 ιιι
2343 3489 2444 3543 kal.
2484 3488 2602 3543 Oct.
2630 3486 2886 3558 Synnada
2918 3486 3191 3556 Phrygia},
3231 3482 3430 3539 natalis
3453 3485 3726 3535 sanctorum

2171 3581 2489 3637 Dormidoni
2511 3622 2525 3645 ,
2552 3578 2809 3633 Dorothei
2830 3621 2843 3645 ,
2875 3577 3099 3643 Privati,
3131 3576 3368 3638 Felicis,
3406 3567 3726 3627 Constantia.

2171 3674 2304 3729 item
2338 3671 2558 3727 Felicis.
2591 3669 2649 3725 in
2674 3668 2940 3733 Nuceria,
2976 3666 3171 3721 natalis
3204 3674 3518 3720 sanctorum
3544 3654 3729 3718 Felicis,

2171 3774 2221 3823 et
2252 3764 2606 3827 Constantine,
2641 3762 2731 3833 qui
2762 3761 2913 3832 passi
2943 3767 3070 3815 sunt
3095 3759 3200 3816 sub
3227 3758 3467 3813 Nerone.

2244 3875 2295 3913 xt
2320 3857 2428 3919 kal,
2459 3856 2575 3911 Oct.
2612 3855 2668 3910 in
2710 3851 2957 3917 Persida,
3005 3853 3227 3907 civitate
3259 3848 3530 3910 Tarrium,
3569 3836 3735 3896 natalis

2174 3955 2350 4009 sancti
2383 3953 2603 4009 Matthei
2637 3952 3007 4021 evangelistte.
3048 3949 3281 4004 Piralice
3309 3945 3543 4007 civitate.
3574 3934 3737 4021 "3”"?

2172 4046 2341 4101 sancti
2396 4045 2745 4115 evangelista:
2788 4020 2969 4097 Lucae.
3016 4039 3347 4103 Mediolano,
3378 4032 3567 4088 natalis
3590 4020 3734 4080 sancti

2179 4141 2427 4197 Victoris.
2460 4139 2675 4195 Corbeia
2697 4135 3029 4201 monasterio,
3054 4132 3317 4188 dedicatio
3339 4126 3561 4184 basilica!
3576 4115 3737 4174 Domni

2178 4236 2351 4290 Albini
2376 4242 2424 4287 et
2456 4231 2752 4287 Marcellini
2774 4230 3159 4300 episcoporum.

2244 4346 2276 4384 ι
2306 4327 2414 4383 kal.
2455 4327 2571 4381 Oct.
2610 4326 2818 4389 Roma),
2847 4325 2934 4379 via
2960 4322 3167 4380 Salaria
3195 4325 3410 4379 vetere,
3439 4314 3491 4368 in
3517 4311 3738 4366 cmmele-

476 4413 687 4482 Ancyra
720 4410 968 4479 Galatiae,
1003 4414 1194 4468 natalis
1218 4421 1530 4467 sanctorum
1564 4414 1800 4479 Seleuci,
1826 4423 1879 4469 et
1905 4414 2056 4470 Vale-

2177 4426 2257 4478 rio
2287 4420 2555 4493 ejusdem,
2591 4420 2788 4473 natalis
2831 4426 3036 4472 sancta:
3065 4413 3306 4470 Basillzc.
3341 4405 3559 4467 Sidunis
3578 4397 3737 4454 civita-

474 4504 559 4558 rii.
586 4504 640 4558 lo
666 4504 849 4559 Tomis
870 4504 1327 4573 civitate,natalis
1351 4514 1662 4563 sanctorum
1687 4507 2071 4575 Stratorii,Va-
2178 4527 2251 4582 te,
2286 4517 2337 4569 in
2372 4514 2494 4569 loco
2529 4513 2618 4581 qui
2650 4512 2849 4567 dicitur
2887 4509 3145 4580 Agztuntts
3167 4548 3181 4570 ,
3236 4504 3434 4559 natalis
3459 4500 3736 4582 sanctorum

475 4594 617 4660 lerii,
652 4596 881 4664 Merobi,
904 4606 961 4652 et
983 4598 1355 4667 Gordiani,et
1382 4598 1687 4654 Nicomedis
1714 4601 1989 4671 martyris.
2008 4599 2065 4654 in
2176 4577 2442 4670 Mauricii,
2494 4577 2776 4674 amem,
2824 4577 3077 4669 Candidi,
3125 4596 3400 4661 Viam-is,
3448 4577 3737 4647 Innocentii,

478 4685 814 4753 Nicomedia,
844 4690 1039 4744 natalis
1069 4699 1379 4746 sanctorum
1406 4690 1577 4753 Arcii,
1610 4691 1882 4746 Archeon.
1920 4691 1988 4744 Et
2013 4691 2064 4744 in
2097 4696 2142 4758 ι)
2172 4701 2359 4757 Vitatis
2389 4716 2513 4757 cum
2543 4698 2705 4755 sociis
2735 4713 2830 4752 sex
2878 4694 3120 4750 millibus
3148 4687 3461 4763 quingentis
3494 4676 3737 4748 octoginta

478 4780 706 4838 Nuceria
757 4780 1087 4852 Campaniae,
1134 4783 1325 4839 natalis
1374 4784 1435 4841 S.
1468 4782 1798 4839 Constantii.
1848 4784 1904 4839 lo
1952 4787 2068 4839 An-
2174 4795 2449 4865 quinque,
2511 4831 2525 4847 .
2599 4833 2611 4846 .
2687 4832 2699 4844 .
2750 4787 3124 4855 Autisiodero,
3164 4786 3424 4840 adventus
3458 4788 3503 4833 et
3544 4765 3739 4865 επφῴ

478 4876 655 4943 quita,
688 4874 958 4944 tlepositio
988 4876 1137 4931 Pauli
1165 4877 1428 4949 episcopi.
1466 4879 1532 4934 Et
1558 4882 1611 4933 in
1660 4879 1938 4934 territorio
1963 4878 2069 4935 Ca-
2174 4854 2403 4958 corporis
2439 4854 2622 4940 ’ωηεῑὶ
2677 4881 2926 4938 Germani
2973 4881 3200 4951 episcopi
3261 4885 3312 4932 et
3362 4864 3652 4943 confessoris
3688 4854 3741 4911 αδ

478 4969 789 5038 billonensi,
815 4980 998 5026 castro
1024 4970 1313 5040 Ternocio,
1348 4974 1542 5028 natalis
1580 4974 1753 5030 sancti
1785 4973 2066 5029 Valeriani

479 5064 753 5136 martyris.
784 5064 1051 5136 Lugduno
1080 5065 1290 5132 Galliae,
1314 5066 1582 5137 depositio
1603 5067 2067 5138 Albinlepiscopi.

481 5152 694 5209 Natalis
726 5154 789 5211 S.
822 5155 1039 5212 Aicadri
1060 5156 1279 5212 abbatis.

554 5264 641 5303 xvt
674 5249 779 5303 kal.
816 5250 933 5304 Oct.
962 5251 1290 5317 Calcedone,
1310 5253 1505 5307 natalis
1527 5260 1730 5308 sanctae
1757 5252 2073 5325 Euphemia

478 5339 723 5409 virginis.
749 5341 959 5411 Romae,
990 5344 1187 5399 natalis
1210 5352 1531 5399 sanctorum
1560 5344 1815 5411 Victoris,
1846 5344 2069 5413 Felicis,

480 5433 793 5497 Alexandri,
825 5435 1024 5506 Papiae,
1057 5438 1260 5508 Magni.
1292 5437 1349 5493 in
1379 5438 1466 5493 via
1489 5437 1821 5494 Nomentana
1850 5437 1918 5493 ad
1936 5436 2068 5508 Cap.

2176 4977 2359 5032 Italia.

2247 5088 2300 5127 ιχ
2328 5068 2433 5125 kal.
2460 5070 2575 5125 Oct.
2608 5070 2664 5125 ln
2689 5069 2958 5135 Seleucia,
2986 5064 3182 5120 natalis
3206 5068 3415 5118 sancta:
3434 5050 3608 5112 Tecla:
3628 5055 3744 5102 ωετ·

2180 5165 2333 5237 tyris.
2367 5165 2435 5219 Et
2456 5165 2509 5219 in
2542 5162 2890 5225 Alexandria,
2920 5158 3116 5213 natalis
3144 5155 3318 5212 sancti
3352 5146 3516 5208 Marci
3540 5148 3744 5237 ev8"8°‘

2188 5236 2346 5313 listte.
2380 5257 2591 5321 Romae,
2623 5254 2894 5327 depositio
2924 5253 3098 5306 sancti
3131 5247 3336 5305 Liberii
3366 5236 3622 5314 episcopi.
3708 5318 3736 5330 Δ.

2251 5366 2343 5405 vnt
2369 5348 2474 5404 kat.
2502 5348 2619 5403 Oct.
2646 5346 2980 5403 Machironta
3004 5340 3253 5406 castello,
3270 5332 3564 5403 Conceptio

2180 5440 2408 5497 Joannis
2439 5439 2713 5511 Baptistae.
2746 5438 2815 5495 Et
2841 5437 3003 5505 alibi,
3038 5434 3236 5493 natalis
3267 5436 3574 5487 sanctorum
3605 5414 3739 5476 Julii.

539 5683 565 5711 ⁸
590 5673 652 5731 S.
688 5670 917 5746 Sigeriis.
946 5669 1215 5746 Acherius
1248 5680 1430 5726 monet
1459 5670 1561 5746 legi
1585 5678 1838 5739 oportere
1867 5668 1927 5727 S.
1960 5670 2059 5727 Se-
2168 5686 2365 5746 nomen
2410 5671 2679 5746 Sequana:
2710 5668 2923 5725 ﬂumini
2948 5665 3184 5746 dederit,
3216 5647 3744 5746 ωἰιιὶκγίἀθιειξιξξὶβξξ

462 5724 663 5818 quani}
688 5724 848 5818 Vqt'iod—
868 5724 1030 5818 {mihi
1056 5724 1425 5818 q’uideminon
1457 5724 1665 5818 pla’cei,
1692 5724 2058 5818 natncuin‘ex
2163 5724 2739 5818 Hts'iitoinétibiﬁoino
2769 5724 2890 5818 esse
2933 5724 3300 5818 retinendum.
3347 5733 3418 5818 E_l_
3440 5724 3740 5818 quiia?

460 5795 669 5884 nisa
704 5795 961 5885 sissit.
1000 5795 1124 5868 llei'i
1162 5795 1422 5883 pausat;
1445 5795 1519 5883 {ut
1551 5795 1787 5885 lapsos
1830 5795 2061 5885 sci-ipa:
2163 5795 2719 5885 ῶάείέῖῐμίοῦοέί
2755 5795 3224 5885 ειέιίεεεμεοτίιδίιοτ
3273 5807 3328 5862 in
3374 5795 3737 5873 M”*"’°‘°‘“’

459 5882 579 5949 res,
604 5885 791 5955 quales
822 5884 997 5939 media
1037 5882 1177 5940 retas
1218 5884 1484 5953 plurimos
1512 5882 1735 5950 effudit,
1766 5883 2058 5954 opinaren-
2162 5882 2479 5955 Gelonens'i,
2513 5894 2571 5943 et
2604 5885 2778 5943 sancti
2813 5882 2985 5941 Galli.

453 5961 545 6012 tur
574 5954 633 6012 in
672 5955 765 6012 illo
803 5956 1135 6013 monasterio
1162 5957 1268 6014 coli
1310 5963 1561 6015 sanctum
1590 5956 1880 6028 quem-lam
1914 5994 1932 6024 ,
1962 5954 2055 6028 qui
