3918 6294
250 376 342 433 477

1306 370 1867 436 VETUSTISSIMUM
1908 376 2431 437 KALENDARIUM.

3412 383 3519 442 .i78

249 488 621 566 Christophori,
644 489 947 560 Laurentii,
972 486 1253 557 Martialis,
1293 489 1553 559 Victoris,
1584 490 1809 563 Gargili,
1842 497 1896 554 Α
1991 510 2048 549 IV
2078 510 2198 550 non.
2231 494 2346 549 Oct.
2380 495 2434 549 In
2455 493 2712 567 )Egypto,
2736 495 2917 565 Marci,
2950 504 3005 553 et
3032 497 3281 554 Martiani
3307 511 3517 570 marty-

248 590 422 656 Marci,
442 588 666 655 Nobilis,
700 586 977 651 Victoriae,
1007 585 1351 654 Secundolaz,
1374 584 1682 653 Fau9"nac,
1711 585 1819 642 Va-

248 685 394 750 leriae,
424 682 705 749 Celerinae,
739 681 1048 737 Donatulte.
1085 680 1139 735 ln
1165 679 1546 751 Augustiduno
1576 680 1818 747 civitate,

246 774 661 842 vico-Sedilnco,
693 774 891 830 natalis
918 780 1232 829 sanctorum
1264 772 1514 840 Andocii,
1538 772 1716 845 Tyrsi,
1745 773 1819 829 A-

246 868 401 940 prilis,
431 877 484 924 et
511 866 709 922 Felicis
741 876 1041 939 martyrum
1068 882 1082 921 :
1108 864 1383 921 Lucrosaa.
1409 865 1697 936 Lugduno,
1719 866 1817 921 de-

248 962 417 1035 positio
437 962 611 1017 sancti
642 960 775 1029 Lupi
804 960 1048 1032 episcOpi
1072 960 1506 1017 etconfessoris.
1531 962 1811 1032 Arvernis,

246 1055 487 1126 depositio
514 1053 692 1109 sancti
723 1053 931 1109 Rustici
960 1053 1228 1126 episcopi.

301 1146 489 1203 vultui.
528 1146 648 1202 Oct.
681 1147 737 1202 ln
768 1147 926 1212 Asia,
960 1147 1159 1202 natalis
1186 1155 1503 1202 sanctorum
1540 1146 1772 1217 Eucarpi
1796 1188 1813 1215 ,

242 1250 285 1297 et
308 1241 559 1297 Bardonis
586 1256 709 1297 cum
740 1240 861 1295 aliis
882 1239 1094 1311 viginti.
1129 1241 1184 1295 In
1208 1240 1407 1308 Gallia,
1442 1240 1725 1296 Ambianis
1748 1242 1818 1296 ci-

241 1337 404 1404 vitate,
432 1334 619 1406 passio
652 1335 711 1391 S.
753 1334 981 1390 Firmini
1016 1334 1291 1405 episcopi,
1341 1343 1398 1391 et
1434 1336 1707 1407 martyris.
1752 1336 1817 1391 Et

239 1427 365 1491 alibi,
385 1425 657 1497 depositio
684 1426 859 1482 saneti
891 1424 1085 1481 Marci.

296 1533 341 1573 vi
366 1518 595 1575 kal.0ct.
628 1519 832 1587 Romae,
863 1519 944 1574 via
973 1518 1145 1589 Appia
1165 1561 1179 1587 ,
1213 1519 1265 1574 in
1290 1517 1609 1575 cmmetcrio
1633 1518 1817 1576 (Sales-

242 1610 289 1676 ti,
316 1610 579 1681 depositio
624 1610 684 1666 S.
716 1610 934 1666 Eusebii
967 1610 1211 1681 episcopi
1253 1618 1309 1666 et
1355 1610 1706 1666 confessoris.
1745 1612 1815 1667 Et

237 1701 281 1757 in
308 1704 527 1769 Albano,
567 1703 763 1757 natalis
796 1702 853 1758 S.
885 1701 1192 1758 Senatoris.
1228 1702 1297 1756 Et
1317 1702 1467 1765 alibi,
1515 1704 1710 1759 natalis
1751 1704 1809 1759 S.

237 1795 459 1866 lligigno,
492 1794 758 1863 Naboris,
797 1794 1063 1849 Faustini.
1092 1795 1163 1849 Et
1209 1794 1263 1849 in
1302 1794 1579 1865 Sardinia,
1617 1796 1811 1850 natalis

1926 604 2067 644 rum.
2104 588 2159 643 in
2208 589 2385 644 Africa
2414 632 2429 655 ,
2466 589 2712 659 Marcisi,
2759 591 3044 661 Restituti,
3073 592 3224 650 Julii.
3253 592 3321 650 Et
3351 595 3520 663 alibi,

1922 680 2095 735 sancti
2140 676 2320 749 Dasii,
2363 681 2607 752 alibique
2637 682 2878 740 Marcelli
2915 686 3180 758 episcOpi.
3210 686 3522 746 Autisiode-

1922 778 2005 836 ro,
2034 770 2307 841 depositio
2337 773 2516 828 sancti
2549 773 2714 829 Marsi
2742 775 3047 849 presbyteri
3074 786 3126 831 et
3154 776 3515 835 confessoris.

1993 880 2052 921 tu
2080 883 2184 920 non
2217 865 2335 921 Oct.
2367 866 2424 921 ln
2451 866 2663 933 Sicilia,
2691 865 2879 924 Placiti
2899 910 2914 935 ,
2943 867 3154 935 Eutici,
3188 880 3245 926 et
3273 869 3510 927 aliorum

1922 957 2163 1027 triginta.
2195 959 2262 1013 Et
2285 958 2451 1024 alibi,
2484 958 2685 1025 Barici,
2726 958 3013 1028 Victorini,
3041 960 3250 1027 Fausﬁ,
3282 961 3517 1033 Pelagii.

1920 1049 2167 1104 Valentia
2201 1048 2454 1117 civitate,
2493 1049 2763 1119 depositio
2797 1053 3144 1121 Apollonaris
3170 1054 3418 1125 episcopi
3451 1062 3510 1111 et

1919 1142 2276 1199 confessoris.
2308 1143 2692 1212 Autisiodero,
2726 1144 2999 1215 depositio
3038 1157 3351 1202 sanctorum
3393 1163 3521 1219 ger-

1919 1251 2207 1291 manorum
2240 1235 2467 1292 Firmati
2496 1238 2736 1307 diaconi,
2768 1248 2825 1295 et
2852 1238 3129 1296 Flaviana
3154 1240 3269 1297 Deo
3287 1253 3518 1299 sacratae

1917 1329 2165 1399 virginis,

1996 1422 2177 1476 Pridie
2212 1439 2335 1477 non.
2387 1422 2501 1477 Oct.
2534 1424 2713 1495 Capua
2737 1466 2751 1486 ,
2801 1424 2999 1480 natalis
3028 1434 3341 1482 sanctorum
3364 1427 3539 1485 Mar?

1917 1517 2249 1584 cclli,Casti,
2278 1518 2476 1585 Emeli,
2504 1518 2808 1584 Saturnini,
2837 1519 3127 1574 Donatelli.
3154 1520 3365 1588 Romte,
3389 1522 3518 1577 Bal-v

1918 1609 2094 1674 binae,
2126 1617 2181 1663 et
2209 1608 2485 1680 deposltio
2512 1610 2685 1665 sancti
2715 1610 2883 1667 Marci
2908 1612 3184 1682 episc0pi,
3210 1612 3431 1669 Juliani.
3454 1614 3514 1671 In

1917 1700 2120 1767 Africa,
2153 1701 2386 1772 Rogati,
2416 1701 2729 1767 Saturnini,
2758 1702 3039 1771 Januarii,
3071 1704 3349 1771 Faustini,
3373 1705 3518 1761 Mar-

1919 1792 2079 1847 tialis.
2114 1791 2172 1846 In
2204 1792 2398 1862 Apulia
2424 1835 2439 1859 ,
2475 1794 2656 1861 Casti,
2692 1795 2861 1850 Emeli
2883 1836 2897 1861 ,
2941 1793 3254 1862 Saturnini,
3287 1800 3512 1854 Ammo-

237 1889 383 1943 sancti
408 1886 616 1943 Luxuri
649 1888 926 1959 martyris.
958 1886 1231 1953 Arvernis,
1262 1887 1514 1959 depositio
1534 1886 1812 1957 Apollina-
1840 1887 1889 1949 B
1917 1884 1992 1938 nii
2020 1883 2343 1955 presbyteri.
2371 1885 2597 1955 Agenno
2628 1886 2872 1955 civitate,
2907 1889 3103 1943 natalis
3127 1899 3333 1946 sancta:
3357 1890 3509 1949 Fidis

236 1982 295 2035 ris
317 1980 538 2052 episcOpi
567 1988 617 2034 et
644 1979 981 2052 confessoris.

294 2092 321 2128 v
345 2074 442 2129 ttat.
476 2074 598 2131 Oct.
642 2073 700 2129 In
730 2072 963 2129 Caesaria
990 2068 1378 2145 Cappadociae,
1420 2070 1617 2126 natalis
1636 2070 1809 2127 sancti

240 2168 541 2225 Eleutherii.
568 2168 628 2224 In
653 2168 825 2223 Tarso
847 2166 1072 2235 Ciliciae,
1123 2167 1319 2222 natalis
1366 2175 1676 2221 sanctorum
1700 2165 1810 2223 'l‘a-

238 2260 350 2327 raci,
387 2261 575 2328 Probi,
609 2270 665 2317 et
695 2260 1016 2326 Andronici,
1048 2258 1271 2315 Justini.
1317 2257 1524 2315 Aducia
1563 2259 1807 2328 civitate,

240 2354 406 2409 natalis
447 2362 766 2409 sanctorum
804 2349 987 2407 Cosmi
1020 2360 1076 2407 et
1106 2350 1350 2407 Damiani
1394 2359 1718 2423 martyrum.
1753 2351 1809 2406 In

241 2445 458 2515 Epheso,
521 2445 719 2500 natalis
770 2447 943 2500 sancti
988 2443 1293 2511 Timothei,
1358 2443 1610 2514 discipuli
1660 2444 1810 2499 Pauli

238 2540 465 2606 apostoli.
514 2538 574 2594 In
608 2540 885 2593 territorio
931 2538 1309 2610 Angustiduno
1339 2539 1580 2607 civitate,
1636 2536 1812 2594 sancti

240 2628 540 2697 Florentlni,
572 2629 816 2697 Sylvani,
846 2629 1035 2685 Firmi.

295 2739 341 2778 tv
364 2723 467 2779 kal.
512 2723 632 2779 Oct.
676 2724 737 2779 In
766 2722 969 2791 Africa,
1001 2721 1197 2777 natalis
1226 2730 1536 2778 sanctorum
1568 2721 1813 2779 Lauren-

239 2815 305 2883 tii,
331 2817 599 2883 Faustini,
628 2827 682 2871 et
712 2815 992 2884 Victoriae,
1026 2815 1307 2883 Candida',
1340 2815 1590 2883 Valeriae,
1635 2810 1814 2872 Dona-

237 2917 312 2979 tte,
338 2911 519 2977 Levzc,
552 2910 819 2977 Fucioszc,
852 2910 1051 2981 Gagili,
1078 2911 1307 2977 Placidi,
1340 2922 1394 2966 et
1416 2906 1645 2965 aliorum
1674 2911 1813 2966 mul-

237 3011 407 3070 torum,
443 3004 708 3075 Longini,
740 3004 1015 3071 Victurize,
1046 3003 1389 3059 Prisciniani.
1415 3003 1625 3068 Remus,
1655 3016 1809 3059 nata-

237 3095 290 3150 iis
329 3099 497 3154 saneti
532 3096 758 3153 Stactei.
788 3097 976 3152 Genua
1008 3098 1260 3166 civitate,
1294 3097 1561 3168 depositio
1590 3095 1809 3166 Salonii

1915 1974 2139 2045 virginis
2171 1983 2226 2029 et
2256 1978 2534 2047 martyris.
2565 1977 2630 2030 In
2663 1978 2871 2033 civitate
2909 1980 3271 2049 Autisiodero,
3304 1984 3516 2054 deposi-

1916 2067 1988 2121 tio
2017 2069 2181 2121 sancti
2212 2067 2439 2122 Romani
2466 2070 2715 2141 episcopi.

1988 2176 2042 2216 ιι
2070 2160 2189 2214 idus
2229 2159 2345 2215 Oct.
2376 2161 2594 2228 Romae,
2629 2161 2715 2217 via
2747 2164 2919 2235 Appia
2944 2206 2959 2231 ,
2991 2164 3265 2236 depositio
3294 2177 3514 2224 sancto-

1916 2268 2033 2308 rum
2055 2261 2357 2325 martyrum
2389 2252 2618 2323 Apulei,
2643 2265 2697 2310 et
2723 2255 2964 2312 Marcelli
2994 2260 3257 2329 episcOpi,
3284 2271 3338 2316 et
3364 2261 3510 2316 Mar-

1914 2344 1961 2398 ci
2016 2344 2255 2413 episcOpi
2304 2351 2360 2399 et
2403 2343 2757 2402 confessoris.
2805 2345 2864 2401 In
2918 2345 3099 2419 Capua
3149 2349 3493 2421 Campaniae,

1914 2436 2126 2503 Quarti,
2158 2442 2214 2490 et
2244 2434 2569 2491 Marcellini.
2602 2434 2669 2491 Et
2698 2436 2848 2501 alibi,
2878 2450 3083 2495 sanctae
3107 2440 3292 2511 Julim,
3322 2443 3506 2514 Syrgi,

1916 2531 2093 2597 llacci,
2123 2534 2178 2584 et
2207 2530 2400 2584 natalis
2426 2530 2602 2585 sancti
2632 2529 2866 2586 Mattluei
2895 2534 3269 2604 evangelista.
3303 2536 3504 2591 Bituri-

1916 2634 2008 2676 cas
2044 2620 2304 2689 civitate,
2340 2622 2515 2676 sancti
2551 2619 2840 2692 Augustini
2872 2626 3175 2698 presbyteri
3210 2634 3266 2683 et
3299 2628 3514 2685 confes-

1914 2714 2076 2769 soris.

1984 2820 2076 2860 vin
2107 2806 2223 2860 idus
2255 2804 2371 2862 Oct.
2403 2805 2459 2860 In
2485 2807 2800 2874 Antiochia,
2836 2808 3081 2882 Dionysii
3115 2812 3379 2883 episcopi,
3422 2814 3512 2871 Ja-

1914 2898 2126 2965 nuarii,
2156 2897 2403 2953 Faustini
2450 2907 2616 2955 mart.
2662 2900 2946 2971 Martialis,
2984 2902 3219 2973 Privati,
3266 2906 3505 2979 Eraclii,

1912 2992 2136 3058 Juliani,
2163 2994 2418 3066 Pelagia.

1987 3106 2057 3146 vn
2086 3091 2205 3145 idus
2236 3090 2351 3146 Oct.
2385 3089 2441 3146 ln
2477 3091 2695 3148 civitate
2721 3092 2975 3149 Laodicia
3005 3094 3279 3167 Phrygias,
3306 3095 3504 3153 natalis

235 3191 447 3263 episcopi
475 3199 533 3245 ct
572 3189 928 3244 confessoris.
954 3188 1283 3243 Autisiodero
1303 3230 1318 3255 ,
1353 3190 1611 3261 depositio
1640 3192 1811 3245 sancti
1913 3186 2085 3241 sancti
2103 3184 2385 3241 Tlteodoll.
2406 3186 2469 3243 Et
2492 3188 3502 3262 alibi,Attici,Ludduli,Septimi,Juli.

234 3282 364 3338 Aiodi
392 3284 627 3354 episcopi
648 3294 694 3337 et
724 3283 1056 3353 confessoris.

290 3386 341 3431 tu
372 3377 480 3433 kal.
532 3377 648 3432 Oct.
682 3375 737 3430 ln
772 3375 998 3431 Thracia
1021 3420 1036 3444 ,
1072 3374 1285 3445 Eurici,
1320 3374 1525 3444 Plauti,
1552 3376 1805 3446 Planclli,

231 3469 447 3537 Ambuti,
479 3470 734 3539 Aracliie,
766 3471 1034 3540 Thracia},
1060 3471 1305 3541 Donata),
1338 3472 1543 3542 80mm,
1576 3475 1804 3530 militum

228 3565 489 3635 sexaginta
510 3572 655 3620 octo.
694 3563 961 3619 Dedicatio
980 3563 1210 3639 basilicae
1233 3564 1547 3638 Archangeli
1572 3563 1809 3619 Michae~

227 3649 281 3706 lis
297 3654 344 3708 in
368 3667 546 3710 monte
571 3654 657 3727 qui
680 3657 865 3710 dicitur
893 3655 1189 3728 Garganus.
1233 3656 1300 3713 Et
1327 3658 1478 3723 alibi,
1525 3656 1799 3725 Januarii,

227 3742 370 3812 Sosii,
401 3747 667 3817 Amponi,
699 3746 981 3813 Ccledoni,
1013 3746 1245 3810 Justini,
1280 3748 1660 3818 Autisiodero,
1696 3749 1795 3806 de-

225 3839 403 3906 positio
434 3838 691 3894 Fraterni
727 3838 972 3908 episcotti
1001 3848 1055 3893 et
1085 3839 1441 3894 confessoris.

282 3927 460 3985 Pridie
501 3928 607 3984 kal.
653 3929 767 3986 Oct.
814 3930 871 3985 In
918 3930 1237 3986 Placentina
1285 3932 1544 3998 civitate,
1601 3931 1800 3986 natalis

222 4024 374 4079 sancti
422 4022 685 4079 Antonini
726 4025 1004 4095 martyris.
1052 4023 1109 4078 In
1139 4022 1476 4088 Mediolano,
1508 4024 1797 4079 translatio

219 4114 449 4184 corporis
478 4115 650 4169 sancti
684 4114 917 4170 Victoris
947 4115 1219 4187 martyris.
1251 4113 1547 4171 Bethleltcm
1568 4116 1796 4183 civitate,

219 4205 450 4279 depositio
483 4210 545 4266 S.
583 4209 893 4283 Hieronymi
919 4211 1219 4283 presbyteri.

673 4348 923 4407 MENSIS
954 4348 1316 4406 OCTOBRIS.
1352 4340 1360 4347 ’

743 4441 922 4499 llabet
949 4443 1074 4500 Dies
1104 4458 1256 4498 χιιι.

276 4576 398 4634 Kal.
436 4579 551 4635 Oct.
579 4578 789 4634 Litania
814 4577 1122 4637 indicanda.
1149 4580 1341 4646 Prisci,
1362 4579 1603 4637 Faustini
1628 4586 1789 4637 mart.

1835 3270 1880 3334 C
1913 3278 2133 3334 Colonia
2180 3280 2474 3352 Agrippina
2526 3280 2776 3348 civitate,
2817 3284 3013 3339 natalis
3050 3294 3363 3340 sanctorum
3397 3293 3507 3340 tre-

1912 3382 2195 3427 centorum
2223 3373 2611 3443 septemdecim
2638 3389 2955 3448 martyrum.
2992 3376 3049 3431 In
3070 3377 3344 3447 provincia
3374 3376 3507 3432 Crc-

1914 3475 1991 3531 ta,
2009 3467 2229 3521 civitate
2243 3464 2504 3536 Augusta,
2535 3468 2729 3523 natalis
2746 3477 2948 3525 sanctm
2972 3469 3117 3525 Afra:
3140 3469 3417 3543 martyris.
3443 3468 3504 3526 in

1910 3556 2132 3612 civitate
2147 3556 2375 3622 Vienna,
2410 3558 2703 3614 multorum
2730 3570 3049 3634 martyrum.
3070 3561 3329 3631 Parisius,
3354 3572 3505 3617 nata-

1910 3647 1973 3703 lis
2002 3656 2312 3704 sanctorum
2354 3648 2599 3724 Dionysii
2624 3654 2887 3725 episcopi,
2911 3653 3121 3710 Rustici
3166 3656 3496 3728 presbyteri,

1909 3741 2219 3799 Eleutheril
2254 3744 2491 3800 diaconi.
2536 3745 2605 3799 In
2633 3746 2861 3803 Centqu
2891 3750 3242 3819 imonasterio,
3278 3749 3507 3803 transla-

1908 3834 1979 3886 tio
2010 3834 2243 3903 eorporis
2274 3834 2512 3890 Richarii
2570 3840 2908 3909 confessoris.
2951 3839 3173 3907 Romae,
3228 3840 3501 3910 Marcelli,

1905 3926 2176 3991 Genuini,
2221 3928 2372 3983 Novii
2403 3969 2418 3993 ,
2457 3928 2619 3983 Justi.
2667 3928 2815 3985 Inter
2852 3931 2985 3985 duas
3029 3932 3246 4000 lauros,
3294 3942 3500 3988 sancta:

1906 4018 2191 4087 Printivae,
2239 4020 2419 4087 Cttsti,
2449 4020 2597 4076 Julii.
2624 4022 2679 4077 In
2704 4021 2924 4091 Cilicia,
2954 4023 3145 4079 Taraci
3165 4066 3180 4089 ,
3213 4024 3398 4089 Probi,
3438 4033 3493 4081 et

1902 4110 2229 4167 Andronici.
2257 4110 2323 4167 In
2354 4111 2571 4169 Centulo
2598 4118 2931 4183 monasterio,
2976 4118 3231 4189 depositio
3263 4120 3500 4190 corporis

1903 4205 1968 4259 Β.
2002 4206 2221 4261 Richari
2242 4208 2575 4279 confessoris.
2602 4208 2822 4264 Corbeia
2868 4211 3207 4277 monasteria,
3239 4211 3497 4282 depositio

1901 4297 2042 4354 Theo
2051 4299 2208 4370 fridis
2229 4300 2443 4354 abbatis.

1975 4405 2030 4445 vr
2064 4391 2184 4445 idus
2215 4389 2334 4446 Oct.
2380 4390 2436 4446 In
2467 4390 2648 4448 Africa
2670 4434 2686 4459 ,
2716 4392 2975 4459 Eraclii,
3009 4392 3290 4463 Dionysii,
3316 4393 3501 4464 Septi-

1898 4498 2022 4548 maz.
2056 4483 2341 4553 Secundae,
2370 4484 2559 4540 Salsae.
2587 4486 2653 4541 Et
2684 4486 2837 4555 alibi,
2870 4485 3033 4552 Caiti,
3062 4486 3336 4555 Quintasi,
3363 4489 3500 4560 Sep-

1898 4578 2038 4644 timi,
2070 4576 2318 4644 Vcnusti,
2349 4580 2520 4644 Beati,
2549 4578 2811 4644 Secundi,
2853 4579 3071 4649 Donati,
3098 4581 3316 4647 Sereni,
3341 4583 3501 4639 Cres-

215 4671 515 4739 Alexandri,
550 4673 809 4742 Eopmpi,
834 4656 1134 4741 saturnini,
1170 4674 1321 4744 Spei,
1347 4673 1538 4742 Primi,
1571 4674 1790 4731 Donati.
1825 4657 1872 4718 ί)
1898 4672 2069 4738 centi,
2094 4671 2311 4741 Taraci,
2344 4671 2529 4739 Probi,
2564 4671 2881 4739 Andronici,
2912 4673 3110 4729 Niceti.
3141 4672 3345 4730 Natalis
3377 4674 3499 4730 Fir-

212 4761 329 4819 ltem
360 4766 572 4838 Dignos,
611 4764 834 4833 Paffico,
870 4765 1051 4835 Prepi.
1084 4766 1140 4823 ln
1167 4766 1356 4819 Tomis
1380 4764 1529 4820 Julii.
1559 4766 1784 4821 Autisioo

209 4857 340 4923 dero,
361 4862 610 4932 depositio
636 4858 881 4914 Germani
908 4860 1153 4932 episcopi.
1184 4860 1352 4915 Remis
1376 4860 1618 4928 civitatis,
1646 4877 1790 4917 sanc-

210 4948 245 5003 ti
268 4948 502 5023 Rcmigii.
536 4950 766 5020 Treveri,
796 4952 962 5005 sancti
986 4950 1183 5007 Niceti.

270 5055 322 5096 vt
357 5058 476 5097 non.
528 5042 646 5097 Oct.
678 5043 732 5097 lo
761 5043 1093 5107 Nicomedia,
1126 5042 1455 5100 Eleutlierii.
1505 5042 1562 5099 In
1594 5042 1787 5100 Antio-

205 5128 346 5200 chia,
394 5132 593 5201 Primi,
614 5134 833 5201 Quirilli
855 5178 869 5201 ,
904 5134 1085 5191 Pitini.
1124 5134 1343 5204 Romae,
1375 5136 1573 5191 natalis
1604 5138 1781 5193 sancti

207 5218 438 5294 Eusebii,
468 5234 525 5282 et
550 5226 701 5292 alibi,
736 5224 957 5295 Leonis,
992 5226 1205 5291 Gaiani,
1228 5229 1487 5283 Secundi.
1520 5228 1653 5284 item
1673 5230 1774 5286 Se-

204 5316 378 5384 cundi,
406 5318 666 5375 Platonis.
700 5319 891 5391 Longi.
917 5318 982 5375 In
1012 5319 1220 5392 Gallia,
1252 5324 1425 5394 passio
1451 5323 1621 5378 sancti
1649 5322 1784 5378 Leo-

202 5406 394 5479 degarii
421 5412 653 5485 episwpi
682 5420 730 5467 et
760 5416 1027 5486 marlyris.

269 5516 301 5555 v
328 5520 445 5559 non.
480 5506 597 5563 Oct.
632 5506 945 5575 Antiochia,
981 5508 1279 5580 Theogeni.
1310 5510 1491 5568 Africa
1518 5553 1532 5580 ,
1588 5512 1773 5570 Victo-

201 5592 301 5663 ris,
346 5594 582 5669 Urbani,
625 5599 875 5673 Sapargi.
914 5599 983 5656 Et
1020 5602 1187 5669 alibi,
1220 5602 1462 5674 Felicis,
1506 5604 1773 5679 Amponi,

198 5683 360 5744 Casti.

267 5870 295 5907 ⁸
331 5865 397 5928 In
414 5870 630 5934 Δια-πο.
660 5872 882 5934 Editum
901 5884 1019 5937 erat
1045 5874 1100 5933 in
1126 5888 1325 5936 aceruo.

1900 4764 2054 4830 mini,
2086 4763 2301 4819 ileracli
2322 4805 2336 4829 ,
2362 4763 2545 4831 Cassi,
2582 4764 2800 4830 Eusebi,
2836 4764 3107 4832 Florenti,
3131 4765 3391 4822 Victoris.
3422 4766 3499 4822 A-

1895 4856 2179 4926 grippinae,
2211 4856 2449 4912 Mallusti
2474 4871 2596 4911 cum
2628 4856 2756 4913 aliis
2799 4858 3059 4914 trecentis
3089 4858 3308 4927 triginta
3350 4872 3498 4913 mar-

1896 4950 2125 5022 tyribus.
2161 4949 2363 5005 Eodem
2394 4949 2483 5006 die
2510 4952 2706 5007 natalis
2726 4952 2901 5009 sancti
2926 4949 3181 5008 Cerbonii
3213 4948 3487 5005 confesso

1894 5045 1971 5099 ris
2003 5043 2057 5098 in
2088 5041 2412 5111 Papulonio.

1960 5153 1993 5192 v
2019 5136 2133 5193 idus
2159 5136 2274 5196 Oct.
2323 5137 2381 5192 in
2408 5138 2625 5195 Auerno
2655 5148 2682 5177 α
2713 5136 2916 5196 Sicilia:
2937 5178 2952 5202 ,
2997 5134 3174 5191 sancti
3205 5134 3490 5192 Athanasii

1888 5231 2213 5305 presbyteri,
2250 5233 2506 5302 Ampodi,
2535 5232 2768 5299 Placidi,
2795 5231 3009 5292 Fausti,
3042 5229 3311 5296 Januarii,
3341 5230 3482 5286 Mar-

1885 5326 2058 5393 tialis,
2099 5326 2360 5394 Marcelli,
2383 5325 2679 5393 Juviniani,
2704 5324 3014 5391 Antiochia,
3039 5326 3214 5380 sancti
3246 5323 3471 5379 Eraclii.

1886 5420 2089 5476 Eodem
2121 5418 2209 5474 die
2238 5419 2415 5476 sancti
2438 5418 2637 5475 Nicasli
2655 5427 2730 5485 ,et
2756 5415 2987 5472 aliorum
3015 5424 3339 5488 martyrum.

1956 5529 2007 5569 tv
2039 5513 2156 5567 idus
2188 5512 2304 5569 Oct.
2346 5513 2405 5569 In
2438 5512 2711 5584 provincia
2737 5509 2934 5584 Syriae,
2978 5518 3293 5566 sanctorum
3339 5506 3482 5562 Eva-

1884 5610 1987 5680 gri,
2030 5608 2308 5665 Prosiriaz.
2355 5610 2412 5666 lo
2456 5608 2723 5681 Egypto,
2761 5607 3001 5665 Eustasii
3044 5604 3365 5678 presbyteri.
3414 5601 3475 5658 In

1886 5701 2201 5775 Campania,
2244 5703 2439 5759 natalis
2480 5709 2794 5759 sanctorum
2826 5692 3113 5766 Eucaristi',
3156 5696 3471 5754 Fortunati.
