3918 6294
432 379 540 438 479
1457 372 1518 431 S.
1560 369 1951 431 HIERONYMI
1988 369 2277 430 OPERUM
2314 370 2683 432 MANTISSA.
3584 383 3678 444 ιω

434 496 497 554 In
525 495 805 563 Ravenna,
847 494 934 550 via
972 489 1303 548 Laurentina
1321 531 1338 559 ,
1378 487 1582 547 natalis
1610 487 1786 544 sancti
1823 486 2030 556 Edieti,
2059 488 2115 549 Α
2138 486 2356 558 Rogati,
2386 486 2606 558 Paperi,
2630 486 2915 559 Victurize,
2948 486 3214 555 Flaviani,
3240 488 3489 549 Victoris.
3511 492 3682 553 Hiera-

437 588 646 656 Romte,
675 586 897 653 Calesti,
931 585 1135 641 Saturi.
1157 581 1446 649 Bituricas,
1475 580 1652 637 sancti
1674 578 1924 650 Opionis.
2138 579 2252 650 poli
2281 580 2551 653 Phrygia,
2582 580 2892 650 Claudiani,
2923 581 3172 653 Eutheri,
3212 582 3436 655 Flavini,
3460 585 3606 659 Justi,
3631 600 3680 651 et

507 698 570 737 ιιι
596 682 712 735 idus
739 679 857 733 Oct.
884 677 942 732 In
969 675 1276 747 Hispaniis,
1308 672 1561 730 Corduba
1590 672 1831 739 civitate,
1863 670 2036 727 Faus-
2136 673 2389 732 Victoris.

436 774 514 844 ti,
546 773 771 830 Martia}.
804 771 863 828 In
892 769 1256 828 Chalcedonia
1276 811 1291 837 ,
1340 765 1536 821 natalis
1567 763 1743 820 sancti
1790 762 2031 818 Adriani.
2208 782 2303 823 vni
2332 766 2438 822 kal.
2475 766 2612 823 Nov.
2643 766 2852 837 Roma,
2882 768 3123 835 Maximi,
3150 776 3206 826 et
3240 770 3459 829 aliorum
3483 783 3676 834 centum

441 868 598 935 Item,
640 865 859 931 Fausti,
902 862 1175 929 Januarii,
1228 860 1493 917 Marcelli.
1553 857 1613 914 In
1662 855 2033 927 Alexandria,
2138 862 2329 932 viginti
2362 862 2620 932 militum,
2651 878 2884 932 quorum
2927 864 3150 920 nomina
3178 863 3319 921 Deus
3353 866 3468 921 scit.
3501 867 3554 923 In
3592 869 3682 928 Ga-

438 961 727 1019 Athanasii
758 959 999 1031 episcOpi
1023 966 1079 1016 et
1107 955 1460 1014 confessoris.
2137 953 2297 1017 vatis,
2328 953 2601 1024 depositio
2623 954 2775 1010 Beati
2804 954 2999 1011 Ililarii
3021 957 3262 1027 episcopi
3290 964 3345 1013 et
3366 958 3681 1016 confessoris.

508 1070 550 1111 ιι
581 1054 699 1108 idus
731 1052 849 1109 Oct.
884 1051 1093 1117 Romae,
1125 1050 1211 1105 via
1234 1047 1479 1114 Aurelia,
1506 1045 1561 1102 in
1591 1044 1910 1104 caemeterio
1935 1042 2037 1100 Ca-
2137 1045 2195 1101 In
2248 1045 2430 1102 Africa
2468 1047 2770 1113 Saturnini,
2812 1047 3116 1115 Claudiani,
3164 1048 3403 1115 Primivi,
3448 1050 3683 1121 Flaviani,

445 1149 671 1222 lapodii,
701 1143 1191 1216 Calestiepiseopi,
1217 1142 1421 1201 Saturi.
1452 1140 1509 1196 In
1538 1138 1904 1212 Cappadocia,
1930 1136 2039 1193 Lu-
2140 1137 2337 1193 Zotici.
2380 1138 2438 1193 In
2480 1138 2753 1210 Sardinia,
2794 1139 3005 1207 Savini,
3049 1139 3254 1208 Saturi,
3300 1141 3497 1209 Asteri,
3522 1140 3684 1201 Chari.

434 1243 723 1314 pranpodi,
755 1240 1009 1307 Modesti,
1035 1238 1282 1304 Luciani,
1314 1236 1619 1301 Saturnini,
1644 1234 1913 1304 Simplici,
1937 1233 2037 1289 Sa-
2140 1230 2450 1288 Suessionis
2493 1232 2734 1299 civitate,
2780 1234 2977 1289 natalis
3025 1242 3345 1289 sanctorum
3387 1233 3607 1307 Crispini
3642 1244 3689 1293 et

437 1336 566 1405 turi,
600 1334 823 1391 Placidi.
851 1332 1101 1389 Cordoba
1122 1331 1366 1397 civitate,
1389 1329 1547 1400 Lupi,
1575 1328 1835 1394 Aureliaa,
1860 1326 2032 1384 Maxi-
2136 1324 2468 1396 Crispiniani
2510 1337 2847 1399 martyrum;
2889 1328 3206 1397 Claudiani,
3254 1326 3462 1398 Rogati,
3494 1328 3684 1400 Papari,

436 1426 534 1483 mi.
581 1425 827 1497 Lugduni
858 1422 1070 1489 Galliae,
1112 1420 1385 1478 translatio
1424 1420 1658 1492 corporis
1689 1421 1860 1476 sancti
1897 1418 2036 1491 justi
2138 1416 2358 1485 Felicis,
2415 1427 2470 1474 et
2523 1418 2737 1476 Vitalis.
2793 1419 3112 1487 Sanctonas,
3174 1420 3442 1476 translatio
3486 1424 3689 1492 corporis

440 1520 671 1592 episcopi
699 1526 746 1573 et
775 1517 1105 1588 confessoris.
2138 1509 2201 1566 S.
2240 1508 2450 1565 Vibiani
2478 1512 2792 1584 confessoris
2819 1521 2870 1568 et
2899 1512 3155 1584 episcopi.

508 1612 639 1667 ldus
699 1611 817 1667 Oct.
869 1610 1100 1666 Colonia
1149 1607 1403 1678 civitate,
1468 1605 1665 1663 natalis
1720 1612 2036 1662 sanctorum
2208 1618 2283 1657 vn
2320 1600 2427 1656 kal.
2476 1601 2616 1660 Nov.
2646 1604 2706 1661 In
2748 1604 3091 1673 Nicomedia,
3123 1612 3436 1663 sanctorum
3473 1605 3690 1675 Luciani,

439 1706 747 1763 Maurorum
778 1704 849 1761 de
876 1704 1144 1759 militibus
1175 1720 1191 1762 :
1222 1703 1279 1758 In
1319 1702 1523 1772 Capua,
1547 1699 1771 1771 Luplili.
1804 1699 1901 1755 Via
1923 1699 2038 1755 Au-
2138 1695 2427 1766 Mardiani,
2462 1696 2654 1764 Florii,
2689 1697 2915 1766 Eraelii,
2944 1698 3088 1754 Tuti.

434 1797 591 1865 relia,
622 1798 673 1850 in
705 1796 1022 1853 emmeterio
1050 1794 1316 1865 ejusdem,
1340 1802 1542 1849 sanetae
1564 1792 1904 1848 Fortunatae.
2210 1808 2263 1848 v1
2291 1794 2395 1849 kal.
2437 1793 2570 1852 Nov.
2600 1796 2661 1851 In
2685 1795 2895 1863 Africa,
2923 1806 3241 1853 sanctorum
3272 1796 3560 1864 Saturnini,
3587 1796 3693 1852 Fla-

500 1904 611 1944 xvu
641 1887 747 1945 kal.
782 1887 925 1943 Nov.
959 1886 1017 1942 In
1048 1886 1211 1954 Baiis,
1253 1886 1430 1941 sancti
1468 1885 1600 1940 Sulli
1652 1885 1932 1955 martyris.
1971 1882 2029 1940 In
2066 1873 2112 1934 Β
2143 1887 2239 1944 vii.
2271 1889 2326 1943 In
2355 1888 2614 1962 Phrygia,
2639 1890 2820 1959 Tarsi,
2847 1890 3165 1963 Polyearpi,
3199 1891 3322 1957 Gai,
3352 1892 3576 1958 Eumini,
3604 1891 3695 1947 No-

441 1980 649 2050 Alriea,
684 1978 891 2047 Ceerae,
923 1986 980 2034 et
1023 1978 1260 2033 aliorum
1292 1978 1498 2048 pariter
1528 1990 1809 2047 passorum
1832 1977 2037 2032 ducen-
2141 1983 2363 2050 comini,
2419 1982 2612 2054 Longi,
2666 1983 2910 2053 Diodori,
2960 1984 3216 2056 Metrobi,
3268 1984 3528 2051 Euminre,
3571 1983 3695 2040 Tuti.

449 2081 634 2129 torum
666 2072 1007 2143 septuaginta
1034 2088 1046 2124 :
1076 2068 1259 2137 Merii,
1287 2070 1464 2126 Aulidi
1486 2110 1501 2135 ,
1527 2069 1827 2140 Saturnini,
1855 2068 2036 2125 Nerei.
2142 2076 2354 2145 Romae,
2401 2077 2657 2145 Mariani,
2698 2076 2876 2144 Lucii,
2921 2076 3122 2134 Viveti.
3172 2077 3233 2133 In
3279 2077 3544 2143 Sardinia,
3575 2076 3697 2135 Ροιί.

512 2179 600 2219 xvr
625 2162 733 2219 kal.
773 2162 911 2217 Nov.
946 2160 1293 2228 Nicomedia,
1322 2160 1643 2217 Alexandri.
1688 2160 1746 2216 In
1777 2161 2039 2216 Maurita-

2030 2190 2039 2207 ν
2140 2169 2410 2237 Januarii,
2442 2170 2658 2240 Tarrei,
2684 2170 2989 2239 Comuinae,
3016 2180 3073 2227 et
3099 2169 3277 2226 sancti
3304 2170 3577 2227 Florentii.

444 2255 556 2323 nia,
590 2253 739 2323 Nini,
764 2252 1047 2322 Vieturize,
1074 2252 1389 2319 Nobilitani,
1420 2252 1730 2320 Mauritani,
1760 2252 1915 2321 Luci,
1951 2252 2042 2310 Ci-
2213 2278 2245 2316 v
2272 2261 2380 2316 kat.
2405 2260 2543 2318 Nov.
2566 2261 2624 2317 In
2649 2262 2933 2319 Antiochia
2955 2260 3154 2335 Syriae,
3172 2261 3435 2330 Marandi,
3455 2260 3697 2329 Mariana,

442 2349 565 2417 tini,
590 2347 971 2416 Criscentiani,
991 2346 1231 2414 Ruliani,
1258 2346 1472 2414 Donati,
1498 2345 1829 2411 Defensoris,
1861 2346 1989 2403 RuSl

2149 2353 2442 2411 Arcclludi.
2491 2354 2551 2410 ln
2599 2353 2959 2427 Carthagine,
3015 2355 3199 2412 sancti
3253 2353 3611 2413 Sufronisreni.
3641 2351 3696 2408 Et

439 2446 594 2513 tiani,
626 2443 940 2507 Serviliani,
976 2441 1209 2510 Saerati,
1231 2441 1499 2507 Veneriae,
1531 2442 1808 2510 Januarii,
1833 2442 2041 2497 Mustu-
2143 2447 2296 2515 alibi,
2324 2456 2639 2505 sanctorum
2663 2449 3033 2520 apostolorum
3054 2449 3299 2507 Simonis
3324 2446 3620 2517 Chananati,
3648 2454 3693 2501 et

440 2538 538 2604 Ite,
578 2536 862 2606 Quintasi,
906 2534 1187 2600 Memmae,
1237 2532 1453 2600 Primae,
1494 2532 1741 2602 Donataa,
1775 2531 1987 2590 Severia

2141 2541 2297 2599 Judze
2324 2542 2552 2599 Zelotis.
2578 2543 2885 2611 Amaranti,
2918 2543 3128 2612 Quinti,
3162 2550 3221 2600 et
3248 2542 3409 2612 Justi,
3434 2540 3597 2597 Lucii.

452 2628 743 2697 Victuriat,
771 2626 1012 2694 Basillm.
1043 2624 1283 2695 Magnili-
2212 2651 2264 2692 tv
2293 2635 2400 2692 kal.
2427 2635 2565 2691 Nov.
2598 2635 2659 2692 In
2688 2637 2951 2705 Lucania,
2983 2635 3324 2696 Saeineti....
3348 2633 3543 2707 Quinti,
3573 2632 3694 2690 Feli-

512 2736 583 2776 xv
612 2719 716 2775 kal.
750 2719 890 2776 Nov.
922 2718 978 2773 In
1002 2718 1245 2787 Oriente,
1272 2717 1559 2774 translatio
1585 2717 1833 2790 corporis
1863 2718 2037 2775 sancti
2142 2727 2340 2796 (δίωκε,
2370 2739 2425 2784 ει
2452 2728 2706 2784 ιυοίεηω
2735 2736 3060 2802 martyrum,

438 2809 603 2867 Luca:
632 2807 1004 2880 evangelistam
1039 2807 1098 2863 1n
1125 2807 1460 2876 Nicomedia,
1493 2807 1676 2879 Lucae,
1710 2808 1985 2866 Vieturina

2216 2836 2275 2877 ιιι
2300 2820 2407 2877 kal.
2438 2821 2578 2877 Nov.
2609 2820 2668 2878 In
2687 2821 3028 2889 Nicomedia,
3055 2821 3331 2889 Januarii,
3358 2819 3699 2885 Calendionis,

440 2901 666 2960 Justini.
704 2900 761 2957 In
792 2901 1077 2972 Axiopoli,
1121 2900 1416 2969 llermetis,
1450 2909 1505 2956 et
1543 2900 1738 2969 Taxis,
1781 2901 1934 2959 Julii.
1966 2902 2039 2959 Et
2144 2911 2431 2983 Martialis,
2471 2913 2756 2982 Germani,
2802 2914 2997 2984 Marci,
3036 2914 3355 2986 Theophili,
3385 2912 3613 2971 Eusebii,
3649 2910 3704 2966 Et

438 2996 594 3068 juxta
623 3004 839 3068 portum
863 2994 1194 3062 Romanum,
1228 2994 1409 3064 passio
1438 2993 1497 3050 S.
1531 2994 1759 3065 Agnetis
1783 2995 2033 3065 virginis"
2138 3006 2196 3060 in
2227 3004 2443 3071 Africa,
2471 3006 2660 3062 Passio
2695 3014 3012 3063 sanctorum
3042 3022 3281 3065 numero
3307 3016 3519 3065 centum
3538 3005 3705 3077 viginti

451 3089 510 3145 ln
539 3088 833 3159 Campania
864 3088 1088 3145 civitate
1124 3088 1393 3154 Puteolis,
1431 3087 1707 3155 Januarii,
1737 3088 1959 3157 Felicis,
1982 3098 2038 3146 et
2142 3109 2465 3171 martyrum.
2516 3099 2673 3166 Item,
2722 3100 2946 3166 Felicis,
2993 3100 3207 3170 Quinti,
3262 3100 3439 3171 Lucae,
3486 3094 3704 3163 Luciani,

445 3181 724 3253 dep08ili0
749 3182 886 3238 JUSIi
918 3182 1094 3253 pueri-
1126 3180 1185 3236 In
1214 3180 1421 3249 Africa.
1452 3180 1625 3247 LUCii.
1654 3181 2036 3249 VictoriS,Da-
2072 3255 2105 3262 _
2139 3188 2395 3259 Victoris,
2426 3190 2636 3257 Vitalis,
2670 3191 2892 3259 Donati,
2922 3192 3106 3260 Petri,
3142 3193 3324 3262 Marii,
3358 3192 3605 3258 Januarii,
3632 3189 3707 3244 Fi-

446 3273 517 3340 si.
546 3272 733 3340 Leuci.
760 3272 1039 3342 Vimorici.
1070 3272 1254 3330 Βενθεί
1277 3273 1540 3343 episcopi.
1566 3271 1837 3339 Victricis.
1864 3274 2036 3331 Faus—
2062 3255 2107 3318 ο
2140 3281 2259 3351 riae,
2288 3255 2584 3350 Hermetis,
2617 3255 2841 3353 Urbani,
2874 3255 3052 3341 Attiti.
3087 3255 3155 3341 Et
3185 3255 3367 3357 passio
3394 3283 3556 3341 sancti
3581 3255 3703 3339 Feli-

441 3362 566 3431 tini,
607 3362 885 3419 Martialis.
916 3362 1148 3419 Ebrocas
1190 3364 1427 3431 civitate,
1467 3365 1660 3420 natalis
1699 3364 1763 3421 S.
1804 3366 2037 3438 Aquilini
2141 3378 2287 3433 Ciani
2318 3392 2442 3432 cum
2480 3377 2646 3433 sociis
2688 3378 2820 3434 suis,
2854 3378 2913 3434 ιη
2955 3377 3271 3451 Antiochia,
3303 3377 3556 3443 Januarii,
3586 3374 3707 3431 Mar.

443 3455 676 3527 episc0pi
701 3463 751 3510 et
779 3456 1110 3527 confessoris.

2154 3470 2297 3538 .iani,
2350 3470 2581 3537 Nazarii,
2637 3469 2903 3536 Gervasii,
2952 3471 3215 3538 Protasii,
3268 3480 3324 3526 et
3366 3468 3509 3527 Celsi
3547 3464 3701 3538 pueri.

510 3564 600 3603 xw
629 3548 735 3604 kal.
772 3547 913 3603 Nov.
946 3547 1005 3604 In
1039 3548 1216 3618 Ostia,
1251 3548 1489 3606 Austerii
1520 3550 1856 3622 presbyteri,
1893 3548 2043 3606 Nea-

2156 3564 2345 3620 l'olosa.’
2373 3565 2647 3620 translatio
2680 3566 2915 3637 corporis
2954 3564 3122 3621 sancti
3161 3564 3464 3632 Saturnini,
3497 3557 3703 3634 episcopi

334 3671 358 3710 ι
452 3647 585 3717 poli,
614 3646 794 3714 Sussi,
820 3646 1087 3714 Januarii,
1113 3647 1282 3711 Festi,
1319 3648 1605 3703 Desiderii.
1633 3648 1690 3704 In
1721 3649 2040 3706 cmmeterio
2141 3666 2188 3712 et
2217 3657 2482 3727 martyris.

449 3740 730 3808 Puteolis,
762 3741 1012 3797 Prosculi
1034 3783 1049 3808 ,
1082 3741 1345 3798 Prosduci
1369 3785 1385 3811 ,
1418 3752 1472 3797 et
1498 3741 1646 3799 Nica:
1677 3743 1870 3798 matris
1897 3743 2036 3814 ejus.
2213 3748 2398 3804 Pridie
2426 3750 2532 3805 kal.
2565 3748 2706 3805 Nov.
2736 3748 2799 3805 in
2826 3748 3034 3820 Africa,
3065 3749 3329 3818 Claeovii,
3356 3746 3566 3814 Juliani,
3594 3744 3707 3802 For-

444 3832 666 3889 Domnae
689 3833 935 3905 virginis,
961 3834 1100 3900 Asti,
1134 3834 1296 3889 Buiti.
1323 3834 1380 3890 In
1406 3834 1695 3890 Antiochia
1721 3834 1915 3907 Syrias,
1942 3852 2040 3893 na-
2142 3843 2336 3909 tunati,
2388 3842 2618 3913 Silvani,
2671 3842 3044 3914 Calendionis,
3090 3843 3406 3911 Bonifaeite,
3445 3842 3705 3904 Castae,....

431 3926 570 3981 talis
602 3936 914 3983 sanctorum
945 3927 1173 4000 Pelagii,
1208 3928 1456 3984 Beronici
1481 3968 1495 3994 ,
1522 3928 1779 4001 Pelagiae,
1810 3936 1866 3986 et
1894 3930 2037 3985 alio-
2140 3935 2382 4000 Gallica},
2432 3935 2625 4008 Agapi,
2660 3935 2935 4004 Vierni-im,
2972 3935 3196 4001 Felicis,
3249 3933 3476 4000 Simoni,
3521 3926 3707 3992 Donati,

445 4036 565 4075 rum
597 4021 955 4093 quadraginta
983 4033 1108 4079 octo
1135 4032 1463 4095 martyrum.
2140 4028 2473 4095 Rusticiani,
2527 4027 2844 4091 Fortunati,
2900 4027 3165 4095 Romani,
3216 4026 3457 4091 Silvani,
3509 4018 3703 4086 Mimmi.

513 4128 609 4168 xui
639 4113 745 4168 kal.
782 4113 920 4171 Nov.
955 4114 1010 4169 In
1056 4115 1296 4171 Puteolis
1325 4115 1544 4171 civitate
1568 4155 1583 4182 ,
1622 4115 1805 4186 Dasii,
1842 4116 2039 4172 Anosi-
2140 4121 2404 4192 Angelali,
2449 4120 2703 4183 Nuneini,
2750 4119 3096 4185 Felicissimi,
3154 4128 3213 4175 et
3275 4118 3504 4174 aliorum
3541 4109 3706 4182 viginti

441 4202 596 4270 nimi,
625 4203 894 4272 Januarii,
924 4206 1215 4273 Dorotltei,
1250 4205 1497 4273 Susimii,
1531 4209 1828 4264 Januariaa.
1858 4208 1917 4263 In
1947 4208 2039 4263 Ni-
2140 4228 2359 4280 novem,
2388 4213 2610 4281 Valerii,
2661 4213 2932 4269 Vincenti.
2967 4212 3025 4268 In
3070 4211 3357 4283 Hispania,
3386 4206 3628 4267 Januarii.
3656 4203 3705 4258 lu

436 4295 705 4362 comedia,
732 4297 995 4364 Eustieis,
1016 4299 1327 4367 Promachi,
1354 4299 1527 4370 Lucii,
1554 4302 1883 4368 Marcellini,
1910 4303 2042 4358 Ber—
2139 4308 2478 4374 Macedonia,
2515 4308 2727 4378 Vitalis.
2771 4309 2940 4379 Petri,
2972 4308 3283 4381 Crescenti,
3328 4306 3574 4371 Alterini,
3606 4302 3708 4357 Vic-

441 4386 601 4443 niaei.
636 4388 771 4445 ltem
804 4390 1033 4459 Susimi,
1058 4391 1327 4462 Januarii,
1354 4393 1508 4451 Julii.
1536 4394 1763 4467 Agenno
1791 4395 2036 4465 civitate,
2139 4400 2324 4456 torini.
2359 4399 2492 4454 ltem
2523 4399 2694 4467 Petri,
2727 4399 2936 4466 Mar...,
2966 4399 3276 4468 Mammari,
3308 4395 3597 4460 Saturnini,
3631 4390 3707 4445 Vi-

438 4480 614 4535 saneti
643 4481 887 4551 Caprasii
922 4486 1205 4557 martyris.
2138 4493 2371 4562 gilantii,
2418 4492 2677 4549 Nuneini.
2720 4492 2963 4563 Magnili.
3004 4493 3062 4548 In
3098 4492 3438 4560 Nicomedia,
3482 4482 3705 4555 Philippi,

514 4588 593 4627 xu
638 4571 746 4627 kat.
792 4572 933 4630 Nov.
987 4576 1043 4631 In
1091 4576 1430 4644 Nicomedia,
1482 4578 1648 4646 Dasii,
1696 4580 1891 4648 Zotiei,
1933 4582 2033 4639 Gai
2068 4635 2112 4658 η
2140 4594 2196 4640 et
2224 4584 2593 4641 Calendionis.
2636 4584 2884 4658 Augusta
2919 4583 3382 4642 Viromandorum
3421 4582 3475 4638 in
3513 4575 3702 4639 Gallia.

438 4678 559 4720 cum
594 4663 884 4720 duodecim
918 4667 1159 4723 millibus
1188 4635 1542 4741 martyribus.
1583 4635 1648 4723 In,
1676 4635 1890 4737 Africa,
2062 4635 2114 4696 Β

436 4755 601 4825 desti,
653 4756 847 4826 Eutiei,
903 4757 1117 4826 Matcri,
1152 4760 1346 4815 Dissei.
1401 4760 1456 4815 In
1510 4760 1689 4816 Nicma
1738 4762 2033 4835 Bithyniae,
2613 4770 2865 4828 MENSIS
2904 4769 3309 4828 NOVEMBER.

440 4850 668 4922 Alrigis,
701 4850 983 4918 Macharii,
1020 4852 1191 4920 Dicei,
1222 4854 1457 4909 Proculi.
1488 4855 1734 4926 Neapoli,
1777 4857 2030 4924 Modesti,
2687 4862 2863 4918 liabet
2890 4862 3007 4918 dies
3061 4879 3195 4920 xxx.

440 4950 497 5000 et
538 4944 771 4998 aliorum
804 4945 1081 5015 octoginta
1114 4956 1368 5014 quatuor.
1407 4947 1647 5002 Puteolis
1698 4947 2032 5018 Campaniae,
2213 4953 2341 5010 ﬁat.
2391 4953 2640 5009 Novemb.
2674 4954 2886 5010 Litania
2931 4954 3250 5012 indicanda.
3296 4953 3568 5011 Εεεεῖυὶιαε
3610 4962 3706 5003 οιηο

441 5035 683 5104 Proculi,
746 5035 977 5106 Eutieis,
1041 5036 1324 5101 Maeharii,
1388 5039 1712 5095 Donatellae.
1772 5041 2036 5111 Lugdune
2143 5047 2623 5102 niumsanctorum.
2650 5047 2819 5113 Petri,
2848 5048 3181 5115 Mammerti,
3210 5045 3507 5113 Saturnini,
3530 5035 3702 5109 Magni-

441 5130 650 5197 Callize,
672 5131 904 5188 Viatoris
925 5131 1371 5203 pueri,discipuli
1397 5134 1569 5187 sancti
1597 5132 1739 5188 Justi
1763 5135 2031 5206 episcopi.
2144 5140 2211 5195 Et
2252 5140 2431 5210 passio
2466 5139 2741 5196 Eustachii
2778 5140 3035 5212 martyris
3065 5155 3187 5196 cum
3222 5154 3395 5197 uxore
3418 5147 3471 5194 et
3493 5134 3627 5190 (iliis.
3652 5127 3703 5183 in

511 5240 565 5279 si
615 5223 721 5278 kal.
767 5225 904 5280 Nov.
960 5225 1018 5281 lu
1066 5223 1425 5293 Adrianopoli
1477 5224 1744 5293 Thraciae,
1798 5226 2035 5297 Philippi
2142 5232 2475 5299 Macedonia,
2505 5232 2722 5299 Basilis,
2748 5232 2961 5300 Jacobi,
3003 5240 3061 5289 et
3100 5232 3281 5289 sancti
3318 5228 3534 5289 Joannis
3564 5236 3705 5281 evan-

437 5317 702 5387 epise0pi.
749 5317 973 5375 Eusebii
1022 5327 1078 5374 et
1140 5315 1434 5383 llermetis,
1480 5316 1686 5372 Severi.
1733 5317 1792 5373 In
1838 5318 2030 5390 Portu,
2143 5323 2373 5393 gelistae.
2411 5322 2470 5376 In
2502 5322 2818 5390 Terracina,
2848 5322 3047 5379 natalis
3075 5333 3390 5379 sanctorum
3417 5310 3703 5385 Meldegasi.

440 5410 620 5466 sancti
654 5410 852 5467 Valerii
880 5410 1161 5483 martyris.
1187 5410 1246 5464 ln
1276 5409 1532 5476 Thracia,
1561 5408 1693 5465 item
1727 5410 1938 5468 Severi.
1965 5412 2034 5467 Et
2141 5416 2361 5483 Juliani,
2393 5413 2648 5485 Victoris,
2688 5415 2909 5483 Felicis,
2955 5415 3092 5484 Sati,
3128 5410 3535 5477 Perseveranti,
3563 5404 3701 5462 Octa-

435 5504 590 5575 alibi,
628 5502 812 5574 passio
832 5504 1004 5559 sancti
1034 5503 1278 5574 Leugali-
2146 5509 2274 5573 viae,
2312 5504 2534 5574 Cessiae,
2581 5505 2805 5574 Eristei,
2855 5505 3169 5571 Saturnini,
3207 5501 3493 5574 Simplicii,
3533 5490 3699 5553 Primi.

506 5612 540 5652 ι
574 5596 682 5652 kal.
719 5596 856 5651 Νου.
888 5595 946 5650 In
976 5594 1353 5665 Adrianopoli,
1389 5592 1601 5660 Severi,
1647 5594 1929 5649 Dorothei.
1976 5594 2033 5649 In

2153 5600 2375 5667 Cesarii,
2402 5600 2604 5670 Magni,
2635 5598 2797 5654 Justi.
2825 5598 2884 5653 ιιι
2907 5599 3167 5663 Cmsaria,
3197 5596 3399 5653 natalis
3426 5589 3584 5649 sancti
3606 5585 3700 5641 Ma-

436 5688 673 5745 Csesaria
698 5688 1082 5761 Cappadoeim,
1112 5686 1357 5753 Seuresi,
1387 5685 1586 5757 Magni,
1620 5685 1780 5742 Justi.
1814 5686 1871 5742 In
1908 5686 2037 5744 Gal-
2140 5692 2376 5749 cedonii.
2404 5692 2475 5747 Et
2501 5690 2657 5757 alibi,
2689 5690 2889 5746 natalis
2914 5697 3232 5746 sanctorum
3260 5684 3517 5753 Januarii,
3550 5674 3698 5738 Petri,

436 5783 534 5853 lia,
560 5784 827 5841 depositio
855 5783 1029 5839 sancti
1052 5780 1295 5838 Gratiani
1332 5780 1611 5852 martyris.
2139 5784 2466 5847 Crescentis,
2492 5782 2793 5850 Victurini,
2824 5788 2881 5838 et
2908 5782 3143 5837 aliorum
3182 5790 3502 5854 martyrum.
3529 5770 3698 5831 (ἔκειτο

541 5928 553 5948 ί
608 5876 704 5931 ·-¹.
734 5876 868 5935 Νου.
899 5876 958 5933 In
977 5874 1314 5946 Nicomedia,
1339 5871 1551 5941 Severi,
1579 5872 1790 5946 Vitalis,
1814 5873 2032 5945 Felicis,
2142 5876 2399 5945 Divione,
2431 5874 2732 5950 passio_sat.
2754 5873 2815 5935 sli
2851 5872 3079 5945 Benignl
3106 5870 3413 5945 presbyteri
3441 5876 3495 5927 et
3520 5866 3697 5927 ωπιι·
