3918 6294
192 257 285 319 ιει

1248 248 1803 315 VETUSTISSIMUM
1839 248 2367 316 KALENDARIUM.

3368 254 3477 317 i8!

193 381 284 449 ris,
315 387 371 438 ct
398 377 567 435 sancti
596 374 845 436 Melanti.
879 375 1283 450 Augustiduno,
1310 377 1582 450 depositio
1610 377 1783 435 sancti
1809 377 1861 441 Α
1890 393 2014 445 mae,
2051 373 2600 449 Marim,'Felicitatis,
2629 374 2869 445 Feliciae,
2896 372 3251 443 innocentiae,
3278 377 3477 439 Fortu-

191 472 351 533 Primi
381 473 644 546 episcopi.
680 472 908 547 Bajocas
954 472 1179 541 civitate,
1208 474 1373 528 sancti
1405 471 1621 546 Vigorio
1668 472 1776 543 epi-

192 567 327 638 scopi
360 576 413 621 et
434 568 765 637 confessoris.
799 566 936 623 Sitio
969 566 1306 633 monasterio,
1329 566 1583 631 depositio
1607 566 1775 619 sancti

193 659 473 714 Audomari
492 658 721 732 episc0pi
742 666 789 715 et
819 658 1150 730 confessoris.
1178 656 1413 713 Pictavis
1439 656 1659 724 civitate,
1688 656 1777 712 de-

193 751 377 808 dicatio
409 750 636 807 basilica:
660 750 721 807 S.
748 749 952 806 Hilarii
978 750 1207 823 episcOpi
1233 760 1280 805 et
1303 749 1630 821 confessoris.

255 854 314 897 ut
334 856 461 894 non.
483 837 1043 896 Novemb.Dedicatio
1070 839 1315 895 basilica:
1341 840 1515 895 sancti
1544 836 1776 893 Andreae

191 931 451 1004 Apostoli.
480 928 537 986 In
560 930 800 987 Caesaria
824 930 1206 1003 Cappadociae,
1236 931 1435 987 natalis
1464 941 1775 986 sanctorum

192 1024 464 1089 Germani,
488 1023 802 1095 Theophili,
822 1021 1070 1091 Caesarii,
1092 1023 1281 1096 Egrili,
1305 1023 1517 1080 Vitalis.
1544 1024 1610 1079 Et
1627 1021 1775 1089 alibi,

192 1118 371 1192 passio
409 1128 615 1176 sanctae
658 1117 931 1190 Agriculze
964 1116 1195 1190 virginis
1220 1126 1276 1173 et
1306 1115 1583 1189 martyris.
1617 1114 1775 1184 item,

194 1214 400 1283 Felicis,
428 1211 736 1269 Crescenti.

256 1304 441 1360 Pridie
461 1320 587 1359 non.
615 1301 871 1358 Novemb.
911 1300 969 1358 in
1001 1299 1205 1370 Africa,
1233 1299 1441 1357 'natalis
1470 1306 1778 1357 sanctorum

194 1398 347 1456 Primi
372 1395 621 1465 Caesarii,
649 1395 924 1469 Gregorii,
956 1394 1266 1468 Porphyrii,
1303 1394 1507 1464 Saturi,
1540 1391 1781 1461 Amanti,

194 1488 378 1558 Publii,
445 1488 737 1556 Secundae,
766 1486 1106 1560 [Victorinae,
1164 1488 1464 1558 Perpetua,
1526 1488 1782 1559 Victoris,

197 1581 387 1651 Quarti.
402 1582 461 1638 in
475 1580 680 1649 Nicaea,
700 1580 895 1637 natalis
914 1580 1088 1637 sancti
1102 1580 1373 1635 Domnini.
1391 1582 1781 1653 Augustiduno,

196 1676 434 1745 depositio
460 1673 686 1729 Proculi
713 1674 966 1745 episcopi.
994 1672 1251 1729 Rothenis
1273 1672 1503 1741 civitate,
1525 1674 1783 1746 depositio

1882 473 2021 535 nati,
2054 471 2364 541 Principiae,
2399 470 2773 539 Domnicellae,
2803 471 3149 539 Clementini,
3177 472 3472 545 ianuarias,

1880 564 2165 635 Victuritn,
2228 565 2449 621 Juliani.
2516 563 2843 621 Alexandria
2916 564 3225 637 Metropoli,
3280 570 3476 625 natalis

1879 660 2052 714 sancti
2103 660 2272 715 Menas
2318 659 2593 729 martyris.
2640 658 2873 715 Turonis
2918 660 3156 730 civitate,
3208 660 3476 732 depositio

1880 755 2053 811 sancti
2081 755 2294 811 Martini
2322 756 2560 825 episc0pi
2588 763 2643 811 et
2673 755 3025 812 confessoris.
3061 755 3317 830 Lugdune
3341 757 3473 814 Gal-

1880 844 1987 912 !ia’,
2020 848 2277 916 depositio
2322 847 2512 902 Verani
2540 847 2784 919 episcopi.

1954 938 2139 995 Pridie
2166 940 2287 996 idus
2309 941 2449 997 Nov.
2477 941 2533 996 ln
2559 940 2765 1011 Africa,
2791 942 2989 999 natalis
3019 954 3331 1002 sanctorum
3364 946 3478 1002 Au-

1882 1033 2009 1105 ruli,
2051 1034 2249 1101 Publii,
2290 1034 2562 1091 Vincenti.
2592 1036 2649 1091 in
2685 1036 2920 1091 Caesaria
2953 1036 3332 1111 Cappadociae,
3378 1057 3479 1097 na-

1882 1127 2009 1181 talis
2063 1136 2372 1183 sanctorum
2430 1128 2711 1197 Germani,
2767 1128 3078 1201 Theophili,
3122 1131 3366 1202 Ctesarii,
3422 1143 3479 1192 et

1881 1219 2051 1274 sancti
2080 1218 2326 1275 Eusebii.

1956 1310 2087 1365 ldus
2122 1311 2259 1367 Nov.
2294 1311 2351 1367 In
2390 1312 2639 1380 Thracia,
2682 1314 2879 1371 natalis
2910 1323 3221 1373 sanctorum
3254 1316 3474 1391 Edicti,

1884 1402 2085 1473 Eutici,
2121 1403 2336 1471 Felicis,
2381 1403 2732 1475 Iiermogeni,
2765 1416 2821 1461 et
2874 1407 3111 1476 Agiestis
3155 1418 3478 1481 martyrum.

1888 1496 1955 1551 Et
1997 1498 2049 1551 in
2087 1495 2322 1553 Caesaris
2357 1494 2739 1568 Cappadociae,
2786 1500 2983 1554 natalis
3023 1510 3331 1557 sanctorum
3371 1502 3484 1558 Au-

1889 1589 2045 1657 touii,
2094 1588 2392 1656 Gebennas,
2438 1589 2717 1658 Germani,
2756 1591 3038 1659 Mannicze,
3088 1594 3313 1650 Adriani
3360 1610 3484 1652 cum

1888 1681 2052 1735 sociis
2081 1683 2213 1736 suis.
2250 1681 2503 1738 Ravenna
2530 1683 2767 1751 civitate,
2801 1684 2995 1738 natalis
3027 1695 3341 1742 sanctorum
3371 1686 3483 1742 Va-

198 1770 351 1824 sancti
379 1768 619 1824 Amantii
646 1767 875 1840 episcopi
903 1775 950 1823 et
990 1768 1325 1839 confessoris.
1362 1765 1648 1834 Bituricas,
1687 1768 1780 1824 de-
1811 1771 1861 1835 B
1891 1773 2102 1841 lentini,
2157 1774 2453 1843 Solutoris,
2503 1785 2557 1831 et
2601 1776 2860 1832 Victoris.
2902 1777 2969 1832 Et
3013 1778 3167 1849 alibi,
3213 1780 3487 1851 depositio

198 1860 379 1933 positio
399 1860 585 1917 sancti
615 1859 839 1916 Lusoris
860 1859 1037 1932 pueri,
1061 1868 1115 1915 et
1141 1857 1495 1917 confessoris.

264 1953 403 2010 Non.
461 1951 731 2009 Novemb.
785 1952 847 2008 In
891 1952 1129 2011 Caesaria
1173 1950 1552 2022 Cappadociae,
1593 1953 1787 2009 natalis

200 2056 497 2105 sanctorum
545 2046 823 2114 Domnini,
874 2044 1116 2114 Ctesarii,
1160 2046 1467 2117 Epiphanii,
1521 2046 1785 2118 Gregorii,

203 2142 401 2215 Appiui,
443 2140 753 2208 Saturnini,
785 2138 1045 2210 Amantii,
1092 2139 1292 2208 Publii,
1324 2140 1478 2195 Mart.
1525 2140 1583 2196 in
1630 2139 1791 2196 Cam-

205 2237 367 2305 pania,
392 2234 600 2292 natalis
623 2243 939 2291 sanctorum
963 2233 1179 2290 Marciae
1208 2242 1262 2290 et
1288 2233 1573 2290 Secundae.
1605 2233 1789 2304 Capua

206 2328 431 2401 civitate,
470 2328 675 2386 natalis
714 2334 1029 2385 sanctorum
1070 2326 1283 2394 Evrasi,
1319 2335 1372 2383 et
1401 2326 1613 2395 Quarti,
1646 2326 1785 2396 Joci,

207 2421 345 2479 Ludi.

268 2530 355 2571 vui
400 2514 527 2570 idus
570 2510 711 2570 Nov.
754 2512 813 2570 In
866 2511 1201 2582 Nicomedia,
1245 2512 1440 2570 natalis
1480 2522 1790 2571 sanctorum

211 2606 436 2676 Adriani,
468 2606 656 2675 Julia,
687 2615 742 2663 et
779 2604 1057 2663 Eusebiae.
1086 2604 1144 2661 In
1175 2605 1377 2673 Africa,
1410 2606 1613 2663 natalis
1637 2620 1795 2664 sanc-

213 2708 364 2758 torum
387 2702 612 2769 Donati,
647 2701 821 2769 Pauli,
851 2700 1108 2767 Balsami,
1136 2698 1413 2765 Domnini,
1442 2699 1661 2770 Primae,
1685 2700 1795 2755 Du-

214 2795 306 2865 liz,
352 2796 698 2864 Fortunatae,
756 2794 1049 2860 ianuarias,
1092 2792 1330 2861 Quartae.
1378 2794 1445 2848 Et
1496 2793 1793 2854 inToniza

214 2888 393 2963 Africa,
425 2890 634 2948 natalis
664 2888 839 2945 sancti
870 2888 1091 2944 Felicis.
1123 2887 1194 2943 Et
1224 2888 1277 2942 in
1308 2886 1564 2959 Phrygia,
1598 2887 1794 2941 natalis

216 2996 508 3043 sanctorum
540 2984 808 3053 Januarii,
836 2983 1022 3048 Attici,
1053 2980 1249 3048 Barici,
1284 2980 1586 3045 Mammari,
1619 2979 1795 3035 Vene-

217 3078 369 3146 ricini,
407 3088 467 3137 et
497 3077 775 3134 Veneriae.
818 3074 1115 3147 chidona,
1154 3072 1346 3129 natalis
1390 3073 1560 3129 sancti
1599 3070 1796 3127 Moloni

216 3173 419 3245 epist-api
448 3181 504 3228 et
533 3171 868 3243 confessoris.

274 3280 340 3321 vn
362 3266 480 3321 idus
509 3262 650 3319 Non.
677 3263 737 3319 in
766 3260 1107 3331 Nicomedia,
1132 3261 1325 3317 natalis
1355 3260 1526 3316 sancti
1554 3259 1796 3329 Eusebii,

219 3356 397 3429 Pobisi,
424 3359 693 3427 Eustasii,
721 3356 899 3424 Marii,
928 3356 1123 3423 Primi,
1154 3354 1335 3423 Julius,
1368 3354 1661 3423 Januarim,
1692 3354 1801 3410 Ro-

221 3454 445 3524 gatianae,
476 3451 664 3523 Optati
684 3492 700 3518 ,
729 3450 976 3507 Adriani.
1006 3451 1073 3505 Et
1102 3450 1153 3505 in
1185 3449 1389 3517 Africa,
1422 3449 1616 3505 natalis
1646 3463 1802 3503 sanc-

222 3551 373 3601 torum
395 3544 626 3616 Rogati,
655 3542 870 3608 Donati,
902 3542 1121 3608 Primae,
1150 3541 1327 3599 iuliae.

279 3650 324 3691 vt
350 3636 471 3693 idus
522 3632 778 3689 Novemb.
811 3632 1023 3701 Romae,
1062 3632 1263 3689 natalis
1307 3640 1619 3689 sanctorum
1656 3632 1801 3688 Sint-

222 3725 367 3795 plicii,
414 3726 761 3800 Sympronii,
803 3724 1045 3793 Claudii,
1092 3723 1331 3791 Custori,
1383 3724 1696 3787 Nicostrati.
1746 3734 1801 3781 et

222 3816 527 3875 Sanctorum
549 3826 785 3888 quatuor
812 3824 1227 3883 coronatorum,
1250 3815 1460 3883 Severi,
1495 3815 1799 3881 Severiani,

223 3910 567 3985 Carpophori,
600 3910 894 3968 Victorini.
926 3910 985 3967 In
1014 3908 1218 3975 Africa,
1251 3909 1449 3965 natalis
1488 3919 1798 3966 sanctorum

223 4001 394 4075 Primi,
423 4003 717 4073 Macbarii,
750 4002 912 4069 Justi,
942 4000 1249 4069 Amaranti,
1278 4010 1335 4059 et
1364 4001 1595 4058 aliorum
1630 4016 1798 4057 nona-

224 4095 350 4161 ginta
374 4105 638 4170 quatuor.
672 4096 739 4151 Et
786 4095 839 4150 iu
884 4093 1223 4161 Nicomedia,
1256 4095 1450 4150 natalis
1487 4098 1798 4149 sanctarum

226 4186 475 4259 Dsmiani,
512 4189 755 4260 Eusebii,
780 4188 1003 4259 Calesti,
1029 4189 1287 4255 Eustasii,
1311 4197 1367 4244 et
1396 4188 1573 4255 Marii,
1596 4188 1797 4258 Magni.

281 4298 313 4339 v
334 4286 445 4341 idus
480 4283 622 4341 Nov.
656 4283 715 4339 lu
749 4281 1085 4350 Nicomedia,
1119 4282 1317 4337 natalis
1355 4291 1666 4338 sanctorum
1695 4280 1803 4335 Da-

226 4373 394 4443 ntiani,
419 4377 642 4444 Donati,
676 4373 956 4444 Restituti,
989 4373 1282 4441 Victorini,
1314 4373 1600 4443 Salutaris,
1639 4372 1801 4429 Cres-

225 4469 399 4536 centis,
431 4466 716 4536 Demetrii,
748 4466 985 4523 Nemesii
1017 4476 1073 4521 et
1104 4466 1383 4537 Exuorgii,
1417 4464 1658 4521 Eusebii.
1691 4463 1801 4518 Ro-

1889 1868 2063 1922 sancti
2106 1866 2295 1922 Jacobi
2346 1868 2617 1938 Apostoli.
2672 1868 2903 1924 Rotenas
2953 1871 3183 1938 civitate,
3234 1872 3486 1945 depositio

1892 1959 2061 2013 sancti
2090 1958 2320 2012 Amantii
2362 1959 2591 2032 episcopi
2632 1969 2677 2013 et
2718 1962 3044 2032 confessoris.
3101 1962 3325 2018 Turonis
3364 1966 3490 2019 civi-

1892 2059 2015 2118 tate,
2069 2051 2322 2123 depositio
2362 2052 2527 2106 sancti
2563 2050 2739 2105 Bricci
2781 2053 3008 2125 episcOpi
3060 2063 3111 2108 et
3156 2055 3488 2124 confessoris.

1963 2152 2094 2199 xvtu
2127 2142 2233 2198 kal.
2262 2143 2576 2200 Decembris.
2612 2143 2669 2199 in
2700 2143 2923 2199 Eraclea
2956 2144 3181 2202 civitate
3218 2146 3488 2216 Thracire,

1893 2238 2091 2295 natalis
2117 2246 2431 2294 sanctorum
2454 2236 2770 2304 Clementis,
2797 2236 3141 2306 Clementini,
3168 2239 3486 2307 Theodotae,

1894 2330 2211 2397 Philomini,
2245 2340 2299 2386 ct
2326 2330 2559 2385 aliorum
2589 2330 2907 2386 multorum.
2940 2328 3011 2385 Et
3050 2330 3165 2400 ipsa
3191 2329 3303 2398 die,
3338 2340 3493 2386 nata-

1893 2422 1961 2479 lis
1992 2422 2163 2479 sancti
2195 2422 2411 2478 Eraclii.

1966 2532 2080 2571 xvn
2124 2514 2227 2571 kal.
2279 2515 2484 2571 Decem.
2521 2515 2576 2572 in
2605 2515 2819 2584 Africa,
2867 2524 3180 2573 sanctorum
3224 2514 3483 2586 Secundi,

1897 2608 2227 2672 Fidentiani,
2253 2608 2456 2677 Varici,
2490 2609 2772 2677 Martialis,
2807 2609 2988 2665 Africa
3014 2609 3259 2677 civitate,
3295 2609 3492 2665 natalis

1896 2710 2214 2757 sanctorum
2264 2701 2499 2769 Siddini,
2543 2701 2847 2767 Saturnini,
2889 2702 3068 2769 Servi,
3120 2702 3494 2772 Calendionis,

1898 2793 2111 2861 Galaui,
2139 2794 2325 2849 Primi.
2357 2794 2554 2863 Genui,
2591 2794 2879 2861 Secundae,
2910 2794 3199 2860 Theodoti,
3226 2795 3492 2861 Demetri,

1897 2886 2172 2952 Parentis,
2197 2886 2639 2953 Saturm,Firmi.
2670 2887 2726 2942 in
2759 2886 3041 2943 Antiochia
3061 2928 3075 2953 ,
3106 2887 3305 2942 natalis
3336 2901 3495 2943 sanc-

1899 2988 2077 3035 torum
2116 2980 2334 3047 Donati,
2368 2979 2653 3045 Restituti,
2690 2979 3012 3044 Valerianos,
3044 2978 3331 3034 Fructuosi
3371 2993 3495 3035 cum

1902 3074 2024 3129 aliis
2054 3073 2367 3129 duodecim.
2410 3071 2682 3144 Depositio
2705 3073 2871 3127 sancti
2902 3070 3141 3126 Machuti
3172 3072 3420 3143 episcOpi.

1815 3162 1863 3229 C
1965 3180 2059 3220 xvi
2088 3164 2194 3219 kal.
2225 3163 2347 3222 Dec.
2372 3165 2428 3221 In
2455 3166 2659 3231 Africa,
2685 3164 2881 3219 natalis
2906 3172 3225 3219 sanctorum
3255 3163 3492 3230 Rutiani,

1900 3258 2089 3325 Marci,
2133 3257 2358 3326 Valerii,
2406 3258 2661 3326 Victoris,
2717 3258 2893 3326 Pauli,
2946 3257 3234 3323 Honorati,
3282 3258 3497 3323 Donati,

1904 3354 2099 3419 Barici,
2127 3353 2339 3420 Vitalis,
2364 3352 2625 3417 Januarii,
2649 3352 2812 3408 Justi.
2844 3354 2908 3407 Et
2929 3353 3082 3419 alibi,
3110 3351 3307 3407 natalis
3338 3366 3499 3408 sanc-

1903 3458 2081 3503 torum
2140 3447 2492 3512 Fidentiani,
2540 3445 2837 3512 Martialis,
2894 3443 3127 3512 Donati,
3182 3443 3493 3511 Valeriani,

1900 3540 2169 3596 Poetiani.
2196 3539 2265 3595 Et
2286 3539 2481 3594 natalis
2504 3546 2814 3594 sanctorum
2836 3537 3016 3603 Nerei,
3041 3537 3218 3609 Pauli,
3248 3537 3494 3604 Adriani,

1903 3633 2264 3699 Secundiani,
2298 3633 2582 3698 Martialis,
2623 3632 2884 3700 Victoris,
2924 3631 3163 3698 Victori,
3203 3631 3497 3700 Antcconi,

1903 3724 2194 3793 Auriliani,
2250 3725 2510 3785 Marcelli.
2555 3726 2836 3791 Marinum,
2897 3723 3158 3791 Secundi,
3210 3723 3498 3793 Frontoni,

1903 3818 2166 3888 Majulini.
2215 3819 2271 3874 In
2317 3818 2626 3884 Antiochia,
2667 3818 2978 3888 Augustini,
3021 3819 3215 3883 Justte,
3257 3818 3497 3885 Auricae,

1902 3910 2131 3979 Pontiae,
2163 3911 2498 3977 Fructuosac,
2542 3910 2862 3976 Matrondze,
2905 3909 3140 3975 Fructaa,
3173 3907 3500 3979 Vincentim,

1908 4004 2097 4071 Marci,
2124 4002 2403 4073 Aruspici,
2427 4002 2629 4069 Maria},
2656 4000 2842 4068 Fistae,
2868 4000 3146 4068 Fortunae,
3174 4000 3496 4072 Felicitatis,

1905 4096 2135 4154 Silvani.
2167 4095 2231 4151 Et
2260 4095 2313 4150 in
2349 4097 2553 4166 Capua,
2587 4095 2785 4151 natalis
2808 4105 3121 4150 sanctorum
3151 4096 3367 4161 Vitalis,
3399 4096 3492 4152 Ja-

1905 4189 2103 4254 nuarii,
2160 4187 2323 4255 Justi,
2372 4189 2714 4260 Augustiani,
2748 4198 2804 4244 et
2848 4188 3041 4244 Justze.
3079 4187 3339 4261 Lugdune
3367 4188 3496 4245 Gal-

1907 4285 2015 4351 lite,
2055 4283 2311 4355 depositio
2346 4283 2511 4337 sancti
2544 4280 2789 4337 Eucherii
2827 4283 3057 4355 episcOpi
3081 4292 3132 4337 et
3170 4283 3503 4354 confessoris.

1977 4391 2045 4430 xv
2076 4374 2182 4429 kal.
2222 4373 2466 4430 Decemb.
2493 4374 2549 4429 lu
2578 4372 2763 4445 Capua
2790 4374 3027 4444 civitate,
3058 4374 3255 4429 natalis
3286 4385 3509 4431 sancto-

1907 4484 2028 4525 rum
2059 4469 2342 4538 Augustini
2370 4510 2384 4535 ,
2414 4468 2627 4523 Eusurii
2655 4508 2670 4534 ,
2702 4466 3023 4523 Felicitatis.
3052 4468 3110 4523 In
3141 4468 3454 4525 Nicomedia
3478 4511 3495 4537 ,

231 4575 341 4628 nne,
379 4561 578 4618 natalis
617 4571 935 4617 sanctorum
983 4558 1309 4629 Clementis,
1336 4558 1709 4632 Symphronii.
1746 4558 1803 4613 In
1828 4550 1884 4612 Ι)
1912 4560 2109 4615 natalis
2135 4562 2192 4614 Β.
2229 4561 2505 4615 Ammoni.
2542 4559 2597 4614 ln
2628 4559 2779 4625 Asia,
2810 4560 3007 4615 natalis
3036 4570 3353 4619 sanctorum
3380 4562 3506 4618 Phi—-

229 4649 507 4724 Hispaniis,
551 4654 749 4711 natalis
771 4664 1082 4711 sanctorum
1116 4651 1619 4723 Fausti,Januarii,
1665 4651 1805 4706 Mar—

230 4743 354 4801 tialis
380 4757 544 4803 mart.

293 4852 340 4893 tv
388 4841 512 4895 idus
566 4838 709 4895 Nov.
768 4838 827 4895 In
878 4840 1186 4907 Antiochia,
1244 4839 1435 4895 natalis
1491 4848 1802 4895 sanctorum

234 4928 403 4999 Primi,
430 4934 711 5001 Macharii,
739 4933 985 5001 Diaconi,
1017 4934 1255 5001 Eustasi,
1279 4944 1334 4990 et
1363 4936 1635 4989 sociorum
1659 4934 1800 5003 ejus,

235 5020 485 5093 Januarii,
524 5026 865 5082 Candidiani.
907 5026 962 5081 in
994 5026 1198 5095 Africa,
1248 5026 1443 5081 natalis
1493 5034 1803 5082 sanctorum

235 5112 763 5188 Saturnini,Douati,
803 5120 1128 5175 Annibonias
1150 5129 1207 5176 et
1236 5120 1462 5175 aliorum
1492 5121 1805 5190 septemde-

235 5208 566 5285 cim.Rom:e,
586 5214 856 5285 depositio
883 5216 1054 5271 sancti
1078 5214 1279 5271 Leonis
1306 5212 1652 5287 episcopi.In
1680 5215 1808 5269 civi—

240 5309 331 5359 tate
360 5305 681 5377 Aurelianis,
717 5308 969 5379 depositio
1002 5309 1139 5365 beati
1179 5307 1472 5365 Monotoris
1501 5310 1734 5381 episcopi
1762 5319 1809 5365 et

240 5399 548 5467 confessoris.

304 5502 355 5546 ut
384 5492 502 5548 idus
540 5491 681 5549 Nov.
713 5492 972 5551 Ravenna
1025 5495 1224 5552 natalis
1274 5504 1585 5554 sanctorum
1612 5497 1813 5555 Valen-

245 5579 351 5652 tini,
380 5584 660 5660 Feliciaui,
692 5589 907 5657 Octavi,
938 5589 1162 5657 Felicis,
1190 5589 1455 5657 Januarii,
1489 5592 1809 5661 Eurundini,

249 5671 512 5749 Victorini,
538 5680 757 5749 Felicis,
789 5680 964 5751 Nisei,
992 5683 1217 5751 Juliani,
1254 5684 1527 5753 Vincenti,
1568 5686 1810 5755 Januari,

251 5763 474 5843 Giddini,
521 5774 813 5834 Bonifaciac
860 5777 1135 5851 martyris,
1170 5776 1385 5850 Minaci,
1419 5778 1636 5852 Domni,
1688 5779 1808 5839 Fir-

1912 4654 2041 4720 lem,
2079 4654 2357 4717 Matronae,
2392 4652 2569 4707 Teclre
2595 4652 2839 4723 virginis.
2876 4651 2932 4707 in
2962 4651 3182 4709 civitate
3205 4654 3507 4726 Hierapoli,

1910 4747 2106 4803 natalis
2150 4757 2461 4801 sanctorum
2490 4743 2725 4801 Victoris
2755 4752 2809 4799 et
2837 4744 3067 4815 Alphei,
3100 4745 3369 4802 Romulae.
3402 4746 3510 4802 Ro-

1909 4856 2013 4896 mae
2046 4851 2197 4896 trans
2226 4840 2488 4908 Tiberim,
2526 4841 2721 4893 natalis
2753 4839 2812 4896 S.
2837 4835 3047 4895 Cecilii.
3084 4838 3139 4895 In
3172 4839 3508 4907 Nicomedia,

1912 4936 2106 4993 natalis
2130 4938 2187 4991 S.
2218 4934 2509 4990 Amntonii.
2542 4934 2598 4988 in
2632 4935 2779 5001 Asia,
2814 4943 3126 4989 sanctorum
3163 4934 3429 5000 Diobidis,
3455 4943 3510 4990 et

1917 5031 2090 5087 Didie.
2142 5031 2209 5084 Et
2252 5030 2303 5084 in
2362 5028 2621 5083 Heraclea
2653 5028 2905 5097 civitate,
2941 5027 3141 5082 natalis
3192 5035 3508 5083 sanctorum

1916 5125 2229 5196 Grcgorim,
2277 5123 2549 5190 Victoris,
2603 5122 2835 5179 Gcmmi.
2891 5122 2947 5177 in
2988 5121 3221 5176 Cacsaria
3254 5163 3268 5188 ,
3316 5122 3514 5177 natalis

1916 5230 2226 5274 sanctorum
2256 5216 2552 5271 Theodotac
2578 5260 2592 5281 ,
2648 5216 2857 5287 Alphzci
2885 5256 2899 5281 ,
2957 5213 3205 5285 Zachtni,
3264 5215 3513 5272 Romani.

1916 5313 2248 5384 Carthagine
2272 5311 2491 5376 Atricm,
2526 5310 2789 5375 Dubitati,
2818 5307 3005 5375 Tusci,
3040 5308 3295 5379 Valentii,
3326 5310 3383 5367 S.
3416 5308 3519 5364 Ca-

1923 5406 2235 5472 lcndionis,
2296 5404 2560 5459 Montani.
2616 5401 2912 5457 Aurelianis
2964 5403 3211 5471 civitate,
3266 5402 3517 5475 depositio

1922 5499 2113 5556 Aniani
2147 5498 2375 5570 episcopi
2400 5509 2449 5554 et
2475 5496 2803 5569 confessoris.

1996 5609 2083 5649 xiv
2115 5591 2220 5646 kal.
2278 5588 2515 5645 Decemb.
2576 5589 2632 5644 Iu
2664 5589 2945 5645 Antiochia
2992 5591 3232 5654 civitate,
3284 5588 3516 5647 Romani

1926 5686 2211 5753 monachi,
2248 5684 2486 5752 Baralze,
2543 5692 2598 5739 et
2637 5683 2871 5756 iicsychi
2925 5693 3084 5740 mart.
3116 5683 3171 5738 lu
3216 5683 3475 5754 Hispania
3502 5726 3520 5753 ,

1923 5780 2174 5842 Corduba
2232 5777 2482 5847 civitate,
2528 5777 2759 5839 Asciclte
2806 5779 3083 5852 martyris.
3133 5775 3191 5834 In
3241 5775 3518 5852 Cmsaria,
