3918 6294
473 250 583 308 483

1492 234 1551 299 8.
1595 240 1972 299 HiERONYMI
2008 239 2295 301 OPERUM
2333 242 2697 303 MANTISSA.
3625 260 3714 318 ω

474 364 692 431 Bonuli.
728 362 985 430 Victoris.
1018 358 1297 427 Proximi,
1340 357 1571 415 Lucianl
1596 402 1611 427 ,
1660 356 1928 415 Cartherli
1952 397 1966 421 ,
2017 364 2073 412 et
2092 360 2151 433 Α
2250 372 2301 411 tv
2323 356 2427 411 kat.
2458 356 2668 414 Decem.
2704 357 2761 413 In
2791 357 2973 432 Syria,
3000 360 3307 435 Trophimi,
3334 362 3600 439 Theodoti,
3626 369 3717 428 Ει.

474 455 745 513 Martiani.
775 454 833 511 in
864 452 1153 519 iieraclea,
1197 450 1328 507 item
1358 447 1680 519 Carthaarii,
1732 456 1788 505 et
1842 449 2071 505 aliorum

475 548 854 624 quadraginta.
1168 564 1171 565 ν

548 659 643 699 χιιι
688 641 791 697 kal.
844 639 1053 696 Decem.
1112 637 1168 692 in
1202 636 1474 705 Cmsaria,
1523 633 1775 702 Maximi,
1824 632 2072 701 Mutiani,

476 734 743 800 Neoseri,
778 734 965 801 Tobis,
996 730 1274 797 Januarii,
1326 729 1545 797 Vitalis,
1598 728 1874 791 Carterii.
1929 728 2075 783 Mar-

470 828 602 883 tiani
628 869 642 893 ,
671 826 894 881 Dicenti
925 870 939 893 ,
970 821 1228 895 Zephori.
1260 821 1317 877 in
1349 821 1661 889 Hzeraclea,
1712 830 1915 876 sancta:
1959 818 2071 875 Mu-

475 922 627 978 lieris
686 936 808 975 cum
863 933 958 974 sex
1035 917 1150 973 suis
1207 914 1587 988 quadraginta.
1646 912 2069 985 Augustiduno,

476 1014 745 1086 Simplicii
803 1011 1072 1084 episcopi.

544 1126 618 1166 χιι
647 1108 754 1164 Ital.
788 1107 1032 1164 Decemb.
1063 1106 1120 1162 in
1174 1104 1437 1161 Heraclea
1459 1145 1473 1169 ,
1530 1101 1719 1169 Bassi,
1778 1098 2018 1172 Dionysii
2049 1140 2065 1166 ,

473 1204 713 1271 Orionis,
753 1212 809 1259 et
841 1201 1000 1257 Dalii.
1040 1200 1097 1255 In
1136 1197 1406 1265 Caesaria,
1458 1194 1692 1267 Agapiti.
1748 1193 1804 1249 in
1850 1192 2073 1248 civitate

471 1299 705 1355 Missana
734 1340 748 1365 ,
808 1296 866 1350 in
918 1293 1137 1359 Sicilia,
1192 1289 1482 1361 Ampheli,
1520 1286 1636 1343 Cal.
1677 1286 1734 1342 In
1768 1284 2067 1357 Hispaniis,

472 1389 690 1446 Maximi
736 1385 1081 1459 presbyteri,
1122 1380 1503 1449 Calendionis,
1550 1378 1761 1445 Marci,
1809 1377 2067 1445 Victoris,

473 1481 702 1548 Felicis,
729 1490 784 1536 et
816 1478 1027 1547 Misini,
1075 1477 1287 1545 Fausti,
1316 1472 1575 1544 Crispini.
1629 1471 1687 1527 In
1739 1470 2025 1527 Antiochia
2052 1514 2066 1537 ,

472 1574 700 1641 Basilii,
728 1582 785 1630 et
817 1570 1093 1644 Dionysii,
1128 1569 1382 1626 Rusticii.
1409 1566 1669 1624 Taurinis
1704 1565 1927 1622 civitate
1961 1563 2069 1621 0c-

474 1669 611 1734 tavi,
645 1666 938 1730 Solutoris,
974 1663 1325 1732 Adventoris,
1358 1670 1414 1717 et
1450 1660 1652 1732 Agapte
1671 1656 1924 1731 virginis,
1967 1656 2069 1713 Ba-

475 1762 646 1830 sillei,
682 1758 963 1818 Saturnini
992 1800 1007 1825 ,
1050 1758 1313 1822 Emeriti,
1342 1755 1605 1813 Secundi.

557 1870 613 1910 ιιι
644 1854 751 1910 kat.
797 1851 1040 1909 Decemb.
1072 1850 1401 1917 Antiochia,
1445 1849 1645 1905 Basilei
1672 1889 1687 1914 ,
1733 1856 1790 1903 et
1828 1847 2071 1914 Auxilii,

471 1948 787 2017 Saturnini,
821 1947 1091 2017 Zeppheri
1115 1988 1131 2014 ,
1158 1956 1213 2002 et
1237 1945 1525 2010 Matronze,
1557 1943 1833 2007 Basiliete,
1858 1941 2035 1996 Carali
2054 1982 2070 2007 ,

472 2039 754 2109 Eutichis,
801 2038 1173 2104 Calendionis,
1208 2036 1491 2106 Eveipisti.
1524 2034 1749 2101 Romae,
1783 2034 1979 2089 natalis
2007 2033 2065 2091 8.

470 2132 771 2189 Clementis
800 2131 1157 2188 confessoris.
1192 2129 1247 2185 in
1271 2131 1492 2186 civitate
1522 2130 1704 2185 Austis
1724 2175 1737 2197 ,
1770 2127 2067 2192 Demetrii,

474 2226 730 2293 ilonorii,
765 2223 1013 2291 Maximi,
1046 2222 1365 2292 Quintiani,
1396 2222 1599 2279 Sisinni
1624 2263 1639 2289 ,
1689 2222 1831 2277 Stasi
1854 2264 1867 2288 ,
1907 2221 2066 2289 Tuti,

472 2316 735 2388 Stephani
761 2356 777 2385 ,
809 2316 941 2372 Pion
967 2354 984 2383 ,
1014 2313 1253 2371 Heraciii
1278 2356 1295 2381 ,
1328 2312 1664 2380 Macedonii,
1694 2311 1849 2381 Veri,
1883 2311 2064 2368 Theo-

473 2409 715 2557 dmlesal.
770 2497 1013 2554 Decemb.
1069 2497 1296 2567 Romm,
1324 2496 1560 2553 Caecilia:
1602 2498 1859 2568 virginis,
1902 2495 2065 2553 Vale-

470 2593 611 2652 riani
634 2634 650 2660 ,
679 2591 913 2648 Tiburtii
938 2633 954 2660 ,
1003 2590 1248 2647 Maximi.
1282 2591 1646 2662 Alexandria,
1699 2589 1929 2656 Felicis,
1963 2592 2068 2647 De-

470 2687 675 2755 metrii,
709 2684 852 2741 Zeti.
886 2685 951 2742 Et
982 2683 1039 2741 in
1070 2684 1253 2741 Africa
1280 2727 1295 2753 ,
1325 2685 1664 2757 Chrysogoni
1690 2727 1705 2749 ,
1749 2687 1886 2743 Cleti
1913 2732 1927 2757 ,
1962 2687 2064 2744 Ve-

468 2782 699 2839 rociani.
733 2781 896 2847 item,
922 2780 1203 2838 Demetrii.
1232 2781 1364 2836 item
1383 2822 1399 2849 ,
1432 2780 1573 2835 Zeti.
1603 2781 1659 2835 in
1686 2780 2025 2851 Cappadocia
2046 2823 2061 2849 ,

468 2875 739 2947 Longini,
774 2874 988 2930 Euthici
1014 2915 1031 2942 ,
1059 2872 1293 2943 Leonti,
1322 2883 1379 2930 et
1412 2872 1774 2930 Faustiniani.
1807 2874 2057 2946 Augusti-

470 2972 632 3035 duno,
667 2969 938 3041 Pragmati
965 2970 1215 3041 episwpi.

540 3078 593 3118 tx
624 3061 728 3117 kal.
760 3060 1002 3117 Decemb.
1038 3062 1245 3127 Romae,
1290 3061 1507 3118 Maximi
1533 3103 1548 3127 ,
1600 3062 1792 3118 natalis
1839 3062 1899 3119 8.
1942 3062 2061 3119 Cle-

2177 450 2411 521 peccasi,
2440 449 2716 519 Eucherii,
2752 450 2997 522 Eusebii,
3026 452 3178 511 Julii.

2244 543 2434 599 tttkal.
2464 544 2679 600 Decem.
2718 546 2926 616 Romae,
2955 542 3240 619 Arosonis,
3274 546 3555 626 Saturnini,
3577 550 3721 631 Clay.

2174 638 2383 704 santhi,
2418 638 2594 695 Darite
2620 682 2634 707 ,
2666 641 2877 709 Mauri,
2908 653 2962 699 et
2984 643 3220 699 aliorum
3255 646 3573 718 septuaginta
3604 648 3720 707 duo-

2174 746 2313 786 rum.
2346 730 2402 786 in
2434 730 2611 787 Gallia
2635 774 2650 799 ,
2685 734 2905 791 civitate
2948 732 3147 792 Tolosa
3174 778 3189 805 ,
3242 738 3429 797 natalis
3480 738 3720 799 Saturnini

2175 825 2413 895 episcopi
2440 836 2493 881 et
2523 827 2799 899 martyris.

2250 918 2435 975 Pridie
2462 918 2569 975 Ital.
2598 921 2799 977 Decem.
2837 920 2898 977 in
2948 919 3233 978 Pr0vincia
3260 922 3455 981 Achaia
3475 972 3488 996 ,
3517 926 3720 988 civitate.

2174 1012 2389 1078 Patras,
2420 1014 2619 1070 natalis
2652 1014 2711 1070 S.
2735 1014 2967 1071 Androm
3018 1017 3249 1086 apostoli
3290 1026 3342 1072 et
3372 1020 3628 1091 martyris.
3675 1024 3722 1080 In

2174 1104 2509 1171 Nicomedia,
2541 1119 2849 1162 sanctorum
2872 1108 3143 1178 Curionis,
3174 1109 3403 1167 Tironis.
3438 1111 3502 1167 Et
3543 1114 3591 1170 in
3619 1116 3715 1172 An-

2178 1196 2375 1251 tiochia
2405 1242 2418 1267 ,
2470 1198 2726 1268 Domini,
2763 1200 3006 1255 Meroian.
3042 1201 3100 1257 ln
3153 1202 3456 1259 Mediolano
3480 1247 3495 1272 ,
3534 1206 3587 1263 S.
3616 1212 3727 1265 Am-

2174 1286 2345 1343 brosii
2389 1290 2635 1357 episcopi
2682 1288 2752 1343 de
2804 1291 3155 1360 perceptione
3205 1290 3472 1362 baptismi.
3532 1294 3724 1367 Romae,

2173 1381 2348 1436 sancti
2377 1380 2583 1435 Castuli
2603 1422 2620 1447 ,
2658 1391 2712 1435 et
2744 1380 3097 1452 Enprepetis,
3131 1381 3408 1440 Saturnini
3431 1383 3724 1459 Chrysanti,

2174 1482 2227 1527 et
2257 1470 2447 1541 Mauri,
2478 1472 2717 1543 Centuli,
2744 1471 3035 1542 Theodoti,
3058 1484 3114 1531 et
3143 1470 3407 1533 Januarii.

2623 1606 2876 1666 ΜΕΝὸιὸ
2919 1607 3315 1666 DECEMBER.

2713 1722 2887 1779 Habet
2921 1724 3040 1781 dies
3072 1738 3224 1780 xxxt.

2251 1831 2378 1888 Kal.
2406 1832 2724 1890 Decembris.
2757 1834 2966 1891 Litania
2993 1832 3527 1907 indicenda.Rom:e,
3556 1846 3730 1895 sanctae

2176 1927 2471 1993 Candidtc,
2502 1926 2735 1984 Atnboni
2758 1971 2773 1997 ,
2803 1927 2987 1995 Fiiati,
3024 1930 3196 1996 Lucii,
3232 1927 3509 1999 Matronae,
3537 1928 3728 1986 Justini.

2175 2020 2232 2077 In
2256 2020 2460 2089 Africa,
2518 2021 2716 2077 Victori
2745 2063 2763 2089 ,
2823 2020 3014 2094 Rogati
3045 2066 3060 2091 ,
3091 2022 3373 2077 Mammari
3400 2063 3415 2086 ,
3444 2022 3699 2093 Alequata:
3718 2064 3731 2089 ,

2173 2113 2473 2179 Quintasim
2498 2156 2512 2182 ,
2545 2124 2601 2170 et
2629 2116 2827 2171 natalis
2857 2116 3032 2171 sancti
3057 2114 3310 2171 Cassiani
3337 2158 3351 2182 ,
3394 2114 3695 2186 Klenpimini
3717 2158 3731 2183 ,

2173 2208 2405 2275 Donati,
2464 2208 2785 2277 Saturnini,
2838 2210 3153 2277 Fortunati,
3184 2208 3444 2277 Luciani,
3475 2222 3527 2266 et
3556 2208 3731 2281 Optati.

2172 2301 2239 2357 In
2272 2299 2487 2371 Gallia,
2540 2302 2747 2358 civitate
2793 2302 3083 2375 Noviomo,
3126 2302 3190 2360 S.
3234 2302 3400 2377 Eligii
3442 2302 3657 2375 episcopi
3695 2312 3734 2357 et

2169 2400 2497 2470 confessoris.

2241 2509 2295 2551 tv
2318 2510 2441 2548 non.
2471 2492 2712 2548 Decemb.
2747 2490 2955 2555 Romaa,
2986 2490 3185 2546 natalis
3216 2491 3280 2548 S.
3310 2491 3587 2563 Primenti,
3613 2489 3735 2547 Pon-

2169 2592 2301 2648 tiani
2331 2636 2345 2660 ,
2378 2590 2573 2645 Pimini
2600 2634 2615 2659 ,
2664 2587 2975 2644 Juveniani.
3024 2588 3080 2644 In
3114 2588 3442 2647 Mauritania
3468 2633 3483 2659 ,
3528 2590 3730 2656 Severi,

2168 2687 2387 2751 Securi,
2431 2685 2709 2752 Januarii,
2753 2684 3058 2752 Victorini,
3116 2683 3448 2753 Fortunati,
3500 2684 3733 2758 Meggini,

2167 2778 2449 2835 Debbuchi
2477 2818 2495 2847 ,
2548 2778 2852 2843 Victurini,
2882 2777 3167 2846 Ciemeni,
3222 2778 3522 2847 Pontiani,
3568 2778 3741 2835 Candi-

2163 2873 2282 2942 (ιω,
2311 2872 2642 2928 Matntnarim
2666 2918 2679 2942 ,
2714 2872 2965 2943 Agnetis,
2997 2874 3257 2940 Donataa,
3316 2873 3543 2939 Primae,
3576 2872 3737 2927 Victu-

2164 2970 2294 3041 τίω,
2324 2969 2626 3037 Secundze,
2674 2966 2953 3041 Septimia:
2975 3011 2991 3037 ,
3028 2968 3283 3026 Maxima:
3304 3011 3321 3038 ,
3368 2969 3585 3026 Donata:
3608 3011 3621 3036 ,
3652 2965 3737 3025 Sa-

2166 3065 2421 3121 turninze.

470 3156 671 3213 mentis
696 3154 936 3226 episcopi
977 3163 1033 3210 et
1077 3156 1331 3227 martyris
1354 3194 1370 3221 ,
1404 3154 1746 3227 Chrysogoni
1774 3201 1788 3225 ,
1831 3155 1889 3211 S.
1921 3156 2066 3211 Feli-
2094 3140 2141 3205 C
2242 3172 2300 3212 ιιι
2344 3173 2468 3211 ηοη.
2502 3155 2743 3210 Decemb.
2776 3152 2834 3209 in
2865 3154 3109 3225 Oriente,
3159 3154 3432 3222 Merohii,
3486 3151 3735 3219 Claudici,

468 3249 683 3314 citatis,
725 3247 964 3303 Maximi.
1007 3247 1075 3302 Et
1113 3247 1382 3315 Cedecas,
1414 3248 1470 3304 8.
1506 3248 1669 3304 Marci
1701 3250 1960 3320 episcopi.
2008 3251 2062 3305 in

467 3340 703 3399 Caesaria
770 3340 1168 3414 Cappadociae,
1222 3342 1553 3411 Verociani,
1613 3355 1669 3399 et
1722 3344 1947 3400 Euticis.
2007 3343 2062 3399 in

467 3434 841 3502 Alexandria,
900 3435 1098 3491 natalis
1154 3436 1212 3493 S.
1269 3438 1531 3508 episcopi.
1594 3436 1648 3493 in
1707 3436 1940 3505 Tuscia,
1998 3437 2058 3493 8.

465 3528 763 3596 Musoniae,
818 3527 1047 3597 Felicis,
1095 3528 1322 3599 Vitalis,
1371 3528 1659 3595 Martiani,
1711 3530 2053 3585 Bonifatiani.

465 3622 764 3689 Bituricas,
812 3621 871 3678 8.
906 3621 1087 3677 Fateri
1127 3623 1455 3693 presbyteri.
1506 3620 1574 3676 In
1604 3620 1768 3676 Italia
1794 3664 1810 3687 ,
1858 3639 2063 3677 monas-

466 3719 595 3772 terio
636 3716 830 3787 Bobio,
882 3717 1138 3787 depositio
1180 3718 1349 3771 sancti
1394 3715 1699 3771 Columbani
1740 3718 1958 3772 abbatis.
1994 3717 2061 3773 In

466 3810 642 3868 Gallia
664 3852 680 3880 ,
714 3812 828 3865 vico
854 3810 1136 3883 Sarcingo,
1162 3811 1417 3883 depositio
1446 3813 1608 3865 sancti
1640 3808 1903 3866 Trudonis
1923 3827 2060 3882 pres-

462 3905 628 3978 byteri
653 3914 697 3959 ct
725 3904 1056 3975 confessoris.

535 4012 628 4053 vut
670 3996 776 4052 kal.
808 3996 1020 4052 Decem.
1057 3996 1114 4052 in
1142 3996 1387 4068 Aquileia
1415 3998 1653 4064 civitate,
1687 4000 1861 4054 sancti
1887 3997 2061 4073 Chry-

463 4090 678 4160 sogoni,
715 4088 1017 4156 Eleutheri,
1043 4099 1097 4147 et
1120 4090 1357 4145 Maximi.
1385 4090 1454 4146 Et
1479 4091 1534 4147 in
1560 4091 1760 4162 oppido
1789 4093 2055 4159 ejusdem,

462 4181 757 4237 Antiroditi
781 4181 1043 4254 episeopi.
1076 4181 1137 4238 in
1163 4181 1365 4250 Africa,
1390 4184 1694 4251 Mammeri,
1717 4186 1917 4249 Saturi,
1950 4186 2057 4242 Ro-

460 4276 596 4346 gati,
626 4274 854 4342 Donati,
884 4285 939 4332 et
968 4276 1200 4332 aliorum
1230 4276 1440 4349 viginti.
1473 4275 1531 4332 In
1561 4278 1785 4335 Pertisia
1823 4279 2053 4347 Tusciae,

459 4368 523 4427 S.
552 4366 899 4424 Felicissimi.

2169 3248 2390 3305 Felicis.
2447 3248 2503 3304 In
2562 3247 2920 3314 Nicomedia,
2981 3247 3236 3305 Umbuci.
3301 3247 3475 3316 Item,
3529 3244 3735 3308 Felicis,

2170 3342 2429 3399 Victorici
2455 3387 2470 3411 ,
2519 3341 2670 3397 Julii.
2724 3341 2780 3396 in
2809 3341 3010 3411 Africa,
3043 3341 3312 3413 Crispini,
3346 3340 3574 3413 Magnae,
3600 3338 3741 3395 Joan-

2168 3436 2277 3500 nis,
2325 3435 2613 3506 Stephani,
2650 3434 2910 3503 Victoris,
2942 3432 3182 3501 Martini,
3224 3433 3536 3491 Saviniani.
3568 3430 3619 3487 in
3648 3428 3739 3486 Bo-

2167 3527 2329 3584 nonia
2356 3570 2370 3595 ,
2398 3535 2601 3584 sancta:
2629 3526 2934 3600 Agriculae,
2965 3538 3021 3585 ct
3059 3527 3260 3601 Intingi
3288 3576 3303 3601 ,
3334 3526 3613 3597 Cassiani,
3636 3522 3740 3582 Cri-

2164 3635 2329 3691 sptnt.

2236 3728 2273 3767 tt
2297 3728 2419 3767 non.
2444 3711 2573 3768 Dec.
2607 3711 2892 3779 Heraclea,
2916 3711 3233 3782 Christiani,
3263 3711 3521 3781 Pudenti,
3548 3707 3738 3782 Migini,

2164 3803 2396 3861 Victuri.
2431 3806 2499 3861 Et
2532 3807 2584 3861 in
2613 3803 2871 3863 Laodicia
2903 3806 3214 3877 Metropoli,
3246 3804 3483 3876 Felicis,
3515 3801 3738 3867 Merobii,

2162 3896 2375 3967 Faladi,
2405 3896 2660 3955 Umbuni.

2236 3992 2381 4048 Non.
2438 3990 2565 4047 Dec.
2621 3990 2829 4049 Natalis
2859 3992 2917 4050 8.
2961 3992 3220 4065 CriSpiui.
3280 3992 3342 4049 In
3389 3992 3604 4057 Africa,
3643 3987 3739 4044 Hu-

2162 4086 2320 4153 mili,
2382 4085 2584 4142 Felicis
2611 4128 2627 4154 ,
2680 4085 2859 4155 Julii,
2918 4086 3207 4144 Patomiae.
3246 4088 3385 4144 Item
3416 4130 3435 4155 ,
3484 4079 3741 4155 CriSpini,

2164 4179 2379 4236 lleracli
2408 4221 2423 4247 ,
2472 4179 2691 4251 Missae,
2748 4180 3021 4250 Victoris,
3073 4180 3373 4252 Trophimi
3404 4221 3419 4246 ,
3467 4176 3742 4246 Eucarpio-

2160 4275 2255 4344 ni,
2332 4285 2385 4330 et
2447 4274 2681 4330 aliorum
2753 4289 2995 4344 novem,
3063 4274 3409 4331 Sanctorum
3471 4269 3730 4335 Candori,

2159 4367 2481 4423 Nanfamoni
2511 4410 2527 4434 ,
2582 4369 2781 4434 Pauli,
2840 4368 3032 4436 Marci,
3083 4368 3275 4437 Jussi,
3335 4370 3578 4433 Privati,
3628 4361 3739 4418 Ful-

530 4475 606 4517 vn
632 4461 737 4517 kal.
766 4460 973 4519 Decem.
1011 4464 1263 4533 Luciani,
1298 4424 1576 4533 Martiani,
1610 4464 1916 4537 Claudiani,
1949 4466 2056 4540 Cy-
2089 4536 2118 4540 _
2160 4462 2331 4532 gentii
2374 4502 2390 4529 ,
2420 4424 2685 4517 Malrona:
2708 4502 2723 4529 ,
2767 4424 3097 4529 Feladi,'S.
3145 4424 3467 4533 Mariae,S.
3498 4424 3735 4521 Albani”.

428 4598 431 4607 ,
458 4554 658 4625 priani,
690 4556 979 4623 Martialis,
1003 4556 1177 4624 Petri,
1200 4557 1418 4627 Felicis,
1446 4559 1658 4629 Vitalis,
1682 4561 1902 4633 Juliani,
1930 4536 2053 4618 Vic-
2080 4536 2135 4599 D
2158 4555 2422 4625 episc0pi.

459 4647 614 4715 toris,
640 4646 911 4717 Januarii,
946 4648 1181 4716 Donati,
1221 4650 1483 4719 Quiriaci.

528 4757 581 4795 vi
611 4740 717 4795 kat.
742 4739 951 4795 Decem.
970 4741 1157 4798 Romae
1176 4786 1190 4810 ,
1223 4755 1534 4800 sanctorum
1560 4745 1743 4803 Siricii
1771 4748 2046 4821 episcopi,

460 4841 517 4891 et
545 4833 845 4890 Saturnini.
874 4834 929 4889 in
957 4836 1196 4905 Aquileia
1219 4878 1232 4902 ,
1259 4836 1534 4893 Valeriani
1563 4840 1802 4911 episcopi
1834 4851 1889 4897 et
1916 4858 2049 4899 con-

454 4926 717 4993 fessoris,
764 4926 1078 4993 Ammonii,
1121 4926 1308 4983 Sereni
1335 4970 1351 4996 ,
1387 4931 1660 4988 iiomanm.
1711 4935 1767 4991 in
1800 4936 2045 4991 Alexan-

453 5017 597 5083 dria,
631 5018 797 5074 Petri.
833 5019 889 5073 in
921 5017 1138 5083 Africa,
1169 5019 1373 5091 Monte,
1403 5023 1575 5080 Meiisi
1602 5066 1615 5089 ,
1656 5026 1892 5096 Berinte,
1919 5027 2045 5085 Vic-

451 5112 685 5177 torinae,
733 5121 787 5169 et
837 5111 1161 5168 Marcellini.
1215 5112 1631 5191 Augustiduno,
1665 5119 1936 5191 depositio
1984 5122 2042 5179 S.

449 5206 730 5262 Amatoris
769 5207 1031 5277 episcopi.

519 5314 552 5354 v
579 5298 684 5353 kal.
716 5298 928 5355 Decem.
956 5301 1011 5354 In
1041 5298 1387 5366 Nicomedia,
1422 5302 1693 5369 Marcelli,
1724 5303 1905 5370 Petri,
1936 5304 2043 5360 Nu-

448 5390 610 5457 meri,
646 5389 837 5445 Sereni
860 5436 873 5459 ,
910 5391 1108 5459 Melisi,
1148 5390 1427 5447 Victorini.
1484 5392 1539 5447 in
1571 5393 1741 5449 Gallia
1764 5438 1778 5462 ,
1824 5396 2042 5453 civitate

448 5483 722 5550 Bononia,
747 5482 1053 5554 Agriculm,
1091 5495 1147 5540 et
1178 5484 1393 5551 Vitaiis,
1426 5485 1634 5557 Magni,
1667 5486 1815 5544 Julii.
1846 5489 1900 5545 In
1930 5490 2039 5544 Me-

445 5576 665 5632 diolano
691 5618 705 5642 ,
751 5575 947 5642 Luem,
983 5576 1248 5645 Andreae,
1280 5576 1527 5643 Joannis,
1558 5578 1782 5647 Severi,
1826 5581 2042 5650 Euphe-

444 5671 587 5726 mim.
645 5668 703 5725 in
755 5670 978 5727 civitate
1033 5667 1288 5743 Regiensi
1322 5712 1337 5739 ,
1391 5670 1661 5743 depositio
1705 5671 1766 5729 8.
1822 5674 2036 5731 Maximi

440 5775 701 5836 episcopi.

2229 4666 2325 4705 vnt
2355 4649 2473 4706 idus
2496 4649 2625 4706 Dec.
2658 4649 2715 4705 In
2745 4649 2932 4707 Africa
2958 4694 2975 4720 ,
3002 4650 3215 4723 Zeloti,
3248 4650 3581 4718 Fortunati,
3623 4642 3735 4708 Gai.

2155 4742 2515 4814 Hermogenis
2538 4754 2592 4799 et
2616 4743 2922 4817 Rogatiani.

2226 4853 2303 4893 vtt
2333 4839 2451 4891 idus
2476 4837 2600 4893 Dec.
2633 4838 2920 4892 Antiochia
2949 4879 2962 4902 ,
2993 4837 3291 4910 Polycarpi
3317 4881 3333 4906 ,
3364 4833 3666 4897 Theodori,
3690 4836 3735 4885 et

2155 4930 2359 5000 Sapici,
2392 4929 2664 4996 Severini,
2699 4930 3344 5001 Secundini,Victorini,
3374 4928 3674 4991 Clementis,
3690 4932 3734 4977 ct

2155 5024 2371 5080 Primae.
2393 5022 2578 5078 Passio
2608 5023 2665 5078 8.
2686 5023 2872 5079 Savini
2904 5025 3171 5093 episcopi.

2228 5132 2283 5172 Vl
2310 5117 2431 5171 idus
2463 5115 2589 5170 Dec.
2626 5116 2851 5173 Eusebii
2875 5118 3135 5189 episcopi,
3162 5116 3385 5176 Usanni
3435 5108 3729 5187 presbyteri,

2154 5210 2410 5267 Successi
2442 5210 2706 5280 episcopi.

2223 5320 2257 5357 ν
2286 5305 2402 5359 idus
2434 5303 2555 5357 Dec.
2611 5304 2669 5358 in
2702 5302 2885 5362 Africa
2924 5345 2939 5371 ,
2974 5304 3125 5362 Petri
3152 5345 3169 5372 ,
3228 5302 3518 5369 Successi,
3548 5294 3727 5357 Basini.

2155 5396 2409 5465 Victoris,
2441 5396 2659 5463 Tonini,
2690 5397 2997 5470 Porphyrii,
3029 5398 3262 5465 Urbani,
3315 5388 3729 5465 Januaritehﬂn-

2154 5488 2287 5556 lani,
2312 5487 2583 5544 Poscenti.
2618 5487 2760 5544 item
2806 5490 3030 5557 Urbani,
3061 5489 3371 5557 Januariae,
3407 5486 3615 5552 Maiani,
3643 5483 3728 5538 Pa-

2148 5585 2345 5640 scenti.
2388 5583 2523 5638 item
2567 5583 2797 5650 Urbani,
2853 5585 3141 5652 Bonifacii,
3200 5596 3255 5642 et
3300 5585 3535 5642 aliorum
3561 5574 3725 5649 viginti

2146 5680 2333 5732 trium.
2396 5678 2451 5732 In
2510 5678 2833 5746 Antiochia,
2879 5678 3133 5746 Geronti,
3187 5679 3475 5745 Polintiaz,
3512 5668 3724 5733 Silvani.

2142 5769 2444 5840 Valentite,
2476 5769 2821 5837 Valentiam,
2874 5770 3084 5837 Mariae,
3138 5770 3408 5841 Donata,
3465 5763 3722 5828 Victuriwi
