3918 6294
453 245 560 308 487

1496 238 1557 299 S.
1597 230 1979 297 HIERONYMI
2017 228 2307 293 OPERUM
2345 231 2715 298 MANTISSA.
3583 240 3667 307 488

455 366 673 443 familia:
710 357 1443 443 accen_suimus._Aecepimus
1462 358 1638 443 imque
1658 356 1932 427 epistolam
1959 354 2028 407 ad
2052 353 2573 443 Constanti/uiriznqua
2598 357 2724 428 ipsa:
2749 353 2904 411 etiam
2933 352 3150 413 Comitis
3189 355 3421 416 editiones
3442 376 3583 419 omnes
3603 383 3672 419 ca-

454 424 661 505 rebant,
690 454 755 492 ex
777 436 1064 509 Spicilegio
1091 433 1152 488 Β.
1198 424 1640 509 LuemBacherii
1679 424 1832 509 tome
1862 442 1959 481 xm
1987 426 2075 509 qui
2108 441 2229 481 eam
2250 442 2293 509 .a
2322 424 2625 509 Chittletio,
2651 436 2708 481 ut
2730 427 2932 485 dudum
2980 432 3281 509 innuimus,
3304 444 3569 509 acceperat.
3597 437 3670 492 Li-

458 515 613 568 brum
641 497 831 564 autem'
855 497 1050 576 ipsum,
1091 514 1147 558 ut
1176 501 1307 576 nihil
1330 502 1734 576 dissimulentus,
1767 500 1857 576 diu
1890 498 2216 576 titullumque
2245 498 2429 576 incerti
2458 497 2721 564 luesimus,
2756 516 2817 554 ea:
2845 517 2946 571 quo
2996 502 3281 567 exemplari
3310 497 3674 572 describerentur;

455 583 588 639 illud
615 583 749 635 enim
777 550 915 649 quo?!
946 574 1365 645 Hieronymianis
1393 573 1709 649 tentpmjbus
1736 571 2015 649 obtinebat,
2049 567 2413 649 aliissiibiude
2430 581 2585 640 atque
2605 572 2728 624 aliis
2754 550 3242 640 inteipolationi'lius
3266 550 3673 633 audituri-rivulum;

461 667 588 726 puto
620 651 726 726 fere
751 639 1007 726 molemet
1032 639 1255 726 [omium
1286 639 1549 726 excrevil._
1570 642 1711 697 Olim
1739 641 2117 726 entendavi'tﬁex
2143 639 2319 726 Caroli
2356 639 2538 726 Magni
2566 652 2826 725 prwcepto
2850 639 3325 726 Peniusndiacouus
3359 646 3675 714 Aquileiensis:

456 690 881 782 ῧιῗίιυᾸιεῆιιίηυε
910 690 1143 789 ejusdem
1175 690 1505 789 imperatoris
1990 690 2696 789 beatius—ltus

459 796 692 853 uaceusis
713 791 874 846 eodem
900 782 1195 845 a'sseruatur
1221 782 1318 842 hoc
1344 787 1492 841 titulo
1523 782 1619 841 Eln
1648 784 1851 839 Christi
1878 782 2102 838 nomine
2130 783 2255 836 anni
2278 782 2465 837 circuli
2491 782 2629 839 liber
2656 782 2881 839 Comitis
2910 786 3116 854 incipit,
3144 797 3331 842 auctus
3353 803 3379 841 a
3400 787 3681 845 Theatincbo

457 869 677 937 indigno
713 865 1050 934 presbytero,
1082 871 1271 930 rogatu
1302 857 1408 937 viri
1451 855 1779 912 venerabilis
1809 853 2101 937 liechiardi
2131 854 2345 937 comitis
2390 855 2798 936 Ambianensis,
2831 856 2900 910 ita
2931 853 3131 922 tamen,
3162 866 3225 912 ut.
3253 866 3423 914 sancta
3450 858 3683 931 Evangeli-

456 926 660 995 starum
692 926 1113 999 dictafnecnon
1152 926 1552 1000 apostolorum,
1592 937 1647 984 et
1673 929 2105 1000 prophetarum,
2146 926 2402 1000 immota,
2446 926 2980 1000 atqueuinconcussa
3025 941 3389 984 servarentur.
3430 930 3547 985 Sunt
3577 926 3682 986 adeo

455 1012 609 1065 etiam
639 1010 695 1061 in
723 995 945 1075 vulgetis
976 1004 1125 1057 libris
1155 995 1256 1056 tres
1283 995 1714 1075 ejusdentoperis
1741 995 1992 1075 editiones
2033 1012 2218 1075 parum
2256 996 2391 1049 inter
2413 1011 2480 1075 se
2518 995 2712 1051 similes
2737 1012 2996 1066 :quarum

3040 1000 3210 1071 prima
3239 999 3448 1056 Pamelii
3484 1012 3547 1056 est
3577 1013 3685 1056 tonio

454 1080 680 1137 secundo
712 1064 1095 1157 Liturgiarum,
1128 1064 1529 1157 niteria'lialuzii
1552 1064 1772 1157 inralce
1800 1064 2167 1139 capitularium
2190 1082 2369 1137 regum
2398 1064 2748 1157 Francorum,
2780 1064 2931 1123 tertia
2954 1070 3007 1124 in
3037 1064 3273 1141 antiquis
3294 1072 3433 1127 libris
3453 1073 3684 1129 Missurum

454 1170 582 1235 ven.-
602 1148 750 1205 card.
800 1136 1092 1235 T'lt'oi‘nasii.’
1123 1136 1908 1235 Nobis.guartd’gquitleiit‘uetus
1939 1154 2318 1235 get'ritant‘isquc
2345 1136 2660 1209 archetypas
2704 1139 2848 1194 haud
2877 1151 3134 1210 superest,
3171 1136 3329 1197 editio
3357 1140 3559 1210 Balnzii,
3597 1160 3685 1213 qua:

1048 1233 1170 1235 ,μακμ
1215 1232 1257 1235 __
1280 1234 1285 1235 ,
1309 1230 1377 1235 .-Α
1416 1222 1454 1235 -ι
1539 1220 1789 1235 Ι.--ι---Α--
1829 1226 2123 1235 ..Α-,...ι..ιι..ιι
2194 1210 2408 1235 Λημέμιι-
2438 1218 2508 1235 -..ο
2573 1212 2683 1235 μζ..-
2719 1219 2787 1235 Α-.
2828 1212 2974 1235 -.ἕ-η-
3017 1222 3191 1235 _-._.-n_
3224 1214 3410 1235 -_l___:-..
3452 1217 3516 1235 ΒΑ..
3560 1223 3590 1235 ,Α
3621 1230 3669 1235 -.-

454 1226 699 1279 nimirum
729 1237 791 1275 ex
818 1216 1176 1271 Bellovacensi
1205 1210 1379 1271 codice
1407 1222 1454 1268 et
1487 1210 1792 1268 Tlteotinchi
1828 1210 2123 1265 recensione
2147 1210 2409 1281 descripta
2432 1218 2530 1276 est,
2573 1212 2684 1265 uisa
2714 1219 2788 1265 est
2821 1212 2976 1266 etiam
3016 1222 3193 1285 utpote
3220 1214 3430 1285 plenior,
3451 1217 3517 1268 ita
3550 1223 3591 1269 et
3609 1210 3689 1270 re.

458 1296 582 1351 teris
615 1290 962 1365 prwferenda.

457 1398 3675 1437 *Μ

1351 1496 1425 1557 In
1460 1494 1721 1556 nomine
1748 1496 1984 1556 sancta:
2015 1493 2078 1554 et
2106 1490 2453 1556 iudividum
2481 1489 2816 1559 Trinitatis
2837 1521 2878 1574 ,-

645 1643 1078 1721 INCIPIT
1138 1636 1667 1717 EPISTOLA
1722 1635 1809 1711 S.
1865 1634 2508 1708 HIERONYMI
2563 1635 2712 1708 AD
2768 1634 3550 1715 CONSTANTIUM.

1221 1771 1559 1827 PREFATIO
1580 1769 1750 1823 LIBRI
1783 1766 2157 1830 SEQUENTIS,
2182 1765 2294 1827 QUI
2318 1766 2523 1820 COMES
2546 1768 2989 1823 APPELLATUR.

529 1994 868 2065 Quamquam
908 1989 1135 2046 licenter
1164 1994 1477 2043 assumatur
1519 1984 1574 2039 in
1616 1996 1784 2053 Opere
1827 1995 2057 2051 congre-
2083 1983 2136 2043 Α
2162 1987 2223 2035 ut
2244 1995 2312 2036 ex
2340 1989 2487 2038 tanta
2513 1982 2823 2039 divinorum
2850 1982 3113 2041 librorum
3151 1984 3327 2058 copia,
3354 1986 3562 2059 singulis
3585 1987 3702 2044 testi-

459 2090 608 2161 gatio
628 2088 931 2144 cmlestium
959 2084 1283 2148 lectionum,
1317 2088 1375 2135 et
1415 2080 1595 2151 ipsum
1632 2075 1959 2147 opusculum
1993 2071 2061 2128 ab

458 2179 845 2239 ecclesiasticis
871 2177 1023 2241 viris,
1062 2174 1260 2230 Comes
1289 2170 1511 2243 quidem
1539 2168 1715 2224 soleat
1749 2164 2015 2237 appellari
2046 2182 2061 2219 :

458 2273 600 2346 quod
642 2271 857 2327 duobus
900 2268 1078 2324 modis
1110 2265 1229 2321 ﬁeri
1266 2263 1524 2331 arbitror,
1565 2270 1659 2315 aut
1689 2274 1786 2331 pro
1831 2270 2063 2314 consue-

460 2368 648 2423 tudine
690 2362 1113 2433 uniuscujusque
1153 2359 1414 2415 Ecclesiae
1461 2354 1793 2427 (secundum
1825 2350 1972 2425 quod
2009 2358 2066 2408 et

460 2459 676 2514 varium
708 2458 812 2512 hoc
860 2454 1039 2526 ipsum
1087 2450 1469 2521 descriptionis
1508 2465 1680 2521 genus
1710 2462 1832 2504 esse
1872 2447 2065 2517 digno-

461 2550 696 2621 scitur),
726 2558 821 2604 aut
868 2556 1019 2603 certe
1060 2561 1160 2618 pro
1209 2545 1491 2599 voluntate
1536 2542 1763 2597 studiosi
1819 2538 2063 2607 lectoris,

465 2644 665 2717 qui(si
708 2643 826 2699 ﬁeri
866 2642 1069 2712 possit)
1112 2638 1377 2711 quidquid
1422 2638 1479 2692 in
1520 2636 1820 2706 Scripturis
1866 2634 2067 2690 divinis

467 2737 791 2795 mirabiliter
822 2735 1021 2805 fulget,
1055 2731 1316 2805 quidquid
1360 2731 1415 2787 in
1447 2729 1733 2801 praeceptis
1764 2725 2066 2782 moralibus

466 2835 748 2903 cupiosum
772 2840 877 2899 est,
911 2839 1082 2886 totum
1115 2843 1281 2899 parvo
1310 2828 1361 2882 in
1389 2840 1625 2897 corpore
1648 2824 1943 2879 adunatum
1965 2821 2066 2876 de-

468 2929 676 2983 siderat
704 2927 928 2992 habere,
955 2922 1290 2995 paupertatis
1317 2919 1640 2975 necessitate
1668 2932 1682 2973 :
1716 2916 1829 2987 Ego
1860 2924 2062 2983 tamen,

463 3023 691 3094 juvante
717 3019 961 3087 Christo,
994 3015 1210 3087 ingenio
1232 3028 1339 3085 quo
1373 3010 1549 3083 potui,
1576 3020 1632 3066 et
1653 3009 1887 3065 maxime
1908 3021 2068 3061 occa-

467 3118 625 3175 sione
653 3115 859 3179 oblata,
894 3127 1001 3183 qua
1044 3110 1098 3165 id
1137 3125 1165 3163 a
1198 3123 1285 3164 me
1326 3107 1443 3163 ﬁeri
1490 3104 1730 3170 voluisﬁ,
1780 3102 2067 3159 Constanti

468 3212 604 3268 mihi
637 3206 962 3266 venerabilis
997 3204 1185 3271 frater,
1226 3202 1299 3259 ita
1337 3201 1443 3257 hoc
1472 3214 1612 3269 opus
1643 3197 1747 3253 etsi
1778 3198 1956 3251 minus
1986 3197 2067 3251 in-

471 3309 713 3359 structus
744 3296 1032 3368 assumpsi,
1066 3305 1125 3351 ut
1151 3304 1302 3349 tanta
1333 3300 1725 3359 excerptorum
1753 3287 2066 3358 intelligen-

2167 2074 2429 2131 vitatibus
2466 2076 2610 2147 quod
2643 2086 2827 2149 aptum
2876 2092 2945 2133 ex
2991 2077 3076 2133 bis
3099 2079 3184 2134 vel
3231 2089 3532 2151 competens
3557 2087 3700 2149 esset,

2168 2180 2553 2239 excerperem,
2595 2179 2650 2226 et
2675 2170 2914 2242 quodam
2945 2170 3111 2227 modo
3151 2171 3550 2231 distinctissime
3574 2174 3707 2230 collo-

2168 2274 2374 2316 carem.

2239 2355 2509 2428 Incipiens
2535 2358 2720 2429 itaque
2748 2372 2777 2414 a
2814 2358 3106 2416 Nativitate
3134 2358 3361 2429 Christi,
3389 2359 3522 2432 quod
3543 2366 3613 2417 est
3635 2374 3709 2416 vin

2168 2448 2430 2507 kalendas
2456 2452 2765 2519 Januarias,
2799 2453 2854 2508 in
2899 2453 3113 2525 Vigiliis
3156 2453 3224 2510 ad
3253 2453 3455 2509 Nonam
3485 2469 3569 2524 per
3592 2452 3710 2508 ordi-

2170 2559 2319 2611 nem,
2352 2561 2512 2616 quem
2542 2547 2761 2603 assidue
2792 2549 2843 2603 in
2880 2548 3125 2605 Ecclesia
3152 2548 3468 2614 didiceram,
3497 2548 3713 2604 lectiones

2172 2638 2453 2708 utriusque
2501 2638 2837 2695 Testamenti
2863 2640 3207 2710 simplicibus
3240 2640 3546 2697 ministravi.
3575 2639 3712 2696 Porro

2171 2727 2463 2785 editionem
2512 2730 2658 2785 illam
2687 2746 2847 2801 quam
2891 2747 2958 2787 ex
2989 2732 3274 2789 Hebraicis
3299 2732 3636 2789 voluminibus
3666 2730 3708 2786 in

2170 2822 2425 2879 Latinum
2469 2825 2788 2880 translatam
2834 2841 2956 2882 esse
2999 2836 3240 2895 constat,
3284 2826 3337 2883 in
3381 2829 3515 2882 hunc
3555 2826 3715 2897 quippe

2172 2918 2416 2984 modum,
2448 2932 2569 2987 qua:
2588 2919 2674 2973 vel
2703 2918 2967 2988 cujusque
2994 2918 3299 2989 prophetiae
3331 2917 3483 2973 lectio
3502 2915 3717 2990 praesenti

2172 3005 2453 3063 festivitati
2495 3020 2779 3079 congruat,
2826 3010 2954 3080 quid
3002 3010 3234 3081 apostoli
3268 3011 3515 3079 doceant,
3553 3008 3627 3065 vel
3664 3006 3717 3062 ad

2172 3100 2423 3155 eumdem
2451 3100 2662 3156 titulum
2685 3102 2816 3173 quid
2837 3103 3116 3174 Evangelii
3140 3104 3428 3160 annuntiet
3449 3100 3718 3165 auctoritas,

2171 3193 2375 3250 dudum
2401 3205 2646 3251 vertente
2670 3195 2785 3265 jam
2806 3211 2949 3251 anno
2974 3212 3072 3266 per
3093 3212 3289 3253 omnes
3318 3197 3429 3253 dies
3458 3197 3611 3253 festos
3635 3192 3714 3247 Ec-

2172 3289 2351 3344 clesiae
2396 3296 2705 3358 opportune
2734 3290 2929 3345 censui
2973 3292 3152 3346 omnia
3207 3291 3501 3347 secundum
3546 3296 3720 3357 tempus

472 3397 546 3453 tia
573 3402 737 3466 caput
764 3405 1093 3458 causamque
1128 3387 1512 3443 rationabilem
1546 3383 1749 3439 habere
1794 3382 2063 3437 videatur.
2096 3382 2144 3444 B
2172 3395 2294 3437 esse
2331 3381 2577 3450 legenda.
2622 3380 2732 3437 Sed
2761 3381 3023 3437 nonnulla
3053 3382 3157 3437 alia
3186 3381 3555 3438 mdiiicationis
3584 3390 3715 3434 causa

473 3488 609 3545 Nam
640 3501 761 3542 cum
793 3482 971 3541 omnis
999 3479 1276 3551 Scriptura
1302 3478 1560 3534 divinitus
1591 3476 1876 3546 inSpirata,
1908 3482 1968 3529 ut
1993 3475 2068 3529 ait

470 3580 789 3653 Apostolus,
834 3577 979 3632 utilis
1008 3577 1073 3630 sit
1101 3574 1170 3628 ad
1212 3571 1526 3637 docendum,
1578 3569 1647 3623 ad
1686 3568 2065 3632 erudiendum,

468 3674 538 3727 ad
573 3671 871 3744 justitiam;
920 3675 981 3723 ut
1016 3666 1295 3737 perlectus
1333 3666 1410 3718 sit
1451 3662 1615 3717 homo
1655 3661 1750 3715 Dei
1796 3659 1864 3714 ad
1905 3672 2069 3714 omne

468 3781 607 3837 opus
642 3765 847 3821 bonum
878 3761 1216 3824 instructus,
1251 3767 1308 3813 et
1337 3770 1691 3829 quaecumque
1719 3762 1848 3809 sunt
1879 3752 2068 3809 hacte-

470 3872 574 3915 nus
603 3856 827 3925 seripta,
862 3852 928 3908 ad
962 3862 1201 3907 nostram
1240 3850 1548 3906 doctrinam
1590 3848 1793 3919 scripta
1827 3855 1974 3914 sunt,
2007 3854 2069 3901 ut

469 3968 567 4023 per
591 3948 904 4020 patientiam
931 3953 987 4002 et
1013 3944 1446 4001 consolationem
1478 3941 1880 4011 Scripturarum
1910 3954 2064 4009 spem

472 4046 772 4103 habeamus
806 4057 821 4096 :
852 4041 981 4112 quid
1009 4040 1252 4105 brevius,
1286 4038 1415 4110 quid
1448 4036 1633 4093 utilius
1656 4035 1866 4103 censui,
1899 4049 2062 4105 quam

2170 3476 2342 3532 multa
2363 3476 2475 3532 illic
2500 3484 2788 3548 aggregata
2810 3488 2959 3543 sunt,
2985 3486 3147 3550 atque
3172 3480 3291 3535 suis
3315 3474 3721 3550 appellationibus

2171 3568 2401 3634 inserta,
2435 3568 2488 3623 id
2519 3578 2628 3636 est,
2663 3571 2715 3623 in
2739 3571 2917 3640 capite
2944 3570 3381 3642 quadragesimae
3403 3571 3468 3627 de
3488 3568 3722 3625 abstinen-

2171 3660 2241 3713 tia
2268 3675 2515 3715 escarum
2548 3668 2605 3716 et
2632 3660 2962 3729 sobrietate;
3000 3663 3129 3719 item
3159 3662 3215 3718 in
3250 3659 3648 3733 Quadragesima
3668 3654 3721 3711 de

2171 3754 2519 3825 paenitentia,
2558 3753 2626 3809 de
2665 3754 2951 3824 pudicitia,
2978 3754 3047 3812 de
3079 3757 3413 3813 remissione
3454 3751 3722 3811 inimicitia-

2173 3864 2318 3915 rum,
2352 3848 2437 3903 vel
2465 3848 2569 3903 alia
2617 3849 2805 3905 multa.
2834 3849 2961 3905 Haec
2988 3850 3132 3905 enim
3160 3851 3345 3906 omnia
3376 3828 3445 3906 ad
3472 3846 3720 3904 multorum

2172 3940 2423 4011 equidem
2473 3940 2760 3996 utilitatem
2808 3942 3163 4009 petitionibus
3193 3944 3306 4000 tuis
3350 3941 3592 3999 obediens
3616 3935 3723 3991 scri-

2172 4034 2303 4091 bere
2328 4034 2531 4102 curavi,
2564 4035 2899 4091 venerabilis
2930 4036 3062 4092 mihi
3083 4045 3138 4093 et
3171 4036 3541 4094 amantissime
3568 4030 3718 4087 frater.

473 4167 3709 4205 ww

1954 4258 2248 4323 INCIPIT

1398 4406 1945 4539 LIBER
2042 4404 2836 4553 COMITIS,

2042 4611 2184 4659 SIVE

968 4724 1850 4820 LECTIONARIUS
1922 4727 2155 4810 PER
2232 4726 2868 4817 CIRCULUM
2941 4728 3255 4818 ANNI.

538 4995 596 5051 In
627 4988 832 5047 Christi
861 4985 1103 5042 nomine.
1144 4980 1288 5037 Auni
1320 4978 1512 5036 circuli
1544 4976 1685 5031 liber
1717 4973 1946 5030 Comitis
1978 4972 2062 5029 in-
2094 4976 2140 5039 C
2172 4975 2320 5030 feriis
2360 4986 2453 5031 aut
2480 4977 2535 5033 in
2583 4977 2973 5037 festivitatibus
2999 4989 3316 5038 sanctorum
3346 4977 3542 5053 aliquid
3569 4976 3716 5034 minus

471 5093 625 5162 cipit,
656 5096 846 5144 auctus
879 5099 909 5140 a
940 5077 1286 5138 Theotiucbo
1314 5074 1539 5144 indigno
1584 5071 1929 5142 presbytero,
1976 5084 2070 5125 ro-

473 5161 596 5255 gatu
618 5181 723 5236 viri
754 5174 1082 5233 venerabilis
1104 5166 1396 5225 Hechiardi
1421 5164 1639 5221 comitis
1660 5161 2064 5229 Ambianensis,

475 5276 549 5330 ita
579 5282 761 5327 tamen
794 5279 851 5324 ut
876 5275 1065 5323 sancta
1101 5259 1570 5329 Evangelistarum
1603 5255 1749 5310 dicta
1777 5268 1988 5310 necnon
2012 5262 2068 5309 et

472 5362 858 5433 Apostolorum
890 5374 952 5413 ac
988 5353 1385 5425 Prophetarum
1428 5347 1653 5402 immota
1682 5354 1848 5415 atque
1879 5346 2067 5401 incon-

475 5469 634 5513 cussa
684 5459 1059 5516 servarentur,
1095 5457 1152 5503 et
1199 5443 1393 5500 diebus
1441 5438 1639 5511 quibus
1689 5438 1914 5494 deerant
1942 5453 2065 5509 pro-

474 5549 613 5621 priae
665 5552 873 5601 sancta:
919 5541 1186 5595 lectiones
1230 5534 1643 5600 adhiberentur,
1688 5530 1830 5586 sicut
1869 5546 1901 5586 a
1948 5545 2075 5586 san-

476 5644 578 5700 ctis
629 5639 873 5713 patribus
901 5644 1029 5692 sunt
1070 5630 1395 5689 coadunata.
1444 5624 1553 5683 Aut
1602 5623 1647 5680 si
1678 5622 1841 5679 alicui
1878 5632 1974 5679 aut
2020 5626 2072 5679 in

2174 5085 2294 5126 esse
2320 5071 2553 5140 videtur,
2588 5085 2836 5131 recurrat
2866 5075 2934 5131 ad
2966 5076 3365 5135 hebdomadam
3389 5092 3541 5150 quam
3563 5074 3719 5131 volue-

2174 5164 2265 5232 rit,
2299 5173 2354 5219 et
2375 5166 2613 5235 reperiet
2642 5181 2858 5240 semper
2880 5183 3042 5241 super
3072 5181 3193 5227 octo
3217 5184 3311 5229 aut
3332 5187 3488 5228 unam
3507 5176 3591 5226 aut
3614 5166 3722 5221 duas

2175 5266 2269 5311 aut
2294 5273 2360 5313 eo
2391 5259 2630 5329 amplius
2657 5260 2874 5331 teriam,
2903 5278 3061 5332 quam
3086 5264 3270 5335 legere
3292 5268 3505 5338 poterit,
3532 5272 3615 5318 aut
3638 5257 3720 5314 sibi

2181 5349 2323 5403 nihil
2353 5348 2515 5405 desit.
2548 5350 2818 5425 (Propter
2846 5353 3103 5425 frequens
3128 5372 3262 5414 vero
3292 5356 3544 5430 temporis
3571 5355 3721 5408 incuro

2176 5453 2294 5495 sum
2327 5440 2425 5497 fuit
2462 5444 2512 5497 in
2553 5442 2877 5514 quibusdam
2924 5449 3169 5518 epistolis
3218 5465 3491 5522 apponere
3532 5447 3623 5503 hoc
3660 5468 3718 5505 ω.

2172 5534 2317 5604 quod
2342 5534 2609 5606 signiﬁcat
2633 5538 2820 5607 tinem,
2843 5547 2899 5597 et
2919 5556 3111 5599 rursus
3131 5566 3163 5598 α
3188 5553 3413 5617 propter
3435 5538 3718 5616 principium

2174 5626 2405 5683 alterius
2431 5628 2679 5701 epistolae
2712 5631 2800 5702 ³.)

476 5852 483 5859 ι
547 5794 573 5825 ἰ
618 5782 743 5840 Haec
770 5779 956 5838 addita
984 5774 1188 5835 suntin
1230 5770 1463 5844 margine
1495 5784 1527 5825 a
1564 5781 1741 5841 ιηαηιι⁸
1760 5763 2058 5836 recentiore,
2100 5766 2191 5825 sed
2210 5767 2441 5839 antiqua.
