3918 6294
170 325 256 385 ‘89
1033 317 1066 343 ..η

1518 318 1725 377 LIBER
1763 318 2055 381 COMITIS.

3339 319 3447 381 490

220 444 277 501 In
298 441 481 515 vigilia
503 440 703 498 natalis
724 438 944 497 Domini
976 446 1073 495 VIII
1097 437 1211 494 kal.
1244 435 1471 495 Januar.
1500 439 1573 494 ad
1601 455 1727 495 san-
1753 438 1810 501 A
1832 442 2134 499 secundum
2184 441 2389 500 Lucam
2430 455 2557 514 cap.
2611 455 2651 498 II
2671 480 2685 507 ,
2737 439 2871 498 Erat
2920 439 3123 512 Joseph
3173 446 3231 497 et
3276 438 3447 497 Maria

164 548 291 594 ctam
327 536 544 592 Mariam
591 534 660 591 dc
694 549 836 589 nona
888 549 919 588 a
966 532 1171 588 sanctis
1220 531 1489 603 patribus.
1543 531 1735 588 Lectio

164 630 383 703 epistolae
410 628 555 685 beati
586 629 744 685 Pauli
777 628 1012 700 apostoli
1049 626 1121 682 ad
1150 626 1453 683 Romanos.
1486 624 1733 695 Fratres,

161 726 342 782 Paulus
368 740 557 781 servus
586 723 795 779 Christi
821 723 976 792 Jesu,
1005 738 1166 794 usque
1189 730 1246 778 et
1272 737 1369 778 vos
1398 722 1578 778 vocati
1606 720 1737 777 Jesu

158 819 336 876 Christi
378 817 590 873 Domini
637 817 837 873 nostri.

224 914 345 968 Item
381 912 469 967 ubi
500 927 686 983 supra.
711 952 724 967 .
746 952 759 965 .
802 910 995 967 Lectio
1045 910 1222 967 Esaiae
1261 912 1566 982 prophetas.
1612 911 1740 965 Haec

158 1010 274 1066 dicit
293 1004 572 1074 Dominus,
600 1006 840 1077 Propter
860 1006 994 1063 Sion
1021 1021 1131 1061 non
1162 1005 1378 1075 tacebo,
1404 1022 1567 1078 usque
1586 1018 1742 1059 com-

160 1104 349 1177 placuit
376 1103 489 1158 Deo
519 1103 572 1157 in
600 1111 671 1158 te.

219 1198 565 1269 Evangelium
612 1196 917 1253 secundum
963 1195 1302 1254 Mattbteum.
1353 1195 1413 1253 In
1460 1195 1559 1252 illo
1604 1203 1741 1252 tem-

162 1308 293 1363 pore,
320 1306 441 1347 cum
472 1298 624 1347 esset
648 1290 979 1361 desponsata
1024 1300 1200 1347 mater
1227 1290 1381 1355 Jesu,
1414 1291 1604 1358 Maria,
1639 1306 1732 1344 us-

162 1403 243 1458 que
268 1386 477 1442 salvum
509 1384 671 1440 faciet
695 1385 958 1455 populum
990 1400 1149 1439 suum
1172 1400 1202 1439 a
1224 1383 1470 1455 peccatis
1502 1398 1715 1438 eorum.

224 1480 344 1535 hem
376 1478 441 1533 ad
473 1486 721 1533 sanctam
749 1478 977 1533 Mariam
1006 1478 1075 1533 de
1101 1485 1285 1533 nocte.
1319 1476 1507 1532 Lectio
1536 1476 1745 1547 episto-

162 1574 213 1627 lm
234 1572 373 1627 beati
400 1571 553 1626 Pauli
594 1572 826 1642 apostoli
873 1570 944 1625 ad
971 1570 1175 1625 Titum.
1208 1568 1551 1630 Cbarissimi,
1578 1583 1745 1639 appa-

163 1669 251 1721 ruit
273 1666 446 1737 gratia
489 1665 792 1722 Salvatoris
836 1665 1011 1722 nostri
1045 1666 1168 1731 Dei,
1218 1681 1380 1735 usque
1421 1664 1476 1719 in
1522 1661 1746 1719 Christo

160 1761 268 1817 Jesu
296 1760 524 1816 Domino
554 1769 768 1815 nostro.

1843 546 2018 593 mater
2047 538 2177 594 Jesu
2199 584 2213 607 ,
2246 556 2405 610 usque
2448 538 2629 608 gratia
2663 535 2761 594 Dei
2790 545 2909 592 erat
2939 535 2995 590 in
3024 534 3143 590 illo.
3175 533 3272 591 Sin
3316 534 3453 589 alias

1840 641 1946 699 est,
1978 634 2117 688 istae.
2144 633 2333 688 Lectio
2361 632 2487 687 libri
2513 632 2821 688 Geneseos.
2874 630 2934 686 In
2980 629 3171 685 diebus
3201 628 3310 685 illis
3342 629 3452 684 for-

1841 728 2012 784 mavit
2034 726 2199 797 igitur
2222 725 2482 781 Dominus
2504 724 2779 781 hominem
2802 724 2870 779 de
2898 723 3231 796 limo,usque
3248 721 3453 778 ﬂuvius

1842 828 2067 892 quartus
2109 821 2226 890 ipse
2252 829 2336 875 est
2374 818 2707 889 Euphrates.
2738 818 3094 888 Evangelium
3144 815 3450 872 secundum

1843 912 2158 968 Matthaeum
2192 926 2311 982 cap.
2343 927 2475 977 xm,
2504 909 2667 967 Venit
2702 910 2861 967 Jesus
2890 926 2921 966 a
2951 909 3181 967 Galilaea
3224 910 3283 965 in
3329 907 3454 963 Jor-

1845 1006 2016 1074 danc,
2045 1022 2207 1079 usque
2234 1006 2288 1061 in
2321 1022 2429 1076 quo
2461 1005 2594 1061 mihi
2635 1006 2981 1076 complacuit.

1920 1102 1998 1158 Id.
2020 1117 2077 1157 ιιι
2101 1100 2214 1155 kal.
2232 1099 2497 1156 Januarii.
2516 1100 2702 1156 Lectio
2724 1099 2852 1155 libri
2874 1098 3243 1157 Geneseos.]n
3260 1099 3456 1157 diebus

1845 1196 1956 1253 illis
1986 1196 2111 1251 tulit
2142 1194 2405 1249 Dominus
2436 1194 2583 1249 Deus
2616 1192 2895 1249 hominem
2920 1234 2934 1259 ,
2970 1210 3131 1267 usque
3158 1194 3337 1265 ipsum
3365 1202 3463 1250 est

1848 1304 2049 1346 nomen
2100 1288 2238 1358 ejus.
2278 1287 2635 1357 Evangelium
2692 1288 2994 1343 secundum
3042 1287 3355 1344 Matthazum
3399 1304 3450 1343 c.

1847 1398 2021 1451 vaII,
2073 1378 2209 1436 Cum
2258 1381 2505 1437 audisset
2542 1380 2701 1437 Jesus
2745 1381 2891 1451 quod
2935 1380 3175 1438 Joannes
3222 1382 3455 1439 traditus

1850 1488 2018 1546 esset,
2045 1494 2207 1551 usque
2230 1475 2689 1548 apprOplnquabit
2719 1477 2865 1531 enim
2897 1491 3127 1546 regnum
3161 1478 3447 1533 cmlorum.

1922 1571 2106 1628 Pridie
2131 1570 2240 1624 kal.
2273 1569 2542 1625 Januarii.
2569 1568 2756 1625 Natale
2778 1568 2951 1624 sancti
2973 1569 3245 1625 Silvestri.
3271 1570 3458 1626 Lectio

1852 1668 2116 1741 Epistolas
2145 1666 2294 1723 beati
2324 1666 2475 1722 Pauli
2519 1665 2753 1737 apostoli
2791 1664 2861 1719 ad
2887 1664 3172 1721 Hebraeos.
3211 1664 3459 1732 Fratres,

1852 1768 2043 1838 plures
2073 1764 2202 1819 facti
2234 1772 2359 1818 sunt
2390 1762 2707 1818 sacerdotes
2737 1760 3038 1817 secundum
3071 1761 3267 1831 legem,
3299 1775 3463 1831 usque

218 1856 344 1913 Item
373 1854 466 1911 ubi
497 1870 685 1928 supra.
717 1855 910 1911 Lectio
942 1855 1124 1912 Esaia;
1156 1854 1458 1926 prophetae.
1482 1824 1625 1907 illam
1659 1852 1741 1906 di.

1881 1877 1909 1916 e
1938 1859 2219 1915 offerendo
2252 1857 2516 1913 Dominus
2559 1864 2747 1911 noster
2776 1856 2936 1911 Jesus
2977 1852 3250 1911 Christus.
3283 1854 3465 1909 Evan-

160 1950 222 2006 cit
257 1950 537 2017 Dominus,
568 1950 805 2021 populus
840 1950 1112 2021 gentium,
1154 1964 1323 2019 usque
1361 1947 1418 2001 in
1451 1946 1746 2016 sempiter-

161 2060 291 2100 num.

224 2137 565 2210 Evangelium
590 2136 896 2194 secundum
924 2136 1125 2193 Lucam
1158 2150 1281 2207 cap.
1311 2150 1393 2202 ιιι,
1442 2133 1590 2189 Exiit
1620 2132 1746 2188 edin

166 2239 292 2287 ctum
304 2246 332 2288 a
349 2230 592 2297 Caesare,
617 2248 777 2303 usque
794 2247 899 2303 pax
922 2229 1235 2285 hominibus
1248 2229 1408 2283 home
1423 2226 1740 2282 voluntatis.

224 2326 345 2383 Item
375 2326 445 2382 ad
475 2335 723 2383 sanctam
775 2326 1121 2381 Anastasiam
1162 2339 1343 2379 mane.
1388 2322 1578 2378 Lectio
1616 2320 1749 2390 Epi-

164 2423 295 2478 stola:
343 2422 490 2480 beati
538 2421 691 2477 Pauli
735 2420 973 2491 apostoli
1022 2418 1091 2473 ad
1141 2419 1345 2473 Titum.
1397 2413 1746 2481 Charissimi,

163 2517 387 2586 apparuit
420 2514 734 2586 benignitas
771 2522 829 2570 et
858 2513 1204 2583 humanitas,
1249 2526 1413 2581 usque
1443 2510 1499 2564 in
1529 2506 1751 2564 Christo

161 2610 265 2666 Jesu
293 2611 532 2666 Domino
569 2617 785 2665 nostro.

221 2702 342 2759 Item
372 2703 468 2758 ubi
503 2714 687 2772 supra.
713 2702 906 2758 Lectio
924 2699 1103 2756 Esaia:
1128 2698 1431 2771 prophetze.
1463 2697 1591 2753 Haec
1618 2695 1753 2751 dicit

161 2794 421 2853 Dominus.
458 2796 699 2867 Spiritus
724 2796 939 2851 Domini
960 2810 1125 2865 super
1146 2810 1257 2863 me,
1290 2810 1457 2864 usque
1483 2790 1753 2862 redempti

161 2902 184 2941 ι
210 2889 431 2946 Domino
465 2889 602 2945 Deo.
1549 2876 1553 2880 ”

221 2983 570 3057 Evangelium
621 2985 923 3041 secundum
970 2983 1174 3041 Lucam
1225 3000 1347 3056 cap.
1378 3000 1467 3053 ιιι,
1501 2982 1754 3039 Pastorcs

165 3072 525 3147 loquebantur,
551 3093 713 3148 usque
742 3077 948 3134 dictum
981 3086 1066 3133 est
1093 3079 1160 3133 ad
1193 3077 1341 3135 illos.

220 3170 332 3227 Item
379 3172 451 3227 ad
502 3182 747 3227 sanctum
792 3173 1011 3227 Petrum
1050 3174 1107 3227 in
1145 3172 1251 3229 die.
1284 3173 1471 3229 Lectio
1508 3169 1755 3243 epistolae

1850 1953 2049 2024 gelium
2087 1950 2394 2007 secundum
2427 1949 2743 2004 Matlhteum
2780 1964 2829 2003 c.
2865 1963 3099 2013 CCLXIII,
3132 1946 3277 2001 Dixit
3303 1945 3465 2001 Jesus

1852 2044 2133 2115 discipulis
2172 2044 2322 2108 suis,
2358 2042 2587 2112 Vigilate
2630 2057 2735 2112 qua
2789 2040 3043 2108 nescitis,
3086 2050 3247 2110 usque
3296 2054 3467 2110 super

1851 2139 2037 2197 omnia
2066 2139 2207 2195 bona
2236 2154 2333 2193 sua
2366 2136 2661 2192 constituet
2688 2152 2832 2191 eum.

1924 2230 2049 2287 Kal.
2080 2229 2346 2287 Januarii.
2381 2228 2614 2285 Octabas
2646 2228 2881 2284 Domini.
2912 2229 3029 2300 Ipsa
3062 2229 3224 2284 lectio
3253 2227 3465 2300 legatur

1853 2341 1977 2398 quae
2002 2336 2087 2381 est
2128 2325 2183 2379 in
2211 2322 2391 2394 vigilia
2421 2322 2641 2378 Domini
2669 2323 2736 2378 de
2776 2333 2953 2379 nocte.
2984 2320 3335 2393 Evangelium
3380 2340 3468 2377 se-

1855 2420 2095 2476 cundum
2116 2418 2471 2490 Lucam(cap.
2503 2414 2611 2486 ιιι),
2633 2418 2927 2487 Postquam
2952 2415 3313 2473 consummati
3332 2423 3468 2472 sunt

1856 2514 1976 2571 dies
2005 2523 2152 2581 octo,
2186 2530 2350 2585 usque
2374 2504 2543 2583 glo'ria
2576 2510 2719 2581 plebi
2748 2519 2855 2566 tua:
2876 2509 3070 2567 Israel.

1928 2628 1981 2668 Iv
2005 2627 2139 2666 non.
2167 2606 2435 2663 Januarii.
2468 2604 2654 2661 Lectio
2698 2603 2826 2659 libri
2858 2602 3161 2661 Geneseos.
3190 2604 3249 2660 In
3276 2602 3469 2660 diebus

1857 2706 1967 2765 illis
2018 2705 2189 2762 Adam
2234 2720 2341 2759 non
2388 2701 2763 2758 inveniebatur
2792 2699 3123 2768 adjutorium
3172 2700 3353 2755 simile
3396 2700 3469 2764 ei,

1858 2817 2022 2871 usque
2073 2809 2127 2855 et
2173 2797 2347 2868 aperti
2395 2805 2520 2851 sunt
2567 2793 2709 2851 oculi
2756 2793 3059 2849 amborum.
3118 2791 3471 2864 Evangelium

1858 2895 2160 2954 secundum
2218 2891 2535 2947 Matthzeum
2585 2905 2707 2959 cap.
2758 2904 2934 2955 xxtn,
2986 2885 3265 2943 Circuibat
3312 2885 3475 2941 Jesus

1860 2998 2031 3046 totam
2059 2986 2374 3054 Galilaeam,
2400 3001 2561 3054 usque
2583 2983 2652 3039 de
2678 2991 2830 3037 trans
2862 2980 3183 3037 Jordanem.
3256 2974 3261 2981 ’

1933 3097 1990 3137 ιιι
2013 3095 2141 3136 ιιοη.
2169 3078 2435 3133 Januarii.
2459 3075 2646 3131 Natale
2670 3084 2871 3130 sanctae
2901 3074 3201 3130 Genovefte
3224 3074 3467 3146 virginis.

1860 3174 2050 3233 Lectio
2090 3173 2217 3230 libri
2247 3172 2562 3243 Sapientize.
2598 3169 2834 3225 Pulchra
2866 3180 2950 3226 est
2979 3180 3125 3227 casta
3156 3172 3472 3241 generatio,

173 3260 281 3320 beati
303 3265 463 3320 Pauli
492 3266 726 3336 apostoli
769 3265 836 3320 ad
866 3265 1147 3321 Hebraeos.
1182 3266 1435 3332 Fratres,
1465 3263 1758 3320 multifarie
1784 3269 1830 3335 ο
1865 3286 2024 3343 usque
2054 3270 2110 3326 in
2138 3267 2429 3338 refrigerio
2461 3264 2584 3322 erit.
2620 3266 2978 3336 Evangelium
3010 3266 3309 3322 secundum
3339 3264 3475 3320 Mat-

182 3357 427 3431 Inultisque
457 3359 671 3426 modis,
704 3375 865 3431 usque
892 3358 1021 3414 anni
1047 3360 1127 3415 tui
1158 3376 1266 3415 non
1296 3360 1570 3417 deficient.

234 3447 338 3507 Item
357 3452 458 3508 ubi
491 3466 674 3522 supra.
707 3452 896 3508 Lectio
926 3453 1103 3508 Esaiae
1132 3453 1436 3525 prophetae.
1470 3455 1600 3510 Haac
1624 3454 1759 3510 dicit

174 3542 425 3604 Dominus.
459 3548 695 3619 Propter
724 3549 827 3604 hoc
872 3549 1008 3605 sciet
1035 3550 1271 3621 populus
1302 3566 1479 3615 meus,
1512 3567 1674 3622 usque
1704 3559 1760 3607 et

165 3637 400 3697 videbunt
426 3656 623 3697 omnes
660 3632 796 3697 ﬁnes
831 3651 991 3698 terrae
1019 3642 1260 3699 salutare
1290 3644 1387 3700 Dei
1417 3646 1608 3700 nostri.

215 3732 428 3791 Initium
474 3735 649 3790 sancti
696 3736 973 3807 Evangelii
1021 3737 1323 3793 secundum
1367 3738 1653 3793 Joannem.
1701 3738 1757 3794 In

155 3824 415 3898 principio
442 3837 563 3883 erat
593 3827 832 3884 Verbum
854 3870 871 3897 ,
913 3846 1078 3901 usque
1097 3840 1151 3886 et
1178 3830 1446 3887 veritatis.

210 3917 263 3974 In
292 3920 473 3975 natali
503 3920 679 3976 sancti
723 3920 1021 3991 Stephani,
1056 3922 1110 3976 id
1143 3933 1257 3991 est,
1289 3938 1364 3979 vn
1409 3923 1629 3979 kalend.
1669 3920 1762 3979 Ja-

153 4013 331 4068 nuarii.
391 4010 581 4068 Lectio
617 4020 834 4069 actuum
871 4014 1288 4085 Apostolorum.
1329 4016 1387 4071 In
1426 4016 1619 4072 diebus
1652 4014 1761 4071 illis

150 4103 457 4175 Stephanus
489 4106 685 4176 plenus
722 4108 933 4178 gratia,
980 4125 1142 4177 usque
1180 4109 1511 4166 obdormivit
1553 4111 1607 4165 in
1655 4110 1762 4166 Do—

148 4200 301 4256 mino.
350 4200 723 4271 Evangelium
756 4202 1056 4257 secundum
1088 4203 1403 4260 Matthzeum
1444 4221 1571 4277 cap.
1599 4221 1760 4262 ccxc.

150 4293 376 4353 Dicebat
414 4297 572 4353 Jesus
618 4299 790 4355 turbis
838 4298 1189 4367 Judaiorum,
1232 4318 1393 4374 usque
1441 4303 1763 4360 benedictus

149 4390 227 4456 qui
251 4391 409 4447 venit
433 4391 489 4445 in
514 4392 736 4447 nomine
765 4391 1000 4447 Domini.

212 4484 269 4542 In
296 4486 472 4542 natali
503 4487 677 4542 sancti
698 4486 925 4543 Joannis
956 4488 1327 4561 evangelistm,
1352 4490 1405 4545 id
1432 4500 1537 4557 est,
1567 4505 1620 4546 vI
1646 4491 1758 4547 kal.

151 4577 413 4638 Januarii.
450 4580 639 4638 Lectio
688 4582 815 4638 libri
862 4582 1180 4653 Sapientiae.
1218 4584 1322 4652 Qui
1363 4584 1517 4641 timet
1566 4587 1757 4653 Deum,

1867 3367 2069 3422 thacum
2108 3379 2227 3435 cap.
2263 3378 2445 3418 χχχιιι
2470 3403 2483 3428 ,
2537 3360 2780 3416 Audistis
2810 3361 2938 3431 quia
2981 3360 3188 3415 dictum
3220 3369 3306 3417 est
3334 3361 3474 3415 anti-

1864 3461 2005 3533 quis,
2038 3458 2153 3515 Non
2179 3454 2573 3523 mtechaberis,
2601 3471 2763 3523 usque
2786 3453 3036 3508 volentia
3062 3462 3116 3509 te
3141 3453 3379 3508 mutuari
3404 3467 3476 3507 ne

1864 3553 2149 3611 avertaris.
2204 3586 2211 3597 .

1938 3649 2090 3705 Prid.
2135 3662 2262 3704 non.
2308 3643 2571 3703 Januarii.
2615 3638 2805 3701 Lectio
2851 3637 3040 3699 Daniel
3076 3642 3382 3713 prophetaa.
3414 3640 3479 3697 In

1865 3741 2056 3799 diebus
2087 3741 2195 3798 illis
2217 3741 2367 3797 venit
2412 3726 2913 3794 Nabuchodonosor
2944 3750 3043 3791 rex
3087 3735 3380 3807 Babylonis
3418 3734 3478 3790 in

1863 3839 2241 3906 Hierusalem,
2271 3847 2327 3895 et
2354 3836 2570 3893 obsedit
2600 3851 2750 3892 eam:
2785 3851 2945 3905 usque
2987 3832 3080 3905 qui
3111 3832 3476 3888 vescebantur

1865 3933 1990 3988 cibo
2007 3934 2177 4004 regio.
2200 3930 2556 4001 Evangelium
2575 3928 2873 3984 secundum
2890 3925 3204 3980 Matthteum
3228 3940 3279 3981 c.
3304 3940 3475 3990 vaII,

1866 4024 2000 4081 Cum
2024 4026 2266 4081 venisset
2300 4025 2461 4079 Jesus
2492 4023 2546 4077 in
2576 4019 2800 4078 domum
2845 4017 3088 4075 Simonis
3114 4018 3284 4086 Petri,
3314 4033 3477 4090 usque

1867 4120 2106 4190 sepelire
2134 4125 2380 4174 mortuos
2419 4130 2570 4171 suos.
2744 4180 2751 4185 _

1938 4215 2079 4271 Non.
2122 4212 2389 4270 Januarii.
2423 4212 2613 4269 Lectio
2662 4211 2786 4267 libri
2829 4209 3130 4267 Geneseos.
3179 4208 3241 4265 In
3284 4207 3478 4265 diebus

1866 4308 2001 4366 illis.
2031 4307 2165 4363 Cum
2191 4315 2374 4363 autem
2403 4303 2794 4378 cognovissent
2822 4318 2883 4359 se
2909 4317 3031 4359 esse
3060 4300 3236 4356 nudos
3257 4342 3273 4368 ,
3305 4299 3479 4356 Adam

1868 4404 2084 4461 scilicet
2110 4410 2168 4460 et
2190 4419 2329 4459 uxor
2359 4401 2479 4473 ejus
2505 4445 2521 4470 ,
2555 4417 2717 4473 usque
2750 4399 2805 4454 in
2833 4397 3119 4469 pulverem
3163 4396 3479 4451 reverteris.

1870 4497 2229 4571 Evangelium
2276 4497 2577 4553 secundum
2605 4494 2921 4551 Matthaeum
2952 4509 3002 4548 c.
3037 4507 3273 4559 cxxxnt,
3303 4491 3482 4547 Locu-

1872 4603 1960 4649 tus
1990 4602 2075 4649 est
2112 4593 2271 4649 Jesus
2316 4591 2380 4648 ad
2411 4591 2626 4646 turbam
2656 4598 2712 4645 et
2755 4588 3055 4658 discipulos
3099 4601 3228 4643 suos
3270 4586 3479 4653 dicens,

150 4671 305 4731 faciet
356 4676 542 4742 bona,
574 4692 739 4746 usque
790 4677 845 4731 in
896 4678 1116 4733 nomine
1162 4685 1366 4733 aeterno
1421 4679 1753 4735 haereditabit

1875 4688 2135 4745 Videntes
2159 4703 2267 4742 non
2284 4686 2494 4754 vident,
2519 4694 2573 4741 et
2595 4683 2893 4741 audientes
2914 4697 3023 4738 non
3049 4680 3301 4749 audiunt,
3327 4698 3485 4754 usque

147 4767 292 4824 illum
324 4768 598 4824 Dominus
626 4767 774 4825 Deus
822 4780 1031 4827 noster.
1063 4770 1413 4842 Evangelium
1462 4773 1761 4828 secundum

148 4859 417 4918 Joannem
445 4876 565 4934 cap.
590 4878 806 4918 ccxxxt.
826 4864 976 4919 Dixit
997 4866 1155 4921 Jesus
1178 4865 1364 4933 Petro,
1386 4866 1629 4940 Sequere
1652 4883 1760 4935 me,

147 4970 306 5027 usque
333 4956 469 5029 quia
497 4972 687 5013 verum
718 4965 803 5013 est
838 4958 1206 5014 testimonium
1234 4959 1374 5031 ejus.

220 5050 278 5106 In
332 5050 509 5106 natali
554 5050 946 5118 Innocentum,
1001 5051 1054 5107 id
1109 5063 1214 5119 est,
1262 5069 1296 5106 v
1340 5053 1448 5111 kal.
1497 5053 1763 5112 Januarii.

149 5140 345 5198 Lectio
371 5140 506 5197 libri
536 5142 894 5215 Apocalypsis
920 5142 1146 5200 Joannis
1188 5146 1445 5214 apostoli.
1482 5146 1539 5201 In
1571 5147 1763 5203 diebus

150 5237 254 5293 illis
284 5238 410 5293 vidi
442 5251 607 5309 super
637 5249 876 5295 montem
906 5238 1036 5296 Sion
1075 5256 1275 5313 agnum
1308 5250 1572 5311 stantem,
1604 5259 1765 5315 usque

148 5340 273 5387 ante
304 5330 575 5386 thronum
601 5328 717 5387 Dei.
748 5331 1105 5405 Evangelium
1128 5336 1428 5391 secundum
1451 5335 1768 5392 Matthmum

148 5439 267 5499 cap.
299 5430 383 5495 vi,
432 5424 573 5483 Ecce
617 5428 844 5497 angelus
892 5427 1107 5483 Domini
1158 5431 1408 5501 apparuit
1456 5431 1511 5485 in
1562 5430 1773 5485 somnis

149 5520 367 5593 Ioseph
390 5567 405 5591 ,
438 5537 599 5591 usque
626 5522 880 5593 quoniam
919 5522 1208 5581 Nazaraeus
1241 5526 1548 5582 vocabitur.

223 5615 359 5671 Kal.
396 5614 662 5685 Januarii,
693 5617 737 5674 si
769 5618 824 5673 in
856 5617 1141 5675 Dominica
1183 5622 1510 5693 contigerit,
1540 5618 1659 5678 istae
1690 5621 1771 5679 Ie-

154 5708 382 5765 ctiones
428 5724 497 5765 ex
556 5710 683 5765 libri
726 5708 954 5767 Comitis
1006 5713 1276 5785 legantur.
1330 5713 1571 5785 Epistola
1621 5712 1775 5771 Pauli

154 5806 404 5880 apostoli
432 5807 496 5863 ad
523 5808 769 5873 Galatas,
802 5809 1050 5880 Fratres,
1081 5819 1285 5883 quanto
1322 5822 1573 5884 tempore
1600 5812 1777 5869 hmres

153 5902 435 5975 parvulus
460 5913 563 5975 est,
590 5921 751 5977 usque
776 5913 831 5959 et
863 5905 1039 5961 haeres
1068 5922 1163 5977 per
1192 5904 1389 5969 Deum.
1421 5903 1777 5979 Evangelium

612 6003 888 6068 Ρηιιοι..
926 6001 1141 6067 XXX.

1870 4790 1926 4838 et
1955 4794 2118 4837 aures
2143 4788 2341 4836 vestra:
2370 4794 2495 4848 qua:
2524 4778 2769 4832 audiunt.

1943 4875 2079 4931 Item
2124 4874 2318 4930 eodem
2351 4872 2470 4939 die,
2523 4872 2579 4926 in
2610 4870 2795 4943 vigilia
2842 4870 3249 4944 Theophanim,
3292 4868 3483 4928 Lectio

1873 4978 2131 5050 Epistolas
2163 4978 2306 5034 beati
2336 4974 2495 5032 Pauli
2524 4974 2760 5046 apostoli
2782 4974 2850 5030 ad
2874 4976 3082 5033 Titum.
3112 4976 3481 5043 Charissime,

1876 5081 2127 5155 apparuit
2152 5080 2465 5153 benignitas
2492 5088 2549 5136 et
2578 5077 2924 5145 humanitas,
2971 5090 3132 5152 usque
3175 5080 3231 5135 in
3262 5076 3488 5135 Christo

1878 5184 2007 5242 Jesu
2058 5182 2291 5239 Domino
2338 5189 2553 5238 nostro.
2584 5181 2951 5253 Evangelium
2999 5180 3304 5236 secundum
3355 5181 3491 5237 Mat-

1880 5287 2081 5343 thzeum
2109 5299 2232 5356 cap.
2254 5299 2331 5352 η,
2366 5282 2634 5339 Defuncto
2656 5280 2878 5338 Herode
2896 5323 2913 5349 ,
2947 5294 3078 5337 ecce
3109 5281 3363 5353 apparuit
3388 5296 3488 5337 an-

1881 5388 2037 5461 gelus
2086 5385 2302 5442 Domini
2346 5386 2401 5441 in
2451 5382 2661 5441 somnis
2703 5382 2941 5454 Joseph,
2989 5398 3153 5454 usque
3198 5383 3496 5439 Nazarzeus

1884 5490 2187 5549 vocabitur.

1958 5610 2051 5651 vIn
2093 5593 2213 5650 idus
2260 5590 2537 5660 Januarii,
2588 5593 2644 5647 in
2674 5589 3058 5664 Theophanis.
3093 5590 3283 5650 Lectio
3324 5590 3501 5648 Esaia:

1884 5695 2191 5768 propheta}.
2220 5692 2395 5765 Surge
2424 5740 2437 5763 ,
2474 5692 2790 5748 illuminare
2829 5692 3169 5748 Hierusalem
3194 5734 3210 5761 ,
3246 5710 3405 5763 usque
3446 5700 3503 5749 et

1891 5800 2111 5855 laudem
2156 5794 2389 5852 Domino
2436 5796 2856 5851 annuntiantes.
2907 5791 3269 5867 Evangelium
3311 5810 3508 5853 secun-

1884 5904 2013 5965 dum
2047 5904 2367 5965 Ilatthceum
2399 5916 2522 5975 cap.
2575 5916 2647 5970 Iv,
2682 5899 2818 5957 Cum
2873 5910 3032 5957 natus
3070 5908 3219 5958 esset
3262 5898 3421 5959 Jesus
3454 5900 3516 5957 in

3026 5996 3101 6059 16
