3918 6294
220 370 337 431 495

1567 364 1770 427 manu
1821 346 2116 427 neutris.

3418 362 3531 420 £93

216 472 628 545 Emerentiani.
683 485 874 544 Lectio
920 474 1043 543 libri
1076 486 1391 558 Sapientis.
1426 486 1558 543 Cum
1590 488 1665 542 sis
1696 503 1823 555 ergo
1852 476 1905 549 Α
2002 502 2053 541 ιν
2082 500 2250 539 nonas
2275 484 2576 541 Februarii.
2630 485 2685 541 In
2716 482 3101 556 purificatione
3143 482 3316 538 hcatre
3344 480 3531 537 Mariae

210 583 423 651 justus,
487 580 714 636 Domine
749 625 761 645 ,
826 599 984 651 usque
1031 597 1314 650 speremus
1369 580 1821 636 misericordiam.

214 674 579 745 Evangelium
632 674 931 730 secundum
979 672 1179 728 Lucam
1211 690 1331 745 cap.
1391 689 1553 741 ccvt,
1588 671 1827 728 Elevatis

212 769 397 823 oculis
426 768 587 823 Jesus
616 770 667 823 in
701 769 998 839 discipulos
1018 784 1169 836 suos,
1218 778 1376 838 usque
1408 781 1622 823 merces
1647 776 1825 823 vestra

208 863 395 916 multa
438 874 521 916 est
555 864 607 915 in
631 861 795 916 ccelo.
1292 934 1295 937 _
1826 938 1829 941 ι

286 972 347 1010 1x
381 954 491 1010 kal.
522 954 829 1011 Februarii.
865 954 920 1011 in
955 954 1120 1010 natali
1154 956 1329 1012 sancti
1356 953 1612 1031 Proiecti.
1639 955 1829 1027 Lectio

207 1046 347 1103 libri
380 1048 696 1118 Sapientiae.
735 1048 963 1105 Domine
987 1049 1130 1106 Deus
1163 1059 1372 1115 noster,
1424 1052 1607 1105 suavis
1653 1060 1710 1105 et
1736 1066 1825 1106 ve-

208 1158 305 1198 rus
332 1157 423 1210 es,
458 1160 615 1214 usque
643 1144 799 1200 radix
850 1154 933 1201 est
983 1146 1432 1213 inmortalitatis.
1468 1144 1823 1218 Evangelium

206 1236 526 1291 Secundum
578 1236 778 1292 Lucam
808 1252 929 1306 cap.
968 1252 1116 1304 LXIV,
1174 1240 1319 1294 Dixit
1348 1241 1507 1295 Jesus
1539 1238 1826 1312 discipulis

207 1331 348 1387 suis.
386 1328 579 1401 Omnis
604 1329 695 1400 qui
724 1332 872 1385 venit
899 1331 965 1385 ad
999 1334 1106 1403 tne,
1140 1338 1301 1402 usque
1342 1340 1505 1403 Supra
1541 1343 1715 1402 petra.

280 1438 386 1478 vni
412 1421 523 1477 kal.
556 1423 863 1479 Februarii.
896 1424 1083 1481 Lectio
1110 1418 1235 1481 libri
1283 1426 1581 1483 Geneseos.
1616 1427 1672 1483 in
1711 1429 1829 1483 die-

207 1514 314 1569 bus
351 1514 464 1569 illis
494 1515 627 1571 dixit
649 1516 912 1572 Dominus
936 1516 1004 1572 ad
1034 1516 1171 1585 Noe,
1212 1529 1266 1573 et
1293 1520 1361 1573 ad
1380 1516 1519 1575 filios
1542 1520 1680 1590 ejus,
1714 1520 1826 1574 Hoc

209 1609 441 1677 signum
468 1596 693 1664 {mderis
720 1610 863 1678 quod
894 1609 965 1664 d0
992 1613 1136 1666 inter
1172 1627 1258 1667 me
1284 1622 1339 1665 et
1367 1627 1482 1678 vos,
1513 1629 1675 1682 usque
1706 1614 1827 1667 uni-

208 1714 397 1754 versa:
418 1701 601 1756 carnis
639 1714 763 1772 qua:
789 1718 952 1768 super
986 1702 1207 1758 terram.
1248 1703 1595 1775 Evangelinm
1630 1722 1827 1762 secun-

209 1792 342 1845 dum
373 1791 613 1847 Murcum
634 1805 753 1861 cap.
788 1806 828 1860 t,
854 1795 1120 1864 Egressus
1142 1793 1300 1850 Jesus
1320 1796 1469 1851 venit
1499 1798 1553 1852 in
1592 1799 1820 1867 patriam

208 1901 400 1947 suam,
432 1902 599 1956 usque
625 1885 893 1954 impositis
927 1890 1181 1942 manibus
1213 1892 1427 1943 curavit
1456 1904 1604 1945 eum.

283 1993 367 2031 vn
400 1974 511 2031 kal.
550 1978 855 2033 Februarii.
890 1978 1079 2035 Lectio
1109 1981 1228 2035 libri
1262 1982 1559 2038 Geneseos.
1614 1983 1669 2037 in
1704 1983 1825 2039 die-

214 2070 320 2126 bus
352 2073 470 2126 illis
500 2082 617 2126 erat
640 2084 787 2127 terra
816 2073 943 2129 labii
982 2076 1162 2137 unius,
1196 2090 1245 2131 et
1273 2092 1584 2131 sermonum
1608 2094 1827 2134 eorum-

215 2162 375 2228 dem,
390 2174 555 2233 usque
576 2178 741 2233 super
769 2163 963 2219 faciem
974 2174 1295 2222 cunctarum
1313 2169 1615 2239 regionum.
1644 2171 1827 2227 Evan-

176 2274 179 2279 ν
218 2256 425 2324 gelium
448 2257 753 2313 secundum
792 2259 1001 2313 Lucam
1024 2274 1145 2323 cap.
1182 2272 1331 2326 nvi,
1389 2261 1638 2334 Surgens
1668 2264 1835 2319 Jesus

215 2350 286 2405 de
348 2364 653 2421 synagoga,
716 2362 878 2422 usque
910 2360 1126 2420 oportet
1173 2369 1262 2409 me
1308 2356 1689 2427 evangelizare
1739 2373 1827 2412 re-

212 2458 387 2512 gnum
410 2440 533 2496 Dei.

285 2550 344 2589 vt
374 2534 483 2590 kal.
513 2536 814 2595 Februarii.
847 2536 903 2592 in
938 2540 1105 2593 natali
1135 2546 1339 2596 sanctae
1367 2542 1551 2612 Agnes
1580 2544 1648 2600 de
1679 2546 1829 2599 nati-

216 2630 411 2687 vitate.
464 2627 652 2683 Lectio
690 2631 812 2689 libri
842 2631 1144 2687 Geneseos.
1198 2632 1255 2687 in
1302 2632 1498 2689 diebus
1547 2636 1655 2690 illis
1704 2638 1833 2691 tulit

217 2721 409 2776 Thare
436 2720 717 2777 Abraham
744 2722 913 2783 illium
942 2738 1126 2790 suum,
1171 2742 1335 2798 usque
1364 2728 1434 2783 ab
1464 2728 1682 2787 oriente
1704 2731 1824 2786 iiai.

221 2814 590 2885 Erangelium
643 2816 943 2870 secundum
1003 2818 1244 2873 Marcum
1290 2834 1411 2889 cap.
1472 2836 1603 2887 χχι,
1655 2822 1837 2876 intro-

220 2908 320 2963 ivit
376 2910 548 2965 Jesns
578 2910 630 2965 in
662 2926 965 2983 synagoga,
1014 2930 1172 2985 usque
1212 2915 1464 2970 restituta
1497 2926 1582 2971 est
1619 2901 1835 2972 manus

220 3001 387 3057 illius.
854 3002 855 3005 “

292 3114 323 3151 π
346 3097 466 3154 ιθι.
502 3097 809 3157 Februarii.
843 3100 1032 3156 Lectio
1074 3101 1198 3157 libri
1237 3103 1552 3172 Sapientia.
1611 3105 1832 3161 iustitia

235 3204 497 3266 perpetua
526 3208 631 3259 est,
667 3214 829 3268 usque
847 3201 1033 3254 calore
1062 3200 1208 3254 illius
1240 3210 1552 3271 aggravata.
1584 3200 1830 3269 Evange-
1874 3260 1879 3273 ,

1936 579 2182 649 virginis.
2236 578 2420 633 Lectio
2470 579 2594 633 libri
2654 580 2969 651 Sapientim.
3020 580 3078 633 In
3136 580 3387 632 omnibus
3443 592 3531 631 rc-

1931 672 2113 741 quiem
2143 672 2387 741 qna’sivi.
2416 688 2575 743 usque
2600 672 2751 729 dedit
2772 675 3099 729 suavitatem
3124 672 3331 727 odoris.
3359 671 3531 725 Evan-

1930 762 2130 834 geiium
2181 765 2479 819 secundum
2514 765 2709 821 Lucam
2750 782 2870 836 cap.
2905 783 2989 832 ιιι,
3037 765 3263 833 Accepit
3303 764 3525 820 Simeon

1929 855 2112 911 Jesum
2147 856 2199 910 in
2238 857 2394 910 ulnas
2436 873 2586 923 suas,
2622 874 2781 927 usque
2810 859 2986 929 gratia
3017 857 3110 913 Dei
3144 866 3263 912 erat
3309 858 3361 909 in
3412 855 3527 909 illo.

1932 947 2063 1003 item
2094 948 2238 1004 aliud
2268 950 2629 1021 Evangelium
2658 950 2958 1007 secundum
2988 952 3211 1019 Lucam,
3237 951 3530 1021 Postquam

1930 1040 2048 1097 dies
2078 1043 2415 1114 purgationis
2447 1043 2589 1114 ejus,
2641 1061 2803 1115 usque
2831 1044 3064 1116 gloriam
3111 1045 3285 1114 plebis
3318 1051 3424 1098 tum
3454 1042 3533 1096 ls-

1932 1137 2068 1193 rael.

2002 1246 2057 1284 ιιι
2086 1246 2215 1284 non.
2242 1230 2548 1285 Februarii.
2604 1230 2792 1287 Lectio
2817 1232 2941 1287 libri
2975 1231 3275 1287 Geneseos.
3321 1231 3378 1285 in
3407 1229 3523 1286 die-

1932 1321 2035 1379 bus
2067 1324 2175 1379 illis
2206 1324 2610 1380 Melchisedech
2645 1341 2740 1380 rex
2769 1325 2955 1381 Salem
2988 1328 3229 1380 occurrit
3280 1321 3520 1379 Abraha-

1930 1430 2020 1473 mo
2051 1433 2077 1471 a
2110 1420 2258 1475 cmde
2290 1434 2479 1490 regum
2509 1420 2834 1485 revertenti,
2869 1435 3062 1490 panem
3096 1419 3402 1490 proferens,
3436 1433 3533 1489 pa-

1931 1518 2054 1567 nem
2086 1519 2141 1567 et
2165 1512 2373 1579 vinum,
2399 1530 2562 1585 usque
2583 1523 2895 1584 reputatum
2919 1523 3004 1570 est
3038 1512 3117 1568 illi
3142 1514 3210 1569 ad
3239 1513 3524 1581 inalitiain.

1931 1602 2284 1674 Evangeliurn
2340 1605 2639 1660 secundum
2710 1605 2950 1660 Marcum
3008 1621 3127 1669 cap.
3178 1619 3261 1658 xu
3298 1644 3311 1667 ,
3378 1603 3524 1656 Dixit

1931 1694 2089 1751 Jesus
2131 1696 2413 1767 discipulis
2461 1698 2573 1753 suis
2631 1710 2690 1754 et
2740 1697 2913 1753 turbis
2949 1742 2963 1765 ,
3020 1704 3183 1767 usque
3228 1696 3533 1752 disserebat

1934 1805 2141 1844 Olnlilﬂ.

1862 1864 1905 1945 ﬁ
2007 1880 2188 1935 Pridie
2236 1896 2365 1936 non.
2412 1879 2719 1938 Februarii.
2764 1883 2954 1938 Lectio
2981 1882 3102 1937 libri
3130 1882 3433 1938 Geneseos.
3467 1880 3526 1941 lit

1934 1971 2126 2026 diebus
2155 1973 2282 2037 illis,
2321 1983 2606 2043 postquam
2654 1977 2945 2046 nonaginta
2977 1986 3246 2029 annorum
3271 1978 3393 2031 esse
3419 1989 3533 2031 cm-

1935 2074 2091 2135 perat
2110 2065 2406 2131 Abraham,
2442 2083 2602 2138 usque
2619 2070 2825 2137 pariter
2846 2068 3155 2122 circumcisi
3184 2076 3329 2121 sunt.
3358 2069 3537 2122 Evan-

1933 2160 2133 2227 gelium
2186 2162 2483 2214 secundum
2555 2160 2753 2215 Lucum
2811 2175 2932 2231 cap.
2986 2175 3235 2225 Lxxvni,
3304 2160 3533 2215 Dicebat

1935 2250 2097 2308 Jesus
2126 2252 2441 2323 paraboiam
2472 2254 2793 2321 intendens,
2825 2271 2985 2325 usque
3018 2266 3214 2324 panem
3267 2253 3319 2308 in
3361 2264 3537 2323 regno

1936 2346 2052 2401 Dei.

2007 2438 2146 2496 Non.
2182 2441 2494 2496 Februarii.
2525 2442 2584 2497 in
2616 2442 2787 2498 natali
2817 2453 3023 2498 sanctae
3066 2444 3317 2514 Agathaa.
3352 2443 3542 2499 Lectio

1934 2533 2196 2603 Epistulae
2226 2535 2373 2590 beati
2409 2535 2562 2590 Pauli
2605 2536 2839 2606 apostoli
2887 2536 2953 2590 ad
3008 2535 3344 2592 Corinthios.
3404 2537 3540 2592 Fra-

1934 2638 2067 2696 tres,
2114 2628 2205 2699 qui
2244 2629 2532 2699 gloriatur,
2556 2630 2611 2685 in
2644 2631 2881 2685 [Domino
2909 2630 3200 2701 glorietur,
3245 2646 3410 2701 usque
3436 2645 3540 2686 ex-

1934 2722 2127 2778 hibere
2157 2722 2398 2778 Christo.
2458 2723 2822 2792 Evangei’ium
2874 2724 3173 2780 secundum
3218 2724 3533 2780 Matthaeum

1935 2826 2055 2885 cap.
2084 2817 2335 2883 CCLXVlii,
2368 2816 2514 2871 Dixit
2546 2817 2704 2871 Jesus
2733 2817 3020 2886 discipulis
3058 2817 3174 2871 suis
3206 2817 3526 2886 parabolam

1936 2907 2097 2976 hanc,
2131 2911 2308 2963 simile
2328 2919 2413 2964 est
2439 2925 2667 2981 regnum
2687 2912 2954 2967 caelorum
2981 2909 3173 2967 decem
3205 2910 3531 2982 virginibus,

1935 3016 2099 3069 usque
2127 3016 2308 3071 neque
2340 3004 2495 3056 hora.

2009 3096 2293 3152 Dominica
2335 3114 2387 3153 tv
2416 3108 2541 3167 post
2568 3094 3011 3169 Theophaniam.
3056 3097 3246 3154 Lectio
3278 3096 3537 3168 Epistulae

1939 3190 2082 3247 beati
2116 3192 2262 3246 Pauli
2310 3193 2542 3260 apostoli
2574 3192 2639 3247 ad
2672 3192 2973 3247 Romanos.
3031 3191 3276 3260 Fratres,
3335 3192 3537 3246 nemini

236 3289 353 3344 lium
382 3289 695 3346 secundum
745 3284 1060 3347 Mattbmum
1116 3308 1241 3364 cap.
1291 3310 1419 3361 cu,
1456 3294 1607 3349 Dixit
1666 3294 1829 3351 Jesus

1952 3283 2234 3354 quidquam
2266 3282 2536 3348 debeatis,
2560 3300 2721 3356 usque
2747 3285 3031 3356 plenitudo
3079 3300 3211 3354 ergo
3263 3286 3399 3355 legis
3444 3297 3528 3341 est

248 3383 511 3455 discipulis
542 3388 682 3449 suis,
715 3386 909 3443 Simile
934 3396 1020 3443 est
1048 3405 1276 3459 regnum
1306 3389 1573 3445 caelorum
1604 3390 1827 3447 thesau-

245 3491 306 3531 ro
339 3480 662 3535 absenndito
687 3481 738 3535 in
765 3498 920 3549 agro,
955 3500 1120 3554 usque
1140 3500 1280 3539 nova
1303 3496 1358 3539 et
1385 3496 1592 3541 vetera.

304 3571 587 3626 Dominica
620 3586 678 3628 ιιι
703 3581 825 3643 post
851 3574 1293 3644 Theophaniam.
1352 3578 1540 3634 Lectio
1569 3578 1833 3648 Epistolae

227 3660 371 3718 beati
395 3664 555 3718 Pauli
575 3667 810 3733 apomoli
833 3666 901 3721 ad
930 3667 1224 3725 Romanos.
1254 3669 1496 3740 Fratres,
1524 3674 1689 3726 nolite
1712 3687 1835 3729 esse

226 3756 555 3829 prudentes,
587 3766 755 3828 usque
786 3761 942 3816 vince
967 3763 1020 3816 in
1054 3762 1201 3817 bono
1220 3764 1444 3819 malum.
1478 3766 1831 3837 Evangelium

222 3851 535 3906 secunturut
580 3852 891 3908 Maii.th
927 3870 1047 3923 cap.
1081 3870 1209 3910 um
1234 3898 1249 3921 ,
1281 3857 1416 3911 Cum
1462 3858 1835 3915 descendisset

220 3944 393 3999 Jesus
414 3944 488 3998 de
512 3957 695 4000 mome
713 3989 726 4012 ,
753 3963 909 4016 usque
928 3957 1149 4004 sanatus
1184 3959 1265 4003 est
1299 3966 1435 4016 puer
1464 3952 1515 4004 in
1554 3952 1645 4005 illa
1673 3951 1829 4008 hora.

299 4052 359 4090 Iv
392 4034 501 4089 ktl.
538 4036 835 4092 Februarii.
882 4040 1068 4094 Lectio
1115 4040 1237 4095 libri
1268 4041 1570 4098 Geneseos.
1620 4043 1677 4097 in
1714 4045 1833 4100 die-4

222 4130 343 4183 bos
377 4126 488 4182 illis
515 4129 801 4185 descendit
832 4129 1104 4185 Abraham
1130 4133 1186 4186 in
1218 4130 1537 4205 Egyptum,
1562 4153 1725 4206 usque
1742 4153 1832 4192 ac-

220 4224 363 4293 cipe
390 4239 534 4287 eam,
583 4234 639 4279 et
688 4224 847 4279 vade.
877 4222 1255 4297 gEvangelium
1304 4228 1601 4283 secundum
1635 4229 1834 4286 Lucani

217 4328 358 4383 cap.
394 4326 564 4368 xxxiii
582 4355 597 4379 ,
621 4313 757 4370 Cum
786 4316 1109 4372 essetJesus
1132 4320 1187 4372 in
1213 4319 1454 4386 civitate,
1486 4338 1647 4391 usque
1666 4325 1735 4376 ab
1757 4323 1839 4381 iit-

221 4408 596 4464 ﬁrlnitatibus
618 4409 753 4465 suis.

310 4518 383 4557 mi
403 4502 512 4557 kal.
542 4503 853 4562 Februarii.
910 4504 1097 4562 Lectio
1126 4507 1251 4562 libri
1280 4508 1579 4565 Geneseos.
1614 4508 1675 4565 In
1717 4510 1836 4567 die:

224 4598 347 4653 bus
374 4595 486 4653 illis
514 4597 763 4652 ascendit
812 4598 1087 4653 Abraham
1140 4600 1210 4655 de
1258 4600 1519 4672 IEgypto,
1553 4618 1715 4672 usque
1743 4619 1837 4660 ve-

226 4690 523 4745 nientibus
553 4690 619 4744 ad
650 4691 841 4761 Segor.
874 4692 1227 4762 Evangelium
1274 4693 1573 4748 secundum
1600 4696 1836 4752 Marcum
1868 4670 1919 4732 θ

222 4799 363 4853 cap.
399 4799 587 4847 xxxvi,
616 4785 793 4855 Coepit
816 4782 975 4841 Jesus
998 4786 1198 4842 docere
1225 4788 1293 4841 ad
1325 4804 1498 4856 mare,
1555 4807 1720 4862 usque
1746 4795 1838 4865 qui

232 4878 419 4933 habet
439 4893 603 4933 aures
631 4877 887 4934 audiendi
913 4878 1117 4935 audiat.

316 4969 504 5025 Pridie
542 4970 654 5026 kal.
691 4972 997 5028 Februarii.
1040 4974 1228 5031 Lectio
1276 4975 1398 5031 libri
1451 4976 1751 5034 Geneseos.
1782 4979 1840 5036 In

230 5064 439 5121 diebus
461 5065 567 5118 illis
598 5065 735 5120 dixit
767 5065 1028 5122 Dominus
1055 5068 1123 5121 ad
1146 5069 1416 5124 Abraham
1442 5082 1727 5142 postquam
1759 5072 1841 5127 di-

232 5160 395 5213 visus
422 5166 529 5222 est,
563 5174 723 5227 usque
750 5159 1040 5215 rediticavit
1091 5162 1161 5217 ibi
1188 5162 1359 5217 altare
1392 5164 1639 5219 Domino.
1666 5165 1846 5220 Evan-

234 5252 448 5322 gelimn
480 5252 781 5306 secundum
816 5252 1128 5308 “animum
1165 5269 1284 5325 cap.
1337 5271 1529 5325 Lxxtv,
1562 5257 1846 5327 Loquente

240 5345 378 5399 Jesu
410 5345 476 5396 ad
522 5345 728 5412 turbas,
762 5362 921 5416 usque
947 5347 998 5400 in
1026 5348 1340 5403 universam
1375 5359 1572 5404 terram
1594 5350 1768 5405 illam.

317 5437 441 5491 Kal.
479 5436 781 5493 Februarii;
808 5438 863 5493 In
897 5438 1063 5494 natali
1088 5452 1297 5497 sanctae
1328 5442 1564 5513 Brigida:
1594 5446 1845 5515 virginis.

246 5533 442 5589 Lectio
471 5532 597 5587 libri
643 5534 955 5604 Sapientia.
986 5536 1251 5592 Creatura
1282 5539 1375 5594 tibi
1428 5539 1623 5595 facturi
1651 5542 1845 5595 deser-

249 5630 431 5692 viens,
458 5642 623 5698 atque
652 5627 837 5700 Magna
859 5630 1005 5685 enim
1046 5643 1172 5686 sunt
1200 5631 1405 5701 iudicia
1440 5642 1551 5698 tua,
1598 5634 1851 5701 Domine,

252 5732 309 5775 et
362 5720 748 5778 iuerurrsbiiia
804 5738 967 5794 opera
998 5734 1111 5779 tua.
1165 5725 1516 5795 Evangeliom
1548 5728 1852 5783 secundum

260 5817 466 5871 Lucam
490 5832 612 5889 cap.
646 5831 829 5885 ιιιιι,
849 5819 999 5874 Dixit
1024 5820 1183 5875 Jesus
1204 5821 1488 5891 discipulis
1516 5823 1651 5891 suis,
1682 5808 1857 5879 Nemo

272 5911 578 5971 accendens
610 5914 905 5984 lucernam,
939 5930 1101 5985 usque
1138 5914 1415 5974 auferetur
1435 5916 1505 5974 ab
1534 5918 1648 5974 illo.

1934 3376 2180 3433 dilectio.
2234 3377 2598 3453 Evangelium
2647 3379 2948 3433 secundum
3017 3376 3332 3432 Matthcum
3397 3394 3523 3445 cap.

1935 3482 2082 3537 thx,
2142 3470 2490 3527 Ascendente
2548 3470 2682 3526 Je‘su
2732 3470 2787 3526 in
2837 3470 3087 3527 navicula
3120 3515 3135 3539 ,
3188 3486 3349 3542 usque
3402 3470 3536 3527 obe-

1936 3566 2094 3621 diunt
2126 3565 2199 3621 ei.

2009 3697 2106 3736 vin
2134 3681 2256 3737 idus
2291 3678 2600 3737 Februarii.
2630 3679 2820 3741 Lectio
2844 3680 2967 3737 libri
2996 3680 3297 3737 Geneseos.
3330 3681 3386 3734 in
3418 3676 3533 3736 die-

1936 3770 2039 3831 bus
2072 3775 2179 3830 illis
2225 3777 2475 3845 apparuit
2536 3775 2799 3831 Dominus
2853 3778 3136 3832 Abraham
3188 3776 3240 3830 in
3290 3775 3539 3830 convalle

1933 3870 2200 3934 Mambre,
2232 3887 2413 3941 usque,
2448 3869 2542 3925 sed
2589 3871 2799 3928 resisti.
2850 3869 3208 3940 Evangelium
3235 3868 3539 3927 secundum

1937 3946 2175 4016 liiarcum
2208 3978 2330 4031 cap.
2366 3978 2533 4025 ηνιι,
2562 3962 2721 4018 Venit
2752 3963 2915 4018 Jesus
2952 3970 3104 4016 trans
3142 3962 3339 4017 fretum
3378 3963 3429 4016 in
3459 3977 3547 4018 re-

1939 4057 2101 4126 gione
2127 4055 2555 4119 Gerasenorum,
2591 4071 2756 4125 usque
2784 4064 2839 4110 et
2866 4055 3137 4111 misertus
3164 4063 3249 4110 est
3277 4054 3377 4115 tui.

2012 4164 2085 4204 vn
2114 4148 2237 4211 idus
2277 4148 2589 4204 Februarii.
2625 4148 2815 4205 Lectio
2848 4148 2969 4203 libri
3002 4147 3305 4204 Geneseos.
3339 4144 3398 4202 in
3422 4147 3540 4202 die-

1942 4238 2043 4295 bus
2070 4239 2181 4297 illis
2208 4239 2351 4301 dixit
2400 4239 2667 4296 Dominus
2712 4239 2781 4296 ad
2814 4241 3117 4306 Abraham,
3172 4239 3309 4295 Num
3362 4238 3546 4296 celare

1944 4338 2138 4404 potero
2170 4334 2267 4388 tibi
2300 4350 2421 4405 quae
2444 4343 2698 4406 gesturus
2728 4348 2873 4404 sum,
2900 4349 3058 4403 usque
3084 4340 3138 4387 et
3160 4332 3255 4387 ille
3283 4346 3539 4387 reversus

1943 4436 2031 4482 est
2060 4429 2112 4483 in
2144 4427 2323 4482 locum
2356 4443 2537 4482 suum.
2600 4425 2961 4497 Evangelium
2994 4423 3291 4479 secundum
3338 4422 3540 4483 Lucam

1945 4534 2066 4593 cap.
2121 4538 2290 4588 LXVII,
2336 4521 2562 4577 Factum
2614 4528 2699 4575 est
2753 4519 3045 4589 deinceps,
3111 4516 3222 4571 ibat
3275 4516 3439 4571 Jesus
3491 4517 3547 4572 in

1947 4617 2221 4673 civitatem
2251 4632 2373 4686 qua:
2402 4625 2627 4670 vocatur
2647 4610 2825 4677 Naim,
2856 4628 3017 4681 usque
3041 4609 3257 4679 plebem
3287 4623 3468 4664 suam.

2021 4724 2073 4763 vt
2124 4708 2244 4763 idus
2284 4705 2592 4762 Februarii.
2634 4706 2688 4759 In
2731 4704 2894 4759 natali
2924 4705 2982 4758 S.
3026 4702 3249 4757 Thoma:
3291 4700 3544 4781 apostoli.

1948 4800 2136 4859 Lectio
2167 4799 2428 4869 Epistolze
2452 4799 2591 4853 beati
2612 4796 2763 4851 Pauli
2783 4796 3013 4865 apostoli
3038 4795 3105 4851 ad
3124 4794 3409 4867 Ephesios,
3428 4793 3546 4849 Jam

1949 4912 2057 4952 non
2101 4894 2232 4949 estis
2279 4892 2523 4961 hospites
2573 4900 2626 4946 ct
2673 4888 2931 4955 advenre,
2965 4906 3126 4960 usque
3179 4880 3548 4942 habitaculum

1951 4987 2053 5044 Dei
2076 4987 2130 5041 in
2162 4985 2368 5056 Spiritu
2394 4992 2605 5039 sancto.
2664 4982 3018 5051 Evangelium
3048 4979 3350 5036 secundum
3378 4980 3550 5034 Joan-

1951 5095 2075 5135 nem
2106 5094 2223 5149 cap.
2253 5093 2473 5143 cxxxrv,
2512 5074 2627 5131 Hoc
2653 5084 2739 5131 est
2776 5083 3108 5145 prmceptum
3162 5087 3367 5139 meum,
3393 5088 3555 5143 usque

1960 5175 2195 5231 oderunt
2222 5187 2310 5227 me
2334 5170 2529 5242 gratis.

2030 5286 2061 5323 v
2084 5266 2206 5321 idus
2233 5264 2538 5320 Februarii.
2560 5261 2753 5318 Lectio
2784 5259 2909 5315 libri
2934 5258 3238 5315 Geneseos.
3268 5256 3327 5313 in
3360 5257 3559 5315 diebus

1959 5359 2068 5415 illis
2097 5366 2367 5414 venerunt
2388 5356 2497 5410 duo
2528 5355 2706 5426 angeli
2757 5352 3076 5417 Sodomam,
3104 5367 3267 5427 usque
3288 5349 3431 5406 Loth
3480 5352 3563 5406 in-

1958 5464 2180 5524 gressus
2227 5459 2312 5504 est
2358 5448 2550 5518 Segor.
2598 5444 2952 5516 Evangeiium
2998 5442 3297 5500 secundum
3357 5443 3557 5499 Lucam

1963 5558 2085 5615 cap.
2118 5556 2309 5609 um,
2334 5540 2567 5612 cogebat
2588 5537 2776 5595 Jesum
2806 5536 3027 5609 quidam
3045 5537 3378 5606 Pharisaeus,
3403 5553 3565 5607 usque

1964 5636 2157 5695 dilexit
2177 5634 2432 5690 multum.

2039 5748 2087 5787 rv
2120 5730 2241 5787 idus
2268 5725 2573 5783 Februarii.
2602 5725 2661 5779 in
2684 5722 2855 5779 natali
2873 5732 3187 5780 sanctorum
3210 5721 3405 5790 Zotici,
3432 5721 3570 5779 Ere-

1970 5825 2079 5892 nei,
2134 5820 2387 5887 Jacincti,
2421 5818 2658 5886 Amanti,
2688 5825 2743 5872 et
2772 5816 3004 5873 Soteris.
3060 5816 3249 5871 Lecno
3291 5813 3414 5871 libri
3462 5814 3569 5871 Sa-

1971 5918 2221 5991 pientiae.
2261 5908 2455 5973 Omnis
2493 5920 2747 5971 creatura
2769 5909 2839 5968 ab
2870 5909 3029 5968 initio
3072 5906 3141 5966 ad
3186 5922 3347 5970 suum
3400 5923 3578 5981 genus
