3918 6294
458 314 568 376 ιθδ

1467 311 1528 369 S.
1572 308 1953 369 HlERONYMI
1990 303 2276 379 OPERUM
2313 302 2683 367 MANTISSA.

3594 318 3687 378 £96

450 435 869 509 reﬁgurabatur,
900 449 1065 507 usque
1112 431 1376 489 assistens
1422 431 1524 488 eis.
1580 431 1937 504 Evangelium
1969 445 2056 486 se-
2078 429 2134 491 Α
2159 428 2423 500 separatis
2450 428 2593 482 inter
2630 439 2691 481 se
2730 417 3003 495 gregibus.
3041 417 3379 494 Evangelium
3426 429 3684 489 secundum

452 530 695 588 cundum
742 530 943 586 Lucam
976 543 1103 599 cap.
1162 542 1276 593 ειν,
1330 524 1555 581 Factum
1588 535 1669 581 est
1698 534 1878 580 autem
1924 525 2053 580 dum

457 627 861 697 complerentur
891 623 1010 679 dies
1065 619 1458 692 assumptionis
1488 619 1616 676 Jesu
1642 661 1658 688 ,
1703 637 1864 691 usque
1907 618 2054 674 abie-

454 730 586 778 runt
606 722 659 776 in
680 719 826 777 aliud
856 717 1174 776 castellum.

530 830 588 869 ιιι
610 812 730 867 idus
786 810 1090 868 Februarii.
1137 809 1332 866 Lectio
1369 808 1497 865 libri
1525 806 1827 864 Geneseos.
1857 805 1918 863 In
1940 806 2056 863 die-

450 906 558 963 bus
602 906 706 961 illis
753 903 1031 976 profectus
1065 913 1152 961 est
1192 902 1470 959 Abraham
1504 903 1559 957 in
1596 910 1796 957 terram
1828 908 2050 955 austra-

449 998 583 1066 lem,
608 999 771 1067 usque
807 1012 931 1053 cum
965 996 1079 1052 ﬁlio
1110 1010 1235 1051 meo
1263 994 1432 1049 Isaac.
1480 993 1832 1064 Evangelium
1859 1006 2055 1047 secun—

454 1090 586 1145 dum
608 1090 849 1145 Marcum
874 1104 998 1160 cap.
1024 1094 1178 1157 Lxm,
1212 1086 1415 1142 Exiens
1436 1086 1599 1141 Jesus
1620 1086 1687 1141 de
1718 1085 1865 1151 navi,
1890 1100 2053 1156 usque

452 1184 587 1240 abiit
608 1185 663 1239 iu
694 1194 933 1239 montem
958 1199 1145 1239 orare.

525 1277 709 1333 Pridie
758 1277 881 1333 idus
928 1276 1235 1333 Februarii.
1286 1277 1476 1332 Lectio
1507 1274 1631 1332 libri
1662 1273 1959 1329 Geneseos.
1992 1271 2050 1327 In

452 1372 646 1429 diebus
668 1370 777 1426 illis
815 1370 1145 1442 deprecatus
1178 1379 1264 1426 est
1297 1370 1448 1425 Isaac
1474 1369 1761 1423 Dominum
1787 1382 1887 1437 pro
1914 1380 2051 1420 uxo-

448 1483 510 1522 re
533 1480 651 1534 sua,
673 1480 833 1535 usque
858 1463 1260 1534 parvipendcns
1311 1462 1459 1532 quod
1521 1461 1885 1532 primogenita
1916 1473 2052 1514 ven-

452 1558 702 1614 didisset.
764 1556 1121 1628 Evangelium
1188 1555 1488 1611 secundum
1556 1552 1865 1608 Matthaeum
1925 1566 2048 1622 cap.

451 1668 617 1719 vatt,
651 1649 897 1721 VeSpere
946 1659 1131 1706 autem
1162 1649 1331 1718 facto,
1392 1666 1552 1719 usque
1594 1649 1833 1718 quinque
1875 1645 2050 1701 millia

447 1748 758 1804 hominum.

2158 520 2362 578 Lucam
2393 535 2516 591 cap.
2549 532 2767 585 cxxxtv,
2814 515 2956 571 Dixit
2976 513 3132 570 Jesus
3162 514 3427 587 discipulis
3448 522 3569 591 suis,
3596 522 3686 579 Lu-

2160 631 2322 671 cerna
2346 612 2595 684 corporis
2624 610 2699 666 tui
2721 617 2805 665 cst
2824 607 3013 665 oculus
3046 618 3189 678 tuus,
3211 624 3362 681 usque
3377 610 3576 669 lucerna
3602 616 3685 671 lul-

2159 708 2309 781 goris
2339 704 2666 763 illuminabit
2698 711 2771 760 te.

2233 802 2511 857 Dominica
2540 801 2596 855 in
2618 796 3056 871 Septuagesima.
3084 793 3268 854 Lectio
3296 797 3533 871 Epistolze
3568 801 3693 859 beati

2158 894 2309 952 Pauli
2339 892 2569 966 apostoli
2599 892 2666 948 ad
2690 892 3031 949 Corinthios;
3080 889 3316 960 Fratres,
3347 893 3554 949 nescitis
3574 895 3695 965 quod

2158 988 2213 1045 bi
2261 989 2352 1060 qui
2396 988 2449 1043 in
2489 986 2665 1043 stadio
2710 994 2955 1053 currunt,
3014 1002 3185 1059 usque,
3214 994 3360 1055 petra
3403 995 3566 1042 autem
3603 997 3701 1044 erat

2157 1083 2433 1140 Christus.
2460 1081 2818 1153 Evangelium
2850 1081 3148 1138 secundum
3172 1081 3471 1137 Matthazum
3492 1097 3603 1154 cap.
3627 1099 3699 1151 cc,

2160 1177 2309 1235 Dixit
2332 1178 2491 1233 Jesus
2514 1176 2799 1246 discipulis
2832 1176 2967 1243 suis,
2990 1173 3180 1231 Simile
3208 1182 3293 1230 est
3330 1190 3542 1247 regnum
3560 1177 3702 1233 ctelo-

2158 1291 2276 1333 rum
2302 1272 2508 1329 homini
2538 1271 2937 1345 patrifamilias,
2975 1287 3133 1343 usque
3154 1270 3309 1341 pauci
3346 1270 3517 1327 electi.

2232 1387 2263 1425 χ
2294 1368 2407 1423 kal.
2457 1367 2655 1423 Martii.
2701 1366 2889 1423 Lectio
2937 1364 3065 1421 libri
3108 1364 3396 1422 Geneseos.
3444 1364 3498 1420 ln
3544 1364 3704 1423 diebus

2156 1464 2289 1532 illis,
2319 1462 2535 1535 quando
2555 1462 2734 1533 primo
2760 1470 3008 1533 tempore
3026 1460 3391 1517 ascendebant
3411 1476 3553 1525 oves,
3574 1478 3705 1532 usque

2158 1573 2394 1631 pergens
2427 1557 2495 1612 ad
2524 1556 2677 1613 Isaac
2716 1567 2925 1626 patrem
2967 1570 3127 1610 suum
3182 1555 3238 1610 in
3287 1563 3426 1610 terra
3460 1552 3705 1610 Chanaan.

2158 1653 2519 1725 Evangelium
2561 1650 2866 1707 secundum
2899 1650 3100 1708 Lucam
3134 1634 3277 1720 cap:
3297 1665 3470 1716 crux,
3516 1648 3598 1704 Ait
3634 1649 3705 1706 leo

2156 1763 2219 1804 su
2244 1747 2464 1819 quidam
2493 1746 2562 1802 de
2589 1747 2744 1803 turba
2775 1762 2789 1800 :
2822 1745 3100 1816 Magister,
3130 1744 3217 1799 die
3247 1743 3395 1800 fratri
3418 1759 3552 1813 meo,
3578 1760 3707 1815 usque

522 1841 804 1899 Dominica
829 1856 862 1896 v
900 1849 1026 1909 post
1065 1839 1497 1911 Theophaniam.
1547 1837 1739 1894 Lectio
1790 1835 2053 1908 Epistolae
2084 1831 2134 1894 B
2159 1843 2249 1914 qui
2274 1842 2376 1898 sibi
2409 1840 2767 1908 thesaurizat,
2794 1855 2903 1895 non
2935 1849 3022 1895 est
3042 1839 3219 1909 dives,
3245 1839 3298 1895 in
3326 1839 3506 1895 Deum.

448 1937 601 1996 beati
628 1936 784 1993 Pauli
827 1936 1060 2007 apostoli
1116 1936 1185 1991 ad
1215 1934 1760 1993 Thessalonicenses.
1801 1932 2047 1999 Fratres,

370 2088 371 2095 η
449 2031 662 2089 induite
691 2045 791 2086 vos
817 2031 957 2086 sicut
986 2030 1082 2085 Dei
1112 2029 1307 2096 electi,
1337 2045 1499 2100 usque
1526 2043 1626 2098 per
1673 2025 1859 2082 Jesum
1889 2021 2053 2079 Chri-

448 2134 593 2182 stum
645 2124 936 2180 Dominum
997 2132 1269 2178 nostrum.
1318 2120 1678 2192 Evangelium
1750 2116 2051 2174 secundum

448 2218 764 2275 Matthteum
791 2232 913 2287 cap.
948 2231 1033 2283 cv,
1058 2216 1382 2287 Respiciens
1402 2214 1565 2271 Jesus
1592 2212 1753 2278 dixit,
1777 2210 2055 2267 Confiteor

451 2313 573 2381 tibi,
608 2312 789 2377 Pater,
818 2310 1051 2365 Domine
1076 2310 1230 2378 caeli,
1272 2324 1433 2379 usque
1463 2322 1601 2361 onus
1627 2320 1807 2360 meum
1840 2303 1978 2359 leve.

519 2405 646 2462 Idus
668 2402 1187 2460 Februarii.Lectio
1214 2401 1344 2457 libri
1392 2400 1692 2458 Geneseos.
1744 2398 1804 2453 In
1860 2398 2053 2455 diebus

452 2498 562 2555 illis
605 2507 730 2552 orta
785 2504 970 2551 autem
1021 2495 1162 2550 fame
1206 2509 1371 2563 super
1413 2504 1643 2560 terram,
1688 2507 1850 2562 usque
1874 2490 2054 2547 donec

448 2604 683 2660 magnus
739 2586 1095 2644 vehementer
1142 2586 1370 2643 ell'ectus
1418 2595 1525 2643 est.
1559 2585 1911 2655 Evangelium
1961 2597 2052 2641 se-

450 2682 689 2740 cundum
734 2680 818 2737 Ma
833 2682 1056 2735 tthaeum
1088 2695 1209 2751 cap.
1261 2695 1383 2736 οων
1408 2722 1424 2749 ,
1457 2681 1821 2735 Accesserunt
1866 2676 1934 2731 ad
1961 2676 2055 2732 Je-

448 2791 573 2833 sum
602 2775 671 2830 ab
714 2772 1133 2845 Hierosolymis,
1184 2790 1346 2845 usque
1384 2788 1490 2831 non
1520 2769 1834 2841 coinquinat
1874 2768 2052 2825 homi-

449 2884 601 2926 nem.

521 2963 611 3019 xvi
638 2960 749 3019 kal.
782 2959 983 3017 Martii.
1010 2958 1071 3015 In
1093 2956 1256 3013 natali
1286 2966 1599 3013 sanctorum
1629 2957 1924 3025 Valentini,
1950 2957 2050 3014 Vi-

445 3058 593 3125 talis,
627 3054 901 3121 Feliculaa,
933 3061 989 3109 et
1029 3051 1288 3108 Zenonis.
1343 3050 1531 3107 Lectio
1561 3051 1684 3106 libri
1730 3050 2047 3122 Sapientia).

446 3152 753 3209 Metuentes
778 3146 1090 3212 Dominum,
1127 3146 1395 3201 sustinete
1441 3144 1877 3200 misericordiam
1907 3145 2055 3214 ejus,

2226 1951 2280 1991 ix
2311 1933 2421 1990 kal.
2448 1933 2646 1990 Martii.
2689 1931 2881 1988 Lectio
2923 1931 3050 1988 libri
3095 1933 3393 1989 Geneseos.
3445 1930 3502 1985 ln
3548 1928 3706 1987 diebus

2153 2030 2298 2097 illis,
2350 2039 2599 2100 tempore
2636 2043 2743 2100 quo
2772 2027 2952 2085 Laban
2985 2028 3125 2084 ierat
3152 2028 3223 2084 ad
3256 2026 3543 2083 tondendas
3569 2040 3707 2091 oves,

2153 2143 2315 2197 usque
2372 2138 2627 2181 reversus
2675 2130 2762 2180 est
2807 2123 2863 2179 in
2919 2122 3099 2179 locum
3156 2137 3339 2178 suum.
3396 2118 3708 2191 Evangelium

2154 2217 2455 2275 secundum
2477 2216 2679 2273 Lucam
2703 2229 2824 2285 cap.
2852 2230 2973 2271 cur
2992 2256 3007 2280 ,
3030 2214 3233 2272 Servus
3260 2214 3350 2285 qui
3379 2212 3615 2283 cognovit
3637 2225 3711 2266 vo-

2153 2313 2419 2370 luntatem
2447 2310 2657 2368 domini
2681 2309 2786 2377 sui,
2814 2326 2973 2383 usque
2991 2319 3049 2366 et
3068 2325 3241 2365 nurus
3259 2309 3313 2364 in
3341 2323 3546 2366 socrum
3566 2321 3708 2363 suam.

2226 2424 2320 2463 vut
2370 2406 2481 2461 kal.
2514 2406 2712 2461 Martii.
2747 2405 2805 2461 In
2835 2403 3095 2460 cathedra
3128 2404 3307 2459 sancti
3347 2402 3512 2458 Petri.
3552 2401 3707 2457 Lectio

2154 2501 2280 2559 libri
2311 2499 2627 2572 Sapientizn.
2659 2498 2784 2567 Fili,
2813 2499 2867 2555 in
2898 2498 3327 2554 mansuetudine
3353 2496 3546 2567 perﬁce
3578 2508 3711 2565 opera

2159 2605 2253 2653 tua
2280 2639 2295 2664 ,
2347 2611 2508 2661 usque
2562 2593 2819 2651 exaudiet
2864 2601 3043 2648 autem
3089 2607 3216 2647 eum
3264 2592 3358 2663 qui
3399 2588 3523 2646 fecit
3564 2586 3709 2641 illum.

2157 2690 2515 2761 Evangelium
2555 2686 3101 2749 secundumLucam
3135 2700 3261 2757 cap.
3286 2698 3465 2741 cum
3486 2724 3501 2751 ,
3525 2680 3715 2737 Dicebat

2158 2784 2317 2841 Jesus
2351 2826 2367 2851 ,
2420 2780 2520 2839 Cui
2568 2791 2653 2839 est
2696 2780 2877 2837 simile
2916 2794 3148 2850 regnum
3175 2777 3317 2848 Dei,
3366 2792 3521 2849 usque
3547 2773 3716 2831 stridor

2234 2877 2425 2932 ntium.

2234 2877 2425 2932 ntium.

2158 2877 2306 3026 deVll
2357 2968 2467 3025 kal.
2501 2966 2701 3024 Martii.
2733 2965 2921 3023 Lectio
2961 2965 3089 3022 libri
3130 2966 3432 3023 Geneseos.
3462 2962 3518 3019 In
3558 2959 3718 3017 diebus

2159 3063 2265 3121 illis
2298 3062 2429 3117 abiit
2471 3060 2641 3117 Jacob
2678 3060 2871 3115 itinere
2900 3074 3011 3131 quo
3038 3067 3289 3129 coeperat
3314 3099 3331 3123 ,
3370 3072 3523 3127 usque
3554 3059 3719 3124 quanto

2160 3158 2339 3228 magis
2383 3164 2571 3211 contra
2617 3154 2869 3208 homines
2904 3151 3248 3223 praevalebit.
3297 3146 3631 3222 Evangelium
3653 3158 3719 3199 se-

448 3260 612 3315 πεηυε
629 3242 708 3299 Sic
734 3250 791 3298 ει
815 3239 1193 3296 misericordia
1224 3238 1344 3309 eius
1396 3253 1521 3294 cum
1548 3254 1637 3293 εο-
1691 3238 2051 3310 Evangelium
2084 3226 2132 3292 (ἶ
2161 3226 2395 3307 cundum
2418 3250 2618 3305 Lucam
2647 3263 2768 3320 cap.
2805 3263 3007 3312 cum,
3039 3246 3198 3303 Dixit
3226 3247 3386 3303 Jesus
3406 3244 3587 3309 turbis,
3611 3239 3716 3297 Cum

448 3336 748 3395 secundum
776 3334 981 3390 Lucam
1028 3348 1153 3403 cap.
1186 3347 1333 3398 κει-ι,
1368 3330 1595 3387 Dicebat
1624 3330 1786 3386 Jesus
1814 3330 2054 3401 discipu-

447 3431 521 3487 lis
548 3429 684 3496 suis,
712 3427 771 3483 Si
825 3426 948 3499 quis
977 3426 1119 3497 Lvult
1167 3432 1289 3495 post
1326 3439 1418 3479 me
1468 3422 1677 3490 venire,
1733 3440 1898 3495 usque
1958 3424 2055 3479 do-

451 3540 556 3581 nec
582 3523 765 3579 veniat
796 3535 1026 3591 regnum
1052 3519 1173 3573 Dei.

530 3637 597 3674 xv
626 3616 735 3671 kal.
769 3615 964 3671 Martii.
1008 3612 1197 3669 Lectio
1226 3613 1349 3669 libri
1397 3613 1698 3671 Geneseos.
1754 3613 1813 3670 In
1864 3614 2056 3672 diebus

452 3714 567 3773 illis
620 3724 876 3784 egressus
903 3707 1072 3764 Jacob
1103 3706 1171 3762 de
1200 3706 1489 3773 Bersabee,
1523 3724 1685 3779 usque
1708 3706 1950 3764 decimas
1978 3708 2059 3763 of-

452 3808 628 3863 feram
680 3803 801 3860 tibi.
872 3800 1227 3871 Evangelium
1300 3800 1604 3857 secundum
1658 3798 1863 3855 Lucam
1931 3815 2051 3869 cap.

454 3916 682 3968 Lxxxm,
734 3896 959 3953 Factum
990 3907 1075 3953 est
1111 3895 1167 3951 in
1208 3911 1315 3951 una
1363 3895 1599 3963 dierum,
1646 3911 1805 3966 usque
1847 3903 2054 3966 quanta

452 3996 564 4052 illis
596 3994 756 4051 Jesus
780 3991 1019 4047 fecisset.

526 4104 619 4142 xrv
646 4085 755 4140 kal.
791 4082 989 4139 Martii.
1017 4080 1209 4137 Natale
1237 4092 1557 4137 sanctorum
1600 4081 1847 4138 Onesimi
1879 4090 1935 4138 et
1961 4080 2058 4139 Ju-

456 4183 618 4239 liante
644 4180 896 4250 virginis.
928 4179 1115 4234 Lectio
1138 4178 1280 4245 llihri
1313 4178 1628 4248 Sapientire.
1663 4173 1793 4233 Filii
1842 4178 2059 4249 sapien-

457 4275 548 4328 tia:
588 4269 819 4327 ecclesia
863 4269 1135 4338 justorum
1170 4309 1185 4334 ,
1233 4284 1394 4338 usque
1439 4268 1653 4339 justitia
1699 4267 2061 4323 mdiﬁcabitur

454 4362 576 4420 tibi.
625 4360 981 4431 Evangelium
1032 4356 1336 4413 secundum
1388 4356 1705 4413 Matthteum
1763 4373 1883 4430 cap.
1932 4375 2058 4413 cxn.

458 4458 612 4512 Dixit
640 4455 799 4512 Jesus
827 4452 1111 4524 discipulis
1139 4452 1251 4507 suis
1292 4452 1610 4523 parabolam
1643 4452 1787 4507 hanc
1822 4467 1837 4507 :
1869 4453 2064 4511 Simile

459 4562 546 4607 est
583 4564 812 4622 regnum
859 4547 1124 4604 ccelorum
1182 4546 1439 4603 thesauro
1487 4544 1841 4617 abscondito,
1899 4562 2063 4618 usque

457 4662 603 4703 nova
633 4654 688 4703 et
715 4653 924 4702 vetera.

536 4754 633 4794 xm
674 4738 787 4793 kal.
816 4737 1013 4793 Martii.
1035 4738 1090 4794 ln
1113 4738 1281 4793 natali
1306 4738 1479 4794 sancti
1502 4736 1773 4795 Policioni
1798 4740 2063 4812 episcopi.

459 4832 650 4890 Lectio
699 4831 824 4887 libri
877 4832 1175 4887 Geneseos.
1209 4831 1268 4886 1n
1297 4831 1492 4887 diebus
1534 4831 1641 4887 illis
1672 4833 1953 4903 profectus
1982 4842 2067 4889 est

458 4925 648 4991 Jacob,
700 4924 853 4985 venit
880 4923 947 4978 ad
972 4935 1175 4979 terram
1205 4924 1553 4991 orientalem,
1606 4942 1769 4995 usque
1817 4926 2065 4981 serviens

458 5022 605 5090 apud
658 5037 784 5078 eum
825 5029 1041 5093 septem
1104 5022 1282 5075 annis.
1349 5019 1704 5091 Evangelium
1757 5020 2063 5077 secundum

456 5116 699 5172 Marcum
740 5130 856 5187 cap.
918 5132 1086 5184 Lxxu,
1135 5116 1376 5186 Surgens
1425 5114 1582 5170 Jesus
1628 5116 1766 5171 abiit
1828 5118 1886 5171 in
1922 5117 2063 5170 lines

457 5210 613 5281 Tyri,
662 5227 822 5281 usque
868 5209 1203 5265 daemonium
1249 5210 1434 5266 exisse
1486 5210 1555 5264 ab
1612 5226 1700 5266 eo.

529 5318 605 5356 xu
633 5300 745 5355 kal.
774 5301 972 5358 Martii.
1005 5301 1190 5359 Lectio
1241 5301 1361 5357 libri
1412 5301 1710 5358 Geneseos.
1747 5302 1812 5358 In
1861 5300 2056 5359 diebus

451 5398 565 5456 illis
591 5396 784 5453 videns
809 5396 1076 5453 Dominus
1106 5396 1253 5469 quod
1298 5396 1607 5466 despiceret
1651 5398 1824 5455 Jacob
1880 5396 2061 5466 Liam,

451 5507 613 5561 usque
634 5489 930 5562 appellavit
950 5505 1077 5547 eum
1101 5492 1291 5547 Asser.
1335 5490 1693 5562 Evangelium
1752 5492 2061 5549 secundum

448 5583 654 5639 Lucam
683 5598 803 5653 cap.
837 5598 1026 5652 cxvm,
1064 5583 1366 5638 Exsultavit
1399 5583 1561 5639 Jesus
1586 5584 1641 5640 in
1673 5586 1877 5657 spiritu
1936 5600 2063 5641 san-

449 5688 561 5745 cto,
588 5693 753 5749 usque
781 5676 974 5732 audire
993 5691 1113 5747 quae
1144 5676 1374 5732 audistis
1392 5686 1448 5732 et
1477 5692 1585 5733 non
1625 5678 1954 5735 audierunt.

516 5788 572 5825 xi
602 5771 714 5827 kal.
747 5771 945 5827 Martii.
1002 5768 1188 5827 Lectio
1238 5769 1363 5824 libri
1406 5769 1709 5828 Geneseos.
1751 5772 1815 5829 In
1872 5771 2063 5827 diebus

443 5864 551 5922 illis
578 5880 835 5939 egressus
873 5866 1065 5931 Ruben
1108 5872 1354 5939 tempore
1402 5866 1595 5928 messis
1640 5868 1845 5943 tritici,
1904 5884 2065 5943 usque

2161 3343 2409 3399 videritis
2437 3342 2712 3399 Abraham
2732 3387 2748 3411 ,
2796 3358 2959 3412 usque
2984 3356 3093 3397 non
3119 3342 3271 3413 capit
3298 3339 3553 3412 propheta
3579 3334 3716 3408 perire

2161 3447 2315 3495 extra
2345 3436 2705 3493 Hierusalem.

2232 3547 2288 3585 vt
2344 3529 2450 3586 kal.
2499 3528 2699 3586 Martii.
2739 3528 2929 3585 Lectio
2956 3528 3083 3585 libri
3121 3527 3430 3586 Geneseos.
3474 3525 3530 3581 lu
3565 3519 3708 3579 diebus

2165 3624 2274 3681 illis
2314 3622 2672 3693 interrogavit
2699 3622 2867 3679 Jacob
2891 3623 3143 3693 angelum
3168 3622 3268 3694 qui
3296 3620 3585 3679 luctabatur
3614 3626 3701 3670 cum

2165 3732 2232 3774 eo
2263 3758 2278 3785 ,
2328 3732 2491 3786 usque
2538 3715 2675 3771 urbe
2715 3714 3046 3771 Sicimorum
3091 3731 3219 3786 qua:
3260 3724 3347 3772 est
3372 3715 3429 3769 in
3458 3724 3586 3769 terra
3606 3708 3707 3763 Ch:-

2164 3826 2326 3867 naan.
2356 3809 2708 3881 Evangelium
2736 3808 3036 3865 secundum
3074 3808 3281 3866 Lucam
3308 3822 3430 3879 cap.
3466 3796 3710 3865 cunm-

2164 3904 2323 3959 cebat
2353 3902 2513 3959 Jesus
2539 3903 2587 3957 ei
2617 3902 2707 3974 qui
2738 3918 2797 3958 se
2827 3902 3165 3973 invitaverat
3189 3948 3207 3974 ,
3259 3919 3420 3975 usque
3456 3900 3627 3956 beatus
3648 3890 3716 3962 qui

2165 3995 2463 4053 manducat
2485 4010 2677 4065 panem
2704 3995 2758 4050 in
2795 4010 2964 4066 regno
2992 3994 3112 4051 Dei.

2238 4106 2273 4144 v
2319 4087 2429 4144 kal.
2484 4088 2683 4144 Martii.
2726 4085 2917 4144 Lectio
2960 4087 3084 4144 libri
3126 4087 3430 4146 Geneseos.
3473 4086 3527 4143 ln
3569 4079 3723 4139 diebus

2167 4182 2277 4240 illis
2307 4190 2591 4253 postquam
2636 4196 2919 4252 regressus
2966 4192 3049 4239 est
3072 4182 3246 4240 Jacob
3281 4184 3351 4240 de
3381 4174 3723 4252 Mesopotamia

2167 4274 2341 4348 Syria:
2372 4316 2389 4343 ,
2444 4292 2604 4344 usque
2653 4274 2913 4345 numquid
2966 4285 3026 4331 ut
3076 4286 3264 4333 scorto
3320 4276 3469 4332 abuti
3524 4272 3727 4328 debuere

2168 4381 2359 4424 sorore
2405 4377 2610 4423 nostra.
2646 4367 2999 4438 Evangelium
3039 4369 3345 4425 secundum
3396 4369 3586 4423 Lucam
3628 4374 3725 4430 cap.

2170 4475 2332 4529 cxcu,
2365 4459 2675 4517 Audiebant
2703 4461 2885 4516 omnia
2914 4460 3033 4517 hmc
3060 4463 3320 4533 pharisaai
3351 4478 3471 4535 qua:
3501 4462 3646 4517 Jesus
3668 4456 3730 4509 lo-

2170 4556 2473 4627 quebatur,
2524 4571 2685 4627 usque
2715 4556 2804 4627 qui
2843 4555 3121 4612 dimissam
3168 4574 3202 4613 a
3240 4558 3363 4614 viro
3405 4555 3584 4621 ducit,
3620 4562 3727 4607 mue-

2093 4639 2149 4700 Β
2172 4648 2388 4707 chatur.

2244 4761 2297 4801 tv
2348 4744 2457 4800 kal.
2500 4744 2697 4802 Martii.
2748 4744 2936 4801 Lectio
2976 4743 3099 4801 libri
3134 4742 3525 4801 Geneseos.ln
3571 4736 3727 4795 diebus

2172 4837 2282 4895 illis
2312 4838 2527 4894 locutus
2553 4848 2639 4895 est
2661 4838 2927 4893 Dominus
2956 4838 3026 4893 ad
3054 4837 3228 4895 Jacob
3257 4838 3479 4902 dicens,
3513 4834 3669 4901 Surge
3688 4835 3729 4881 et

2170 4930 2409 4987 ascende
2447 4931 2641 4987 Bethel
2666 4971 2681 4999 ,
2730 4948 2891 5002 usque
2931 4930 3019 4986 hic
3053 4929 3244 4986 titulus
3286 4926 3608 4985 monumenti
3648 4922 3731 4975 lla-

2171 5024 2319 5090 chel,
2353 5040 2520 5095 usque
2548 5024 2603 5079 in
2629 5033 2952 5093 prtesentem
2987 5023 3154 5080 diem.
3190 5024 3545 5094 Evangelium
3570 5029 3732 5075 secun-

2170 5116 2301 5172 dum
2332 5118 2350 5190 (
2382 5116 2583 5173 Lucam
2615 5114 2635 5187 )
2675 5131 2796 5187 cap.
2825 5132 2998 5173 cxcvn
3028 5157 3043 5182 ,
3088 5116 3235 5171 Dixit
3284 5116 3440 5173 Jesus
3482 5105 3729 5180 discipulis

2170 5213 2304 5279 suis,
2339 5208 2677 5281 lmpossibile
2702 5217 2808 5281 est,
2836 5221 2896 5266 ut
2915 5224 3022 5267 non
3042 5208 3267 5267 veniant
3293 5206 3566 5274 scandala,
3592 5213 3727 5273 usqu

2173 5303 2420 5360 obediret
2448 5303 2621 5359 vobis.
2690 5377 2711 5383 η

2248 5411 2305 5451 ιιι
2341 5394 2451 5450 kal.
2490 5386 2701 5460 Martii.
2737 5392 2924 5451 Lectio
2960 5394 3103 5463 libri,
3136 5394 3439 5452 Geneseos.
3481 5392 3536 5449 In
3570 5387 3733 5446 diebus

2171 5490 2279 5548 illis
2308 5498 2461 5546 erant
2484 5489 2579 5545 lilii
2602 5490 2769 5546 Jacob
2792 5496 2867 5546 xu
2895 5536 2911 5561 ,
2945 5507 3103 5562 usque
3140 5490 3478 5560 sepelierunt
3514 5501 3626 5544 eum
3653 5481 3729 5538 Ja-

2173 5585 2278 5639 cob
2325 5582 2424 5638 ﬁlii
2469 5583 2574 5640 sui.
2622 5583 2975 5655 Evangelium
3029 5584 3329 5640 secundum
3393 5582 3585 5639 Lucam
3628 5589 3728 5645 cap.

2172 5694 2280 5734 CCI.
2314 5678 2462 5733 Dixit
2499 5677 2658 5735 Jesus
2684 5680 2965 5751 discipulis
2994 5677 3109 5736 suis
3134 5722 3149 5748 ,
3206 5679 3344 5748 Quis
3394 5688 3620 5735 vestrum
3653 5674 3729 5724 ha-

2172 5772 2309 5827 bens
2340 5786 2560 5832 servum
2589 5784 2839 5832 arantem
2868 5820 2881 5847 ,
2913 5791 3077 5848 usque
3104 5774 3249 5849 quod
3273 5774 3555 5833 debuimus
3576 5767 3729 5827 facere

2170 5866 2418 5929 iecimus.
