3918 6294
208 347 309 408 497
1339 356 1360 398 li

1536 357 1738 416 LIBER
1774 356 2069 423 COMITIS.

3398 376 3506 438 498

276 467 555 527 Dominica
594 471 650 528 in
691 469 1060 570 ﬁexagesima.
1111 473 1298 532 Lectio
1341 473 1601 549 Epistolae
1646 477 1791 535 beati
1818 459 2206 552 AAssumpsit
2249 483 2408 541 Jcsus
2453 485 2741 545 duodecim
2786 488 3083 562 discipulos
3123 505 3254 550 suos
3282 535 3295 560 ,
3341 510 3504 570 usque

204 563 352 620 Pauli
383 564 616 634 apostoli
642 563 712 622 ad
747 565 1080 624 Corinthios.
1111 567 1332 625 Fratres
1358 610 1374 638 ,
1411 570 1646 627 libenter
1686 571 1799 626 sul-

201 656 356 714 fertis
385 657 710 730 insipientes
735 701 750 727 ,
794 677 952 729 usque
992 670 1053 716 ut
1093 661 1362 718 inhabitet
1400 664 1454 719 in
1507 679 1595 720 me
1626 665 1799 722 virtus

198 751 424 808 Christi.
473 753 826 826 Evangelium
862 754 1162 812 secundum
1200 755 1403 814 Lucam
1433 773 1549 830 cap.
1588 775 1753 815 Lxxvi
1778 805 1793 830 ,

197 845 330 903 Cum
360 848 515 905 turba
546 849 780 920 plurima
808 851 1126 907 conveniret
1154 896 1170 922 ,
1215 868 1375 925 usque
1396 850 1633 909 fructum
1664 852 1798 910 alie-

198 951 281 997 ret
313 942 368 997 in
399 943 684 1013 patientia.

259 1034 450 1091 Pridie
475 1034 586 1090 kal.
617 1036 819 1093 Martii.
857 1036 1050 1094 Lectio
1081 1037 1203 1094 libri
1233 1038 1536 1096 Geneseos.
1579 1041 1636 1096 ln
1681 1040 1797 1097 die-

191 1133 288 1190 bus
311 1130 420 1186 illis
454 1131 647 1187 ductus
675 1142 765 1189 est
794 1131 994 1204 Joseph
1025 1133 1082 1188 in
1109 1133 1346 1206 [Egypto
1370 1175 1385 1202 ,
1418 1152 1579 1206 usque
1610 1134 1794 1189 Domi-

191 1243 286 1283 nus
334 1235 460 1284 erat
503 1241 625 1282 cum
673 1227 807 1297 illo,
839 1238 895 1284 et
918 1229 1102 1284 omnia
1134 1243 1301 1300 opera
1343 1229 1460 1297 ejus
1500 1229 1789 1299 dirigebat.

191 1323 547 1393 Evangelium
580 1324 880 1379 secundum
914 1325 1116 1381 Lucam
1160 1340 1284 1398 cap.
1313 1340 1446 1393 ccn,
1483 1327 1793 1396 Interroga-

193 1427 271 1473 tus
297 1419 462 1475 Jesus
489 1434 520 1473 a
550 1417 834 1489 pharisaeis
860 1419 1080 1492 quando
1103 1421 1252 1477 venit
1281 1436 1506 1495 regnum
1537 1421 1628 1476 Dei
1658 1463 1674 1490 ,
1706 1436 1793 1474 us-

189 1526 276 1581 que
305 1509 360 1565 in
395 1509 488 1565 die
515 1525 634 1567 sua.

251 1603 378 1660 Kal.
410 1603 613 1659 Martii.
645 1603 830 1661 Lectio
853 1605 981 1662 libri
1010 1606 1307 1663 Geneseos.
1355 1605 1412 1661 ln
1456 1606 1648 1663 diebus
1682 1606 1789 1664 illis

189 1697 378 1753 accidit
431 1707 492 1753 ut
543 1712 838 1770 peccarent
890 1700 1000 1756 duo
1044 1702 1323 1769 eunuchi,
1381 1719 1542 1772 usque
1587 1701 1788 1758 oblitus

187 1802 266 1846 est
307 1791 634 1862 interpretis
678 1793 786 1848 sui.
840 1793 1198 1863 Evangelium
1245 1793 1546 1849 secundum
1582 1793 1784 1850 Lucam
1831 1859 1834 1864 ι

1903 574 2053 632 dedit
2082 577 2296 634 laudem
2322 583 2455 637 Deo.
2998 650 3005 658 _

1973 686 2067 726 vni
2111 671 2233 728 idus
2274 674 2475 731 Martii.
2523 676 2709 734 Lectio
2738 679 2859 736 libri
2888 681 3188 737 Geneseos.
3219 681 3280 737 in
3309 681 3503 739 diebus

1901 762 2013 818 illis
2051 764 2318 822 accedens
2354 767 2522 824 Judas
2562 771 2786 840 propius
2822 773 3160 830 conﬁdenter
3190 774 3258 830 ad
3288 774 3494 846 Jnseph

1901 856 1995 924 ait,
2029 873 2191 925 usque
2217 858 2467 916 festinate
2495 871 2548 917 ct
2576 862 2827 920 adducite
2848 881 2972 921 eum
3009 865 3077 922 ad
3108 883 3215 922 me.
3245 868 3497 941 Evange-

1902 948 2037 1003 lium
2093 951 2390 1007 secundum
2435 954 2702 1010 Joannem
2744 971 2865 1029 cap.
2900 975 2972 1028 Li,
3003 958 3230 1015 Factum
3261 971 3344 1016 est
3369 979 3495 1019 cum

1901 1041 2574 1120 descenderentdiscipuli
2604 1048 2734 1107 Jesu
2771 1051 2840 1107 ad
2879 1068 3060 1123 mare,
3100 1071 3262 1126 usque
3295 1054 3362 1111 ad
3393 1066 3502 1112 ter-

1899 1150 2017 1191 ram
2044 1152 2148 1208 qua
2177 1138 2348 1211 ibant.

1909 1213 2043 1284 “vu
2075 1230 2196 1286 idus
2243 1231 2442 1288 Martii.
2488 1233 2678 1291 Lectio
2720 1235 2844 1291 libri
2878 1235 3178 1294 Geneseos.
3224 1238 3280 1295 In
3306 1240 3500 1297 diebus

1898 1321 2006 1377 illis
2031 1323 2276 1380 auditum
2299 1337 2381 1381 est
2403 1336 2457 1382 et
2479 1329 2686 1383 celebri
2710 1345 2968 1386 sermone
2990 1333 3269 1403 vulgatum
3294 1335 3347 1391 in
3374 1338 3499 1392 aula

1897 1416 2075 1487 regis,
2109 1429 2377 1475 venerunt
2407 1420 2603 1477 fratres
2642 1423 2868 1494 Josepb,
2900 1443 3064 1496 usque
3090 1427 3295 1500 Joseph
3327 1443 3496 1500 ponet

1899 1525 2094 1566 manus
2135 1528 2261 1568 suas
2289 1529 2454 1584 super
2484 1517 2673 1571 oculos
2707 1523 2853 1572 tuos.
2900 1518 3256 1591 Evangelium
3295 1538 3496 1579 secun-

1897 1602 2024 1657 dum
2054 1602 2293 1661 Marcum
2331 1622 2452 1677 cap.
2486 1623 2589 1664 cxx
2610 1651 2624 1676 ,
2660 1609 2793 1665 Cum
2827 1610 3090 1668 intrasset
3118 1613 3277 1671 Jesus
3307 1615 3499 1672 Πίονος

1895 1695 2161 1767 solymam
2214 1698 2268 1754 in
2314 1700 2573 1771 templum
2601 1743 2615 1769 ,
2664 1719 2826 1773 usque
2865 1705 3247 1778 quodcumque
3300 1708 3500 1767 dixerit

1896 1790 2018 1853 liat,
2051 1790 2144 1846 ﬁet
2167 1791 2236 1846 ei.

188 1900 297 1958 cap,
339 1901 512 1941 ccvni
535 1927 550 1950 ,
602 1885 753 1941 Dixit
788 1885 947 1942 Jesus
993 1887 1272 1958 discipulis
1304 1888 1450 1956 suis,
1491 1887 1644 1942 Sicut
1671 1886 1781 1944 fac-
1813 1887 1859 1950 Β
1961 1880 2128 1938 FERIA
2152 1899 2221 1937 ιν.
2242 1882 2423 1956 Capite
2441 1888 2654 1960 jejunii.
2679 1889 2760 1942 Ad
2777 1901 3008 1944 sanctam
3022 1891 3499 1950 Sacinam.LeCtio

190 1988 291 2034 tum
321 1989 410 2035 est
443 1979 498 2034 in
523 1977 718 2036 diebus
745 1977 879 2049 Noe,
911 1996 1071 2052 usque
1099 1996 1369 2037 memores
1397 1987 1569 2036 estote
1603 1980 1786 2034 uxoris

191 2072 342 2131 Loth.

257 2184 306 2223 ιι
342 2182 480 2223 ιιοιι.
518 2165 718 2224 Martii.
757 2165 944 2223 Lectio
986 2167 1105 2223 libri
1147 2168 1445 2224 Geneseos.
1497 2167 1554 2222 in
1595 2166 1787 2223 diebus

195 2262 293 2318 illis
324 2261 469 2317 dixit
498 2261 713 2317 Pharao
739 2262 1011 2318 somnium
1033 2304 1046 2327 ,
1079 2279 1235 2332 usque
1262 2261 1545 2316 consilium
1585 2260 1787 2331 placuit

190 2355 457 2412 Pharaoni
485 2364 541 2412 et
571 2355 786 2422 cunctis
817 2356 1086 2412 ministris
1127 2355 1267 2426 eius.
1311 2355 1664 2426 Evangelium
1698 2370 1785 2410 se-

187 2450 420 2507 cundum
469 2450 669 2506 Lucam
724 2465 844 2523 cap.
883 2465 1064 2518 ccxn,
1114 2449 1258 2505 Dixit
1301 2450 1459 2506 Jesus
1505 2449 1786 2521 discipulis

185 2545 287 2600 suis
311 2587 326 2613 ,
387 2543 523 2599 Dico
561 2543 716 2599 vobis
765 2543 818 2598 in
870 2542 964 2598 illa
1010 2537 1170 2598 nocte
1209 2551 1371 2598 erunt
1414 2542 1522 2600 duo
1555 2543 1611 2598 in
1643 2541 1785 2624 lecto

187 2654 316 2705 uno,
349 2653 522 2708 usque
551 2635 790 2711 inveniet
819 2635 983 2691 ﬁdem
1014 2636 1066 2691 in
1098 2643 1267 2692 terra.

246 2732 318 2805 v(
348 2748 487 2788 non.
515 2731 534 2803 )
558 2729 761 2787 Martii.
786 2728 989 2785 "Lectio
1017 2729 1141 2786 libri
1168 2728 1465 2786 Geneseos.
1500 2728 1557 2784 ln
1588 2727 1783 2786 diebus

189 2825 287 2880 illis
310 2825 459 2881 dixit
496 2823 707 2879 Pharao
747 2821 815 2878 ad
849 2821 1052 2893 Joseph
1075 2862 1090 2889 ,
1144 2838 1305 2892 usque
1336 2822 1556 2875 malum.
1584 2821 1782 2890 inOpiai

188 2930 637 2992 temperaremus.
686 2916 1042 2988 Evangelium
1079 2915 1376 2971 secundum
1416 2914 1618 2969 Lucam
1655 2930 1776 2986 eap.

189 3033 345 3084 chtt,
384 3014 542 3070 Dixit
574 3012 733 3069 Jesus
759 3010 1037 3080 discipulis
1070 3009 1215 3076 suis,
1240 3007 1373 3065 Cum
1406 3009 1645 3064 videritis
1673 3009 1780 3062 cir-

189 3110 426 3166 cumdari
476 3108 546 3164 ab
589 3107 837 3164 exercitu
868 3095 1213 3161 Hierusalem
1243 3147 1258 3172 ,
1300 3122 1462 3178 usque
1484 3106 1656 3162 donec
1680 3105 1781 3162 im-

193 3202 427 3273 pleantur
454 3211 704 3271 tempora
731 3197 1033 3255 nationum.

1891 1977 2047 2034 Jobcl
2079 1981 2380 2048 prephetm.
2409 1981 2535 2036 llazc
2563 1983 2696 2038 dicit
2724 1985 2984 2042 Dominus
3017 1987 3183 2055 Deus,
3207 1987 3494 2044 Converti-

1888 2073 2020 2128 mini
2051 2073 2119 2127 ad
2160 2090 2245 2128 me
2276 2075 2326 2128 in
2356 2085 2468 2130 toto
2501 2076 2667 2132 corde
2710 2088 2934 2146 vestro,
2983 2098 3146 2150 usque
3187 2098 3294 2137 non
3349 2084 3493 2139 dabo

1889 2182 1986 2222 vos
2009 2167 2149 2222 ultra
2175 2169 2530 2238 opprobrium
2555 2171 2831 2240 gentibus,
2864 2173 2997 2230 dicit
3027 2174 3287 2230 Dominus
3314 2176 3492 2231 omni-

1890 2269 2106 2329 potens.
2174 2259 2532 2330 Evangelium
2602 2264 2901 2318 secundum
2976 2265 3290 2322 Mattliaium
3359 2284 3486 2338 cap.

1891 2369 2028 2420 va,
2082 2353 2228 2407 Dixit
2275 2353 2434 2409 Jcsus
2473 2355 2750 2424 discipulis
2806 2358 2952 2424 suis,
3002 2355 3136 2414 Cum
3187 2360 3485 2430 ieiunatis,

1890 2439 2065 2503 iiolite
2095 2445 2211 2503 ﬁeri
2239 2450 2379 2503 sicut
2406 2447 2707 2521 hypocrita:
2731 2451 2916 2507 tristes
2936 2492 2952 2520 ,
2984 2469 3148 2524 usque
3180 2453 3253 2509 ibi
3284 2465 3366 2510 est
3389 2470 3484 2512 cor

1891 2550 2066 2596 tuum.

1957 2635 2119 2690 Feria
2149 2651 2203 2692 v.
2241 2637 2428 2692 Lectio
2478 2636 2655 2692 Esaia:
2703 2640 3002 2709 prophetae.
3043 2638 3101 2695 ln
3139 2638 3333 2694 diebus
3379 2639 3487 2696 illis

1885 2728 2172 2798 aegrotavit
2192 2727 2456 2784 Ezechias
2479 2745 2649 2799 usque
2680 2730 2746 2784 ad
2780 2741 3011 2786 mortem
3038 2773 3052 2799 ,
3102 2749 3265 2804 usque
3305 2744 3489 2804 prote-

1886 2835 2010 2890 gam
2044 2835 2162 2874 eam
2188 2865 2202 2890 ,
2249 2819 2391 2876 Dicit
2430 2821 2690 2878 Dominus
2731 2823 3094 2893 omnipotens.
3129 2825 3486 2895 Evangelinm

1884 2914 2183 2969 secundum
2240 2913 2568 2970 Mattbarum
2633 2931 2752 2985 cap.
2796 2931 2958 2984 thv,
3010 2917 3142 2972 Cttm
3199 2917 3485 2975 introisset

1884 3005 2043 3062 Jesus
2069 3005 2452 3077 Capharnaum
2479 3049 2494 3075 ,
2522 3025 2684 3079 usque
2704 3018 2929 3063 sanatus
2961 3020 3047 3065 est
3073 3027 3137 3065 ex
3168 3010 3256 3065 illa
3289 3011 3447 3066 hora.

1955 3099 2114 3156 Feria
2155 3117 2228 3157 vi.
2262 3101 2449 3157 Lectio
2494 3103 2674 3158 Esaim
2719 3103 3016 3174 prophetat.
3061 3105 3187 3160 Hinc
3219 3106 3351 3160 dicit
3377 3105 3487 3161 Do-

1882 3197 2062 3249 minus
2083 3193 2227 3249 Deus
2255 3237 2269 3260 ,
2299 3192 2485 3250 Clama
2507 3239 2521 3256 .
2553 3213 2620 3250 ne
2649 3211 2836 3252 cesses
2859 3239 2874 3262 ,
2925 3215 3085 3269 usque
3110 3199 3234 3268 quia
3267 3200 3484 3254 miseri-

251 3315 296 3354 ιτ
329 3312 472 3354 non.
517 3294 711 3350 Martii.
745 3293 936 3349 Lectio
987 3291 1111 3346 libri
1140 3290 1438 3348 Geneseos.
1482 3291 1540 3346 ln
1585 3291 1777 3350 diebus
1806 3283 1852 3350 C
1883 3304 2008 3343 cors
2037 3304 2156 3343 sum
2205 3287 2465 3344 Dominus
2502 3289 2644 3344 Dens
2674 3300 2815 3345 tuus.
2872 3291 3230 3362 Evangelium
3284 3307 3480 3348 secun-

206 3388 309 3456 illis,
364 3389 617 3445 Audiens
661 3397 843 3441 autem
885 3384 1056 3440 Jaeob
1098 3385 1243 3454 quod
1283 3384 1539 3439 alimenta
1579 3387 1778 3442 vende-

195 3495 358 3541 rentur
390 3489 446 3540 in
480 3482 775 3554 {Egyptum
802 3523 817 3548 ,
851 3496 1011 3550 usque
1056 3477 1385 3532 moriamini.
1422 3476 1778 3547 Evangelinm

186 3576 476 3634 secundum
508 3573 709 3630 Lucam
737 3587 860 3642 cap.
890 3585 1076 3635 ccux,
1112 3569 1264 3625 Dixit
1297 3569 1456 3625 Jesus
1495 3570 1778 3642 discipulis

177 3672 315 3740 suis,
380 3668 657 3726 Attendite
687 3677 868 3721 autem
895 3665 1054 3720 vobis
1076 3707 1090 3732 ,
1129 3680 1196 3719 ne
1240 3663 1382 3718 forte
1420 3677 1778 3736 gravarentur

176 3766 332 3822 corda
371 3773 553 3821 vestra
573 3805 589 3828 ,
621 3777 784 3832 usque
811 3760 864 3814 in
901 3759 1106 3828 templo
1133 3757 1322 3813 audire
1351 3773 1497 3813 cum.

233 3877 290 3918 ιιι
322 3875 460 3917 non.
513 3855 710 3924 Martii.
756 3853 944 3909 Lectio
988 3852 1114 3908 libri
1156 3852 1453 3908 Geneseos.
1493 3850 1550 3906 ln
1584 3851 1773 3908 diebus

172 3955 272 4011 illis
302 3954 565 4009 fecerunt
603 3948 802 4004 fratres
827 3946 1029 4016 .Ioseplt
1056 3947 1110 4000 in
1136 3945 1405 4017 IEgypto,
1439 3956 1494 3998 nt
1521 3946 1626 4000 illis
1657 3947 1774 4016 ipse

168 4053 532 4117 praeceperat,
562 4051 618 4098 et
646 4041 809 4096 locuti
834 4049 962 4094 sunt
983 4037 1049 4094 ad
1083 4037 1349 4103 invicem,
1385 4054 1540 4107 usque
1569 4039 1772 4106 absque

167 4138 362 4195 liberis
427 4153 547 4192 ero.
619 4133 969 4203 Evangelinm
1028 4129 1326 4184 secundum
1382 4129 1582 4183 Lucam
1647 4147 1766 4200 cap.

167 4248 330 4289 ccxu
371 4270 383 4294 ,
416 4227 562 4283 Dixit
601 4225 762 4282 Jesns
791 4222 1072 4294 discipulis
1097 4224 1209 4277 suis
1237 4264 1252 4290 ,
1285 4221 1427 4278 Ecce
1470 4239 1570 4293 ego
1617 4225 1772 4278 mitto

167 4323 502 4393 promissum
545 4318 720 4375 Patris
763 4316 871 4372 mei
911 4315 964 4372 in
1000 4329 1130 4385 vos,
1180 4331 1339 4386 usque
1386 4315 1770 4374 benedicentcs

161 4419 364 4477 Deum.

230 4532 270 4571 ιι
322 4529 456 4570 non.
489 4510 688 4566 Martii.
737 4507 924 4564 Lectio
964 4505 1087 4562 libri
1118 4504 1413 4561 Geneseos.
1465 4504 1522 4558 In
1571 4504 1768 4561 diebus

163 4612 277 4668 illis
311 4608 558 4664 tulerunt
602 4604 698 4659 lilii
736 4602 900 4657 Israel
933 4617 1156 4657 munera
1187 4609 1242 4653 et
1272 4599 1559 4669 pecuniam
1590 4598 1768 4669 dupli-

1881 3381 2008 3437 dum
2049 3382 2358 3437 Matthmum
2399 3400 2519 3452 cap.
2559 3400 2752 3450 xxxm,
2804 3383 2957 3439 Dixit
3003 3385 3162 3440 Jesus
3201 3385 3483 3457 discipulis

1881 3477 1993 3532 suis
2021 3521 2035 3545 ,
2091 3477 2334 3532 Audistis
2380 3479 2505 3547 quia
2542 3477 2744 3534 dictum
2781 3490 2889 3546 est,
2939 3480 3140 3551 Diliges
3175 3483 3479 3550 proximum

1879 3579 2050 3636 tuum,
2084 3579 2138 3624 et
2165 3571 2314 3624 odies
2343 3570 2641 3638 inimicum,
2674 3589 2834 3643 usque
2855 3572 3050 3627 reddet
3079 3573 3194 3629 tibi.

1947 3661 2206 3718 Sabbato.
2234 3660 2420 3717 Lectio
2453 3663 2625 3718 Esaia:
2658 3665 2958 3734 prophetae.
2991 3664 3117 3721 Haec
3142 3666 3275 3721 dicit
3303 3667 3483 3723 Domi-

1877 3773 2010 3825 nus,
2037 3756 2097 3812 Si
2119 3756 2408 3813 abstuleris
2429 3757 2494 3813 de
2525 3757 2704 3813 medio
2746 3760 2822 3813 tui
2865 3769 3156 3828 catenam,
3198 3779 3356 3832 usque
3401 3765 3476 3817 0s

1877 3849 2021 3904 enim
2066 3851 2281 3905 Domini
2328 3851 2570 3906 locutum
2599 3861 2684 3906 est
2715 3852 2852 3905 haec.
2886 3852 3238 3922 Evangelium
3272 3869 3472 3909 secun-

1877 3943 2004 3996 dum
2036 3941 2276 3996 Marcmn
2303 3958 2425 4012 cap.
2463 3940 2689 4015 (vat),
2722 3942 2856 3996 Cum
2891 3958 3017 3997 sero
3050 3955 3196 3999 esset
3225 3946 3426 4000 factum
3456 3989 3473 4015 ,

1875 4046 1994 4091 erat
2023 4036 2174 4089 navis
2215 4035 2268 4090 in
2296 4037 2476 4091 medio
2506 4040 2639 4091 mari
2661 4079 2674 4100 ,
2703 4053 2865 4108 usque
2895 4038 3030 4092 salvi
3063 4040 3283 4094 liebant.

1948 4129 2234 4184 Dominica
2260 4129 2473 4184 initium
2505 4129 2965 4200 Quadragcsimm.
2991 4131 3178 4186 Lectio
3208 4134 3468 4204 Epistula:

1873 4219 2020 4278 beati
2043 4221 2195 4276 Pauli
2221 4223 2449 4294 apostoli
2470 4222 2536 4278 ad
2554 4222 2892 4290 Corinthios,
2923 4223 3166 4290 Fratres,
3193 4225 3472 4285 hortamur

1872 4329 1992 4383 vos,
2020 4331 2178 4386 usque
2200 4317 2379 4371 omnia
2406 4316 2767 4386 possidentes.
2793 4315 3146 4386 Evangelium
3170 4319 3469 4376 secundum

1874 4409 2186 4466 Matthaeum
2235 4426 2354 4481 cap.
2392 4427 2460 4464 xv
2488 4453 2502 4477 ,
2541 4411 2745 4466 Ductus
2771 4423 2855 4467 est
2875 4410 3034 4468 Jcsus
3066 4413 3118 4469 in
3150 4413 3426 4471 desertum
3455 4457 3470 4483 ,

1875 4520 2036 4575 usque
2065 4504 2245 4575 angeli
2278 4504 2664 4559 ministrabant
2689 4506 2763 4560 ei.

1945 4597 2086 4652 Hinc
2127 4599 2390 4668 plenarius
2430 4600 2661 4669 sequitur
2700 4599 2826 4653 ordo
2862 4601 2996 4655 sicut
3036 4601 3092 4655 in
3121 4601 3255 4658 libro
3281 4601 3474 4658 Comiti

159 4720 280 4761 cem
303 4745 325 4772 ,
357 4715 519 4768 usque
546 4687 624 4752 ad,
645 4705 854 4768 patrem
886 4704 1146 4749 vestrum.
1178 4691 1534 4762 Evangelium
1566 4707 1766 4747 secun-
1793 4686 1846 4746 D
1875 4693 2230 4759 continentur,
2261 4709 2417 4758 usque
2456 4693 2662 4744 ocmbns
2695 4691 2935 4748 Prisc/ue.

159 4796 293 4850 dum
330 4791 643 4848 Matthzcum
685 4804 808 4857 cap.
852 4802 1053 4853 xxxiii,
1106 4784 1250 4838 Dixit
1287 4784 1446 4838 Jesus
1487 4783 1768 4853 discipulis

158 4890 276 4944 suis
297 4930 316 4952 ,
358 4885 536 4942 Nolite
570 4892 762 4954 putare
805 4881 928 4951 quia
958 4880 1077 4934 veni
1105 4879 1317 4934 solvere
1349 4878 1520 4949 legem
1549 4924 1563 4949 ,
1609 4897 1768 4952 usque

161 4981 250 5037 hic
283 4994 516 5052 magnus
543 4978 824 5032 vocabitur
855 4975 908 5031 in
937 4990 1104 5048 regno
1135 4976 1421 5031 caelorum.

229 5072 380 5129 Non.
409 5071 606 5126 Martii.
638 5071 694 5126 ln
723 5069 887 5124 natali
911 5079 1225 5124 sanctarum
1259 5069 1528 5140 virginum
1562 5070 1765 5143 Perpe-

161 5177 271 5223 tua:
305 5176 362 5223 et
392 5164 715 5220 Felicitatis.
759 5163 950 5219 Lectio
987 5163 1108 5218 libri
1155 5165 1468 5234 Sapientiae.
1515 5162 1764 5235 Congre.

159 5259 374 5329 gationi
402 5271 702 5328 pauperum
733 5254 1007 5310 aﬂabilem
1047 5263 1098 5309 te
1125 5253 1311 5322 facito,
1343 5271 1508 5325 usque
1533 5258 1762 5312 verbum

160 5351 218 5406 in
271 5362 489 5420 tempus
523 5349 738 5404 salutis.
780 5346 1134 5417 Evangelium
1166 5347 1466 5402 secundum
1500 5346 1762 5403 Joannem

159 5461 293 5514 cap.
339 5459 446 5500 xxv
470 5485 486 5510 ,
530 5442 685 5498 Venit
721 5441 878 5497 Jesus
927 5451 979 5496 et
1019 5439 1266 5509 discipuli
1291 5441 1408 5512 ejus
1437 5443 1489 5498 in
1520 5441 1763 5498 Judaeam

163 5548 404 5605 terram,
437 5554 595 5609 usque
625 5537 824 5592 missus
854 5544 937 5590 est
959 5547 1082 5590 ante
1114 5535 1289 5590 illum.

239 5633 520 5689 Dominica
545 5634 600 5690 in
624 5631 1101 5703 Quinquagesima.
1128 5631 1313 5688 Lectio
1341 5632 1594 5703 Epistola:
1617 5633 1759 5688 beati

161 5726 326 5783 Pauli
349 5727 583 5798 apostoli
607 5727 675 5781 ad
703 5724 1034 5783 Corinthios.
1071 5725 1138 5778 Et
1175 5725 1220 5780 si
1255 5726 1452 5797 linguis
1479 5725 1762 5792 hominum

163 5823 361 5893 loquar
401 5833 456 5880 et
498 5822 822 5893 angelorum
854 5863 868 5888 ,
908 5837 1069 5892 usque
1120 5820 1296 5890 major
1339 5830 1520 5877 autem
1560 5822 1645 5877 his
1679 5833 1763 5878 cst

165 5913 425 5974 Charitas.
453 5915 809 5988 Evangeliuni
841 5913 1139 5972 secundum
1178 5913 1377 5974 Lucam
1409 5932 1527 5986 cap.
1554 5932 1756 5984 ccxxii,

1946 4785 2104 4841 Feria
2148 4801 2208 4841 ιι.
2265 4784 2451 4840 Lectio
2505 4784 2760 4841 Ezechiel
2821 4787 3123 4858 propheta}.
3167 4784 3294 4844 llaec
3343 4787 3476 4842 dicit

1875 4877 2134 4934 Dominus
2165 4877 2330 4943 Deus,
2364 4877 2502 4932 Ecce
2534 4893 2634 4948 ego
2667 4877 2783 4948 ipse
2809 4879 3082 4948 requiram
3109 4893 3243 4934 oves
3281 4895 3431 4933 meas
3454 4919 3471 4946 ,

1873 4987 2032 5042 usque
2060 4971 2108 5025 in
2129 4969 2334 5040 judicio
2362 4978 2417 5024 et
2451 4968 2717 5039 justitiam
2750 4971 2882 5026 dicit
2924 4972 3184 5026 Dominus
3215 4972 3469 5042 omnipo-

1873 5075 2012 5120 tens.
2042 5063 2388 5135 lﬁvangelium
2416 5062 2712 5118 secundum
2745 5063 3054 5119 Matthazum
3084 5080 3207 5133 cap.
3229 5079 3465 5131 cccxx",

1871 5157 2005 5213 Cum
2037 5161 2247 5213 venerit
2278 5157 2446 5212 Filius
2478 5157 2728 5212 Hominis
2752 5156 2805 5210 iit
2834 5158 3119 5225 majestate
3145 5171 3241 5210 sua
3263 5198 3278 5224 ,
3309 5174 3472 5229 usque

1867 5253 2000 5326 justi
2023 5265 2201 5308 autem
2235 5253 2287 5307 in
2320 5254 2486 5307 vitam
2517 5263 2802 5308 aeternam.

1941 5348 2098 5404 Feria
2140 5364 2220 5403 ιιι.
2269 5348 2457 5405 Lectio
2500 5349 2673 5403 Esaia:
2703 5345 3011 5420 prephetie.
3050 5345 3108 5400 In
3137 5347 3331 5404 diebus
3362 5348 3468 5402 illis

1869 5441 2083 5496 locutus
2114 5452 2197 5497 est
2219 5442 2409 5497 Esaias
2435 5443 2697 5513 pmpheta
2733 5442 2943 5506 dicens,
2981 5459 3142 5513 usque
3171 5445 3247 5497 ait
3277 5443 3464 5498 Domi-

1871 5553 1973 5592 nus
2004 5538 2368 5608 omnipotens.
2425 5537 2776 5607 Evangelinm
2820 5539 3116 5592 secundum
3157 5538 3464 5592 Matthwnm

1870 5648 1988 5703 cap.
2024 5648 2144 5698 ccx,
2181 5631 2316 5686 Cum
2345 5633 2600 5686 intrasset
2633 5629 2796 5686 Jcsus
2826 5631 3281 5702 Hierosolymam,
3309 5649 3474 5702 usque

1871 5725 2104 5783 docebat
2127 5743 2222 5781 eos
2250 5727 2318 5781 de
2351 5740 2518 5794 regno
2552 5726 2667 5780 Dei.

1946 5823 2104 5879 Feria
2138 5838 2206 5874 iv.
2259 5821 2447 5875 Lectio
2473 5819 2597 5876 libri
2632 5821 2827 5876 Exodi.
2877 5822 2932 5877 In
2977 5821 3168 5877 diebus
3195 5821 3302 5876 illis
3328 5824 3473 5882 dixit

1874 5917 2133 5976 Dominus
2166 5913 2232 5970 ad
2273 5915 2518 5985 Moysen,
2551 5933 2709 5984 utth
2737 5913 3467 5991 etquadtagintanoctibus.
