3918 6294
491 346 600 404 699

1529 343 1586 398 S.
1633 340 2018 397 lllEllONYMI
2052 338 2343 407 OPBRUM
2384 340 2749 398 MANTISSA.

3650 347 3737 403 500

490 462 845 535 Evangelinm
894 460 1191 519 secundum
1235 459 1545 516 Matthmum
1576 473 1695 526 cap.
1721 472 1900 513 cxxvtt
1927 500 1941 524 ,
1986 455 2088 512 Ac—
2114 459 2169 537 MA
2193 454 2393 511 thaeum
2424 471 2544 525 cap.
2570 472 2677 519 cci,
2703 456 3022 515 Ascendens
3046 455 3203 512 Jesus
3228 454 3739 529 Hierosolyntam,us-

490 570 776 615 cesserunt
798 558 861 610 ad
884 557 1070 612 Jesum
1094 555 1286 611 scriba:
1304 564 1359 609 et
1377 554 1626 623 pharisaei
1643 552 1910 618 dicentes,
1930 566 2093 622 usque

492 653 607 722 ipse
638 666 791 706 metis
818 649 991 707 frater
1019 659 1073 704 et
1104 663 1261 703 soror
1289 658 1339 703 et
1368 656 1544 701 mater
1569 654 1671 700 est.

564 742 719 797 Feria
750 758 800 796 v.
834 740 1021 795 Laelio
1053 739 1306 795 Ezechiel
1336 739 1633 809 pr0pltetai.
1666 737 1723 793 In
1753 736 1945 792 diebus
1983 736 2092 789 illis

490 835 664 892 Iactus
688 842 772 886 est
799 848 982 888 sermo
1013 832 1227 886 Domini
1253 832 1321 887 ad
1348 847 1436 887 me
1464 833 1672 891 dicens.
1700 847 1858 899 usque
1886 829 1959 883 ait
1985 828 2091 882 Do-

494 926 670 982 minus
697 925 1065 994 omnipotens.
1101 924 1459 995 Evangelium
1492 922 1786 978 secundum
1820 921 2088 976 Joannem

491 1035 613 1090 cap.
644 1034 817 1083 CLVII,
855 1019 913 1071 ln
944 1018 1039 1075 illo
1072 1027 1316 1089 tempore
1342 1016 1559 1072 diwbat
1587 1016 1746 1071 Jesus
1774 1013 1840 1067 ad
1865 1026 1960 1068 eos
1995 1012 2087 1081 qui

490 1115 844 1169 crediderunt
868 1128 933 1168 ex
958 1112 1185 1180 Judmis,
1220 1128 1380 1183 usque
1409 1110 1500 1181 qui
1530 1120 1614 1165 est
1638 1125 1703 1165 ex
1729 1108 1843 1162 Deo
1867 1149 1882 1175 ,
1926 1107 2089 1162 verba

492 1206 586 1261 Dei
609 1207 780 1261 audit.

562 1299 717 1355 Feria
748 1315 820 1353 vt.
856 1298 1045 1355 Lectio
1076 1296 1326 1365 Ezechiel
1351 1296 1650 1366 prophetae.
1680 1294 1805 1350 llaec
1832 1295 1964 1350 dicit
1985 1294 2092 1349 Do-

493 1393 671 1446 minus
696 1391 860 1456 Dens,
894 1390 1091 1447 Anima
1121 1406 1243 1461 qum
1266 1387 1607 1460 peccaverit,
1641 1386 1756 1461 ipsa
1784 1387 2047 1442 morietur
2074 1428 2089 1453 ,

493 1500 648 1555 usque
690 1482 799 1538 vita
846 1484 1025 1552 vivet,
1080 1493 1134 1536 et
1187 1498 1294 1538 non
1344 1482 1626 1545 morietur,
1652 1480 1782 1535 dicit
1827 1480 2090 1534 Dominus

490 1578 853 1647 omnipotens.
904 1577 1257 1648 Evangelium
1301 1575 1601 1631 secundum
1644 1575 1910 1630 Joannem
1964 1591 2085 1642 cap.

491 1686 713 1737 xxxvu,
743 1671 799 1724 In
833 1671 924 1726 illo
954 1678 1198 1740 tempore
1236 1678 1355 1725 erat
1380 1668 1497 1722 dies
1529 1668 1701 1723 festus
1732 1666 2085 1736 Judmorum,

493 1780 650 1832 usque
677 1772 825 1818 esset
851 1764 942 1834 qui
977 1761 1105 1818 fecit
1126 1778 1249 1817 eum
1272 1776 1484 1816 sanum.

2197 566 2292 620 que
2319 550 2746 620 redemptionem
2780 566 2876 621 pro
2909 550 3117 605 multis.

2270 643 2427 701 Feria
2460 659 2514 697 v.
2573 644 2760 700 Lectio
2810 645 3101 701 llieremite
3154 642 3445 715 prOphetae.
3498 644 3613 701 Haec
3638 647 3742 707 dicit

2200 738 2459 793 Dominus
2490 739 2665 794 Deus:
2700 738 3015 793 Maledictus
3045 739 3207 792 homo
3236 739 3325 808 qui
3359 738 3570 794 conlidit
3596 740 3642 795 in
3668 742 3745 795 lto-

2199 833 2373 900 mine,
2427 850 2584 904 usque
2628 832 3074 888 adinvemionum
3109 848 3324 886 suarum
3369 833 3496 886 dicit
3524 833 3745 890 Dominus

2197 928 2564 996 omnipotens.
2616 925 2965 995 Evangcltum
3015 923 3312 979 secundum
3354 926 3603 982 Joannem
3646 942 3742 995 t-ap.

2198 1022 2381 1095 (xu),
2426 1023 2569 1077 Dixit
2608 1021 2772 1077 Jesus
2810 1022 2981 1076 turbis
3021 1020 3364 1084 Jndzcorum,
3407 1018 3518 1074 Non
3562 1034 3744 1089 possum

2196 1129 2297 1182 ego
2349 1130 2378 1166 a
2427 1130 2513 1169 me
2570 1116 2686 1183 ipso
2744 1113 2927 1169 facere
2953 1112 3280 1185 quidquam,
3336 1128 3488 1182 usque
3516 1114 3747 1182 quomodo

2198 1206 2378 1260 verbis
2411 1206 2545 1260 meis
2567 1205 2811 1260 creditis.

2270 1300 2420 1353 Feria
2451 1314 2520 1352 vt.
2551 1298 2872 1354 Leotiolibri
2901 1297 3206 1355 Genescos.
3236 1297 3293 1352 ιιι
3318 1296 3505 1352 diebus
3525 1296 3624 1352 illis
3641 1296 3749 1352 dixit

2195 1388 2396 1457 Joseplt
2427 1390 2681 1445 fratribus
2712 1390 2846 1455 suis,
2885 1407 3046 1461 usque
3089 1392 3278 1444 volens
3319 1392 3524 1461 eripere
3567 1406 3673 1445 eum
3697 1391 3749 1445 de

2195 1481 2448 1535 manibus
2478 1497 2665 1536 eorum
2693 1491 2749 1537 et
2778 1481 3008 1537 reddere
3028 1483 3166 1552 patri
3194 1498 3307 1537 suo.
3332 1481 3660 1554 Evangelium
3683 1498 3748 1538 se-

2195 1573 2431 1629 cundant
2462 1574 2774 1630 Matthteum
2806 1590 2926 1647 cap.
2954 1591 3134 1644 ccxtx,
3159 1575 3309 1631 Dixit
3336 1575 3494 1631 Jesus
3512 1574 3747 1645 discipulis

2195 1666 2329 1730 suis,
2364 1666 2534 1720 Homo
2564 1678 2680 1721 erat
2711 1666 3125 1737 paterfamilias,
3171 1684 3331 1740 usque
3372 1666 3613 1738 quoniam
3639 1666 3749 1723 sicut

2196 1758 2515 1829 prophetam
2540 1776 2661 1814 eum
2690 1759 2980 1817 habebant.

559 1855 796 1912 Sabbato
818 1857 871 1910 in
902 1854 1187 1911 duodecim
1216 1854 1561 1910 lectionibus.
1592 1852 1674 1908 Ad
1706 1863 1953 1909 sanctum
1986 1852 2087 1909 Pe-
2112 1856 2164 1917 ,Β
2264 1851 2519 1909 Sabbato.
2547 1852 2732 1909 Lectio
2757 1854 2877 1909 libri
2906 1855 3202 1911 Geneseos.
3229 1854 3288 1911 ln
3318 1846 3501 1911 diebus
3526 1854 3619 1911 illis
3638 1854 3748 1910 dixit

490 1958 653 2003 trum.
684 1948 864 2004 Lectio
890 1948 1013 2003 libri
1045 1947 1474 2003 Deuteronotnii.
1505 1945 1562 2002 In
1588 1947 1783 2002 diebus
1808 1945 1914 2002 illis
1938 1946 2087 2003 locu-

483 2050 565 2095 tus
580 2041 889 2112 estMoyses
912 2040 977 2095 ad
1000 2039 1286 2095 Dominum
1312 2040 1522 2108 dicens,
1550 2038 1802 2109 Respice,
1834 2039 2080 2105 Domine,

482 2138 552 2192 tle
582 2136 895 2194 sanctuario
927 2146 1042 2201 tuo,
1071 2153 1231 2208 usque
1257 2136 1405 2191 sicut
1431 2135 1644 2190 locutus
1676 2144 1760 2188 est
1784 2134 1904 2188 tibi.

555 2230 690 2284 Item
741 2230 903 2285 lt-ctio
956 2228 1085 2285 libri
1138 2228 1561 2286 lleuteronomii.
1621 2226 1676 2280 In
1729 2227 1921 2282 diebus
1976 2225 2085 2281 illis

484 2322 626 2376 dixit
658 2322 871 2395 Moyses
904 2324 1029 2378 ﬁliis
1057 2322 1253 2390 Israel,
1282 2338 1441 2389 usque
1470 2322 1611 2376 sicut
1637 2321 1847 2376 locutus
1872 2329 1955 2376 est
1984 2336 2077 2375 voc

484 2416 565 2469 bis
604 2415 866 2470 Dominus
899 2416 1043 2470 Deus
1071 2424 1269 2471 vester.

558 2505 691 2559 Item
737 2505 899 2560 lcetio
948 2506 1073 2560 libri
1117 2506 1570 2562 Macltabmorum.
1626 2508 1682 2561 In
1729 2508 1919 2563 diebus
1972 2508 2081 2563 illis

484 2597 790 2651 orationem
830 2598 1100 2652 faciebant
1138 2598 1452 2654 sacerdotes
1478 2642 1491 2665 ,
1535 2616 1696 2670 usque
1726 2616 1825 2657 nec
1850 2617 1948 2656 vos
1979 2601 2078 2657 de-

489 2700 634 2743 serat
658 2691 708 2744 in
743 2700 993 2760 tempore
1022 2691 1286 2746 Dominus
1313 2695 1453 2746 Deus
1480 2700 1682 2748 vester.

554 2782 686 2838 Item
722 2784 881 2839 lectio
912 2784 1033 2839 libri
1080 2784 1393 2855 Sapientiae.
1424 2787 1681 2842 Miserere
1725 2788 1895 2842 nostri
1937 2788 2078 2843 Deus

479 2876 743 2935 omnium.
770 2893 928 2948 usque
956 2878 1219 2934 mirabilia
1252 2890 1361 2944 tua,
1396 2879 1626 2935 Domine
1660 2880 1803 2936 Deus
1833 2892 2038 2936 noster.

550 2968 684 3025 ltem
734 2972 900 3025 lectio
948 2971 1178 3026 Danihel
1222 2973 1521 3043 prophetm.
1574 2974 1817 3044 Angelus
1860 2975 2076 3029 Domini

487 3062 771 3118 descendit
797 3080 919 3118 cum
948 3066 1139 3121 Azaria
1165 3076 1217 3120 et
1245 3067 1408 3122 sociis
1440 3066 1579 3136 ejus,
1609 3083 1773 3137 usque
1799 3076 1855 3122 et
1884 3082 2075 3137 supcr-

475 3155 746 3209 exaltatus
778 3158 829 3211 in
861 3160 1082 3211 saecula.

549 3245 683 3299 Item
705 3247 1076 3303 benedictione.

550 3339 684 3396 Item
711 3342 873 3403 lectio
904 3341 1163 3412 Epistula:
1190 3344 1331 3401 beati
1357 3345 1507 3401 Pauli
1550 3347 1779 3418 apostoli
1812 3348 1876 3403 ad
1907 3348 2078 3406 Thes-

476 3433 869 3489 salonicenses.
924 3435 1165 3507 Fratres,
1201 3453 1457 3506 rogamus
1507 3455 1605 3494 vos
1631 3481 1646 3503 ,
1694 3441 1955 3510 corripite
1997 3445 2079 3497 in-

477 3527 722 3595 quietos,
774 3545 933 3598 usque
979 3530 1031 3583 in
1085 3530 1389 3586 adventum
1442 3532 1659 3588 Domini
1724 3538 1893 3590 nostri
1942 3538 2073 3593 Jesu

477 3619 684 3675 Christi
730 3631 1002 3678 servetur.
1050 3622 1402 3697 Evangelium
1435 3629 1733 3684 secundum
1762 3629 2072 3686 Matthzeutn

476 3727 595 3781 cap.
623 3727 827 3778 ccxx",
861 3713 916 3768 ln
949 3715 1045 3771 illo
1075 3728 1315 3789 tempore
1342 3721 1637 3790 assumpsit
1660 3721 1822 3778 Jesus
1852 3723 2073 3779 Petrum

475 3819 528 3863 et
557 3808 814 3864 Jacobum
843 3820 897 3865 et
920 3810 1189 3867 Joannem
1228 3814 1451 3869 fratrem
1490 3816 1609 3885 ejus
1633 3858 1646 3881 ,
1678 3833 1837 3886 usque
1864 3833 1893 3871 a
1925 3834 2072 3873 mor-

475 3904 582 3958 tuis
610 3916 876 3976 resurget.

551 3995 827 4051 Dominica
884 4000 1055 4068 prima
1118 4001 1258 4056 infra
1323 4001 1827 4075 Quadragcsimam.
1885 4005 2071 4063 Lectio

482 4088 740 4156 Epistula:
780 4091 921 4145 beati
955 4091 1105 4146 Pauli
1139 4098 1368 4164 apostoli
1410 4097 1477 4150 ad
1524 4099 2069 4155 Thessalonicenses.

476 4178 693 4235 Fratres
720 4223 734 4248 ,
780 4197 1036 4249 roganms
1068 4200 1160 4239 vos
1187 4228 1201 4250 ,
1243 4196 1298 4241 et
1344 4187 1696 4243 obsecramus
1738 4191 1789 4244 in
1834 4191 2066 4247 Domino

472 4273 601 4327 Jcsu
628 4315 643 4340 ,
687 4292 845 4345 usque
883 4278 978 4332 sed
1022 4278 1077 4333 in
1120 4282 1519 4339 smtilicatione
1566 4286 1616 4338 in
1671 4285 1893 4340 Christo
1937 4288 2064 4365 Jcsu

477 4367 707 4423 Domino
752 4381 961 4427 nostro.
1016 4373 1369 4444 Evangelium
1413 4377 1705 4432 secundum
1754 4380 2061 4435 Matthmum

470 4475 591 4528 cap.
626 4478 774 4529 LVII,
826 4452 1091 4535 Egressus
1140 4469 1264 4523 inde
1314 4470 1474 4525 Jesus
1517 4473 1742 4527 secessit
1786 4474 1837 4529 in
1884 4485 2063 4544 partes

471 4552 639 4624 Tyri,
674 4573 832 4625 usque
863 4574 926 4613 ex
962 4558 1234 4617 illa'hora.

2194 1944 2440 2001 Rebecca
2473 1945 2586 2002 lilio
2613 1962 2713 2002 suo
2753 1942 2945 2019 Jacob,
2977 1967 3140 2017 usque
3169 1950 3407 2021 desuper
3435 1951 3534 2006 erit
3561 1950 3747 2007 benedi-

2192 2039 2298 2094 ctio
2352 2050 2467 2093 tua.
2524 2040 2879 2112 Evangelium
2913 2044 3213 2097 secundum
3267 2042 3465 2098 Lucam
3512 2058 3620 2113 cap.
3652 2059 3745 2105 cxc.

2190 2133 2336 2190 Dixit
2362 2134 2524 2191 Jesus
2552 2136 2837 2208 discipulis
2888 2139 3002 2193 suis
3024 2183 3038 2208 ,
3092 2138 3267 2193 llomo
3302 2140 3517 2211 quidam
3556 2139 3748 2195 habebat

2188 2226 2327 2282 duos
2353 2225 2518 2291 ﬁlios,
2550 2244 2711 2301 usque
2741 2230 2981 2299 perierat
3008 2239 3063 2285 et
3091 2228 3348 2285 inventus
3370 2214 3473 2287 est.

2259 2318 2541 2373 Dominica
2590 2336 2646 2374 ιι.
2696 2337 2859 2377 xxxa.
2904 2321 3092 2377 Lectio
3136 2320 3398 2393 Epistolas
3448 2320 3582 2378 beati
3624 2322 3745 2378 Pauli

2187 2409 2423 2478 apostoli
2449 2410 2516 2466 ad
2549 2411 2838 2482 Ephesios.
2866 2414 3055 2470 Estote
3087 2413 3390 2470 imitatores
3413 2415 3506 2473 Dei
3532 2415 3745 2470 sicutﬁlii

2187 2496 2518 2571 charissimi,
2553 2505 2939 2576 usqttejustitia
2972 2515 3026 2561 et
3047 2505 3303 2562 veritate.
3332 2506 3655 2577 Evangelium
3678 2523 3745 2559 sc-

2185 2596 2421 2651 Cundum
2456 2598 2658 2655 Lucam
2690 2616 2812 2669 cap.
2846 2616 3027 2665 cxxw,
3059 2601 3192 2657 Erat
3220 2601 3376 2657 Jesus
3422 2602 3628 2673 cjicicns
3657 2602 3745 2655 dae-

2185 2690 2451 2757 monium,
2479 2708 2643 2763 usque
2667 2701 2723 2746 et
2746 2692 3067 2748 custodiunt
3092 2694 3252 2750 illud.

2258 2783 2415 2839 Feria
2445 2801 2502 2841 ιι.
2533 2784 2724 2844 Lectio
2759 2788 2881 2842 libri
2926 2788 3159 2861 Regum.
3195 2788 3252 2845 In
3279 2788 3468 2845 diebus
3512 2788 3609 2844 illis
3631 2786 3740 2843 Naa-

2184 2893 2307 2933 man
2336 2880 2584 2949 princeps
2616 2881 2825 2937 militia:
2856 2882 2998 2954 regis
3028 2882 3228 2955 Syriae,
3261 2903 3419 2957 usque
3448 2885 3542 2939 nisi
3575 2891 3738 2937 tantum

2184 2970 2443 3027 Dominus
2470 2974 2610 3027 Deus
2642 2970 2830 3031 Israel.
2866 2974 3225 3045 Evangelium
3256 2974 3546 3031 secuntlmn
3580 2975 3735 3029 Lucam

2182 3078 2303 3135 cap.
2339 3082 2428 3130 xx,
2459 3065 2721 3124 Dixerunt
2755 3067 3005 3141 pharismi
3044 3072 3111 3125 ad
3140 3070 3352 3144 Jesum,
3393 3070 3594 3140 Quanta
3617 3065 3735 3123 audi-

2180 3159 2358 3216 vimus
2397 3161 2535 3217 l'acta
2582 3163 2961 3233 Capltarnaum
2986 3210 3001 3233 ,
3057 3182 3223 3238 usque
3253 3167 3519 3223 transiens
3546 3181 3629 3236 per
3652 3176 3738 3218 tne-

2100 3249 2150 3329 C
2184 3252 2332 3305 dium
2363 3253 2577 3308 illorum
2607 3255 2737 3309 ibat.

2254 3345 2411 3401 Feria
2440 3364 2517 3403 ιιι.
2543 3349 2728 3405 Lectio
2755 3352 2872 3407 libri
2897 3350 3128 3424 Regum.
3152 3352 3216 3409 In
3248 3354 3440 3410 diebus
3463 3352 3561 3410 illis
3587 3352 3740 3407 mulier

2181 3438 2425 3509 quaedam
2455 3440 2723 3497 clamabat
2750 3446 2815 3499 ad
2848 3446 3139 3502 llelisaaum
3184 3448 3528 3520 prophetam,
3559 3448 3735 3509 dicens,

2182 3550 2344 3605 usque
2373 3544 2427 3589 tu
2450 3547 2503 3590 et
2528 3536 2622 3591 lilii
2654 3540 2725 3594 tui
2755 3522 2918 3596 vivite
2948 3541 3015 3597 de
3038 3543 3274 3612 reliquo.
3309 3543 3642 3615 Evangelinm
3673 3559 3738 3595 se-

2179 3624 2414 3679 cundum
2446 3626 2752 3684 Matthaeum
2800 3648 2920 3704 cap.
2960 3649 3231 3705 ccxxxm,
3271 3634 3578 3706 Respiciens
3612 3633 3737 3691 Jesus

2178 3716 2479 3789 discipulos
2503 3733 2655 3790 suos,
2687 3724 2821 3780 dixit
2848 3724 3055 3783 Simoni
3078 3722 3274 3797 Petro,
3296 3747 3452 3803 usque
3472 3729 3736 3801 septuagies

2178 3813 2403 3881 septies.

2248 3903 2404 3958 Feria
2454 3921 2522 3960 tv.
2556 3904 2739 3963 Lectio
2793 3908 2914 3965 libri
2946 3911 3141 3967 Exodi.
3192 3914 3323 3969 Hmc
3363 3914 3489 3970 dicit
3515 3914 3734 3973 Dominus

2179 3992 2347 4062 Deus,
2379 3998 2594 4055 Honora
2646 4013 2854 4072 patrem
2895 4014 3043 4060 tuum
3072 4018 3126 4063 et
3156 4020 3384 4064 matrem
3418 4019 3579 4075 tuam,
3608 4024 3735 4076 usque

2174 4092 2410 4146 nominis
2479 4096 2604 4147 mei.
2676 4096 3028 4168 Evangelium
3100 4104 3399 4159 secundum
3462 4103 3731 4155 .“ttllitil‘lllll

2170 4199 2293 4252 cap.
2338 4203 2479 4251 cuv,
2512 4187 2874 4244 Accesscrunt
2919 4190 2983 4246 ad
3030 4194 3217 4248 Jesum
3260 4196 3330 4251 ab
3383 4192 3732 4264 Hierosolymis

2173 4278 2364 4332 scribto
2395 4291 2449 4335 et
2483 4279 2733 4349 pharisaﬁ
2775 4284 3039 4351 tliccntcs,
3073 4302 3233 4357 usque
3265 4302 3372 4342 non
3419 4287 3731 4357 coinquinant

2172 4369 2469 4428 hominem.

2241 4466 2396 4521 Feria
2429 4484 2480 4521 v.
2515 4469 2701 4524 Lectio
2736 4472 3023 4527 Hiercmizc
3060 4475 3359 4544 prophetae.
3400 4476 3451 4528 In
3482 4474 3655 4527 diebus
3678 4470 3727 4522 il-

2168 4559 2234 4613 lis
2264 4557 2461 4613 factnm
2484 4572 2567 4616 est
2595 4563 2823 4618 verbum
2860 4566 3073 4620 Domini
3107 4569 3172 4621 ad
3218 4584 3304 4623 me
3348 4568 3548 4632 dicens,
3579 4560 3659 4618 Sta
3686 4562 3724 4614 in

542 4649 695 4703 Feria
722 4666 776 4704 ιι.
809 4652 992 4706 Lectio
1027 4656 1251 4709 Danihel
1285 4654 1587 4727 prophetae.
1632 4658 1688 4712 In
1724 4659 1915 4715 diebus
1945 4660 2054 4716 illis
2090 4648 2139 4713 Ι)
2170 4662 2319 4720 porta
2347 4652 2538 4709 domus
2573 4654 2805 4725 Domini,
2838 4674 2998 4729 usque
3029 4658 3080 4713 in
3125 4659 3387 4713 saeculum
3416 4657 3539 4714 dicit
3569 4656 3723 4709 Domi-

460 4743 633 4795 oravit
668 4742 894 4798 Danihel
921 4745 1127 4815 dicens,
1154 4766 1307 4813 usque
1328 4759 1381 4804 et
1410 4766 1577 4819 super
1600 4753 1853 4821 populum
1879 4764 2051 4818 tuum,

460 4836 687 4891 Domine
706 4837 846 4894 Deus
865 4849 1065 4897 noster.
1094 4841 1444 4915 Evangelium
1470 4846 1763 4901 secundum
1788 4847 2052 4904 Joannem

460 4946 579 5001 cap.
607 4949 798 4987 LXXXIX
826 4975 843 5002 ,
890 4933 1036 4990 Dixit
1077 4935 1235 4993 Jesus
1289 4939 1461 4995 turbis
1520 4939 1828 4995 Judzeornm
1860 4985 1873 5009 ,
1937 4941 2052 5012 Ego

457 5023 595 5077 vado
620 5068 634 5091 ,
680 5039 731 5082 et
767 5029 1011 5097 quarritis
1037 5044 1122 5084 me
1147 5072 1161 5095 ,
1214 5046 1373 5100 usque
1420 5033 1613 5103 placita
1648 5043 1773 5086 sunt
1818 5034 1865 5088 ei
1912 5034 2051 5089 facio

452 5130 687 5185 semper.

536 5211 689 5267 Feria
720 5231 797 5269 ιιι.
834 5217 1019 5274 Lectio
1045 5218 1167 5273 libri
1200 5218 1423 5289 Regum.
1453 5220 1508 5275 In
1533 5221 1849 5277 diebusillis
1873 5221 2047 5278 lactus

454 5316 539 5360 est
569 5322 750 5361 sermo
792 5310 997 5366 Domini
1027 5313 1092 5367 ad
1126 5313 1295 5368 Eliam
1318 5360 1331 5381 ,
1362 5332 1523 5385 usque
1544 5317 1685 5387 quod
1722 5318 1931 5372 locutus
1964 5326 2046 5373 est

452 5400 507 5455 in
559 5418 717 5455 manu
772 5402 925 5459 Elim.
981 5408 1326 5480 Evangelium
1384 5411 1680 5473 secundum
1729 5413 2040 5469 Matthrenm

450 5509 500 5549 c.
526 5512 762 5562 ccxxrtt,
796 5495 1031 5554 Locutus
1061 5513 1143 5555 est
1176 5504 1332 5558 Jesus
1361 5504 1424 5557 ad
1473 5505 1657 5559 turbas
1689 5514 1743 5560 et
1773 5507 1836 5561 ad
1878 5506 2038 5563 ἀίδρι-

440 5590 601 5657 pulos
624 5604 750 5644 suos
781 5588 969 5645 dicens
988 5632 1002 5657 ,
1030 5609 1189 5663 usque
1220 5595 1567 5650 exaltabitnr.

514 5680 669 5735 Feria
697 5698 768 5735 tv.
803 5682 989 5737 Lectio
1014 5684 1134 5738 libri
1170 5686 1377 5742 Hester.
1417 5688 1469 5741 In
1501 5689 1690 5743 diebus
1726 5689 1831 5743 illis
1854 5692 2034 5748 oravit

434 5773 635 5826 Hester
665 5774 728 5825 ad
766 5774 1048 5830 Dominum
1080 5776 1288 5846 dicens,
1345 5796 1506 5849 usque
1536 5779 1667 5834 hora
1694 5784 2025 5853 canentium,

432 5859 661 5919 Domine
700 5864 842 5923 Deus
880 5878 1085 5925 noster.
1138 5868 1490 5942 Evangelium
1545 5874 1845 5935 secundum
1891 5878 2029 5936 Mat-

2134 5870 2222 5935 die
2248 5872 2360 5929 illa.
2383 5873 2734 5950 Evangelium
2766 5876 3067 5934 secundum
3096 5876 3360 5935 Joannem
3384 5888 3496 5945 cap.
3525 5878 3684 5929 LXX":

2168 4760 2267 4798 nus
2315 4747 2679 4817 omnipotens.
2738 4746 3095 4821 Evangelium
3149 4751 3442 4807 secundum
3490 4750 3722 4805 Joannem

2162 4862 2279 4917 cap.
2307 4847 2450 4920 (Lit),
2484 4848 2795 4918 Operamini
2829 4867 2933 4907 non
2965 4852 3141 4907 cibum
3174 4855 3264 4925 qni
3293 4854 3456 4925 perit,
3482 4868 3629 4923 usque
3648 4845 3720 4917 qui

2159 4950 2330 5003 credit
2362 4950 2414 5005 iit
2449 4967 2533 5005 me
2565 4968 2669 5007 non
2699 4954 2847 5009 sitiet
2874 4970 3155 5025 umquam.

2231 5051 2384 5107 Feria
2417 5069 2489 5107 vt.
2533 5054 2719 5110 Lectio
2745 5055 2868 5111 libri
2900 5056 3139 5112 Numeri.
3174 5058 3235 5111 ln
3268 5056 3456 5112 diebus
3482 5056 3582 5109 illis
3609 5066 3716 5107 con-

2153 5164 2417 5211 venerunt
2446 5157 2538 5211 ﬁlii
2557 5157 2721 5213 Israel
2744 5160 2809 5212 ad
2834 5158 3055 5229 Moysen
3081 5170 3133 5213 et
3153 5162 3356 5223 Aaron,
3377 5174 3531 5230 usque
3549 5164 3714 5211 etsan.

2150 5257 2413 5313 ctilicatus
2440 5269 2527 5314 est
2554 5261 2610 5314 in
2636 5262 2737 5318 eis.
2770 5262 3128 5331 Evangelium
3148 5263 3446 5319 secundum
3474 5260 3709 5315 Joannem

2148 5374 2264 5429 cap.
2298 5376 2486 5427 xxxut,
2516 5362 2677 5418 Jesus
2726 5364 2981 5434 fatigatus
3010 5376 3095 5419 est
3125 5381 3190 5421 ex
3244 5366 3460 5427 itinere,
3510 5357 3709 5415 sedebat

2146 5461 2223 5515 sic
2255 5476 2418 5532 super
2446 5462 2671 5528 fontem,
2706 5483 2865 5534 usque
2890 5465 3013 5535 quia
3066 5466 3151 5519 ltic
3198 5476 3283 5520 est
3325 5478 3447 5519 vere
3488 5459 3708 5515 Salvator

2145 5561 2351 5617 mundi.

2213 5663 2470 5721 Sabbato.
2504 5665 2690 5721 Lectio
2722 5666 2947 5723 Danihel
2980 5667 3281 5738 prophetae.
3319 5666 3373 5721 In
3400 5665 3581 5721 diebus
3606 5660 3698 5716 illis

2136 5777 2252 5825 erat
2275 5770 2356 5823 vir
2388 5772 2439 5825 in
2465 5770 2758 5842 Babylone,
2802 5786 2998 5826 nomen
3031 5773 3147 5841 ejus
3177 5771 3444 5835 Joacltim,
3474 5779 3621 5835 usque
3644 5760 3690 5815 in
