3918 6294
211 325 302 398 σοι
1579 325 1789 386 LIBER
1827 328 1837 377 t

1953 325 2125 384 “TIS.
2704 325 2718 338 ’
3345 385 3350 390 ,
3404 325 3515 385 ιω

203 440 453 500 Perrexit
480 439 646 500 Jesus
687 442 743 498 in
773 449 1018 500 montem
1045 439 1267 511 Oliveti,
1300 457 1462 512 usque
1492 450 1552 502 et
1579 441 1811 512 amplius
1837 441 1889 511 Α
1915 439 2154 498 leonum.
2185 437 2539 509 Evangelium
2568 437 2871 498 secundum
2894 437 3161 498 Joannem
3187 454 3310 509 cap.
3342 454 3514 508 uxr,

195 534 301 605 jam
332 534 444 590 noli
475 549 728 606 peccare.
1912 533 2212 589 Ambulans
2237 534 2396 588 Jesus
2418 535 2469 588 in
2498 531 2922 603 Galilma,usque
2945 541 3168 603 propter
3192 541 3396 590 metum
3419 533 3516 590 Ju-

268 626 556 684 Domiuica
585 644 676 683 xx.
711 627 898 685 Lectio
931 625 1189 697 Epistula:
1217 626 1359 686 beati
1390 625 1552 681 Pauli
1575 625 1806 696 apostoli
1910 628 2174 686 datorum.

195 719 260 774 ad
290 720 540 777 Galatas.
577 719 824 786 Fratres,
853 722 1114 792 scriptum
1145 728 1228 776 est
1247 720 1505 790 quoniam
1531 719 1807 776 Abraham
1983 721 2141 777 Feria
2165 731 2242 777 tv.
2267 720 2460 776 Lectio
2491 719 2616 776 libri
2639 719 2883 776 Leritici.
2918 719 2976 776 ln
3004 719 3198 777 diebus
3225 721 3512 790 illis-locu-

195 811 332 868 duos
358 812 510 868 ﬁlios
533 812 746 882 habuit,
769 813 1312 888 usqueChristusnos
1335 812 1608 868 liberavit.
1633 814 1808 880 Evauo
1913 822 2002 872 tus
2038 823 2123 868 est
2164 812 2425 868 Dominus
2466 811 2534 867 nd
2565 811 2806 883 Moysem
2845 811 3064 878 dicens,
3095 811 3208 882 Ego
3245 811 3510 874 Dominus

194 905 398 976 gelium
438 908 743 962 secundum
777 907 1040 962 Joannem
1090 922 1210 971 cap.
1252 921 1399 968 xui,
1451 906 1600 960 Abiit
1647 906 1809 974 Jesus
1911 906 2056 964 Dens
2088 916 2288 974 vester,
2321 906 2438 962 Non
2489 906 2700 961 facietis
2747 905 2982 971 furtum,
3030 923 3189 974 usque
3233 923 3334 978 ego
3363 910 3513 963 enim

199 1007 350 1052 trans
381 1013 538 1056 mare
569 998 833 1066 Galilmm,
865 999 1006 1076 quod
1039 1009 1122 1054 est
1147 996 1486 1063 Tiberiadis,
1533 1014 1692 1069 usque
1714 998 1808 1068 qui
1907 1017 2031 1060 sum
2059 1001 2322 1057 Dominus
2374 1002 2516 1056 Deus
2557 1009 2758 1057 vester.
2811 999 3158 1070 Evangelium
3209 1001 3510 1058 secundum

201 1098 466 1146 venturus
494 1102 575 1145 est
607 1091 660 1146 in
693 1091 978 1148 mundum.
1910 1095 2173 1152 Joannem
2207 1110 2329 1163 cap.
2355 1111 2488 1161 xcu,
2515 1093 2676 1148 Facta
2702 1102 2827 1149 sunt
2849 1094 3088 1150 encaenia
3115 1095 3168 1148 in
3194 1093 3510 1165 Hierosoly-

274 1185 436 1240 Feria
464 1201 521 1250 ιι.
555 1184 743 1241 Lectio
773 1185 893 1241 libri
930 1186 1156 1258 Regum.
1187 1185 1247 1242 In
1277 1185 1470 1240 diebus
1501 1183 1608 1238 illis
1639 1199 1806 1250 vene,
1910 1190 2036 1252 mis,
2059 1201 2219 1256 usque
2246 1198 2301 1244 et
2323 1203 2423 1255 ego
2455 1188 2507 1240 in
2541 1196 2713 1257 patre.

216 1286 332 1331 runt
378 1275 501 1332 duze
540 1275 798 1333 mulieres
840 1278 1159 1334 meretrices
1188 1277 1255 1330 ad
1285 1291 1471 1347 regem
1523 1274 1806 1350 Salomon,
1982 1281 2144 1338 Feria
2187 1296 2242 1333 v.
2275 1279 2463 1338 lacctio
2491 1278 2721 1338 Danihel
2761 1278 3059 1349 prophetae.
3097 1279 3151 1336 In
3181 1278 3373 1338 diebus
3404 1279 3512 1335 illis

220 1385 362 1439 usque
381 1365 447 1424 ad
480 1367 786 1425 faciendum
805 1369 1090 1440 judicium.
1124 1369 1474 1442 Evangelium
1505 1368 1808 1424 secundum
1912 1375 2088 1434 oravit
2129 1374 2360 1432 Danihel
2391 1374 2606 1437 dicens,
2636 1389 2797 1444 usque
2844 1388 3010 1441 super
3039 1385 3255 1430 onmem
3287 1381 3510 1434 terram.

227 1463 470 1520 Joannem
496 1479 620 1534 cap.
651 1479 745 1532 xx,
783 1466 960 1534 Prope
993 1472 1109 1520 erat
1139 1463 1345 1518 Pascha
1374 1461 1714 1528 Judacorum,
1755 1471 1807 1534 et
1913 1482 2078 1537 usque
2107 1467 2478 1537 unusquisque
2522 1465 2576 1520 in
2625 1464 2845 1526 domum
2893 1479 3070 1524 suam.
3115 1461 3512 1537 (Evangelium)

229 1557 451 1615 ascendit
480 1559 917 1632 Hierosolymam
945 1557 1128 1628 Jesus,
1157 1573 1318 1629 usque
1347 1557 1466 1629 ipse
1495 1557 1641 1612 enim
1672 1556 1809 1613 scie-
1909 1559 2214 1622 secundum
2235 1559 2434 1617 Lucam
2462 1573 2584 1630 cap.
2609 1574 2796 1627 nxxtv,
2819 1557 2878 1616 ιιι
2907 1559 2999 1614 illo
3021 1567 3265 1627 tempore
3289 1557 3516 1628 rogabat

231 1650 443 1722 batquid
468 1662 616 1710 esset
639 1653 696 1708 in
727 1651 968 1708 homine.
1910 1653 2124 1722 Jesum,
2145 1669 2307 1722 usque
2331 1652 2522 1712 dilexit
2545 1653 2798 1710 multum.

289 1745 433 1802 Feria
461 1761 538 1802 ιιι.
578 1745 769 1802 Lectio
811 1745 934 1801 libri
964 1743 1157 1800 Exodi.
1191 1742 1248 1798 ιιι
1290 1741 1484 1799 diebus
1513 1739 1626 1810 illis
1655 1742 1808 1800 locu-
1985 1747 2144 1806 Feria
2171 1764 2244 1804 vt.
2274 1746 2462 1806 Lectio
2494 1747 2784 1805 Hieremias
2813 1746 3118 1817 propheta.
3151 1745 3207 1802 In
3228 1744 3423 1806 diebus
3445 1743 3518 1800 ξι..

232 1847 303 1894 tus
322 1846 398 1894 est
422 1837 623 1911 populo
640 1852 740 1896 suo
765 1836 1030 1894 Dominus
1053 1838 1197 1894 Deus
1223 1845 1430 1892 noster.
1451 1835 1803 1910 Evangeliutn
1836 1834 1885 1914 ﬁ
1912 1839 1978 1901 lis
2008 1839 2145 1896 dixit
2182 1839 2500 1905 Hieremias,
2551 1839 2801 1904 Domine.
2851 1853 3041 1896 omnes
3070 1840 3160 1908 qui
3195 1847 3250 1894 te
3276 1836 3515 1896 derelin-

232 1932 498 1988 secundum
544 1930 812 1988 Joannem
857 1946 980 2003 cap.
1019 1945 1194 1996 Lxxv,
1222 1927 1339 1986 Jam
1371 1929 1458 1985 die
1508 1928 1648 1986 festo
1692 1944 1807 1996 me-
1913 1931 2528 2004 quuntconfundentur,
2553 1950 2710 2005 usque
2733 1941 2958 1990 contere
2985 1947 3102 1998 eos,
3122 1932 3351 1988 Domine
3373 1930 3518 1990 Deus

230 2023 391 2080 diante
412 2023 663 2080 ascendit
691 2021 852 2082 Jesus
883 2024 935 2080 in
984 2024 1247 2096 templum
1275 2033 1328 2079 et
1355 2021 1618 2089 docebat,
1646 2039 1808 2094 usque
1912 2033 2119 2080 noster.
2159 2023 2514 2095 Evangelittm
2565 2024 2868 2084 secundum
2910 2022 3176 2080 Joannem
3211 2038 3333 2094 cap.
3365 2037 3512 2087 xciv,

234 2115 295 2171 de
321 2116 453 2172 turba
487 2115 644 2172 multi
669 2116 1024 2173 crediderunt
1047 2117 1098 2170 in
1131 2130 1278 2170 eum.
1911 2118 2260 2186 Collegemnt
2300 2117 2581 2188 pontiﬁces
2618 2127 2676 2176 et
2703 2116 2954 2188 pharistei
2984 2116 3312 2184 concilium,
3355 2132 3518 2188 usque

293 2207 428 2265 Feria
458 2225 533 2264 tv.
557 2209 751 2270 Lectio
780 2208 1036 2266 Ezechiel
1067 2209 1374 2281 prophetae.
1404 2207 1531 2263 Haec
1549 2207 1679 2262 dicit
1701 2207 1808 2264 Do-
1913 2227 2034 2266 cum
2059 2211 2341 2281 discipulis
2368 2211 2506 2267 suis.

224 2304 384 2358 minus
415 2301 582 2367 Deus,
628 2302 997 2358 Sanctiﬁcabo
1036 2317 1254 2357 nomem
1299 2315 1479 2356 meum
1525 2315 1804 2378 magnum,
1985 2304 2242 2360 Sabbato.
2304 2303 2660 2375 Eleemosyna
2731 2302 2910 2359 datur.
2963 2300 3154 2358 Lectio
3231 2299 3520 2358 Hieremia'.

221 2414 363 2467 usque
391 2410 443 2452 et
473 2413 575 2470 ego
605 2413 700 2454 ero
732 2397 887 2452 vobis
919 2397 970 2452 in
1014 2396 1209 2466 Deum,
1239 2394 1370 2452 dicit
1403 2395 1664 2450 Dominus
1693 2410 1807 2450 om-
1908 2397 2215 2470 prophetae.
2246 2398 2302 2452 In
2333 2397 2527 2458 diebus
2557 2396 2662 2452 illis
2682 2396 2941 2463 dixerunt
2972 2394 3124 2466 impii
3148 2393 3318 2450 Judaei
3347 2393 3413 2446 ad
3439 2394 3521 2460 in-

217 2494 474 2562 nipotens.
547 2492 903 2563 Evangelium
976 2490 1273 2547 secundum
1351 2488 1616 2564 Joannem
1683 2503 1804 2559 cap.
1914 2493 2112 2560 vicem,
2154 2509 2314 2560 usque
2349 2493 2404 2547 in
2449 2499 2695 2562 tempore
2738 2489 2936 2554 luroris
2968 2489 3068 2556 tui,
3124 2487 3346 2554 Domine
3376 2486 3520 2540 Deus

215 2603 428 2649 cxxxix,
475 2585 809 2642 Pratteriens
839 2586 999 2642 Jesus
1040 2585 1173 2639 vidit
1221 2585 1498 2640 hominem
1529 2599 1736 2658 caecum
1777 2599 1810 2640 a
1915 2603 2088 2642 meus.
2134 2587 2482 2656 Evangelium
2530 2585 2826 2648 secundum
2878 2585 3140 2648 Joannem
3191 2598 3310 2648 cap.
3362 2596 3520 2642 LXVI.

209 2680 504 2745 nativitate,
537 2696 698 2750 usque
728 2689 783 2735 et
814 2678 1097 2749 procidens
1119 2677 1368 2732 adoravit
1396 2693 1544 2733 eum.
1581 2688 1610 2744 tl
1913 2680 2058 2736 Dixit
2088 2682 2248 2738 Jesus
2275 2680 2559 2750 discipulis
2587 2678 2701 2740 suis
2721 2720 2736 2744 ,
2769 2681 2966 2745 Amen,
3003 2692 3159 2732 amen
3188 2677 3312 2730 dico
3343 2673 3515 2742 vobis,

268 2774 427 2829 Feria
461 2791 514 2827 v.
561 2772 746 2828 Lectio
772 2772 895 2826 libri
931 2771 1162 2843 Regum.
1200 2771 1252 2825 In
1294 2769 1486 2826 diebus
1515 2768 1811 2828 illisvenit
1914 2773 2028 2839 Nisi
2059 2774 2521 2832 manducaveritis
2551 2787 2770 2830 carnem
2802 2772 2894 2826 tilii
2925 2771 3182 2837 hominis,
3220 2784 3378 2840 usque
3405 2777 3522 2836 tra-

200 2867 394 2920 mulier
428 2863 747 2919 Sunamites
771 2861 838 2917 ad
867 2864 1121 2918 Elismum
1147 2865 1197 2917 in
1235 2876 1498 2930 montem,
1532 2859 1692 2936 usque
1721 2880 1809 2934 ιβ-
1913 2866 2130 2920 ditttrus
2151 2881 2274 2928 eum
2305 2882 2425 2920 cum
2454 2864 2648 2937 (esset)
2680 2879 2818 2920 unus
2846 2879 2909 2920 ex
2942 2861 3249 2924 duodecim.

203 2975 395 3014 versus
427 2970 515 3012 εει
560 2957 612 3011 in
646 2955 891 3026 Galgala.
934 2957 1286 3029 Evangelium
1319 2955 1617 3011 secundum
1645 2956 1811 3012 Joan-
1988 2958 2266 3016 Dominica
2311 2958 2363 3012 in
2397 2957 2624 3027 palmas.
2660 2955 2871 3025 (Lectio
2897 2953 3146 3024 epistola:
3178 2951 3321 3008 beati
3363 2948 3515 3008 Pauli

199 3069 314 3105 nem
346 3066 477 3122 cap.
514 3067 614 3118 xc,
675 3049 820 3105 Dixit
847 3048 1006 3105 Jesus
1057 3051 1230 3105 turbis
1276 3049 1614 3116 Judacorum,
1649 3049 1812 3108 Pater
1911 3051 2148 3122 apostoli
2172 3052 2239 3112 ad
2273 3052 2692 3123 Philippenses.)
2723 3048 2967 3114 Fratres,
3000 3048 3113 3103 Hoc
3144 3048 3291 3102 enim
3323 3046 3523 3114 sentite

199 3160 348 3198 meus
376 3159 559 3214 usque
606 3139 767 3196 modo
793 3154 1073 3212 operatur,
1112 3153 1167 3197 et
1192 3157 1293 3212 ego
1315 3157 1536 3216 operor,
1567 3159 1727 3216 usque
1757 3143 1811 3198 in
1919 3147 1972 3201 in
2000 3147 2154 3202 vobis
2175 3147 2316 3214 quod
2346 3156 2401 3202 et
2428 3147 2479 3200 in
2515 3145 2731 3199 Christo
2751 3144 2901 3206 Jesu,
2935 3159 3090 3210 usque
3105 3143 3231 3208 quin
3259 3141 3524 3208 Dominus

212 3239 677 3292 resurreCtiOItcm
704 3233 917 3306 indic“.
1841 3223 1891 3288 C
1921 3239 2082 3300 Jesus
2126 3240 2377 3298 Christus
2420 3238 2473 3296 in
2517 3239 2686 3308 gloria
2717 3245 2803 3293 est
2842 3236 2939 3292 Dei
2973 3235 3170 3290 Patris.
3206 3232 3393 3288 Passio
3422 3231 3528 3288 Do-

280 3330 433 3386 Feria
460 3345 538 3385 vi.
577 3327 764 3384 Lectio
789 3328 912 3383 libri
939 3328 1168 3400 Regum.
1205 3327 1261 3384 ln
1287 3328 1481 3385 diebus
1509 3327 1614 3384 illis
1644 3344 1818 3400 aagro-
1917 3334 2050 3398 mini
2085 3335 2253 3394 nostri
2285 3333 2412 3394 Jesu
2444 3331 2646 3398 Christi
2698 3329 2998 3392 secundum
3053 3327 3367 3384 Matthmum
3401 3339 3521 3400 cap.

228 3423 346 3476 tavit
365 3422 508 3477 ﬁlius
543 3421 787 3476 mulieris
813 3425 1000 3477 matris
1044 3421 1281 3486 familiae,
1316 3438 1474 3488 usque
1501 3431 1560 3477 et
1589 3422 1814 3494 verbum
1922 3441 2172 3491 ccnxxtv,
2209 3426 2348 3478 Dixit
2373 3425 2533 3480 Jesus
2568 3422 2847 3493 discipulis
2881 3421 3016 3489 suis,
3050 3417 3215 3476 Scitis
3242 3418 3372 3487 quia
3405 3425 3527 3486 post

225 3515 421 3570 Domini
447 3517 502 3569 in
536 3530 636 3570 ore
665 3523 755 3569 tuo
780 3529 966 3569 verum
998 3525 1101 3570 est.
1136 3507 1488 3585 Evangelium
1516 3513 1816 3570 secundum
1921 3519 2142 3574 biduum
2173 3516 2377 3583 Pascha
2417 3517 2531 3582 (iet,
2564 3527 2618 3570 et
2642 3515 2786 3576 tilias
2817 3512 3076 3582 hominis,
3108 3526 3270 3584 usque
3301 3511 3522 3584 signan-

222 3607 479 3665 Juannem
514 3625 643 3679 cap.
678 3625 824 3675 XCIV,
857 3607 990 3663 Erat
1018 3607 1235 3679 quidam
1271 3609 1534 3684 languens
1563 3607 1818 3673 Lazarus,
1927 3624 2007 3666 tes
2035 3610 2270 3680 lapidein
2301 3626 2424 3666 cum
2449 3609 2798 3676 custodibus.

227 3715 372 3768 usque
399 3697 755 3754 crediderunt
785 3699 838 3752 in
869 3714 1014 3754 eum.
1997 3705 2153 3770 Feria
2211 3721 2270 3760 ιι.
2308 3703 2493 3768 Lectio
2546 3704 2725 3762 Esaiae
2756 3700 3055 3772 prophetat.
3114 3699 3170 3752 ln
3199 3696 3390 3752 diebus
3424 3696 3528 3752 illis

293 3791 544 3848 Sabbatu.
596 3789 785 3846 Lectio
830 3791 1004 3846 Esaia}
1041 3790 1344 3864 prophetae.
1395 3787 1521 3845 Hzec
1551 3788 1687 3844 dixit
1714 3788 1821 3842 Do-

1953 3797 2062 3854 lixit
2090 3783 2300 3864 Esaias,
2326 3797 2590 3862 Dominus
2615 3795 2760 3852 Deus
2781 3793 2992 3865 aperuit
3033 3791 3165 3848 mihi
3192 3806 3406 3856 aurem,
3440 3808 3526 3843 us-

239 3884 418 3948 minus,
443 3883 500 3938 ln
535 3895 779 3953 tempore
805 3883 1002 3952 placito
1031 3881 1279 3937 exaudiri
1308 3889 1384 3944 te,
1418 3898 1576 3950 usque
1598 3897 1702 3934 non
1728 3881 1823 3936 ob-

1953 3910 2022 3946 rue
2048 3903 2102 3948 ct
2135 3893 2417 3945 imitantur
2445 3892 2496 3944 in
2524 3890 2757 3944 Domino
2781 3889 2894 3943 Deo
2924 3885 3421 3956 suo._Evangelium
3445 3900 3532 3938 se-

240 3976 436 4034 liviscar
456 3994 543 4044 ea,
573 3977 708 4032 dixit
741 3976 1004 4050 Dominus
1025 3977 1391 4044 omnipotens.
1928 3985 2163 4040 cunam"
2192 3984 2454 4046 Joanne...
2483 3998 2604 4054 cap,
2640 3993 2824 4048 xcv-iu,
2862 3981 3004 4035 Ante
3035 3994 3127 4033 sex
3158 3977 3274 4057 dies
3306 3976 3532 4032 Pascha:

305 4070 432 4124 Alia.
465 4070 652 4125 Lectio
700 4045 878 4124 Esaia:
912 4067 1208 4138 prephetm.
1243 4067 1373 4121 "(DC
1404 4066 1534 4120 dicit
1565 4066 1824 4120 Dominus

243 4161 387 4228 Deus,
420 4165 624 4219 Omnes
654 4163 902 4218 sitientes
930 4164 1114 4218 venite
1146 4162 1210 4217 ad
1243 4176 1409 4231 aquas
1433 4205 1447 4228 ,
1493 4177 1653 4230 usque
1679 4159 1823 4231 quod

243 4257 538 4326 egredietur
567 4255 635 4311 de
663 4270 759 4310 ore
791 4270 943 4319 meo,
978 4255 1111 4309 dixit
1150 4255 1409 4308 Dominus
1457 4254 1823 4322 omnipotens.

245 4348 582 4419 Evangelium
617 4347 915 4402 secundum
967 4347 1231 4404 Joannem
1257 4361 1374 4416 cap.
1428 4359 1652 4409 Lxxxvt,
1685 4337 1828 4399 Dixit

245 4440 384 4499 Jesus
414 4444 590 4499 turbis
615 4441 949 4506 Judtcorum,
990 4441 1101 4512 Ego
1143 4455 1261 4495 sum
1292 4441 1380 4495 lux
1427 4439 1635 4506 mundi,
1670 4457 1828 4510 usque

244 4537 353 4609 quia
379 4537 610 4594 necdum
642 4535 863 4594 venerat
897 4537 1027 4592 hora
1059 4538 1196 4608 ejus.

1930 4079 2080 4132 venit
2105 4076 2263 4146 Jesus
2300 4075 2639 4140 Bethaniam,
2673 4073 2763 4127 ubi
2789 4073 3028 4128 Lazarus
3055 4073 3229 4125 luerat
3260 4081 3531 4133 mortuus,

1931 4187 2087 4239 usque
2118 4180 2171 4222 ut
2200 4170 2525 4224 clariticetur
2549 4168 2688 4222 lilius
2721 4166 2976 4220 hominis.

2003 4266 2162 4322 Feria
2192 4281 2270 4319 lll.
2301 4263 2484 4319 Lectio
2513 4262 2804 4336 Hieremiae
2833 4260 3133 4334 prophetis.
3168 4258 3224 4312 lu
3255 4258 3448 4314 diebus
3472 4258 3535 4313 il-

1933 4361 2000 4417 lis
2031 4362 2167 4416 dixit
2217 4361 2540 4428 Hieremias,
2589 4358 2837 4420 Domine,
2869 4355 3253 4410 demonstraSIi
3285 4353 3448 4416 mihi,
3483 4363 3539 4408 et

1933 4456 2189 4525 cognovi,
2224 4471 2384 4525 usque
2415 4453 2508 4508 tibi
2539 4452 2684 4522 enim
2729 4449 2903 4506 revela
2931 4464 3150 4503 causam
3193 4462 3392 4513 meam,
3428 4446 3538 4501 Do-

1937 4550 2082 4603 mine
2116 4548 2257 4618 Deus
2285 4562 2458 4616 meus.
2508 4545 2643 4600 Item
2672 4543 2812 4600 Alia.
2847 4541 3031 4597 LeCtiu
3059 4540 3184 4596 libri
3215 4541 3534 4612 Sapientim.

307 4631 583 4688 Dominica
607 4647 638 4687 v
663 4634 712 4688 in
733 4631 1175 4703 Quadragesima.
1200 4629 1660 4700 LcctioEpislolm
1687 4632 1828 4685 beati

1953 4639 1996 4694 ιιι
2021 4639 2216 4694 diebus
2239 4639 2345 4706 illis
2367 4639 2621 4692 dixerunt
2643 4635 2792 4708 impii
2821 4633 2994 4690 Judaei
3023 4633 3162 4706 apud
3192 4634 3540 4702 semetipsos,

241 4725 378 4782 Pauli
411 4727 642 4796 apostoli
682 4728 748 4779 ad
786 4727 1063 4780 llehrmos.
1095 4724 1345 4788 Fratres,
1384 4723 1634 4778 Christus
1664 4724 1830 4778 assis-

238 4830 354 4874 tens
381 4815 667 4888 Pontifex,
714 4835 874 4890 usque
905 4830 1122 4874 :rternrc
1173 4817 1500 4872 hmreditatis
1528 4817 1580 4870 in
1613 4815 1833 4872 Christo

229 4915 360 4970 Jesu
387 4911 618 4968 Domino
642 4922 849 4968 nostro.
881 4913 1228 4982 Evangelium
1250 4910 1547 4964 secundum
1569 4911 1832 4966 Joannem

230 5023 352 5078 cap.
374 5019 605 5073 Lxxxtx,
640 5005 859 5060 Dicebat
888 5005 1048 5061 Jesus
1072 5004 1242 5058 turbis
1268 4997 1582 5057 Judzcorum
1615 5011 1666 5058 et
1687 5003 1836 5073 prin-

229 5101 454 5172 cipibus
483 5097 846 5165 sacerdotum,
869 5100 1002 5168 Quis
1030 5116 1094 5154 ex
1113 5098 1264 5153 vobis
1293 5107 1483 5169 arguet
1516 5113 1600 5153 me
1629 5097 1694 5153 de
1718 5114 1841 5168 pec-

229 5203 384 5257 cato,
415 5207 570 5258 usque
598 5202 651 5247 et
679 5192 849 5248 exivit
876 5191 945 5247 de
971 5191 1193 5260 templo.

311 5281 475 5341 Feria
508 5299 566 5338 ιι.
598 5283 783 5340 Lectio
803 5277 954 5340 Jonte
984 5285 1283 5355 prophetae.
1311 5283 1365 5338 ln
1387 5283 1577 5338 diebus
1600 5283 1706 5338 illis
1735 5281 1845 5337 fa'c-

236 5393 354 5433 tum
389 5385 474 5430 est
502 5376 728 5431 verbum
758 5377 971 5432 Domini
1015 5378 1080 5430 ad
1112 5377 1302 5431 Junam
1327 5422 1339 5441 ,
1375 5392 1532 5442 usque
1565 5386 1617 5431 et
1651 5377 1842 5432 miser-

243 5481 334 5524 tus
365 5475 451 5523 est
482 5469 682 5538 pepulo
728 5481 828 5523 suo
861 5469 1124 5524 Dominus
1154 5467 1297 5523 Deus
1357 5477 1564 5523 noster.
1598 5469 1843 5540 Evange-

243 5566 381 5619 lium
408 5561 708 5617 seCundum
739 5562 1002 5618 Joannem
1031 5577 1153 5633 cap.
1190 5577 1372 5630 Lxxu,
1401 5562 1662 5617 Miserunt
1703 5564 1851 5634 prin-

248 5658 405 5726 cipes
431 5663 488 5709 et
518 5654 771 5726 pharisaai
807 5658 1108 5720 ministros,
1136 5671 1294 5725 usque
1314 5655 1599 5710 credentes
1622 5657 1672 5710 in
1703 5669 1848 5712 eum.

321 5747 584 5805 Feriam.
621 5749 806 5805 Lectio
835 5750 1056 5806 Danihel
1094 5749 1397 5824 prophetae.
1430 5747 1486 5802 In
1518 5749 1711 5805 diebus
1746 5752 1856 5806 illis

252 5844 560 5913 congregati
591 5841 715 5899 sunt
747 5842 1029 5914 Babylonii
1082 5842 1147 5897 ad
1192 5853 1372 5910 regem
1393 5881 1406 5906 ,
1438 5857 1596 5911 usque
1640 5844 1707 5898 de
1737 5846 1853 5899 lacu

1939 4749 2096 4802 usque
2124 4733 2432 4784 animarum
2469 4744 2689 4796 suarum
2721 4725 2853 4782 dicit
2879 4726 3145 4782 Dominus
3173 4727 3538 4798 omnipotens.

1942 4826 2294 4893 Evangelium
2321 4823 2616 4879 secundum
2646 4821 2911 4876 Joannem
2933 4836 3056 4889 cap.
3091 4834 3197 4882 etv,
3222 4818 3362 4872 Dixit
3384 4817 3544 4871 Jesus

1940 4920 2222 4996 discipulis
2247 4919 2383 4986 suis,
2415 4916 2611 4982 Amen,
2634 4931 2791 4970 amen
2827 4914 2948 4990 dico
2974 4912 3145 4975 vobis,
3172 4910 3281 4964 Nisi
3312 4923 3539 4979 granum

1943 5011 2198 5066 frumenti
2225 5010 2427 5086 cadens
2458 5011 2702 5073 interra,
2732 5025 2890 5077 usque
2919 5006 3231 5059 dilexerunt
3251 4999 3396 5055 cnim
3427 5001 3543 5071 glo—

1948 5106 2081 5160 riam
2129 5105 2406 5157 hominum
2439 5102 2612 5170 magis
2641 5116 2803 5170 quam
2839 5099 3067 5170 gloriam
3099 5095 3214 5148 Dei.

2019 5197 2172 5252 Feria
2205 5212 2282 5251 tv.
2312 5195 2499 5252 Lectio
2547 5193 2724 5249 Esaia:
2770 5190 3073 5262 propheta.
3107 5187 3232 5240 Ιιίυο
3262 5184 3394 5242 dicit
3437 5183 3544 5239 Do-

1950 5290 2127 5344 minus
2177 5289 2341 5354 Deus,
2383 5288 2554 5342 Dicite
2606 5287 2731 5341 tiliae
2765 5285 2927 5350 Sion,
2960 5281 3096 5335 Ecce
3144 5278 3393 5335 Salvator
3427 5288 3549 5332 tuus

1949 5385 2115 5449 venit,
2142 5400 2298 5452 usque
2333 5398 2498 5452 super
2529 5384 2706 5434 omnia
2751 5393 2869 5448 quae
2902 5373 3134 5428 reddidit
3171 5374 3325 5427 nobis
3361 5369 3547 5424 Domi-

1953 5493 2052 5531 nus
2090 5477 2227 5530 Deus
2257 5487 2460 5529 noster.
2522 5471 2650 5526 item
2703 5467 2888 5524 Lectio
2941 5469 3113 5522 Esaiir
3158 5468 3454 5536 propheta).
3492 5463 3546 5514 ln

1953 5569 2141 5623 diebus
2172 5567 2299 5634 illis,
2322 5567 2458 5620 dixit
2486 5564 2692 5629 Esaias,
2718 5561 2961 5626 Domine,
2991 5563 3111 5631 quis
3142 5557 3369 5611 crcdldit
3403 5553 3556 5607 aitdi-

1957 5663 2030 5714 tui
2063 5673 2277 5720 nostro,
2311 5675 2468 5730 usque
2491 5670 2545 5710 ut
2579 5672 2681 5708 non
2709 5655 2967 5724 perirent,
2995 5655 3124 5707 dicit
3155 5649 3412 5702 Dominus
3439 5663 3554 5701 om-

1959 5757 2228 5824 niptitctts.
2267 5753 2453 5806 l‘assio
2495 5749 2706 5803 Domini
2749 5749 2916 5800 nostri
2961 5745 3090 5801 Jesu
3129 5741 3328 5796 Christi
3359 5755 3552 5798 secun—

1963 5839 2086 5902 dum
2135 5847 2327 5900 Lucam
2369 5860 2488 5914 cap.
2523 5859 2683 5908 acu,
2718 5839 3196 5910 Αριιιγψὶησιυίιὺιιι
3228 5847 3408 5889 autem
3448 5831 3570 5903 dies
