3918 6294
492 287 599 351 507

1534 287 1591 344 S.
1636 284 2022 343 lllERONYMl
2060 284 2347 371 OPEZRUM
2390 286 2758 345 MANTISSA.
3657 297 3741 359 508

562 404 633 458 In
659 405 852 476 pascha
874 407 1153 465 annotina.
1188 402 1540 474 Evangelium
1586 401 1885 458 secundum
1924 401 2091 458 Joan-
2121 404 2173 467 Α
2201 401 2560 475 Evangelium
2591 403 2889 489 secundum
2921 403 3231 461 Mattbazum
3255 421 3372 478 cap.
3404 424 3599 489 Lxxxvt.
3627 411 3745 483 Dixit

492 515 616 556 nem
648 515 767 570 cap.
816 516 962 565 xxiv,
1020 498 1153 554 Erat
1199 498 1361 553 homo
1409 513 1478 551 ex
1531 495 1809 568 pharisazis
1850 496 2091 564 nomine,

502 608 664 660 usque
685 590 777 646 sed
808 589 1011 645 habeat
1036 591 1201 645 vitam
1235 599 1519 644 :rternam.

565 666 684 738 Kal.
720 672 863 736 Maii.
896 666 1084 736 Natale
1136 689 1448 736 sanctorum
1501 680 1735 749 Philippi
1785 690 1838 736 et
1880 678 2093 736 Jacobi.

492 772 773 831 Ambianis
822 773 974 830 Accii
1022 785 1075 829 et
1128 774 1355 828 Aceioli.
1392 764 1578 828 Lectio
1620 771 1743 827 libri
1777 758 2093 843 Sapientiae.

488 850 729 923 Stabunt
754 865 886 936 justi
917 868 967 920 in
1012 866 1203 936 magna
1236 866 1563 931 constantia,
1606 883 1767 936 usque
1800 866 1941 922 inter
1973 883 2068 920 sat.

499 971 618 1013 ctos
648 974 769 1014 sors
811 959 1028 1015 illorum
1063 969 1166 1015 eSt.
1209 959 1562 1030 Evangelium
1600 959 1894 1013 secundum
1928 944 2095 1014 Joan-

496 1067 618 1107 nem
644 1067 769 1123 cap.
795 1067 1003 1118 cxxvtt,
1034 1051 1177 1106 Dixit
1198 1050 1352 1107 Jcsus
1376 1051 1661 1121 discipulis
1684 1050 1819 1115 suis,
1845 1050 1961 1106 Non
1986 1063 2098 1106 lur-

488 1145 647 1201 betur
677 1162 772 1200 cor
802 1157 1069 1214 vestrum,
1106 1146 1326 1201 creditis
1358 1146 1410 1201 in
1445 1146 1635 1215 Deum,
1684 1163 1845 1218 usque
1894 1147 1947 1207 in
2000 1164 2084 1204 no~

490 1226 646 1294 ’mine
676 1255 800 1294 meo
822 1240 940 1319 haec
969 1240 1187 1295 faciam.

566 1333 754 1388 Lectio
782 1332 904 1388 libri
928 1334 1245 1405 Sapientite.
1277 1333 1393 1392 Viri
1415 1335 1547 1406 justi
1575 1337 1683 1391 sint
1710 1322 1800 1395 tibi
1832 1339 2096 1407 convivat,

496 1443 659 1497 usque
681 1425 1070 1481 honoratorum
1106 1436 1159 1483 et
1192 1444 1515 1498 pauperum.
1553 1430 1761 1498 Evang.
1795 1432 2097 1486 secundum

500 1506 702 1575 Lucam
734 1537 853 1592 cap.
883 1537 1107 1587 cxcvm,
1143 1523 1287 1577 Dixit
1317 1523 1475 1578 Jesus
1504 1523 1784 1594 discipulis
1806 1525 1940 1589 suis,
1965 1508 2097 1581 cum

498 1612 783 1668 audieritis
816 1614 1026 1684 praelia,
1060 1630 1220 1689 usque
1268 1617 1319 1670 in
1368 1617 1627 1686 patientia
1662 1627 1841 1672 vestra
1889 1618 2100 1675 animas

495 1714 732 1760 vestras.

2197 495 2355 551 Jesus
2383 496 2665 569 discipulis
2698 486 2836 573 suis,
2874 498 3015 555 Ecce
3047 515 3146 572 ego
3177 500 3330 555 mitto
3376 486 3486 569 vos,
3516 519 3653 575 usque
3674 504 3745 564 llic

2200 591 2386 645 salvus
2417 588 2540 645 erit.

2274 680 2432 737 Feria
2462 699 2512 736 tv
2544 681 2895 739 hebdomada:
2924 701 3046 756 quae
3092 700 3274 756 supra.
3326 685 3506 753 Lectio
3532 687 3746 761 EpiStolze

2200 773 2344 847 beati
2395 775 2543 832 Pauli
2595 777 2826 846 apostoli
2874 777 2938 833 ad
2986 779 3511 851 Thessalonicenses.
3544 782 3745 851 Fratres,

2205 883 2395 921 omnes
2423 868 2567 939 enim
2596 884 2691 922 vos
2729 870 2821 922 ﬁlii
2854 869 2988 926 lucis
3020 856 3081 925 et
3108 864 3197 925 lilii
3227 870 3337 935 diei
3368 873 3516 939 estis,
3544 891 3684 945 usque
3707 888 3747 931 et

2206 959 2471 1014 mditirate
2509 962 2827 1015 alterutrum
2856 944 2907 1015 in
2936 960 3152 1017 Christo
3179 962 3309 1033 Jcsu
3336 963 3551 1019 Domino
3576 944 3744 1025 nostro.

2204 1038 2553 1119 Evangelinm
2587 1053 2882 1108 secundum
2919 1042 3153 1109 Marcum
3185 1071 3234 1110 c.
3269 1071 3524 1127 ccxxxut,
3555 1058 3748 1130 Surgens

2199 1156 2379 1200 autem
2413 1146 2577 1202 Jesus
2608 1164 2770 1221 mane
2819 1150 2991 1213 prima
3035 1142 3269 1218 sabbati,
3320 1166 3475 1224 usque
3515 1154 3751 1210 nuntiave-

2201 1251 2322 1294 runt
2352 1243 2585 1296 caeteris.

2273 1314 2429 1387 Feria
2462 1348 2494 1385 v
2535 1331 2889 1388 hebdomadze
2938 1350 3057 1406 qua:
3106 1350 3290 1405 supra.
3339 1334 3521 1411 Lectio
3564 1336 3747 1393 Actuum

2201 1424 2590 1491 apostolorum.
2626 1424 2683 1480 In
2714 1426 2905 1483 diebus
2946 1427 3054 1482 illis
3107 1428 3245 1483 faeta
3298 1436 3379 1483 est
3427 1427 3642 1483 turbatio
3671 1447 3747 1486 non

2202 1518 2424 1572 minima
2455 1518 2521 1572 de
2555 1517 2664 1583 via,
2696 1536 2855 1591 usque
2884 1536 3006 1574 eum
3038 1506 3156 1574 bare
3192 1520 3445 1589 dixisset,
3471 1506 3660 1577 dimisit
3679 1522 3751 1579 Ec-

2201 1610 2446 1666 cYesiam.
2484 1600 2838 1683 Evangelium
2869 1611 3089 1680 quodin
3118 1606 3421 1668 Dominica.

2280 1703 2464 1783 Roma:
2497 1705 2675 1759 natale
2703 1707 2880 1760 saneti
2910 1694 3191 1762 Gordiani.
3222 1706 3405 1761 Lectio
3433 1706 3549 1762 libri
3571 1700 3751 1779 Sapien-

573 1795 733 1852 Feria
787 1813 822 1853 ιι
872 1797 1227 1855 ιιθὺάοῐητιᾶτε
1271 1817 1391 1872 qute
1432 1816 1616 1872 supra.
1652 1802 1836 1861 Lectio
1862 1802 2094 1863 Actuum

2215 1796 2313 1851 .iaz.
2350 1794 2522 1851 Omne
2552 1807 2956 1854 sacramentum
2984 1798 3187 1854 erroris
3219 1798 3336 1853 odit
3365 1799 3525 1865 Deus,
3552 1817 3688 1872 usque
3715 1800 3752 1854 in

499 1889 900 1959 apostolorum.
950 1882 1007 1946 In
1037 1891 1229 1948 diebus
1265 1878 1371 1949 illis
1413 1909 1534 1951 cum
1569 1897 1843 1954 venissent
1866 1901 2098 1969 apostoli

497 1983 553 2038 in
591 1981 841 2055 Mysiam,
872 2000 1029 2055 usque
1055 1986 1238 2041 salvus
1262 1988 1368 2042 eris
1395 1996 1450 2041 tu
1482 1998 1535 2041 et
1565 1990 1757 2044 domus
1781 1998 1894 2045 tua.
1920 1990 2099 2047 Evan-

496 2076 701 2148 gelium
734 2072 880 2148 quod
911 2076 1012 2132 fuit
1045 2080 1097 2133 in
1129 2079 1402 2135 Dominica
1435 2082 1703 2153 proxima.

572 2184 626 2222 v.
663 2182 793 2226 non.
822 2162 969 2224 Mali.
1004 2168 1248 2227 lnventio
1291 2183 1491 2229 sanctae
1519 2176 1722 2229 crucis.
1756 2175 1944 2233 Lectio
1975 2177 2103 2249 Epi-

496 2259 651 2315 stolas
692 2259 837 2315 beati
880 2252 1033 2316 Pauli
1067 2263 1302 2332 apostoli
1335 2264 1399 2318 ad
1430 2264 1667 2320 Galatas.
1702 2252 1942 2334 Fratres,
1972 2285 2102 2324 con-

498 2352 607 2406 tido
638 2352 705 2407 de
738 2353 895 2429 vobis
945 2353 997 2407 in
1054 2355 1281 2408 Domino
1313 2355 1457 2425 quod
1508 2344 1638 2410 nihil
1665 2340 1811 2412 aliud
1856 2360 2098 2429 sapietis,

498 2463 657 2518 usque
708 2446 836 2500 mibi
891 2447 1127 2502 mundus
1176 2450 1466 2504 cruciﬁxus
1508 2460 1612 2517 est,
1659 2461 1711 2504 et
1744 2467 1843 2522 ego
1877 2454 2098 2507 mundo.

504 2530 855 2612 Evangelium
887 2542 1029 2613 quod
1060 2543 1255 2613 legitur
1294 2546 1343 2598 in
1380 2528 1583 2599 Pascha
1612 2548 1891 2600 annotina.

578 2636 732 2691 Feria
779 2654 831 2692 tv
876 2637 1231 2695 hebdomada:
1269 2656 1389 2709 qua:
1432 2654 1620 2709 supra.
1655 2639 1840 2697 Lectio
1875 2644 2102 2697 Actuum

504 2730 900 2797 apostolorum.
931 2731 986 2785 ltt
1015 2732 1207 2787 diebus
1238 2732 1347 2787 illis
1376 2734 1541 2788 loculi
1584 2743 1709 2788 sunt
1750 2737 1979 2804 apostoli
2010 2752 2105 2790 cu-

504 2824 645 2877 stodi
696 2824 938 2879 carceris
990 2826 1216 2880 verbum
1278 2826 1490 2881 Domini
1545 2843 1663 2881 cum
1720 2830 1973 2883 omnibus
2014 2829 2104 2899 qui

508 2926 668 2973 erant
694 2918 745 2972 in
775 2918 937 2972 domo
963 2918 1106 2987 ejus,
1130 2936 1291 2988 usque
1322 2921 1580 2975 mulieres
1608 2914 1814 2975 nobiles
1838 2936 1942 2974 non
1974 2937 2106 2990 pau-

514 3028 617 3067 ere.
653 3011 1003 3079 Evangelium
1034 3013 1177 3082 quod
1212 3014 1262 3066 in
1295 3013 1599 3068 Dominica.

581 3103 738 3159 Feria
769 3120 799 3155 v
828 3104 1184 3160 hebdomadze
1231 3121 1352 3174 qua:
1401 3122 1587 3176 supra.
1635 3104 1824 3162 Lectio
1874 3107 2104 3163 Actuum

2205 1888 2431 1943 veritate
2454 1890 2644 1943 nuntio
2672 1891 2956 1945 scientiam
2986 1891 3105 1961 ejus
3135 1892 3188 1947 in
3208 1889 3432 1962 judicio.
3458 1890 3752 1963 Evangelinm

2210 1980 2511 2035 secundum
2538 1980 2846 2036 Mattbazmn
2877 1998 2996 2053 cap.
3032 1984 3153 2049 χεν,
3182 1982 3329 2039 Dixit
3352 1981 3505 2039 Jesus
3527 1984 3755 2055 discipulis

2208 2072 2345 2137 Suis,
2380 2060 2557 2128 Nolite
2585 2075 2853 2130 arbitrare
2879 2076 3002 2146 quia
3026 2076 3147 2132 veni
3178 2084 3366 2148 pacem
3393 2078 3612 2143 mittere,
3637 2094 3755 2147 utque

2206 2180 2313 2221 non
2348 2167 2539 2238 perdet
2572 2152 2893 2222 mercedem
2916 2183 3093 2223 suam.

2189 2255 2199 2264 ’
2276 2260 2517 2315 Sabbato
2564 2261 2917 2317 hebdomadis:
2949 2280 3068 2334 quae
3119 2277 3307 2333 supra.
3356 2264 3537 2320 Lectio
3567 2252 3749 2319 Actuum

2202 2354 2677 2426 apostolorutn.tlti
2711 2356 2906 2413 diebus
2937 2360 3066 2425 illis,
3094 2369 3383 2429 postquam
3410 2370 3582 2413 autem
3611 2372 3753 2412 cessa-

2205 2448 2280 2502 vit
2336 2449 2621 2516 tumultus,
2682 2467 2842 2520 usque
2891 2450 3244 2506 deducebant
3294 2466 3415 2506 eum
3473 2451 3534 2505 ad
3588 2465 3750 2505 narem.

2211 2524 2568 2612 Erangeliutn
2600 2542 2896 2597 secundmn
2928 2528 3197 2599 Joannem
3222 2560 3339 2616 cap.
3374 2560 3509 2611 XLVI,
3542 2530 3752 2598 Abiitle-

2207 2647 2300 2686 sus
2335 2645 2484 2688 trans
2516 2650 2666 2690 mare
2696 2624 2957 2703 Calilazae,
3006 2654 3167 2708 usque
3213 2636 3284 2691 ibi
3316 2635 3536 2692 sedebat
3560 2653 3665 2691 cum
3690 2634 3751 2688 di-

2210 2724 2434 2795 scipulis
2466 2728 2598 2782 suis.

2282 2819 2557 2875 Dontinica
2591 2838 2641 2875 iv
2674 2833 2789 2891 post
2816 2823 3040 2879 octabas
3063 2814 3312 2879 Pascbac.
3342 2822 3519 2882 Lectio
3544 2812 3749 2893 Epistula.

2212 2914 2352 2969 beati
2368 2900 2552 2969 Jacobi
2568 2914 3177 2985 apostoli.Cliarissimi,
3194 2927 3370 2974 estote
3386 2920 3601 2973 factores
3614 2914 3748 2979 verbi,

2215 3022 2370 3076 usque
2406 3022 2464 3060 se
2505 3006 2784 3062 custodire
2829 3009 2896 3061 ab
2938 3008 3044 3065 hoc
3076 3012 3303 3065 saeculo.
3337 3009 3663 3080 Evangelium
3690 3021 3750 3059 se-

2213 3096 2446 3151 cundum
2503 3097 2765 3154 Joannem
2822 3115 2941 3169 cap.
2998 3117 3092 3166 CL,
3152 3101 3295 3157 Dixit
3350 3101 3500 3158 Jesus
3528 3098 3752 3168 discipulis

504 3194 975 3266 apost0lorum.ln
998 3196 1189 3251 diebus
1214 3197 1319 3251 illis
1339 3198 1579 3261 zelantes
1597 3198 1770 3253 Judrei
1803 3201 2103 3270 apostolos,
2136 3182 2180 3257 β
2213 3190 2348 3256 θυῖεν
2385 3192 2579 3258 Alne".
2620 3208 2776 3247 amen
2808 3193 2934 3259 die“
2965 3193 3141 3262 "illis.
3170 3196 3215 3249 εί
3248 3188 3378 3267 (μιῑά
3420 3195 3656 3265 Palmitis
3680 3190 3750 3245 Pa'

514 3284 962 3360 aSsumehtésque
992 3286 1060 3344 de
1091 3290 1251 3359 Vulgo
1283 3291 1450 3360 Vll'tls,
1487 3309 1642 3363 usque
1682 3302 1773 3345 aut
1805 3292 1988 3348 dicere
2018 3303 2110 3347 aut

514 3382 702 3439 audire
726 3382 926 3453 aliquid
953 3382 1097 3436 novi.
1133 3372 1484 3453 Evangezinm
1510 3370 1808 3440 secundum
1840 3382 2105 3440 Joannem

505 3495 625 3549 cap.
657 3494 823 3536 cxxv.
855 3476 997 3533 Dixit
1030 3478 1187 3533 Jesus
1220 3476 1501 3552 discipulis
1531 3481 1670 3544 suis,
1698 3478 1899 3547 Filioli,
1931 3480 2109 3537 adhuc

512 3570 789 3623 modicum
842 3570 1122 3625 vobiscum
1178 3586 1296 3625 smn
1327 3554 1365 3640 ,l
1402 3589 1562 3639 usque
1626 3571 1873 3642 sequeris
1928 3581 2106 3627 autem

511 3675 719 3732 postea.

581 3738 741 3811 Feria
772 3771 823 3811 vt
856 3755 1214 3813 httdemada:
1251 3774 1371 3828 quae
1413 3775 1595 3826 supra.
1650 3744 1838 3815 Lectio
1878 3761 2109 3815 Actuum

504 3848 905 3919 apostolorum.
951 3851 1116 3906 Stans
1163 3860 1346 3907 autem
1386 3850 1584 3906 Paulus
1627 3853 1679 3907 in
1712 3852 1892 3909 medio
1938 3856 2109 3911 Areo-

510 3942 629 4013 pagi
670 3942 763 4009 ait,
818 3961 979 4015 usque
1009 3943 1212 3999 docens
1260 3944 1310 3998 in
1344 3946 1422 3999 eis
1457 3946 1678 4001 verbum
1716 3947 1829 4002 Dei.
1868 3948 2113 4022 Evange-

510 4028 640 4091 lium
672 4024 894 4127 quodin
928 4034 1228 4127 Dominica.

585 4122 822 4183 Sabbato
852 4122 1211 4183 hebdomada)
1250 4145 1369 4201 qua:
1417 4146 1598 4197 supra.
1644 4131 1831 4188 Lectio
1878 4133 2109 4189 Actunm

512 4222 904 4289 apostolorum.
930 4223 987 4276 lu
1017 4223 1208 4277 diebus
1234 4225 1341 4278 illis
1367 4227 1777 4282 insurrexerunt
1801 4246 1908 4283 uno
1932 4231 2112 4287 animo

509 4316 681 4371 Διιᾱωὶ
708 4318 758 4371 in
787 4317 1033 4383 Paulum,
1059 4336 1219 4387 usque
1244 4312 1431 4389 spiritu
1459 4336 1684 4391 nequam
1709 4323 2110 4393 egrediebatur.

511 4409 866 4480 Evangelium
899 4413 1042 4481 quod
1075 4412 1127 4466 in
1161 4412 1453 4469 Dominica.

587 4502 863 4557 Dominica
899 4500 1002 4575 (ut)
1055 4515 1175 4572 post
1222 4506 1443 4561 octabas
1477 4506 1716 4561 Pascbm.
1767 4510 1954 4564 Lectio
1985 4511 2109 4578 Epi-

2211 3278 2370 3348 lrent,
2402 3300 2561 3355 usque
2588 3285 2644 3338 in
2680 3287 2780 3341 boc
2810 3286 3086 3340 credimus
3116 3287 3246 3356 quia
3278 3304 3307 3343 a
3330 3289 3441 3343 Deo
3483 3286 3641 3343 existi.

2284 3374 2508 3429 Letania
2574 3376 2804 3445 majore.
2865 3378 3050 3433 Lectio
3104 3378 3379 3450 EpiSlOliB‘
3420 3379 3555 3435 beati
3603 3374 3744 3432 Jacobi

2212 3467 2464 3536 apostoli.
2484 3469 3175 3527 Conllteininialterutrum
3198 3482 3414 3542 peccata
3428 3478 3744 3537 vanamque

2212 3570 2266 3615 et
2290 3561 2468 3631 operit
2496 3561 2905 3619 multitudinem
2933 3578 3308 3635 peccatorum.
3344 3560 3653 3637 Evangelium
3677 3574 3739 3611 se-

2210 3654 2444 3707 cundum
2479 3654 2678 3709 Lucam
2727 3672 2848 3726 cap.
2897 3671 3083 3722 cxxrv,
3135 3657 3285 3713 Dixit
3330 3658 3485 3714 Jesus
3527 3647 3742 3722 discipulis

2213 3743 2347 3809 suis,
2382 3745 2513 3810 Quis
2564 3758 2804 3802 vestrum
2860 3746 3028 3803 habet
3070 3752 3331 3815 amicum,
3376 3763 3531 3818 usque
3571 3738 3746 3815 petenti-

2216 3839 2314 3893 bus
2341 3853 2423 3894 se.

2282 3933 2346 3988 In
2380 3933 2557 4005 vigilia
2592 3938 2830 3990 Ascensa
2878 3936 3113 3992 Domini.
3161 3938 3352 3993 Lectio
3395 3941 3608 3995 Acutum
3649 3942 3746 3997 αρο·

2215 4032 2509 4087 Slolorttm.
2544 4033 2597 4086 In
2646 4034 2839 4088 diebus
2888 4035 3016 4097 illis,
3065 4035 3429 4089 multitudinis
3466 4040 3625 4087 autem
3662 4039 3747 4080 cre-

2221 4127 2487 4189 dentium,
2522 4138 2683 4198 usque
2710 4130 2871 4195 ’pront
2901 4128 3096 4198 cuique
3126 4144 3263 4199 opus
3296 4138 3430 4183 erat.
3462 4120 3748 4192 Evangelium

2217 4223 2515 4276 secundum
2540 4221 2802 4277 Joanztem
2834 4238 2953 4292 cap.
2987 4238 3126 4286 thv,
3158 4223 3469 4278 Sublevatis
3494 4221 3631 4275 Jesns
3651 4224 3752 4265 ctu-

2219 4313 2283 4366 lis
2314 4313 2366 4367 in
2400 4315 2623 4377 catlttm,
2654 4331 2809 4384 usque
2839 4325 2893 4368 et
2919 4331 3020 4384 ego
3052 4315 3117 4369 ad
3152 4326 3203 4370 te
3235 4314 3389 4369 vado.

2285 4408 2347 4463 in
2378 4404 2724 4463 Ascensionis
2752 4410 2989 4463 Domini.
3022 4409 3215 4464 Lectio
3267 4413 3489 4463 Aetuum
3520 4396 3746 4473 apostolo.

2220 4517 2360 4554 rum.
2392 4502 2628 4556 Primum
2656 4504 2873 4573 quidem
2904 4518 3219 4559 sermonem
3252 4503 3375 4571 feci,
3409 4514 3556 4570 usque
3578 4500 3749 4549 euntem

508 4594 659 4647 stolae
687 4594 828 4649 beati
859 4594 1049 4651 Jacobi
1081 4598 1336 4666 apostoli.
1362 4598 1707 4664 Cltarissimi,
1741 4617 1902 4656 omne
1926 4603 2105 4657 datum
2139 4588 2191 4653 D
2218 4597 2270 4649 in
2326 4596 2547 4650 cadum.
2614 4595 2987 4665 Erangelium
3024 4596 3325 4651 secundum
3392 4594 3611 4649 Marcum
3657 4595 3747 4648 catt.

510 4687 799 4756 optimum,
834 4688 995 4758 usque
1019 4690 1160 4759 quod
1192 4702 1371 4759 potest
1402 4692 1613 4748 salvare
1641 4693 1850 4748 animas
1877 4700 2108 4751 ve‘slras.
2144 4692 2147 4697 “

510 4778 864 4851 Evangelium
893 4783 1190 4837 secundum
1240 4764 1503 4840 Joannem
1543 4782 1663 4855 cap.
1719 4803 1920 4855 cum,
1964 4788 2110 4844 Dixit

508 4873 665 4929 Jesus
706 4874 991 4945 discipulis
1039 4876 1173 4943 suis,
1223 4877 1375 4934 Vado
1421 4880 1487 4934 ad
1530 4894 1654 4936 eum
1698 4883 1787 4953 qui
1820 4898 1904 4938 me
1936 4883 2104 4949 misit,

476 4966 481 4969 ’
510 4983 670 5035 usque
697 4967 1040 5021 annuntiabit
1071 4967 1243 5023 vobis.

584 5072 621 5112 ll
652 5074 779 5114 non.
813 5059 958 5114 Maii.
984 5059 1170 5115 Natale
1199 5063 1371 5117 sancti
1402 5061 1638 5119 Mattlizei
1682 5065 1935 5135 apostoli.
1969 5065 2107 5122 Lec-

512 5151 586 5204 tio
608 5150 727 5207 llbri
757 5152 1070 5222 Sapientim.
1094 5155 1411 5211 Benedictio
1430 5148 1527 5213 Dei
1554 5158 1605 5213 in
1632 5162 1940 5215 mercedem
1975 5158 2107 5230 justi

511 5246 753 5313 festinat,
789 5265 947 5319 usque
974 5248 1157 5304 ditiori
1189 5260 1240 5304 te
1280 5252 1460 5305 socius
1508 5251 1695 5306 fueris.
1748 5248 2103 5323 Evangelium

509 5338 809 5394 secundum
843 5340 1106 5397 Joannem
1138 5357 1259 5414 cap.
1294 5358 1492 5412 cxxxv,
1546 5344 1689 5399 Dixit
1735 5344 1895 5401 .lesus
1938 5345 2104 5402 disci-

510 5432 650 5504 pulis
676 5433 810 5499 suis,
847 5433 958 5489 Hoc
988 5446 1070 5489 est
1100 5447 1430 5507 praeceptum
1462 5448 1640 5491 meum
1674 5450 1728 5492 ut
1756 5438 1990 5509 diligatis
2023 5440 2107 5495 in,-

507 5529 708 5591 vicem,
742 5528 898 5597 usque
927 5528 979 5581 in
1007 5532 1223 5585 nomine
1247 5545 1369 5586 meo
1396 5530 1488 5585 det
1518 5530 1693 5585 vobis.

586 5622 723 5677 Non.
759 5621 908 5677 Maii.
939 5616 1127 5677 Natale
1176 5630 1488 5679 sanctorum
1537 5622 1856 5692 Alexandri,
1893 5620 2107 5691 Eventi,

509 5723 563 5769 et
593 5714 878 5769 Theodoli.
926 5714 1114 5770 Lectio
1144 5714 1265 5769 libri
1304 5717 1617 5786 Sapientiae.
1679 5716 1874 5771 Beatus
1901 5718 1989 5772 vir
2021 5721 2109 5789 qui

510 5819 618 5861 non
663 5817 746 5863 est
778 5806 968 5878 lapsus
1013 5807 1205 5877 verbo,
1252 5808 1414 5879 neque
1464 5808 1817 5867 lionorabitur
1862 5812 1918 5867 in
1971 5813 2108 5883 ipso.

2214 4690 2473 4755 ecxxxm,
2527 4690 2990 4746 Recumbentibus
3038 4691 3291 4747 undecim
3342 4684 3603 4756 discipulis
3644 4675 3746 4735 suis,

2216 4803 2378 4856 usque
2408 4785 2767 4856 sequentibus
2798 4785 2987 4855 signis.

2290 4878 2567 4932 Daminica
2610 4890 2729 4946 post
2769 4878 3007 4932 Ascensa
3056 4875 3291 4932 Domini.
3341 4873 3515 4931 Lectio
3545 4859 3746 4936 epistola!

2219 4972 2359 5028 beati
2392 4972 2541 5026 Petri
2584 4960 2838 5039 apostoli.
2892 4971 3239 5034 Charissimi,
3285 4975 3453 5025 estote
3480 4960 3743 5052 prudentes,

2210 5080 2379 5137 usque
2410 5064 2799 5120 henoriﬁ‘cetur
2823 5066 2965 5120 Deus
3000 5066 3093 5133 per
3119 5064 3302 5121 Jes‘um
3330 5052 3587 5115 (Iltristum
3607 5051 3751 5105 Donn-

2223 5175 2374 5213 num.
2422 5159 2779 5227 ‘Evangelinm
2835 5158 3130 5213 secundum
3180 5157 3434 5212 Joannem
3481 5163 3589 5215 σερε
3624 5150 3747 5196 0”“

2215 5255 2370 5310 Dixit
2397 5254 2559 5311 Jesus
2587 5253 2866 5322 discipulis
2888 5254 3023 5321 suis,
3049 5250 3183 5307 Cum
3207 5256 3385 5304 autem
3409 5239 3600 5298 venerit
3618 5235 3743 5289 Para-

2216 5353 2416 5419 clytus,
2451 5363 2611 5417 usque
2642 5345 3075 5401 remittiseamini
3100 5343 3221 5413 quia
3252 5354 3350 5409 ego
3375 5334 3480 5391 dixi
3508 5328 3662 5419 vobis.

2293 5457 2345 5494 tv
2374 5438 2491 5493 idus
2528 5416 2686 5493 Maii.
2733 5437 2925 5491 Romae
2958 5437 3155 5492 natalre
3194 5440 3496 5491 sanctorum
3534 5417 3669 5478 Nerei
3709 5416 3747 5463 ei

2219 5533 2456 5597 Aeltilei,
2483 5533 2755 5586 Pancratii
2786 5532 3064 5602 martyris,
3090 5539 3147 5585 et
3172 5526 3375 5583 Soteris
3400 5519 3621 5610 virginjisl
3650 5516 3745 5610 cf"?

2219 5627 2340 5681 aliis
2369 5642 2515 5682 actu.
2550 5624 2754 5681 Le'etlo
2798 5625 2921 5683 libri
2971 5624 3285 5695 Sapientiae.
3335 5616 3514 5672 Anima
3555 5608 3745 5661 hominis

2222 5722 2420 5789 vitalis,
2451 5739 2613 5791 usque
2654 5722 3027 5778 misericordia
3060 5732 3237 5776 autem
3276 5717 3366 5771 Dei
3410 5713 3540 5765 circa
3568 5705 3742 5755 omnem

2216 5816 2461 5870 carnem.
2535 5814 2885 5886 Evangelium
2958 5814 3248 5872 secundum
3305 5796 3591 5864 Manlianum
3648 5800 3743 5854 περ·
