3918 6294
185 300 274 358 369
1512 298 1715 359 uasti
1753 297 2050 395 spinus.
3352 305 3459 365 5.0

180 434 413 485 ccxxxxx,
450 419 804 476 Accesserant
835 419 900 474 ad
927 419 1111 483 Jesum
1145 417 1429 490 pharismi,
1474 433 1632 487 usque
1660 415 1755 472 sed
1786 422 1827 489 Α
1862 431 2090 483 Luxu,
2113 417 2251 473 Dixit
2271 417 2430 474 Jesus
2461 420 2739 487 discipulis
2761 422 2897 487 suis,
2920 422 3118 489 Amen,
3149 435 3309 483 amen
3336 420 3458 477 dico

180 498 354 585 quibus
378 511 560 565 datum
589 522 693 567 est.
1774 514 1781 517 “
1863 515 2036 578 vobis,
2061 514 2162 581 Qui
2194 530 2300 569 non
2327 516 2487 571 intrat
2517 531 2612 586 per
2640 516 2861 584 ostium,
2890 534 3049 589 usque
3089 515 3455 573 abundantius

249 621 297 657 in
329 603 447 657 idus
492 602 638 658 Maii.
696 603 936 673 'l‘rijccto
982 603 1250 674 depositio
1292 602 1471 681 sancti
1523 600 1755 657 Servatii
1864 605 2112 660 habeant.

174 696 397 764 episcopi
426 704 477 749 ct
504 694 862 750 confessoris.
914 688 1097 751 Lectio
1134 680 1257 752 libri
1290 696 1607 767 Sapientia).
1652 692 1755 762 Qui
1931 699 2085 754 Feria
2138 716 2209 753 tv.
2255 698 2336 755 Ad
2389 710 2631 756 sanctam
2687 701 2931 757 Mariam.
2978 700 3171 757 Lectio
3222 702 3453 765 Actutun

173 786 587 842 misericordiam
633 786 823 855 habet,
866 789 1029 845 docet
1078 801 1132 845 et
1176 790 1376 860 erudit,
1430 807 1589 861 usque
1617 802 1669 845 et
1702 790 1753 846 in
1859 792 2250 861 apostolorum.
2285 794 2341 847 ln
2371 793 2561 847 diebus
2590 792 2697 847 illis
2731 805 2879 847 stans
2908 793 3102 849 Petrus
3129 808 3251 847 cum
3274 776 3461 846 unde-

172 883 247 935 illa
279 882 473 937 timere
502 882 695 937 Deum.
733 883 1085 953 Evangelium
1136 883 1433 939 secundum
1485 884 1752 940 J0annem
1858 870 1985 951 cim,
2029 902 2189 956 usque
2229 886 2559 959 quicumque
2609 888 2943 943 invocaverit
2990 904 3189 943 nomen
3242 886 3454 942 Domini

170 992 272 1045 cap.
300 991 560 1039 cxxxvm,
588 970 729 1030 Dixit
751 975 913 1031 Jesus
932 976 1214 1046 discipulis
1237 980 1371 1045 suis,
1402 977 1529 1032 Hzec
1553 980 1753 1033 mando
1858 980 2038 1031 salvus
2066 981 2191 1033 erit.
2214 977 2568 1049 Evangelium
2594 980 2888 1035 secundum
2916 978 3180 1035 Joannem
3212 996 3334 1049 cap.
3363 996 3453 1034 ως.

172 1069 330 1136 vobis,
362 1087 527 1143 usque
559 1071 647 1140 qui
680 1067 914 1125 oderunt
947 1087 1033 1126 me
1062 1070 1248 1142 gratis.
1286 1056 1287 1059 η
1858 1070 2001 1125 Dixit
2028 1073 2187 1127 Jesus
2234 1071 2513 1141 discipulis
2553 1073 2686 1145 suis,
2737 1072 2906 1129 Nemo
2958 1082 3138 1145 potest
3168 1072 3357 1128 venire
3388 1072 3455 1128 ad

227 1180 261 1217 tt
298 1162 418 1218 idus
472 1162 620 1218 Maii.
673 1163 863 1219 Natale
908 1165 1081 1219 sancti
1132 1162 1345 1235 Cyriaci
1397 1163 1651 1235 martyris
1698 1173 1752 1219 et
1847 1182 1962 1249 rue,
1994 1184 2152 1234 usque
2179 1182 2276 1237 pro
2300 1166 2482 1222 mundi
2512 1168 2643 1222 vita.

170 1273 321 1328 cccrv,
353 1259 447 1335 qui
476 1274 601 1312 cum
634 1273 702 1313 eo
731 1258 875 1328 passi
903 1269 1028 1313 sunt
1069 1246 1375 1315 Mediolani.
1405 1260 1593 1314 Lectio
1630 1259 1748 1313 libri
1930 1260 2079 1315 Feria
2101 1276 2152 1313 v.
2177 1258 2254 1314 Ad
2277 1260 2575 1329 apostolos.
2595 1258 2783 1317 Lectio
2804 1263 3034 1318 Actnum
3055 1260 3453 1331 apostolorum.

170 1350 470 1421 Sapientiae.
505 1349 561 1405 ln
594 1351 740 1405 omni
784 1336 1052 1422 sapientia
1085 1351 1373 1422 dispositio
1403 1350 1559 1422 legis,
1595 1369 1751 1418 usque
1844 1336 1906 1407 ’ln
1943 1351 2134 1419 diebus
2164 1352 2269 1406 illis
2296 1351 2583 1424 Philippus
2608 1352 2951 1409 descendens
2978 1355 3030 1408 in
3064 1342 3336 1409 civitatem
3359 1352 3458 1408 Sa-

170 1445 385 1515 prudens
413 1445 724 1517 plaeabitur
749 1446 1035 1515 magnatis.
1065 1444 1416 1518 Evangelium
1446 1444 1747 1501 Secundum
1855 1444 2061 1510 tnarim,
2094 1462 2252 1521 usque
2279 1442 2536 1515 gaudium
2585 1445 2636 1500 in
2670 1446 2758 1499 illa
2808 1448 3051 1501 civitate.
3100 1442 3454 1517 Evangeliunt

168 1543 407 1596 Joannem
445 1554 567 1612 eap.
597 1555 873 1604 cxxxvtn,
924 1540 1071 1595 Dixit
1102 1538 1260 1597 Jesus
1301 1536 1579 1609 discipulis
1608 1524 1746 1605 suis,
1852 1538 2149 1591 secundum
2206 1536 2401 1591 Lucam
2434 1552 2554 1607 cap.
2606 1536 2810 1592 txitth
2840 1583 2853 1606 ,
2908 1536 3236 1593 Convocatis
3299 1535 3457 1593 Jesus

170 1631 275 1686 llam
303 1632 503 1684 mando
537 1631 714 1701 vobis,
751 1648 911 1702 usque
935 1630 1169 1685 oderunt
1194 1646 1281 1686 me
1306 1633 1493 1701 gratis.
1852 1628 2142 1684 duodecim
2172 1626 2456 1699 discipulis
2493 1629 2631 1696 suis,
2662 1646 2820 1701 usque
2845 1638 3102 1685 curantes
3132 1630 3353 1701 ubique.

226 1722 369 1779 Feria
420 1741 453 1777 ν
498 1722 855 1780 hebdomadas
906 1740 1024 1794 qua:
1068 1740 1251 1794 supra.
1296 1723 1479 1778 Lectio
1508 1720 1744 1779 Actuum
1926 1721 2082 1777 Feria
2115 1737 2187 1776 v1.
2223 1722 2410 1779 Lec1io
2449 1727 2678 1777 Actuum
2726 1723 3123 1792 apostolorum.
3172 1723 3230 1777 in
3263 1722 3453 1779 diebus

169 1817 545 1885 apostolorum.
566 1815 623 1869 1n
639 1814 833 1871 diebus
854 1812 964 1870 illis
987 1831 1110 1871 cum
1134 1816 1537 1871 moraremurin
1556 1815 1749 1871 diebus
1778 1811 1824 1889 B
1856 1812 1963 1867 illis
2009 1813 2258 1883 aperiens
2286 1812 2481 1871 Petrus
2512 1829 2573 1867 os
2605 1812 2760 1869 suum
2792 1814 2950 1882 dixit,
2986 1811 3099 1869 Viri
3129 1813 3451 1881 Israhelitae,

173 1909 371 1979 aliquot,
409 1924 573 1979 usque
594 1906 863 1962 allocutus
890 1912 973 1963 est
1002 1906 1231 1963 llcbraza
1264 1907 1458 1978 lingua.
1499 1907 1765 1978 Evange-‘
1850 1906 2035 1960 audite
2083 1907 2251 1961 verba
2298 1906 2438 1973 hmc,
2486 1923 2645 1977 usque
2690 1906 2930 1977 replebis
2981 1923 3068 1963 me
3110 1907 3454 1977 jocuuditate

169 1999 281 2054 lium
308 2001 609 2056 secundum
639 1996 905 2058 Joannem
938 2014 1059 2072 Cap.
1092 2016 1219 2068 xxv,
1250 2000 1395 2056 Abiit
1420 1996 1582 2075 Jesus
1622 2016 1744 2056 cum
1849 2012 1969 2052 cum
2006 1994 2142 2052 facie
2186 2009 2296 2079 tua.
2328 1997 2685 2068 Evangelium
2730 1998 3029 2054 secundum
3079 1999 3278 2055 Lucam
3322 2016 3446 2069 cap.

169 2093 420 2164 discipulis
450 2094 592 2162 suis,
627 2110 788 2167 usque
812 2091 1067 2166 gaudium
1100 2110 1279 2151 meum
1320 2094 1598 2165 impletum
1638 2101 1742 2149 est.
1847 2108 2031 2157 xxxvi,
2064 2088 2288 2147 Factum
2319 2101 2402 2146 est
2430 2090 2483 2147 in
2527 2108 2630 2147 una
2659 2093 2897 2156 dierum,
2942 2110 3105 2166 usque
3145 2095 3273 2165 quia
3304 2095 3445 2152 vidi-

232 2185 363 2242 Feria
400 2203 455 2242 vr
490 2186 850 2243 hebdomadm
891 2174 1010 2256 quae
1057 2202 1243 2258 supra.
1294 2186 1481 2243 Lectio
1511 2184 1741 2242 Actuum
1848 2205 1966 2245 tuus
1998 2188 2263 2243 mirabilia
2294 2187 2479 2243 hodie.
3398 2182 3399 2185 “

170 2282 536 2348 apostolorum.
576 2280 633 2337 In
666 2279 857 2343 diebus
887 2279 993 2333 illis
1026 2280 1241 2334 locutus
1273 2287 1357 2334 est
1381 2274 1581 2333 Paulus
1610 2295 1742 2351 apo-
1916 2282 2172 2339 Sabhato.
2204 2282 2285 2338 Ad
2315 2292 2559 2338 sanctum
2590 2282 2950 2359 Stephanum.
2992 2282 3180 2339 Lectio
3211 2283 3443 2339 Actuum

167 2372 309 2425 Stolus
336 2372 555 2435 dicens,
603 2362 712 2425 Viri
764 2372 958 2426 fratres
1003 2379 1058 2426 et
1095 2382 1301 2440 patres,
1352 2370 1555 2437 audite,
1587 2370 1744 2445 itaque
1845 2376 2235 2446 apostolorum.
2285 2374 2344 2429 In
2385 2372 2577 2430 diebus
2620 2377 2724 2430 illis
2752 2376 3003 2430 convenit
3032 2372 3283 2429 universa
3311 2375 3447 2429 civi-

170 2464 355 2520 Paulum
412 2465 608 2521 statuit
651 2467 795 2521 inter
838 2448 983 2519 illos.
1036 2463 1388 2535 Evangelium
1442 2464 1740 2521 secundum
1846 2476 1996 2543 tate,
2054 2482 2217 2538 usque
2262 2468 2613 2537 replebantnr
2658 2466 2855 2538 gaudio
2898 2478 2956 2523 et
2996 2456 3199 2536 Spiritu
3230 2476 3435 2522 sancto.

166 2555 397 2612 Joannem
452 2572 575 2628 cap.
629 2570 850 2622 cxxxtv,
882 2554 1032 2611 Dixit
1070 2556 1228 2611 Jcsus
1260 2556 1554 2629 discipulis
1605 2559 1738 2626 suis,

1844 2560 2197 2633 Evangelium
2246 2562 2541 2615 secundum
2591 2559 2794 2616 Lucam
2844 2577 2964 2631 cap.
3015 2570 3173 2627 xxw,
3202 2560 3440 2630 Surgens

166 2649 207 2701 Si
234 2651 539 2705 manseritis
570 2649 629 2704 in
663 2664 769 2717 me,
800 2665 960 2721 usque
982 2650 1236 2720 gaudium
1270 2660 1509 2713 vestrum
1541 2648 1739 2719 imple-
1841 2652 2000 2708 Jesus
2043 2652 2111 2707 de
2160 2670 2436 2725 synagoga
2461 2696 2476 2720 ,
2518 2668 2677 2725 usque
2701 2663 2918 2726 oportet.
2948 2670 3035 2709 me
3061 2654 3443 2725 evangelizare

167 2752 251 2797 ltttn
271 2756 367 2799 est.

1844 2763 2065 2820 regnum
2091 2746 2208 2801 Dei.

219 2833 443 2891 Sabhato
496 2834 851 2891 hebdomadas
894 2851 1016 2905 qua:
1059 2834 1245 2907 supra.
1288 2824 1476 2891 Lectio
1506 2835 1737 2891 Actuum

1912 2838 2195 2895 Dominica
2224 2838 2401 2893 octab.
2436 2838 2816 2897 Pentecosten.
2861 2839 3045 2896 Lectio
3077 2832 3199 2895 libri
3230 2840 3441 2911 Apoca-

168 2930 526 2983 apostolorum.
558 2930 613 2983 ln
644 2929 834 2984 diebus
863 2926 997 2993 illis,
1021 2924 1316 2984 intendens
1343 2926 1524 3001 autem
1555 2928 1736 2984 conci—
1844 2928 2011 3001 lypsis
2056 2927 2282 2985 Joannis
2325 2930 2578 3001 apostoli.
2640 2934 2693 2985 ln
2727 2930 2919 2987 diebus
2963 2930 3072 2986 illis
3100 2928 3212 2985 vidi
3238 2930 3435 2986 osuum

1841 3032 2086 3093 apertum
2137 3025 2190 3079 in
2235 3025 2433 3080 coalqu
2462 3066 2478 3091 ,
2528 3042 2686 3091 usque
2727 3014 3349 3081 adorabunt‘viventem
3382 3026 3437 3081 in

1842 3117 2037 3171 saecula
2070 3117 2419 3172 smculorum.
2453 3117 2645 3172 Amen.
2675 3118 2929 3187 Evangel.
2951 3119 3247 3174 secundum
3274 3118 3434 3174 Joan.

170 3019 265 3074 lium
291 3018 518 3087 Paulos,
554 3038 713 3095 usque
755 3030 815 3075 ut
845 3016 1026 3075 dicant
1070 3021 1210 3089 apud
1260 3032 1333 3076 te.
1383 2998 1733 3092 Evangelittm

173 3112 428 3167 secundum
455 3113 720 3167 Joannem
748 3128 868 3184 cap.
899 3126 1040 3177 xcvi,
1066 3112 1215 3185 Abiit
1236 3110 1397 3168 Jesns
1415 3120 1563 3167 trans
1586 3110 1736 3169 mare

190 3204 401 3275 Gallltc‘t',
434 3225 602 3280 usque
626 3216 679 3262 et
707 3208 779 3263 ibi
812 3194 1039 3263 sedebat
1070 3224 1197 3262 cum
1229 3208 1515 3278 discipulis
1542 3208 1673 3263 suis.
1759 3196 1804 3257 C
1840 3226 1889 3263 c.
1917 3224 2070 3274 xxw,
2101 3208 2227 3263 Erat
2260 3211 2422 3264 homo
2448 3226 2512 3264 ex
2542 3210 2827 3281 pharisaeis
2854 3210 3240 3279 Nichodemus,
3274 3227 3435 3283 usque

234 3299 471 3373 lavigilia
522 3301 905 3357 Pentecosten.
956 3300 1144 3356 Lectio
1193 3298 1315 3357 libri
1346 3299 1643 3356 Genescos.
1673 3300 1729 3371 in

188 3386 325 3449 diebus
360 3396 479 3451 illis
520 3394 749 3449 tentavit
783 3395 927 3450 Dens
956 3390 1252 3450 Abraham.
1290 3395 1537 3450 Secunda
1568 3394 1731 3449 lectio

180 3482 268 3541 Idri
300 3488 738 3544 Deuteronomii.
774 3486 830 3542 ln
864 3486 1053 3543 diebus
1095 3489 1205 3542 illis
1234 3489 1451 3559 scripsit
1490 3486 1724 3560 Moyses.

173 3576 308 3637 Tertia
338 3584 506 3638 lectio
536 3582 663 3637 libri
710 3582 887 3638 Esaiae
933 3584 1235 3653 prapbetze.
1286 3581 1341 3638 lu
1386 3582 1577 3637 diebus
1625 3583 1729 3636 illis

168 3679 612 3746 Jpprehcndcntur
640 3688 848 3747 septem
880 3679 1149 3734 mulieres.
1188 3679 1387 3747 Quarta
1419 3678 1578 3731 lectio
1604 3672 1729 3731 ηῑες

1834 3303 1928 3357 sed
1956 3302 2153 3359 habeat
2182 3304 2346 3359 vitam
2379 3315 2663 3361 mternam.

1905 3410 1996 3451 xtv
2041 3396 2149 3451 kal.
2197 3398 2321 3452 Jun.
2387 3398 2579 3454 Natale
2611 3409 2811 3455 sancta:
2842 3399 3211 3453 Pudentianae.
3246 3397 3435 3453 Lectio

1833 3488 1952 3545 libri
1979 3489 2287 3559 Sapientiae.
2318 3490 2633 3547 Conﬁtebor
2663 3493 2789 3555 tibi,
2834 3492 3059 3548 Domine
3090 3490 3203 3548 Rex
3224 3537 3238 3559 ,
3272 3506 3431 3563 usque

1830 3584 2000 3639 libera
2027 3601 2118 3639 eos
2141 3584 2210 3638 de
2236 3600 2396 3639 manu
2419 3585 2717 3641 odieutium
2740 3629 2754 3651 ,
2784 3584 3014 3639 Domine
3049 3586 3188 3639 Deus
3220 3593 3427 3639 noster.

1831 3675 2090 3744 Evangel.
2123 3677 2419 3730 secundum
2452 3677 2642 3732 Matth.
2677 3692 2795 3747 cap.
2837 3693 2961 3733 ch.
2995 3676 3141 3731 Dixit
3166 3675 3323 3732 Jesus
3351 3674 3432 3730 di-

164 3772 311 3826 remi:e
343 3770 651 3841 prophetm.
680 3770 843 3836 Audi,
868 3769 1058 3834 lsrael,
1087 3770 1337 3824 mandata
1366 3764 1507 3823 sitan
1830 3769 2052 3839 scipulis
2097 3770 2208 3825 suis
2253 3771 2566 3842 parabolam
2620 3771 2757 3827 hanc
2783 3817 2796 3839 ,
2849 3770 3038 3827 Simile
3079 3779 3161 3825 est
3201 3786 3425 3841 regnum

212 3861 279 3918 Ad
322 3866 545 3920 Missam
604 3861 657 3919 in
706 3864 898 3919 eodem
950 3846 1196 3919 sabbato.
1252 3852 1439 3918 Lectio
1493 3857 1723 3918 Actuttm

158 3958 525 4022 apostolorum.
560 3955 615 4011 In
646 3955 837 4011 diebus
862 3956 966 4011 illis
995 3973 1116 4011 cum
1146 3954 1337 4025 Apollo
1363 3954 1505 4009 esset
1531 3950 1720 4008 Coriu-

157 4045 234 4111 tbi,
260 4067 412 4122 usque
438 4052 676 4103 suadens
700 4048 766 4103 de
790 4065 956 4120 regno
989 4049 1106 4103 Dei.
1141 4048 1498 4120 Evangeliuui
1530 4062 1727 4102 secun-

153 4139 255 4195 dum
300 4143 565 4198 Joannem
618 4158 737 4211 cap.
783 4158 1004 4202 cxxvm.
1056 4143 1207 4198 Dixit
1251 4142 1410 4198 Jesus
1440 4144 1724 4211 discipulis

151 4234 263 4305 suis,
293 4236 351 4293 Si
396 4236 622 4307 diligitis
671 4251 778 4303 nte,
829 4253 988 4305 usque
1031 4244 1085 4289 et
1134 4235 1493 4289 manifestabo
1541 4236 1588 4289 ei
1636 4249 1721 4290 me

152 4325 320 4393 ipsum.

207 4420 476 4477 Dominica
527 4423 908 4479 Pentecostcn.
956 4420 1144 4477 Lectio
1180 4422 1408 4475 Actnum
1442 4421 1719 4490 apostolo-

151 4526 265 4569 rum.
318 4516 372 4570 In
405 4516 599 4569 diebus
630 4517 734 4569 illis
778 4530 901 4570 cum
948 4515 1356 4584 complerentur
1381 4512 1720 4568 dies‘Peute~

1830 3863 2090 3917 caelorum
2140 3858 2403 3919 thesauro
2453 3862 2790 3931 abscondito,
2846 3880 3005 3934 usque
3053 3876 3189 3918 nova
3231 3869 3285 3917 et
3334 3876 3431 3918 ve-

1830 3966 1967 4010 tera.

1904 4062 1994 4100 snt
2029 4046 2134 4101 kal.
2166 4046 2293 4103 Jun.
2328 4046 2515 4102 Romae
2547 4049 2722 4102 natale
2748 4058 3061 4103 sanctorum
3091 4048 3340 4104 Gcrvasii
3367 4056 3422 4103 et

1826 4139 2079 4197 Protasii.
2113 4139 2297 4195 Lectio
2329 4138 2451 4194 libri
2485 4139 2800 4211 Sapientirc.
2853 4141 3126 4211 SpeCtatio
3150 4142 3420 4212 justorum

1824 4232 2037 4301 laetitia,
2068 4251 2225 4306 usque
2247 4235 2571 4289 exaltaliitur
2596 4236 2809 4289 civitas.
2839 4234 3093 4304 Evangel.
3124 4235 3420 4289 secundum

1826 4318 2015 4382 Matth.
2069 4345 2190 4398 cap.
2229 4324 2484 4384 ccxxxtx.
2519 4329 2884 4383 Accesserant
2920 4326 2985 4380 ad
3018 4326 3203 4382 Jesum
3233 4327 3427 4382 Phari-

1826 4425 1919 4479 επινί
1947 4470 1960 4493 ,
2012 4442 2171 4495 usque
2214 4438 2319 4482 non
2363 4438 2557 4480 omnes
2604 4425 2823 4493 capiunt
2853 4423 3079 4478 verbum
3126 4421 3290 4489 istud,
3323 4420 3418 4479 sed

1827 4516 2022 4593 quibus
2054 4516 2235 4571 datum
2270 4526 2376 4571 est.
2458 4502 2461 4503 ν

149 4616 325 4672 cnstes,
364 4625 524 4679 usque
552 4607 816 4676 niagnalia
854 4606 966 4659 υυὶ.
1013 4583 1368 4675 Evangeliutn
1416 4604 1712 4660 secundum
1751 4583 1797 4642 ί)
1847 4583 1858 4586 ⁷
1897 4590 2057 4665 Feria
2117 4626 2169 4664 ιν
2216 4608 2574 4665 liehdomadze
2624 4608 2815 4678 primae
2869 4617 2992 4678 post
3034 4608 3420 4665 Pentecosten.

146 4695 383 4755 Joannem
415 4714 535 4771 cap.
578 4716 744 4761 cxxx,
794 4697 938 4754 Dixit
966 4694 1124 4754 Jesus
1152 4698 1435 4777 discipulis
1482 4696 1615 4761 suis,
1654 4695 1713 4751 Si
1772 4726 1777 4729 -

144 4793 246 4857 quis
271 4792 444 4864 diligit
474 4809 590 4856 me,
642 4809 800 4863 usque
844 4795 993 4847 sicut‘
1028 4786 1341 4846 mandatum
1388 4788 1539 4845 dedit
1583 4791 1714 4844 mihi

144 4880 304 4951 Pater,
334 4889 411 4940 sic
443 4886 605 4942 iacio.

201 4977 344 5035 Feria
377 4998 433 5036 tt.
468 4982 548 5036 Ad
577 4982 811 5050 vincula,
836 4979 1194 5037 hebdomadas
1225 4994 1350 5052 qua:
1397 4991 1581 5048 Supra.
1617 4976 1719 5033 Le-

142 5069 235 5125 ctio
261 5072 487 5130 Actuum
522 5075 916 5145 apOstolorum.
960 5074 1016 5129 In
1063 5076 1255 5129 diebus
1306 5072 1412 5128 illis
1461 5074 1713 5144 aperiens

142 5160 312 5221 Petrus
338 5183 399 5223 os
423 5184 581 5223 suum
608 5169 760 5235 dixit,
793 5183 952 5239 usque
974 5167 1031 5223 in
1056 5170 1273 5222 nomine
1296 5165 1509 5221 Domini
1543 5162 1711 5221 nostri

138 5252 250 5313 Jesu
278 5260 496 5317 Christi.
532 5256 881 5333 Ebangelium
932 5260 1231 5315 secundum
1279 5252 1544 5315 Joannem
1585 5273 1709 5327 cap.

140 5363 269 5418 xxiv,
296 5354 435 5410 Dixit
486 5354 647 5411 Jesus
692 5352 974 5423 disCipulis
1026 5355 1175 5421 suis,
1219 5354 1309 5410 Sic
1335 5356 1480 5409 enim
1523 5353 1713 5409 dilexit

138 5435 266 5495 Deus
288 5448 572 5515 mundum,
604 5460 759 5515 usque
790 5462 954 5517 opera
985 5463 1107 5518 qua:
1145 5450 1197 5502 in
1228 5448 1339 5502 Deo
1372 5438 1499 5502 sunt
1542 5448 1704 5502 facta.

201 5533 340 5595 Feria
368 5556 447 5596 in.
480 5541 562 5596 Ad
590 5553 833 5596 sanctam
864 5545 1226 5595 Anastasiant.
1254 5540 1441 5596 Lectio
1472 5542 1705 5596 Actuum

137 5633 509 5694 apostolorum.
552 5634 608 5689 In
642 5635 832 5689 diebus
864 5633 970 5689 illis
997 5649 1118 5688 cum
1164 5634 1445 5689 audissent
1473 5633 1705 5704 apostoli

137 5720 219 5785 qni
246 5735 391 5782 erant
421 5726 834 5797 Hierosolymis,
862 5742 1026 5797 usque
1067 5720 1412 5795 accipiebant
1440 5726 1703 5794 Spiritum

141 5823 381 5877 sanctum.
454 5821 809 5893 Evangelium
886 5820 1184 5880 secundum
1247 5819 1510 5877 Joannem
1578 5814 1697 5892 cap.

1824 4702 2011 4758 Lectio
2056 4700 2311 4772 Epistoltc
2340 4701 2481 4757 beati
2517 4700 2666 4756 Pauli
2698 4702 2931 4771 apostoli
2973 4701 3041 4758 ad
3082 4700 3420 4757 Corinthios.

1825 4795 2043 4852 Fratres
2064 4839 2077 4863 ,
2111 4796 2155 4851 si
2184 4807 2363 4852 autem
2400 4796 2729 4864 praedicatur
2767 4797 3021 4853 Christus
3054 4798 3197 4869 quod
3228 4812 3416 4852 resur-

1826 4890 1967 4945 rexit
2010 4907 2042 4944 a
2096 4890 2327 4945 mortuis
2354 4936 2369 4959 ,
2417 4904 2577 4962 usque
2628 4890 2681 4945 in
2725 4905 2824 4945 suo
2872 4892 3065 4946 ordine
3108 4906 3206 4961 per
3233 4891 3418 4945 Jesum

1824 4982 2100 5039 Christum
2167 4984 2451 5039 Dominum
2508 4994 2776 5039 nostrum.
2824 4984 3082 5056 Evangel.
3116 4976 3415 5040 Secundum

1819 5072 1954 5131 Luc.
2005 5090 2125 5147 cap.
2176 5091 2394 5141 ccxun,
2450 5077 2817 5132 Accesserunt
2861 5077 2927 5133 ad
2966 5076 3148 5131 Jesum
3198 5076 3417 5145 quidam

1819 5164 2245 5225 Sadducacorum
2272 5212 2288 5238 ,
2323 5187 2483 5241 usque
2513 5184 2621 5224 non
2653 5170 2927 5226 audebant
2964 5184 3086 5224 eum
3118 5171 3414 5244 quidquam

1819 5261 2180 5334 interrogare.

1890 5346 1951 5407 ιι
1980 5353 2089 5408 kal.
2124 5353 2288 5411 Junii.
2342 5353 2397 5408 In
2449 5354 2671 5412 Corsica
2709 5356 2891 5426 passio
2941 5364 3147 5412 sancta:
3186 5358 3415 5415 Juliame

1819 5446 2060 5516 virginis.
2081 5445 2267 5502 Lectio
2290 5447 2411 5503 libri
2441 5447 2754 5519 Sapientim.
2784 5448 3035 5514 Domine,
3063 5451 3206 5505 Deus
3234 5466 3411 5517 meus,

1819 5539 2075 5593 exaltasti
2108 5556 2273 5611 super
2298 5551 2502 5597 terram
2534 5541 2927 5597 habitationem
2950 5559 3152 5608 meam,
3178 5560 3335 5614 usque
3363 5538 3417 5600 et

1818 5626 2138 5689 benedicam
2169 5650 2364 5689 nomen
2390 5644 2565 5701 tuum,
2600 5634 2822 5690 Domine
2846 5636 2988 5691 Deus
3017 5645 3218 5691 noster.
3237 5637 3417 5691 Evano

1816 5725 1922 5797 gel.
1958 5727 2254 5782 secundum
2290 5726 2479 5781 Matth.
2515 5741 2638 5800 cap.
2671 5743 2933 5794 cccxvm,
2969 5728 3112 5782 Dixit
3137 5728 3295 5783 Jesus
3323 5728 3407 5785 di-

1816 5822 2040 5894 scipulis
2088 5822 2221 5879 suis.
2278 5821 2467 5880 Simile
2510 5833 2594 5882 est
2637 5838 2865 5895 regnum
2911 5823 3175 5881 caalorum
3213 5820 3406 5884 decem
