3918 6294
520 362 623 424 511

1554 363 1613 422 s.
1654 363 2034 425 maneam
2072 368 2359 433 OPERUM
2398 371 2766 432 MANTISSA.
3658 389 3738 448 se

524 482 850 557 virginibus,
883 495 1043 555 usque
1068 478 1291 555 vigilate
1319 480 1504 557 itaque
1523 524 1537 552 ,
1570 483 1695 557 quia
1722 485 1948 544 nescitis
1975 485 2122 546 diem
2148 492 2204 555 Α
2228 491 2377 549 beati
2418 491 2648 549 Joannis
2677 492 2931 565 apostoli.
2962 492 3288 553 Charissimi
3311 537 3327 566 ,
3358 497 3511 558 nolite
3534 502 3687 564 mirari
3707 513 3740 566 si

528 592 705 649 neque
732 576 941 632 horam.

600 670 757 726 Feria
802 686 856 725 vr
905 667 1260 726 hebdomadae
1288 685 1407 741 quae
1436 686 1624 743 supra.
1679 671 1865 730 Lectio
1889 672 2122 731 Actuum

526 764 921 837 apostolorum.
977 764 1035 820 in
1066 764 1258 820 diebus
1291 764 1391 820 illis
1423 766 1626 822 milites
1652 766 1955 823 secundum
1984 782 2125 837 pra:-

528 878 741 939 ceptum
773 867 916 933 sibi,
946 884 1105 939 usque
1130 866 1198 922 ad
1228 864 1502 923 Caesarem
1532 865 1656 922 ibis.
1691 867 1899 937 Evang.
1927 881 2124 922 secun—

526 962 655 1017 dum
687 960 821 1016 Luc.
855 974 974 1031 cap.
1022 974 1243 1016 cxnvrrr.
1294 957 1445 1013 Dixit
1474 958 1633 1015 Jesus
1672 957 1956 1030 discipulis
1987 958 2123 1024 suis,

525 1054 661 1111 Cum
703 1063 885 1109 autem
937 1052 1200 1108 inducent
1250 1067 1348 1108 vos
1389 1053 1443 1107 in
1482 1068 1784 1125 synagogas
1810 1096 1824 1118 ,
1860 1070 2019 1125 usque
2045 1051 2125 1109 sic

531 1153 637 1211 est,
669 1145 762 1216 qui
791 1144 897 1199 sibi
920 1143 1272 1212 thesaurizat,
1301 1159 1407 1198 non
1438 1153 1522 1199 est
1543 1144 1596 1198 in
1630 1143 1742 1200 Deo
1768 1142 1941 1200 dives.

601 1238 840 1296 Sabbato
878 1237 1236 1293 hebdomadas
1272 1253 1394 1309 qum
1438 1252 1621 1307 supra.
1682 1237 1867 1294 Lectio
1892 1238 2126 1295 Actuum

529 1332 924 1403 apostolorum.
956 1331 1014 1386 in
1046 1330 1241 1388 diebus
1268 1330 1400 1398 illis,
1425 1346 1545 1385 cum
1577 1331 1696 1387 dies
1722 1331 1927 1404 aliquot
1950 1340 2129 1387 trans-

529 1427 636 1482 acti
677 1433 900 1491 essent,
946 1441 1104 1495 usque
1138 1424 1321 1479 lumen
1355 1424 1774 1479 annuntiaturrrs
1814 1431 1897 1479 est
1929 1422 2128 1495 populo

529 1531 587 1577 et
610 1521 885 1594 gentibus.
919 1519 1130 1591 Evang.
1162 1520 1466 1578 secundum
1494 1518 1623 1575 Luc.
1658 1535 1706 1575 c.
1742 1534 1904 1587 xcrrr,
1960 1519 2130 1576 Acce-

532 1617 727 1673 dentes
749 1615 1003 1689 discipuli
1030 1616 1098 1672 ad
1128 1614 1396 1672 Joannem
1423 1613 1672 1690 (Iesum),
1702 1631 1861 1689 usque
1888 1623 1943 1671 et
1969 1624 2121 1671 satu-

531 1715 634 1773 rati
675 1722 824 1770 sunt.

601 1808 951 1866 Hebdomada
997 1823 1033 1863 ιι
1078 1816 1200 1878 post
1228 1806 1608 1863 Pentecosten.
1641 1802 1830 1861 Lectio
1866 1803 2129 1875 Epistolas

2225 584 2342 641 odit
2364 600 2462 642 vos
2487 586 2745 653 mundus,
2773 603 2930 659 usque
2951 586 3046 643 sed
3074 603 3240 660 opere
3257 597 3312 647 et
3329 592 3554 651 veritate.
3579 596 3741 672 Ιίνιιις.

2227 681 2528 739 secundum
2578 682 2770 738 Matth.
2813 698 2865 739 c.
2921 684 3096 751 xxxv,
3141 684 3288 741 Dixit
3330 685 3478 744 Jesus
3520 690 3744 765 discipulis

2228 775 2364 842 suis,
2395 774 2510 830 Nisi
2543 775 2903 831 abundaverit
2920 775 3139 846 justitia
3172 787 3375 848 vestra,
3408 796 3551 855 usque
3584 795 3633 842 et
3653 797 3747 845 tunc

2229 869 2455 925 veniens
2486 868 2688 924 oii’eres
2716 884 2915 923 munus
2947 879 3122 925 tuum.

2302 960 2460 1016 Feria
2491 977 2528 1015 ιι
2558 960 2915 1017 hebdomada:
2958 977 3081 1033 qua:
3123 975 3305 1033 supra.
3352 962 3530 1020 Lectio
3569 967 3747 1027 Actuum

2229 1052 2625 1124 apostolorum.
2670 1052 2726 1107 In
2755 1052 2949 1109 diebus
2978 1053 3085 1109 illis
3109 1068 3233 1109 cum
3270 1054 3359 1109 lux
3388 1056 3745 1129 inciperetﬁeri,

2230 1162 2388 1216 usque
2435 1147 2810 1216 imposuerunt
2854 1161 2976 1216 qum
3034 1147 3339 1201 necessaria
3387 1159 3553 1205 erant.
3595 1152 3750 1225 Evang.

2230 1238 2527 1294 secundum
2575 1238 2776 1294 Lucam
2826 1254 2878 1294 c.
2928 1255 3053 1295 xcvr
3082 1281 3098 1306 ,
3150 1240 3297 1294 Dixit
3341 1240 3491 1298 Jesus
3532 1244 3751 1318 discipulis

2232 1332 2343 1388 suis
2370 1375 2383 1399 ,
2437 1332 2610 1388 llomo
2640 1332 2860 1404 quidam
2887 1342 3007 1389 erat
3034 1332 3222 1403 dives,
3252 1342 3308 1390 et
3337 1334 3636 1393 induebatur
3658 1355 3752 1408 pur.

2231 1441 2389 1497 pura,
2436 1443 2592 1500 usque
2637 1441 2814 1499 neque
2838 1425 2885 1483 si
2923 1425 3049 1499 quis
3089 1439 3156 1483 ex
3188 1427 3413 1484 mortuis
3442 1431 3751 1497 resurrexerit,

2231 1518 2479 1576 credent.

2303 1610 2463 1668 Feria
2497 1627 2553 1668 ιιι
2582 1609 2941 1667 hebdomadas
2972 1627 3097 1684 quae
3123 1626 3315 1683 supra.
3374 1611 3549 1668 Lectio
3570 1614 3752 1671 Actuum

2232 1707 2629 1785 apostolorum.
2679 1707 2738 1762 ιιι
2787 1707 2985 1763 diebus
3038 1708 3189 1775 illis,
3236 1718 3355 1779 post
3392 1725 3592 1765 menses
3625 1722 3755 1768 autem

2236 1801 2707 1871 transnavigamus
2752 1800 2807 1854 in
2840 1804 2962 1855 navi
2991 1800 3362 1857 Alexandrina
3395 1842 3409 1867 ,
3437 1819 3584 1875 usque
3610 1802 3683 1859 hic
3702 1814 3758 1859 est

535 1904 681 1963 beati
712 1901 939 1958 Joannis
988 1900 1242 1971 apostoli.
1307 1896 1668 1965 Clrarissimi,
1724 1897 1866 1952 Deus
1893 1895 2131 1951 Charitas
2162 1900 2210 1962 B
2237 1894 2393 1951 Jesus
2430 1894 2682 1951 Christus
2728 1894 2874 1950 lilius
2922 1894 3057 1966 Dei,
3107 1911 3206 1967 per
3246 1912 3404 1966 quem
3430 1896 3631 1967 incipiet
3656 1908 3759 1952 totus

534 2009 655 2066 est,
707 2015 866 2070 usque
905 1996 1092 2069 diligat
1137 2004 1192 2050 et
1231 1978 1455 2049 fratrem
1488 2010 1665 2051 suum.
1696 1992 1902 2063 Evang.
1930 2006 2131 2048 secun-

534 2092 664 2150 dum
686 2091 890 2149 Lucam
914 2104 1033 2159 cap.
1069 2103 1254 2157 cxcrtr,
1280 2087 1456 2144 Homo
1484 2086 1701 2160 quidam
1729 2095 1847 2142 erat
1875 2086 2048 2151 dives,
2079 2092 2134 2142 et

535 2184 887 2241 induebatur.
1962 2164 1963 2167 J

607 2292 703 2333 vm
741 2276 851 2333 kal.
901 2275 1027 2333 Jun.
1080 2274 1269 2331 Natale
1320 2275 1493 2331 sancti
1538 2273 1743 2331 Urbani
1784 2268 2027 2344 epiScOpi
2080 2281 2136 2327 et

539 2368 891 2429 confessoris.
944 2356 1133 2427 Lectio
1178 2369 1301 2423 libri
1342 2368 1655 2440 Sapientiae.
1687 2366 1846 2422 Dedit
1873 2366 2135 2421 Dominus

534 2462 938 2524 confessionem
987 2470 1177 2516 sancto
1225 2476 1328 2515 suo
1356 2502 1370 2527 ,
1416 2477 1576 2532 usque
1624 2460 1765 2514 inter
1812 2458 2135 2514 benedictos

536 2556 912 2613 benedicetur.
945 2556 1147 2626 Evang.
1184 2553 1485 2609 secundum
1526 2552 1716 2608 Matth.
1762 2567 1884 2623 cap.
1911 2567 2129 2619 ccnxrrr,

540 2650 685 2707 Dixit
723 2651 882 2706 Jesus
910 2647 1196 2718 discipulis
1226 2647 1371 2714 suis,
1409 2646 1638 2717 Vigilate
1664 2660 1827 2716 ergo,
1855 2661 2015 2716 usque
2044 2661 2136 2701 su-

540 2758 639 2813 per
662 2741 843 2798 omnia
877 2743 1018 2798 bona
1049 2756 1145 2796 sua
1174 2740 1467 2797 constituet
1494 2754 1638 2795 eum.

610 2836 765 2895 Fcria
815 2852 872 2893 ιιι
913 2834 1271 2891 hebdomadae
1305 2850 1426 2906 qua:
1464 2847 1647 2903 supra.
1681 2831 1871 2888 Lectio
1899 2830 2134 2888 Actuum

538 2931 933 3001 apostolorum.
959 2929 1015 2985 In
1040 2930 1231 2985 diebus
1256 2928 1363 2983 illis
1384 2929 1640 2997 loquente
1670 2927 1834 2981 Paulo
1861 2926 2133 2997 apostolo,

539 3031 595 3083 ct
619 3022 867 3081 oratione
895 3020 1157 3077 reddente
1178 3062 1193 3087 ,
1230 3037 1389 3093 usque
1416 3030 1471 3075 et
1502 3020 1645 3089 passi
1678 3030 1805 3075 sunt
1832 3035 1951 3073 eam
1985 3019 2133 3074 exci-

538 3115 691 3173 dere.
724 3117 930 3186 Evang.
964 3114 1266 3170 secundum
1296 3114 1457 3169 Joan.
1482 3129 1601 3184 cap.
1634 3129 1783 3179 cun,
1814 3112 2135 3183 ReSpiciens

538 3210 698 3268 Jesus
729 3209 1026 3282 discipulos
1056 3224 1183 3266 suos
1213 3208 1376 3279 dixit,
1410 3225 1570 3279 usque
1601 3208 1699 3264 sed
1738 3216 1795 3263 ut
1821 3223 2007 3265 serves
2038 3222 2135 3263 eos

542 3321 573 3361 a
604 3305 769 3361 malo.

615 3397 773 3455 Feria
813 3412 865 3454 tv
895 3396 1250 3454 hebdomadas
1277 3412 1397 3468 qum
1432 3410 1617 3468 supra.
1658 3394 1842 3451 Lectio
1874 3393 2134 3464 Epistula:

542 3490 692 3548 beati
722 3489 871 3546 Pauli
899 3490 1131 3562 apostoli
1155 3490 1221 3543 ad
1253 3487 1637 3555 Colosscnses,
1669 3486 1920 3552 Fratres,
1945 3485 2137 3540 morti-

545 3584 703 3638 iicate
733 3582 975 3638 membra
1003 3591 1181 3636 vestra
1213 3596 1335 3651 qua:
1362 3588 1488 3634 sunt
1515 3594 1684 3649 Super
1718 3588 1915 3633 terram
1934 3619 1948 3643 ,
1976 3593 2138 3648 usque

544 3685 600 3733 et
630 3677 682 3730 in
705 3676 957 3731 omnibus
984 3672 1257 3729 Christus.
1286 3672 1493 3742 Evang.
1531 3672 1830 3727 Secundum
1861 3671 2047 3726 Matth.
2081 3686 2133 3725 c.

550 3785 709 3837 χχιιι,
734 3769 883 3825 Dixit
908 3768 1072 3825 Jesrrs
1096 3766 1380 3838 discipulis
1409 3766 1519 3821 suis
1542 3808 1555 3833 ,
1586 3765 1764 3819 Nolite
1787 3777 1975 3833 putare
1997 3780 2135 3833 quo-

544 3864 692 3919 niam
724 3864 849 3921 veni
876 3863 1093 3919 solvere
1119 3863 1289 3932 legem
1310 3901 1325 3927 ,
1364 3876 1521 3932 usque
1552 3859 1640 3915 hic
1664 3873 1893 3933 magnus
1920 3858 2139 3915 vocabi-

544 3966 633 4012 tur
657 3956 711 4011 in
736 3972 904 4027 regno
932 3956 1219 4013 cmlorum.

620 4068 652 4105 ν
692 4050 804 4106 kal.
854 4050 980 4106 Jun.
1035 4049 1290 4117 Parisiis,
1345 4046 1617 4117 depositio
1660 4044 1833 4100 sancti
1878 4042 2139 4099 Germani

550 4146 792 4216 episcopi
833 4154 889 4198 ct
916 4142 1271 4209 confessoris,
1307 4152 1360 4197 et
1392 4139 1673 4195 translatio
1700 4138 1943 4208 corporis
1962 4137 2139 4192 sancti

553 4237 811 4294 Gentiani
842 4236 1097 4307 martyris
1123 4235 1592 4289 Ambianensium.
1663 4229 1849 4285 Lectio
1889 4229 2013 4284 libri
2039 4228 2141 4285 Sa-

548 4331 789 4401 pientiae.
842 4330 942 4396 Qui
974 4326 1211 4385 custodit
1244 4325 1545 4395 justitiam,
1580 4322 1880 4379 continebit
1918 4336 2140 4377 sensum

546 4424 847 4494 ejus,usque
866 4423 917 4477 in
943 4420 1229 4492 praeceptis
1258 4418 1355 4473 Dei
1380 4426 1663 4488 permanet
1679 4431 1916 4485 semper.
1933 4415 2137 4483 Evang.

546 4514 843 4570 secundum
892 4513 1048 4569 Joan.
1098 4527 1148 4567 c.
1200 4527 1435 4577 cxxxrx,
1489 4508 1633 4563 Dixit
1674 4507 1832 4562 Jesus
1857 4504 2141 4576 discipulis

551 4610 688 4675 suis,
726 4609 840 4664 lloc
856 4617 939 4663 est
968 4616 1298 4677 praeceptum
1330 4618 1509 4660 meum
1530 4644 1544 4671 ,
1574 4618 1731 4671 usque
1759 4598 2141 4672 quodcumque

548 4702 809 4777 petieritis
838 4711 1045 4771 patrem
1072 4701 1123 4755 in
1156 4700 1372 4755 nomine
1403 4714 1524 4754 meo
1551 4697 1643 4752 det
1671 4695 1846 4752 vobis.

620 4810 672 4852 tv
704 4795 816 4852 kal.
845 4794 972 4851 Jun.
1002 4794 1253 4849 Treveris
1276 4794 1546 4863 depositio
1576 4790 1748 4846 sancti
1780 4789 1993 4844 Maximi
2026 4789 2141 4859 epi-

546 4891 719 4962 scopi.
745 4889 932 4947 Lecrio
966 4888 1089 4943 libri
1122 4888 1441 4958 Sapientiae.
1477 4887 1724 4952 Domine,
1769 4895 1921 4956 pater
1960 4894 2014 4938 et
2040 4882 2139 4938 do-

548 4984 785 5040 minator
829 4982 954 5036 vita:
992 4996 1164 5046 mea),
1198 4997 1355 5049 usque
1403 4980 1678 5034 intuentes
1710 4979 1763 5033 in
1793 4978 2141 5033 absconditas

548 5088 753 5147 partes.
804 5077 1005 5146 Evang.
1058 5075 1360 5128 secrrndum
1404 5073 1593 5127 Matth.
1642 5088 1693 5126 c.
1725 5087 1941 5137 CCLXIII,
1996 5070 2140 5135 Dixit

549 5167 707 5223 Jesus
736 5167 1020 5237 discipulis
1052 5165 1189 5233 suis,
1223 5162 1458 5233 Vigilare
1480 5178 1629 5233 ergo,
1662 5180 1816 5235 usque
1842 5178 2007 5231 super
2033 5179 2141 5221 om-

549 5260 638 5317 nia
668 5262 809 5315 bona
837 5276 935 5315 sua
959 5261 1255 5316 constituet
1287 5274 1433 5313 eum.

620 5369 678 5408 ιιι
704 5353 816 5408 kal.
847 5352 977 5409 Jun.
1011 5352 1413 5409 Natalesancta:
1436 5351 1767 5407 Petronillze.
1797 5350 1983 5408 Lectio
2016 5351 2141 5407 libri

550 5449 865 5533 Sapientiae.
896 5447 1126 5504 Domino
1154 5458 1331 5503 autem
1361 5448 1474 5503 Deo
1506 5457 1797 5519 antequam
1831 5458 2143 5504 crearentur

547 5544 735 5600 omnia
787 5553 913 5596 sunt
950 5542 1129 5613 agnita
1158 5584 1173 5609 ,
1217 5560 1375 5611 usque
1415 5550 1471 5598 et
1514 5543 1567 5598 in
1597 5542 1788 5599 electis
1819 5544 1954 5599 meis
1986 5544 2143 5600 mitte

548 5638 785 5693 radices.
819 5636 1170 5704 Evangelium
1202 5637 1502 5694 secundum
1525 5636 1843 5693 Matthamm
1870 5652 1991 5709 cap.
2012 5654 2141 5706 ch,

552 5732 699 5786 Dixit
724 5730 883 5785 Jesus
912 5727 1192 5799 discipulis
1224 5730 1337 5783 suis
1362 5772 1378 5797 ,
1422 5729 1615 5785 Simile
1656 5740 1739 5785 est
1770 5745 1996 5800 regnum
2029 5745 2142 5785 crn-

554 5822 727 5876 lorum
758 5823 1018 5878 thesauro
1048 5820 1389 5885 abscondito,
1424 5838 1581 5893 usque
1612 5839 1748 5878 nova
1778 5832 1833 5878 et
1862 5832 2070 5877 vetera.

628 5916 975 5974 Hebdomada
1012 5935 1068 5975 ιιι
1103 5928 1225 5990 post
1252 5916 1627 5979 Pentecosten.
1664 5922 1848 5981 Lectio
1891 5921 2147 5993 Epistolas

2236 1987 2471 2044 mundus
2516 1986 2777 2058 judicari.
2828 1986 3096 2058 Evangel.
3145 1986 3441 2045 secundum
3470 1987 3647 2044 Lucam
3669 2004 3755 2060 cap.

2237 2099 2432 2151 cxcvn,
2469 2082 2613 2138 Dixit
2638 2081 2800 2138 Jesus
2828 2081 3114 2153 discipulis
3135 2083 3274 2153 suis,
3306 2083 3619 2155 impossibile
3641 2095 3758 2139 estut

2230 2170 2346 2231 non
2378 2175 2598 2233 veniant
2639 2174 2896 2234 scandala
2919 2218 2935 2245 ,
2975 2193 3137 2251 usque
3162 2176 3309 2250 quod
3337 2177 3605 2234 debuimus
3630 2176 3761 2234 facere

2237 2270 2493 2326 fecimus.

2308 2383 2360 2422 ιν
2392 2382 2521 2422 ιιοιι.
2572 2367 2699 2423 Jun.
2741 2366 2930 2424 Romae
2984 2366 3165 2423 natale
3209 2365 3388 2424 sancti
3435 2366 3690 2423 Marcellini
3726 2376 3761 2419 et

2238 2459 2385 2516 Petri
2418 2459 2711 2515 exorcistre
2741 2474 2866 2515 cum
2900 2459 3023 2517 aliis
3057 2475 3196 2515 xui.
3232 2460 3420 2516 Lectio
3447 2459 3562 2515 libri
3590 2457 3761 2528 Sapien-

2239 2556 2348 2611 tice.
2382 2554 2661 2610 Justorum
2692 2554 2890 2611 animae
2940 2555 2995 2611 in
3035 2572 3201 2613 manu
3234 2557 3329 2613 Dei
3359 2564 3511 2623 sunt,
3549 2571 3679 2626 usque
3701 2570 3760 2607 re-

2236 2647 2430 2719 gnabit
2461 2646 2724 2705 Dominus
2769 2646 2992 2703 illorum
3039 2648 3095 2704 in
3134 2659 3476 2722 perpetuum.
3510 2647 3759 2714 Evang.se~

2237 2740 2475 2796 cundum
2522 2738 2725 2795 Lucam
2773 2755 2824 2796 c.
2869 2756 3129 2807 ccxnvrrr,
3186 2740 3336 2795 Dixit
3371 2740 3521 2795 Jesus
3543 2734 3760 2801 discipulis

2237 2834 2349 2891 suis
2375 2853 2387 2889 :
2409 2833 2542 2891 Cum
2555 2834 2841 2892 audieritis
2863 2836 3073 2906 praelia,
3102 2852 3265 2908 usque
3290 2836 3345 2891 in
3368 2833 3611 2906 patientia
3628 2838 3759 2886 vestra

2237 2929 2590 3001 possidebitis
2613 2930 2823 2985 animas
2852 2938 3086 2985 vestras.

2311 3040 2370 3078 ιιι
2399 3040 2528 3079 ιιοιι.
2555 3022 2682 3078 Jun.
2726 3022 3035 3078 Aurelianis
3068 3021 3342 3093 depositio
3370 3020 3533 3078 sancti
3561 3015 3756 3090 Liplrarrli

2240 3115 2566 3187 presbyteri.
2615 3114 2803 3170 Lectio
2849 3113 3112 3183 Epistola:
3147 3113 3296 3170 beati
3328 3112 3477 3167 Pauli
3506 3108 3694 3181 apostoli
3716 3105 3759 3157 ad

2243 3208 2528 3275 llebrreos,
2553 3208 2797 3275 Fratres,
2823 3209 3007 3279 plures
3033 3206 3156 3262 facti
3175 3218 3306 3263 sunt
3326 3205 3635 3270 sacerdotes,
3650 3215 3760 3268 usque

2165 3305 2212 3369 C
2242 3301 2412 3356 semel
2446 3316 2506 3355 se
2545 3298 2824 3356 olicrendo
2868 3298 3128 3354 Dominus
3162 3308 3356 3355 noster
3378 3298 3530 3355 Jesus
3551 3294 3755 3350 Christus.

2244 3395 2508 3464 Evangel.
2543 3394 2843 3450 secundum
2868 3394 3056 3449 Matth.
3083 3410 3205 3464 cap.
3240 3410 3465 3463 cccxrx,
3505 3393 3628 3447 Dixit
3647 3386 3755 3443 Jesus

2244 3488 2525 3559 discipulis
2575 3488 2686 3541 suis
2718 3487 3027 3556 parabolam
3061 3486 3205 3542 hanc
3233 3533 3248 3557 ,
3305 3488 3478 3543 llomo
3506 3483 3674 3557 quidam
3687 3492 3751 3548 pe-

2243 3598 2402 3654 regre
2456 3580 2846 3653 proiieiscens,
2900 3598 3057 3654 usque
3100 3580 3246 3637 intra
3287 3582 3341 3637 in
3366 3570 3744 3653 gaudiumdomini

2242 3677 2341 3734 tui.

2316 3769 2469 3825 Feria
2499 3785 2552 3824 vr
2577 3767 2936 3824 hebdomada:
2958 3784 3079 3837 quae
3106 3783 3295 3839 supra.
3328 3768 3514 3825 Lectio
3531 3762 3636 3820 libri
3654 3758 3746 3826 Apo-

2244 3864 2483 3935 calypsis
2514 3861 2742 3918 Joannis
2765 3861 3025 3932 apostoli.
3074 3862 3130 3915 In
3164 3860 3362 3916 diebus
3392 3860 3495 3914 illis
3521 3859 3682 3912 locutus
3697 3855 3754 3902 est

2244 3957 2486 4011 Joannes
2516 3954 2801 4025 apostolus
2832 3952 3018 4008 dicens
3041 3993 3057 4018 ,
3107 3953 3311 4007 Beatus
3335 3953 3426 4023 qui
3455 3950 3609 4019 legit,
3644 3937 3757 4005 elttlli

2245 4046 2397 4101 audit
2428 4046 2592 4100 verba
2624 4044 2787 4114 hujus
2816 4044 3148 4115 praphctiaz,
3186 4061 3350 4116 usque
3382 4044 3517 4098 facta
3542 4033 3763 4095 Nicolaita-

2247 4155 2407 4205 rum,
2458 4153 2578 4208 qum
2625 4144 2681 4191 et
2716 4151 2816 4207 ego
2856 4136 2968 4191 odi.
3021 4136 3124 4205 Qui
3153 4135 3325 4191 habet
3351 4150 3560 4197 aurem,
3589 4123 3762 4195 ιιδεῑιιεὶιι

2247 4231 2501 4303 paradiso
2552 4230 2764 4286 Domini
2797 4229 2891 4285 Dei
2923 4230 3050 4284 mei.
3104 4228 3370 4299 Evangel.
3411 4223 3672 4284 secundum
3692 4216 3762 4271 LII-

2246 4344 2365 4385 carn
2414 4343 2535 4398 cap.
2590 4342 2810 4393 cnxxxr,
2859 4325 3007 4380 Dixit
3044 4324 3204 4380 Jesus
3232 4323 3620 4379 similitudinem
3649 4319 3763 4368 haut»

2247 4422 2422 4477 ιιοιιιο
2469 4420 2688 4492 quidam
2734 4419 2864 4474 fecit
2901 4434 3114 4475 coenam
3156 4432 3438 4489 magnam,
3467 4427 3610 4485 usque
3631 4414 3764 4480 gusla'

2248 4513 2384 4569 bunt
2413 4528 2628 4569 coartant
2660 4526 2861 4567 meam.

2318 4607 2557 4664 Sabbaro
2586 4604 2943 4661 hebdomada:
2963 4620 3083 4675 qua:
3107 4618 3298 4676 supra.
3330 4601 3510 4659 Lectio
3537 4594 3644 4654 libri
3666 4593 3767 4659 Apo-

2170 4706 2219 4766 D
2247 4699 2485 4771 calypsis
2517 4698 2743 4754 Joannis
2780 4697 3033 4767 apostoli.
3061 4696 3118 4751 in
3147 4697 3343 4751 diebus
3372 4695 3493 4763 illis,
3529 4692 3597 4745 ait
3628 4682 3765 4741 Domi-

2250 4807 2352 4846 nus
2377 4834 2391 4856 ,
2435 4789 2629 4861 angelo
2674 4790 2926 4861 Smyrnae
2955 4787 3217 4843 Ecclesiae
3246 4787 3446 4851 scribe,
3474 4796 3615 4853 usque
3631 4784 3767 4832 coram

2251 4885 2415 4939 Patre
2446 4900 2569 4938 meo
2618 4895 2673 4938 et
2700 4898 2880 4935 coram
2927 4880 3135 4951 angelis
3165 4882 3285 4949 ejus
3306 4926 3320 4949 ,
3361 4894 3513 4950 usque
3544 4872 3623 4945 qui
3651 4868 3768 4924 habet

2251 4996 2439 5035 aurem
2472 4978 2658 5035 audiat
2690 4978 2818 5048 quid
2861 4976 3095 5049 Spiritus
3133 4976 3283 5031 dicat
3316 4972 3576 5030 Ecclesiis.
3608 4966 3765 5025 Evang-

2252 5074 2563 5141 secundum
2583 5072 2773 5127 Matth.
2817 5087 2867 5126 c.
2906 5087 3026 5137 ccv,
3063 5071 3390 5143 Egrediente
3417 5067 3535 5125 Jcsu
3554 5063 3614 5118 ab
3638 5053 3769 5117 liicri-

2249 5185 2315 5225 co
2334 5213 2349 5235 ,
2384 5185 2542 5239 usque
2573 5167 2745 5223 secuti
2773 5176 3068 5239 suntcum.

2325 5260 2676 5319 llehdomada
2716 5244 2768 5313 iv
2795 5271 2918 5329 post
2946 5258 3329 5315 Pentecosten.
3362 5254 3540 5311 Lectio
3569 5240 3769 5315 EpiSIOIiC

2249 5356 2393 5413 beati
2424 5356 2577 5411 Pauli
2601 5352 3215 5421 apostoli.Charissimi,
3239 5343 3578 5407 humiliamini
3599 5337 3684 5396 sub
3704 5346 3770 5405 p0-

2249 5450 2385 5506 tenti
2428 5465 2589 5504 manu
2632 5449 2768 5514 Dei,
2811 5465 2973 5519 usque
3006 5448 3111 5517 ipsi
3136 5446 3312 5517 gloria
3358 5456 3411 5500 et
3454 5428 3767 5510 imperiumin

2252 5544 2451 5599 saecula
2483 5544 2828 5599 saeculorum.
2881 5541 3088 5611 Evang.
3142 5537 3435 5595 secundum
3482 5531 3765 5618 Lucam

2249 5654 2507 5703 cnxxxvr,
2556 5638 2725 5693 Erant
2770 5637 3272 5707 appropinquantes
3318 5630 3383 5687 ad
3429 5628 3597 5685 Jesum
3638 5614 3768 5689 publi-

2251 5736 2396 5799 cani,
2430 5749 2589 5800 usque
2619 5732 2998 5803 pmnitentiam
3031 5738 3250 5802 agente.

2323 5826 2485 5882 Feria
2518 5842 2556 5880 ιι
2582 5824 2939 5881 hebdomada:
2970 5841 3089 5894 qua:
3113 5838 3302 5891 supra.
3331 5817 3506 5875 Lectio
3532 5807 3635 5866 libri
3658 5806 3766 5897 Apll-

2255 5917 2492 5991 calypsis
2532 5918 3044 5993 Joannisapostoli.
3094 5917 3148 5975 ιιι
3172 5914 3367 5973 diebus
3396 5909 3512 5975 illis,
3539 5905 3601 5959 ait
3620 5899 3761 5955 Donat.
