3918 6294
208 339 292 399 5I3
1550 337 1756 402 LIBER
1791 339 2087 403 COMI'I‘IS.
3369 344 3476 404 ιιι

205 469 304 520 nus,
326 450 522 525 angelo
544 448 944 525 Philadelphia
963 448 1230 510 Ecclesia:
1250 454 1449 524 scribe,
1473 471 1636 523 usque
1661 457 1778 515 sedi
1803 460 1861 521 Α
1884 465 2070 513 natum
2090 465 2185 529 est
2208 455 2280 513 ei.
2313 456 2574 531 Evangel.
2619 458 2918 519 secundum
2949 457 3111 520 Joan.
3158 472 3209 517 c.
3254 474 3473 528 cxxxrv,

204 563 299 604 cum
332 558 485 619 patre
513 563 637 604 meo
660 547 716 603 in
746 547 944 603 throno
974 547 1128 619 ejus,
1159 557 1217 606 et
1247 550 1481 622 reliqua.
1528 552 1775 625 Evange-
1878 550 1995 607 lIoc
2024 561 2109 609 est
2136 563 2467 624 praeceptum
2497 572 2701 627 meum,
2755 573 2918 629 usque
2960 556 3015 611 in
3071 556 3294 613 nomine
3351 572 3475 614 meo

199 644 306 700 lium
328 643 476 713 quod
504 642 608 698 fuit
632 644 685 698 in
715 643 1000 700 Dominica
1030 644 1278 716 ejusdem
1302 647 1679 707 hebdomadze.
1710 694 1711 697 η
1879 645 1971 701 det
1997 648 2175 703 vobis.

252 733 400 792 Feria
428 751 491 791 ιιι
524 735 885 793 hebdomade:
906 752 1028 809 qua:
1055 752 1247 810 supra.
1268 739 1457 797 Lectio
1482 741 1605 797 libri
1629 742 1773 814 Apoc
1951 756 2007 796 ix
2039 740 2151 796 kal.
2193 741 2303 798 Jul.
2337 742 2533 815 Vigilia
2578 742 2753 801 sancti
2783 742 3010 800 Joannis
3042 742 3321 815 Baptistae.
3369 742 3477 799 Le-

196 830 407 902 calypsis
442 830 675 887 Joannis
717 832 976 904 apostoli.
1040 831 1100 889 In
1150 833 1348 892 diebus
1398 836 1508 892 illis
1542 846 1777 908 quatuor
1879 834 1987 888 ctio
2022 833 2312 892 Hieremiae
2338 836 2643 908 prophetze.
2684 836 2743 891 In
2789 837 2981 894 diebus
3015 837 3121 893 illis
3156 837 3362 893 factum
3395 845 3480 893 est

197 924 430 979 animalia
480 925 763 982 mittentes
802 940 1044 981 coronas
1092 940 1221 984 suas
1245 935 1376 983 ante
1405 928 1661 986 thronum
1694 930 1776 986 di-
1879 929 2106 984 verbum
2138 930 2351 986 Domini
2376 931 2446 987 ad
2497 947 2585 987 me
2636 930 2848 999 dicens,
2895 946 3055 1001 usque
3111 931 3370 999 aedifices,
3419 937 3476 986 et

194 1026 376 1084 centes,
405 1017 613 1090 Dignus
638 1034 721 1090 es,
755 1017 1007 1087 Domine,
1035 1037 1198 1093 usque
1219 1021 1341 1092 quis
1369 1023 1575 1093 poterit
1598 1032 1787 1089 stare.
1877 1021 2113 1091 plantes,
2142 1024 2218 1077 ait
2245 1022 2510 1079 Dominus
2554 1023 2920 1095 omnipotens.
2964 1022 3230 1095 Evangel.
3262 1038 3463 1079 secun-

196 1111 533 1183 Evangelium
562 1114 711 1184 quod
730 1111 785 1167 in
810 1112 1097 1169 Dominica
1120 1114 1365 1186 ejusdem
1393 1116 1770 1173 hebdomadas.
1877 1114 2004 1170 dum
2032 1115 2164 1171 Luc.
2198 1132 2251 1172 c.
2284 1132 2334 1187 ι,
2360 1116 2486 1172 Fuit
2513 1116 2569 1172 in
2603 1116 2796 1174 diebus
2824 1116 3060 1175 Herodis
3081 1118 3224 1189 regis
3248 1116 3473 1185 Judacze,

594 1203 868 1275 Incipiunt
903 1206 1020 1261 lect.
1051 1207 1243 1261 mensis
1275 1222 1349 1262 iv.
1878 1225 2038 1282 usque
2067 1210 2282 1281 plebem
2327 1212 2645 1282 perfectam.

196 1300 205 1347 ῐ
252 1292 401 1353 Feria
431 1311 509 1352 tv.
556 1295 639 1353 Ad
680 1306 922 1353 sanctam
968 1298 1215 1355 Mariam.
1261 1299 1448 1357 Lectio
1493 1301 1621 1358 libri
1670 1303 1774 1361 Sa-
1948 1305 2079 1361 Item
2105 1306 2157 1360 iu
2187 1306 2277 1369 die
2306 1323 2396 1363 vm
2444 1307 2551 1362 kal.
2582 1308 2691 1364 Jul.
2735 1308 2927 1365 Lectio
2969 1308 3128 1365 Isaiae
3171 1309 3474 1380 praphetaa.

200 1390 411 1461 pientize.
460 1389 681 1461 Diligite
724 1390 993 1461 justitiam
1030 1394 1120 1463 qui
1148 1391 1438 1463 judicatis,
1470 1411 1634 1468 usque
1669 1397 1774 1452 hoc
1878 1398 2008 1455 Ilaec
2028 1400 2160 1455 dicit
2187 1401 2475 1471 Dominus,
2528 1402 2749 1471 Audite,
2787 1403 2998 1469 insulae,
3045 1420 3206 1473 usque
3254 1411 3309 1458 et
3356 1417 3481 1457 san-

200 1485 318 1556 quod
360 1484 609 1540 continet
653 1486 835 1541 omnia
885 1485 1169 1541 scientiam
1212 1486 1372 1543 habet
1401 1489 1577 1543 vocis.
1640 1489 1772 1546 Item
1878 1501 2026 1547 etum
2077 1492 2244 1549 Israel
2277 1494 2367 1564 qui
2411 1494 2579 1565 elegit
2620 1506 2694 1552 te.
2736 1494 3001 1564 Evangel.
3049 1494 3348 1550 secundum
3380 1492 3485 1547 Lu-

202 1581 308 1636 alia.
365 1579 557 1635 Lectio
599 1578 773 1636 Esaia:
818 1577 1121 1651 prophetae.
1169 1580 1296 1636 llaac
1324 1580 1457 1637 dicit
1485 1582 1769 1654 Dominus,
1878 1601 1997 1644 eam
2023 1602 2144 1658 cap.
2175 1587 2315 1659 (ιιι),
2340 1588 2397 1641 lu
2423 1588 2518 1645 illo
2560 1600 2827 1659 tempore,
2856 1588 3137 1645 Elisabeth
3161 1597 3343 1644 autem
3380 1588 3483 1643 im-

202 1671 338 1739 Audi,
364 1671 569 1741 Jacob,
590 1687 747 1728 serve
772 1687 947 1741 meus,
970 1687 1136 1743 super
1160 1674 1569 1744 generationem
1602 1685 1769 1744 tuam,
1879 1679 2082 1750 pletum
2114 1688 2200 1737 est
2249 1691 2460 1752 tempus
2503 1681 2786 1751 pariendi,
2839 1698 3002 1753 usque
3047 1681 3481 1752 redemptionem

203 1781 337 1835 usque
359 1763 489 1820 dicit
521 1764 787 1820 Dominus
819 1765 1188 1836 omnipotens.
1232 1767 1441 1838 Evang.
1468 1769 1770 1824 secundum
1879 1771 2051 1842 plebis
2086 1781 2207 1827 tuae.

203 1860 314 1916 Luc.
343 1876 391 1915 c.
426 1876 555 1916 xcur
575 1904 591 1930 ,
623 1860 965 1918 Accedentes
997 1860 1250 1933 discipuli
1280 1861 1348 1918 ad
1369 1861 1576 1932 Jesnm,
1611 1881 1773 1935 usque
1802 1867 1852 1930 B
1948 1864 2185 1920 Feriam
2211 1864 2565 1921 hebdomadze
2587 1881 2711 1938 quae
2733 1880 2919 1937 supra.
2952 1864 3143 1922 Lectio
3171 1864 3295 1921 libri
3327 1868 3478 1937 Apo-

202 1955 401 2009 saturati
421 1963 572 2010 sunt.
1874 1956 2112 2028 calypsis
2141 1957 2364 2015 Joannis
2395 1959 2648 2029 apostoli.
2681 1958 2741 2015 In
2771 1960 2963 2015 diebus
3001 1960 3131 2027 illis,
3180 1975 3305 2015 cum
3354 1973 3485 2029 ape-

260 2048 403 2103 Feria
431 2064 465 2104 ν
487 2047 849 2106 hebdomadas
877 2064 1000 2123 quae
1026 2065 1213 2122 supra.
1257 2049 1447 2107 Lectio
1474 2050 1601 2119 libri
1627 2052 1783 2122 Apo-,
1874 2052 2073 2107 ruisset
2099 2051 2335 2123 sigillum
2366 2054 2684 2124 septimum,
2718 2070 2878 2124 usque
2907 2068 3087 2124 neque
3117 2068 3144 2106 a
3164 2053 3322 2109 furtis
3340 2052 3471 2109 suis.

205 2140 419 2213 calypsis
461 2141 693 2199 Joannis
741 2143 997 2214 apostoli.
1041 2143 1100 2199 In
1140 2143 1336 2200 diebus
1364 2144 1473 2201 illis
1500 2143 1611 2200 vidi
1643 2160 1774 2215 qua-
1874 2144 2137 2216 Evangel.
2165 2146 2462 2202 secundum
2494 2147 2687 2203 Matth.
2720 2163 2845 2219 cap.
2901 2149 3146 2222 (χχχιι),
3203 2149 3346 2204 Dixit
3388 2148 3481 2205 Je-

208 2244 318 2291 tuor
339 2237 543 2308 angelos
582 2246 791 2294 stantes
832 2252 1003 2309 super
1029 2239 1255 2310 angulos
1280 2249 1463 2304 terrae,
1492 2256 1653 2312 usque
1681 2256 1775 2295 ex-
1875 2252 1969 2294 sus
1994 2237 2274 2309 discipulis
2303 2238 2439 2305 suis,
2471 2250 2594 2295 esto
2621 2241 2972 2297 consentiens
3008 2241 3329 2297 adversario
3363 2251 3478 2309 tuo,

207 2337 359 2400 terget
390 2330 552 2399 {Deus
602 2345 823 2388 omnem
876 2331 1181 2403 lacrymam
1237 2346 1303 2388 ex
1346 2331 1518 2387 oculis
1560 2346 1771 2387 eorum.
1875 2347 2038 2403 usque
2064 2331 2190 2402 quia
2219 2341 2391 2386 totum
2424 2347 2626 2403 corpus
2661 2343 2815 2391 tuum
2836 2342 2924 2389 eat
2955 2333 3007 2388 in
3036 2332 3371 2404 gehennam.

207 2418 572 2497 Evangelium}
605 2423 755 2496 quod
813 2424 869 2480 in
942 2423 1226 2480 Dominica
1276 2424 1522 2496 ejusdem
1567 2424 1778 2481 hebdo-
1949 2442 2023 2482 vn
2050 2425 2160 2499 kal.
2192 2425 2299 2483 Jul.
2338 2426 2536 2498 Vigilia
2565 2427 2794 2485 Joannis
2822 2438 2879 2484 et
2903 2428 3078 2484 Pauli.
3107 2429 3241 2484 Item
3284 2429 3337 2485 in
3364 2428 3475 2485 die.

205 2514 372 2572 made.
1614 2576 1617 2579 μ
1786 2570 1789 2577 ,
1879 2516 2118 2590 Require
2143 2518 2434 2590 epistolam
2457 2529 2525 2581 et,
2562 2520 2912 2593 Evangelium
2952 2520 3097 2592 quod
3127 2531 3213 2578 εει
3254 2521 3310 2577 in
3343 2521 3479 2595 aliis

264 2607 403 2664 Feria
428 2624 503 2665 γι.
532 2608 725 2667 Lectio
769 2607 928 2667 Johel
968 2609 1273 2683 prophetae.
1318 2610 1446 2669 Haec
1494 2610 1634 2668 dixit
1672 2610 1778 2669 Do—
1879 2622 2215 2671 sanctorum.
2838 2672 2843 2675 .

205 2702 357 2758 minus
395 2703 539 2761 Deus
560 2750 575 2776 ,
610 2704 925 2774 Exsultate,
970 2704 1071 2761 filii
1115 2704 1245 2762 Sion
1268 2746 1286 2773 ,
1334 2722 1496 2777 usque
1540 2705 1778 2777 populus
1952 2705 2110 2761 Feria
2143 2722 2195 2761 tv
2225 2706 2583 2763 hebdomade:
2605 2722 2726 2778 qua:
2747 2722 2937 2778 supra.
2972 2706 3161 2764 Lectio
3190 2706 3316 2764 libri
3336 2706 3481 2779 Ᾱροε

205 2810 333 2851 meus
358 2797 408 2854 in
432 2806 724 2867 aeternum,
757 2798 830 2855 ait
866 2794 1137 2867 Dominus
1163 2798 1534 2869 omnipotens.
1566 2798 1774 2871 Evang.
1881 2798 2112 2869 calypsis
2139 2797 2364 2854 Joannis
2392 2799 2648 2873 apostoli.
2692 2799 2749 2854 In
2794 2799 2991 2855 diebus
3034 2799 3141 2855 illis
3167 2799 3279 2855 vidi
3308 2801 3476 2857 alium

208 2892 472 2949 secundum
504 2892 710 2951 Lucam
739 2907 861 2964 cap.
894 2908 1152 2950 cuxxvr.
1186 2933 1201 2949 .
1235 2933 1252 2949 .
1286 2934 1302 2947 .
1337 2930 1354 2947 .
1388 2933 1402 2949 .
1441 2932 1457 2948 .
1489 2931 1505 2949 .
1539 2932 1555 2949 .
1671 2903 1675 2907 '
1786 2936 1789 2945 ,
1880 2890 2134 2961 angelum
2164 2889 2357 2951 fortem
2389 2890 2813 2948 descendentem
2839 2890 2909 2948 de
2934 2891 3095 2959 caelo,
3127 2908 3290 2963 usque
3309 2891 3479 2950 dede-

263 2987 481 3043 Sabbato
527 2990 586 3043 in
627 3003 704 3044 xu
749 2987 1096 3045 lectionibus.
1144 2987 1226 3043 Ad
1250 2996 1498 3044 sanctum
1528 2988 1774 3045 Petrum.
1883 2990 2012 3039 runt
2044 2981 2273 3054 gloriam
2304 2984 2418 3040 Deo
2446 2984 2593 3042 cmli.
2630 2985 2894 3056 Evangel.
2942 2985 3239 3042 secundum
3284 2985 3483 3043 Lucam

211 3078 366 3137 Lectio
399 3081 557 3139 Johel
598 3081 898 3153 prophetze.
950 3083 1078 3138 Ilaec
1125 3082 1259 3137 dicit
1304 3081 1565 3143 Dominus
1611 3081 1776 3148 Deus,
1883 3092 2004 3147 cap.
2032 3092 2292 3146 ccxxxvr,
2332 3077 2504 3133 Erant
2545 3078 3044 3150 appropinquantes
3076 3078 3144 3134 ad
3172 3078 3354 3135 Jesnm
3389 3097 3485 3151 pu-

216 3174 407 3236 Eduude
431 3179 500 3236 de
527 3179 729 3250 spiritu
758 3194 882 3237 meo
904 3192 1069 3252 super
1092 3194 1310 3237 omnem
1341 3196 1585 3249 carnem,
1616 3194 1781 3253 usque
1884 3172 2088 3229 hlicani
2119 3182 2174 3229 et
2199 3184 2542 3245 peccatores,
2584 3190 2743 3245 usque
2775 3174 3151 3243 ptenitentiam
3179 3183 3392 3246 agente.

221 3274 362 3329 manis
382 3276 469 3346 qui
498 3274 835 3331 invocaverit
862 3289 1063 3331 nomen
1089 3274 1302 3330 Domini
1325 3274 1509 3331 salvus
1534 3275 1657 3331 erit,
1810 3267 1858 3333 Ο
1958 3280 1997 3320 ιι
2028 3264 2151 3320 idus
2175 3265 2285 3321 Jul.
2316 3266 2372 3321 In
2407 3266 2575 3321 natali
2620 3267 2794 3322 sancti
2840 3267 3119 3338 Basilidis,
3150 3268 3402 3335 Naboris,
3434 3279 3488 3327 et

282 3362 387 3422 Item
429 3368 522 3423 ubi
567 3382 761 3440 supra.
806 3365 996 3427 Lectio
1030 3366 1155 3423 libri
1200 3366 1445 3423 ιθνίιίοῑ,
1505 3367 1564 3422 In
1594 3366 1791 3425 diebus.
1885 3358 2103 3416 Nazari.
2129 3359 2319 3417 Lectio
2342 3360 2461 3416 libri
2487 3360 2801 3430 Sapientiae.
2828 3360 3011 3417 Timor
3040 3361 3251 3417 Domini
3274 3361 3486 3419 initium

231 3455 321 3512 illis
341 3461 527 3518 tomus
558 3471 644 3517 es:
671 3461 933 3517 Dominus
954 3460 1022 3517 ad
1045 3460 1267 3532 Moysen
1290 3461 1508 3527 dicens,
1536 3461 1783 3532 Loquere
1887 3453 2219 3521 dilectionis,
2246 3470 2410 3525 usque
2431 3454 2645 3525 species
2687 3455 2741 3510 in
2789 3466 3169 3512 ornamentum
3200 3457 3397 3513 domus
3424 3458 3489 3513 il-

225 3548 281 3603 ad
299 3550 413 3610 filios
439 3554 610 3611 Israel
637 3595 654 3619 ,
685 3563 742 3611 et
765 3552 919 3609 dices
947 3553 1013 3608 ad
1038 3568 1136 3611 eos
1161 3598 1176 3622 ,
1202 3553 1336 3609 Cum
1365 3553 1592 3624 ingressi
1622 3553 1787 3609 fueri-
1888 3546 2013 3603 lius.
2042 3546 2249 3619 Evang.
2284 3548 2584 3604 secundum
2612 3546 2772 3603 Joan.
2816 3563 2935 3620 cap.
2978 3566 3127 3617 xxxv,
3160 3550 3291 3606 Erat
3318 3550 3483 3608 homo

221 3644 276 3698 tis
297 3656 498 3716 terram,
528 3665 697 3721 usque
724 3649 776 3703 in
807 3648 1021 3705 cunctis
1043 3647 1372 3711 habitaculis
1396 3657 1450 3704 et
1480 3648 1788 3719 generatio-
1888 3654 1956 3697 ex
1983 3639 2293 3712 pharisazis,
2328 3658 2491 3713 usque
2523 3641 2719 3697 habeat
2745 3642 2913 3697 vitam
2943 3652 3230 3701 aeternam.

218 3737 353 3796 nibus
378 3743 596 3811 vestris,
623 3740 702 3796 ait
733 3740 995 3797 Dominus
1025 3741 1390 3811 omnipotens.
1961 3736 2117 3793 Feria
2148 3752 2200 3792 vr
2232 3736 2590 3793 hebdomada:
2621 3752 2744 3808 qua:
2784 3753 2974 3809 supra.
3006 3739 3195 3795 Lectio
3221 3739 3489 3811 Epistola:

275 3830 390 3891 Item
417 3836 504 3892 ubi
531 3850 720 3905 supra.
750 3834 937 3893 Lectio
976 3835 1099 3891 libri
1126 3834 1555 3903 Deuteronomii,
1586 3834 1645 3892 In
1670 3834 1791 3894 die-
1890 3827 2036 3885 beati
2064 3827 2400 3901 Apostoliad
2428 3827 2808 3886 Colossenses.
2840 3829 3089 3899 Fratres,
3119 3848 3281 3888 omne
3315 3834 3491 3904 quod-

223 3921 301 3979 bns
329 3926 426 3984 illis
443 3927 582 3984 dixit
597 3927 831 4000 Moyses,
850 3926 1013 3996 Audi,
1044 3926 1242 3996 Israel,
1264 3942 1385 3999 qua:
1410 3942 1510 3999 ego
1535 3928 1790 3999 praecipio
1891 3936 2122 3991 cumque
2155 3921 2330 3977 facitis
2356 3922 2413 3977 in
2441 3923 2609 3978 verbo
2638 3930 2733 3976 aut
2759 3923 2813 3977 in
2840 3937 3028 3993 opere.
3061 3940 3218 3992 usque
3243 3926 3482 3981 retribu-

224 4018 297 4073 tibi
326 4022 501 4091 hodie,
533 4039 696 4094 usque
722 4022 985 4078 Dominus
1012 4021 1157 4078 Deus
1185 4031 1310 4078 tuus
1332 4021 1547 4078 dederit
1573 4022 1689 4078 tibi.
1894 4017 2096 4072 tionem
2124 4015 2463 4073 haereditatis
2510 4031 2611 4087 per
2643 4015 2829 4072 Jesum
2875 4015 3151 4072 Christum
3198 4018 3487 4075 Dominum

278 4112 395 4169 Item
424 4114 516 4173 ubi
559 4130 747 4187 supra.
804 4114 994 4175 Lectio
1041 4115 1169 4175 libri
1210 4114 1460 4173 Levitici.
1510 4114 1569 4171 In
1599 4114 1792 4171 diebus
1895 4119 2163 4166 nostrum.
2195 4110 2460 4181 Evangel.
2491 4109 2789 4166 secundum
2818 4110 2967 4167 Marc
3000 4126 3053 4168 c.
3082 4127 3210 4180 cxx,
3241 4113 3374 4171 Cum
3403 4115 3489 4172 in-

224 4202 314 4263 illis
354 4208 488 4264 dixit
534 4209 797 4265 Dominus
846 4208 916 4265 ad
970 4206 1194 4279 Moysen
1223 4248 1240 4275 ,
1296 4209 1354 4267 Si
1400 4208 1455 4263 in
1504 4207 1793 4279 praeceptis
1898 4213 2096 4261 trasset
2122 4205 2280 4261 Jesus
2299 4203 2737 4277 Hierosolymam
2756 4204 2811 4263 in
2832 4206 3116 4279 templum,
3141 4224 3303 4279 usque
3320 4208 3493 4279 quod-

226 4301 337 4357 meis
364 4303 793 4372 ambulaveritis,
824 4321 985 4375 usque
1013 4302 1166 4360 eritis
1194 4304 1429 4376 populus
1462 4320 1631 4373 meus,
1662 4304 1797 4361 dicit
1895 4312 2129 4370 cumque
2160 4297 2363 4355 dixerit
2398 4298 2514 4365 fiat,
2546 4298 2640 4357 fiet
2668 4298 2741 4355 ei.

228 4392 454 4454 Dominus
483 4398 853 4469 omnipotens.
1970 4396 2207 4454 Sabbato
2238 4393 2595 4453 hebdomadas
2629 4410 2814 4466 supra,
2854 4411 2986 4451 xvnr
3016 4394 3127 4452 kal.
3158 4397 3271 4455 Jul.
3302 4397 3361 4456 In
3394 4416 3496 4457 na-

282 4486 399 4544 Item
427 4491 521 4546 ubi
563 4504 749 4560 supra.
783 4488 880 4545 Ilic
921 4490 1114 4563 legitur
1144 4490 1331 4549 Daniel
1380 4489 1666 4562 propheta.
1694 4489 1798 4547 Le-
1899 4489 1995 4546 tali
2022 4500 2229 4546 sancta:
2261 4488 2543 4545 Feliculae.
2579 4488 2767 4545 Lectio
2799 4489 2924 4545 libri
2953 4490 3267 4561 Sapientim.
3296 4493 3503 4551 Lucer-

226 4580 314 4633 ctio
338 4581 588 4652 Epistola:
614 4582 757 4638 beati
800 4582 953 4639 Pauli
976 4584 1211 4654 apostoli
1240 4584 1307 4639 ad
1332 4582 1630 4639 Romanos.
1663 4582 1798 4643 Frae
1840 4656 1846 4662 _
1901 4602 1969 4641 ua
1992 4586 2286 4656 splendens
2314 4600 2481 4655 super
2507 4584 2897 4641 candelabrum
2925 4594 3199 4654 sanctum,
3231 4590 3499 4661 usquequi

229 4676 639 4747 Ires,justificati
670 4690 740 4733 ex
770 4676 910 4743 fide,
944 4692 1134 4748 pacem
1176 4675 1475 4732 habeamus
1502 4676 1577 4743 ad,
1600 4675 1792 4744 Deum,
1822 4668 1876 4736 Ι)
1903 4679 2155 4749 laqueum
2186 4678 2295 4734 alio
2324 4678 2518 4745 tendit,
2571 4677 2773 4747 peribit
2799 4677 2856 4731 in
2888 4677 3003 4734 illo.
3046 4678 3260 4752 Evang.
3300 4696 3499 4741 secun-

228 4779 361 4837 uque
400 4785 495 4840 per
538 4769 804 4840 Spiritum
848 4776 1101 4826 sanctum
1150 4770 1244 4841 qui
1281 4768 1440 4824 datus
1483 4777 1570 4824 est
1618 4768 1796 4823 nobis.
1902 4771 2029 4827 dum
2057 4771 2324 4826 Mattb.c.
2355 4785 2479 4835 οη,
2516 4772 2661 4824 Dixit
2687 4772 2847 4826 Jesus
2882 4770 3170 4843 discipulis
3199 4774 3312 4830 suis
3341 4791 3499 4846 para—

228 4854 407 4932 Ιίνιιις.
435 4861 735 4918 secundum
756 4860 948 4917 Matth.
981 4877 1031 4917 c.
1061 4876 1183 4930 ccv,
1217 4859 1547 4933 Egrediente
1571 4859 1701 4916 Jesu
1730 4861 1800 4917 ab
1903 4865 2084 4920 holam
2117 4864 2279 4931 hanc,
2315 4864 2510 4919 Simile
2548 4873 2634 4920 est
2664 4879 2893 4935 regnum
2942 4866 3208 4924 etelorum
3242 4868 3499 4927 thesauro

228 4949 439 5023 Jcricho,
464 4975 626 5030 usque
649 4957 821 5015 secuti
848 4966 977 5014 sunt
1006 4973 1156 5013 eum.
1906 4956 2253 5025 abscondito,
2290 4973 2446 5027 usque
2469 4972 2603 5013 nova
2634 4968 2692 5012 et
2716 4969 2925 5014 vetera.

291 5059 623 5117 "ebdomada
665 5075 699 5115 ν
730 5068 853 5131 post
901 5060 1283 5115 Pentecosten.
1335 5055 1522 5113 Lectio
1552 5053 1803 5125 Epistulae
1981 5052 2334 5110 chdomada
2363 5069 2412 5108 vr
2460 5062 2580 5123 post
2606 5053 2989 5111 Pentecosten.
3019 5054 3209 5112 Lectio
3253 5058 3502 5127 epistola:

234 5149 354 5210 beati
379 5156 527 5213 Pauli
573 5154 806 5225 apostoli
853 5153 923 5209 ad
950 5154 1244 5209 Romanos.
1278 5149 1521 5213 Fratres,
1549 5148 1802 5203 exisumo
1908 5145 2049 5202 beati
2081 5146 2229 5201 Petri
2254 5144 2505 5214 apostoli.
2539 5144 2878 5212 Cbarissimi,
2915 5161 3105 5204 omnes
3133 5148 3417 5207 unanimes
3445 5151 3503 5207 in

238 5248 357 5302 enim
386 5249 530 5321 quod
559 5263 671 5304 non
700 5255 831 5303 sunt
857 5245 1145 5317 condigna:
1168 5244 1481 5317 passiones,
1513 5258 1672 5310 usque
1700 5256 1800 5297 ex-
1910 5239 2160 5294 oratione
2205 5246 2403 5306 eatole,
2451 5255 2610 5309 usque
2664 5239 2951 5294 Dominum
2999 5247 3179 5295 autem
3226 5239 3505 5300 Christum

236 5354 516 5411 spectantes
554 5343 986 5414 redemptionem
1027 5338 1270 5412 corporis
1303 5337 1475 5413 nostri
1504 5337 1556 5392 in
1586 5333 1804 5390 Christo
1910 5330 2248 5388 sanctificate
2278 5331 2329 5385 in
2369 5332 2626 5386 cordibus
2674 5331 2893 5386 vestris.
2946 5331 3153 5402 Evang.
3202 5336 3503 5393 secundum

235 5436 342 5495 Jesn
389 5440 624 5497 Domino
654 5446 864 5501 nostro.
912 5436 1121 5507 Evang.
1166 5433 1469 5501 secundum
1522 5432 1722 5491 Lucam
1750 5444 1800 5485 c.
1913 5424 2045 5483 an.
2078 5440 2201 5495 cap.
2231 5440 2380 5493 xxix,
2409 5426 2541 5481 Cum
2567 5425 2739 5482 turbae
2766 5424 3040 5481 intuerent
3070 5424 3139 5482 ad
3177 5426 3388 5500 Jesnm,
3413 5448 3498 5487 uno

238 5543 325 5599 ιιι,
354 5532 495 5590 Dixit
526 5532 688 5589 Jesus
713 5529 996 5601 discipulis
1034 5528 1171 5595 suis,
1206 5527 1396 5583 Estote
1436 5541 1567 5598 ergo
1598 5522 1808 5580 miseri-
1915 5534 2015 5590 que
2043 5518 2250 5579 relictis
2276 5517 2552 5583 omnibus.
2582 5518 2757 5573 seculi
2783 5526 2910 5573 sunt
2942 5518 3116 5575 illum-

239 5626 434 5695 cordes,
464 5644 625 5699 usque
656 5626 920 5683 festucam
944 5622 1012 5680 de
1042 5622 1203 5680 oculo
1227 5620 1413 5677 fratris
1444 5622 1543 5675 tui.
1640 5656 1641 5661 η
1986 5626 2076 5667 xiv
2111 5609 2219 5666 kal.
2254 5609 2362 5666 Jul.
2391 5609 2583 5667 Natale
2608 5619 2917 5665 sanctorum
2957 5610 3123 5667 Marci
3170 5622 3227 5669 et
3270 5613 3509 5671 Marcel-

301 5737 327 5775 v
356 5722 472 5777 idus
494 5722 622 5778 Jun.
652 5718 846 5775 Natale
870 5726 1187 5774 sanctorum
1220 5714 1387 5770 Primi
1427 5722 1484 5770 et
1524 5712 1808 5770 Feliciani.
1916 5702 2047 5762 iiani
2069 5712 2124 5775 et
2149 5712 2354 5761 sancta:
2380 5703 2601 5758 Marius:
2627 5702 2874 5775 virginis,
2906 5703 3094 5761 Lectio
3122 5706 3247 5762 libri
3276 5706 3511 5778 Sapien-

240 5810 405 5872 Lcctio
440 5815 567 5872 libri
598 5811 915 5885 Sapientiae.
941 5809 1194 5867 Transite
1241 5806 1310 5864 ad
1362 5822 1471 5875 me,
1504 5822 1693 5864 omnes
1721 5804 1815 5878 qui
1918 5801 2027 5857 tiae.
2069 5798 2277 5871 Lingua
2322 5798 2656 5867 sapientium
2700 5807 2860 5854 ornat
2887 5799 3195 5867 scientiam,
3235 5817 3397 5872 usque
3421 5805 3516 5874 qui

243 5912 551 5985 concupistis
582 5924 889 5984 me,.usque
932 5906 1058 5967 fidei
1106 5912 1289 5967 autem
1315 5900 1548 5978 ,initium
1590 5900 1815 5981 aggluti-
1919 5892 2166 5971 sequitur
2190 5886 2459 5965 justitiam
2500 5888 2747 5965 diligitur
2776 5905 2817 5969 _a
2846 5888 3099 5952 Domino.
3133 5892 3397 5969 Evangel.
3425 5910 3516 5956 se.
