3918 6294
516 330 625 391 eis
1566 332 1625 391 s.
1665 331 2040 390 attinemur
2079 322 2362 392 OPERUM
2401 334 2763 392 MANTiSSA.
3668 343 3751 400 sto

513 452 771 507 cundum.
800 449 962 507 Joan.
984 463 1036 505 c.
1061 454 1284 506 ωηεν.
1317 448 1467 505 Dixit
1488 448 1647 506 Iesus
1670 449 1950 520 discipulis
1979 453 2114 516 suis,
2146 438 2192 512 Α
2223 449 2522 505 secundum
2553 446 2863 504 Mattlneum
2895 461 3017 518 cap.
3059 444 3215 519 (ινι),
3262 446 3529 505 Attendite
3565 464 3593 505 a
3634 452 3754 511 falsis

511 544 626 601 Hoc
654 553 737 601 est
768 553 1102 615 praeceptum
1148 558 1353 612 meum,
1402 559 1567 615 usque
1615 542 1670 598 in
1718 542 1941 599 nomine
1988 557 2112 599 meo
2219 543 2524 613 prophetis,
2558 557 2726 612 usque
2759 540 2985 595 intrabit
3010 538 3063 595 in
3098 555 3319 611 regnum
3347 542 3609 600 caelorum.

515 640 611 697 det
638 640 815 695 vobis.
2290 640 2468 694 Idibus
2498 639 2643 695 Julii.
2702 637 2895 693 Natale
2934 640 3106 693 sancti
3155 639 3384 712 Cyriaei.
3434 640 3608 697 Lectio
3653 644 3753 703 libri

582 748 679 789 XIII
708 732 821 788 kal.
866 730 977 789 Jul.
1026 730 1217 787 Natale
1264 737 1579 786 sanctorum
1625 728 1853 787 Gervasi
1893 738 1945 786 et
1975 729 2111 785 Pro-
2218 731 2530 800 Sapientiae.
2576 730 2767 801 Vigilia
2804 731 3106 785 honestatis
3149 730 3432 786 tahelaciet
3470 748 3664 807 carnes,
3692 754 3758 790 us-

511 828 637 894 tasi,
670 827 863 882 Nazari
908 836 967 881 et
1004 824 1173 893 Celsi,
1206 827 1382 896 pueri.
1413 825 1599 880 Leotio
1645 826 1763 880 libri
1796 825 2108 895 Sapientiae.
2215 842 2315 894 que
2345 826 2629 882 enarrabit
2659 824 2900 881 Ecclesia
2952 830 3287 880 sanctorum.
3336 826 3656 896 l‘anugelium
3694 846 3759 884 se-

503 922 609 989 Qui
641 920 835 976 timent
866 920 1180 985 Dominum,
1214 934 1319 974 non
1344 928 1508 973 erunt
1539 918 1917 983 incredibiles,
1944 933 2111 986 usque
2214 920 2450 976 cundum
2480 920 2677 975 Lucam
2711 933 2831 989 cap.
2863 933 3053 986 CCLXX,
3090 917 3251 995 Facta
3282 929 3363 975 est
3406 920 3538 975 inter
3562 920 3759 994 discipu-

507 1014 573 1069 ad
606 1013 1008 1084 reSpeetionem
1041 1011 1186 1067 illius
1232 1011 1491 1067 Dominus
1525 1013 1663 1065 Deus
1695 1020 1902 1065 noster.
1933 1009 2114 1064 Evau-
2212 1012 2293 1069 los
2316 1015 2615 1077 contentio,
2648 1030 2807 1080 usque
2833 1013 3010 1067 tribus
3036 1012 3279 1068 lsrahel.

514 1108 714 1179 gelium
749 1108 1045 1162 secundum
1074 1106 1275 1161 Lucam
1320 1121 1368 1160 c.
1418 1106 1607 1177 (cuv),
1639 1106 1785 1161 Dixit
1830 1105 1990 1159 JeSus
2037 1104 2114 1158 di-
2288 1121 2360 1161 xv
2401 1105 2511 1162 kal.
2574 1108 2791 1179 Agusti.
2837 1105 3014 1173 lictis,
3067 1106 3340 1177 depositio
3390 1107 3552 1164 sancti
3594 1108 3761 1167 Amulli

504 1202 728 1271 scipulis
761 1202 894 1265 suis,
931 1202 1040 1255 sint
1070 1200 1243 1255 lumbi
1276 1203 1442 1255 vestri
1486 1201 1790 1270 prarciueti,
1834 1215 1996 1271 usque
2024 1214 2111 1255 su-
2221 1200 2575 1257 confessoris.
2619 1200 2810 1256 Lectio
2834 1198 2956 1255 libri
2986 1200 3301 1277 Sapientia.
3329 1200 3465 1257 Audi
3498 1217 3597 1270 me,
3622 1204 3702 1271 iiii,
3725 1217 3761 1259 et

500 1309 597 1363 per
621 1295 804 1348 omnia
831 1310 954 1361 qua:
980 1293 1242 1362 poSs-idet,
1274 1292 1766 1347 conStituetillum.
2215 1309 2284 1350 ne
2340 1310 2568 1363 spernas
2630 1310 2736 1363 me,
2784 1311 2941 1363 usque
2989 1312 3055 1350 ne
3092 1310 3306 1365 premas
3364 1294 3504 1350 illum
3547 1306 3598 1351 et
3637 1314 3759 1368 repe-

588 1401 639 1440 ιν
668 1384 776 1439 kal.
808 1384 921 1440 Jul.
959 1385 1144 1455 Vigilia
1195 1385 1575 1453 apostolorum
1632 1384 1779 1438 Petri
1836 1392 1891 1439 et
1938 1383 2108 1438 Pauli.
2217 1390 2401 1443 tendo.
2456 1388 2810 1460 Evangelium
2852 1389 3151 1445 secundum
3192 1388 3428 1446 Marcum
3473 1407 3520 1445 c.
3553 1407 3761 1458 omni,

508 1478 697 1533 Lectio
731 1482 963 1533 Actuum
1010 1477 1401 1547 apostolorum.
1442 1478 1497 1534 lu
1537 1477 1733 1532 diebus
1767 1477 1873 1531 illis
1914 1475 2111 1531 Petrus
2214 1480 2540 1551 Egrediente
2568 1480 2695 1539 Jesu
2727 1482 2794 1538 de
2827 1485 3050 1554 templo,
3082 1500 3244 1555 usque
3281 1483 3334 1539 in
3381 1485 3533 1540 linem
3566 1484 3649 1540 hic
3684 1486 3762 1540 sal-

507 1580 564 1627 ct
603 1571 842 1626 Joannes
883 1570 1255 1627 ascendebant
1286 1573 1337 1627 in
1390 1572 1676 1642 templum,
1728 1587 1888 1642 usque
1939 1573 1990 1626 in
2046 1586 2112 1626 eo
2214 1590 2313 1629 vus
2337 1574 2467 1629 erit.

507 1666 650 1735 quod
691 1666 1001 1735 contigerat
1029 1665 1135 1722 illi.
1168 1665 1434 1735 Evangel.
1470 1666 1772 1721 secundum
1794 1663 1953 1719 Joan.
1986 1678 2107 1732 cap.
2287 1668 2443 1723 Feria
2479 1683 2531 1723 tv
2575 1669 2937 1725 hebdomadas
2967 1686 3085 1739 qua!
3135 1685 3320 1741 supra.
3365 1668 3549 1728 Lectio
3590 1673 3763 1743 Apoca-

506 1775 752 1823 ccxxvn,
786 1758 843 1814 In
876 1759 972 1813 illo
1016 1769 1263 1829 tempore
1308 1758 1448 1813 dixit
1490 1759 1650 1814 Jesus
1683 1758 1884 1811 Petro:
1921 1757 2110 1813 Simon
2215 1764 2385 1835 lypsis
2415 1762 2637 1821 Joannis
2668 1764 2921 1831 apostoli.
2960 1763 3011 1819 In
3053 1764 3249 1820 diebus
3300 1765 3406 1819 illis
3447 1774 3655 1837 quartus
3686 1782 3761 1820 an.

505 1854 731 1908 Joannis
760 1853 944 1923 diligis
969 1868 1077 1918 me,
1110 1868 1271 1923 usque
1300 1853 1708 1908 clariﬁmlturus
1737 1865 1861 1906 esse
1881 1850 2071 1905 Deum-
2143 1846 2196 1907 Β
2216 1860 2372 1929 gelus
2402 1859 2593 1915 eil‘udit
2636 1859 2871 1929 phialam
2902 1875 3056 1914 suam
3090 1859 3141 1913 in
3172 1861 3373 1926 solem,
3409 1873 3562 1931 usque
3585 1860 3764 1914 abstulit

578 1946 711 2001 Item
744 1947 797 2000 in
830 1947 917 2000 die
950 1960 1007 2000 ιιι
1042 1944 1151 1999 kal.
1184 1946 1291 1999 Jul.
1327 1945 1513 2000 Lectio
1544 1946 1773 1999 Actunm
1822 1945 2110 2012 apostolo-

2219 1969 2307 2009 me
2340 1956 2390 2007 in
2438 1954 2714 2009 desertum
2753 1957 2802 2007 in
2848 1956 3061 2022 spiritu.
3119 1954 3469 2025 Evangelium
3520 1954 3763 2010 secnndum

508 2055 651 2095 rum.
688 2038 744 2092 ln
768 2039 961 2093 diebus
994 2038 1106 2092 illis
1136 2037 1281 2092 misit
1314 2038 1557 2092 llerodes
1586 2053 1677 2091 rex
1704 2051 1915 2100 manus,
1944 2048 2106 2105 usque
2217 2044 2417 2099 [meam
2448 2062 2567 2115 cap.
2617 2062 2854 2110 ιχπκιιι,
2905 2047 3038 2101 cum
3086 2062 3345 2118 egressus
3374 2055 3516 2104 esset
3554 2047 3691 2103 Jesus
3716 2048 3766 2099 de

509 2128 687 2204 plebis
716 2133 1051 2189 Judzeorum.
1103 2131 1361 2201 Evangel.
1397 2130 1695 2186 secundum
1749 2128 1939 2183 Matth.
1986 2140 2109 2197 cap.
2216 2138 2361 2207 ηανξ,
2397 2154 2556 2205 ταφαί]
2582 2144 2842 2208 quantam
2880 2140 2954 2192 iui
2996 2140 3221 2195 fecisset
3248 2138 3415 2196 Deus,

510 2230 741 2298 (CLXVI),
795 2225 959 2281 Venit
988 2225 1153 2281 Jesus
1202 2227 1254 2279 in
1302 2235 1487 2296 partes
1523 2224 1795 2280 Caesaer
1846 2223 2109 2293 Philippi,
2286 2247 2359 2286 xu
2389 2231 2495 2285 kal.
2520 2234 2735 2301 Agusti.
2779 2232 2971 2287 Natale
2995 2244 3197 2288 saneta:
3232 2232 3509 2288 Praxedis.
3536 2231 3701 2287 Lectio
3721 2231 3767 2284 li-

509 2338 670 2393 usque
698 2321 805 2376 erit
830 2320 1069 2375 solutum
1103 2320 1157 2374 itt
1185 2320 1363 2374 caelis.
2219 2325 2300 2378 bri
2337 2325 2658 2393 Sapientiae.
2699 2325 2985 2379 Hectorem
3018 2335 3069 2379 te
3102 2335 3423 2394 posuerunt,
3464 2324 3566 2379 noli
3595 2323 3764 2387 extolli,

584 2419 705 2484 Ipso
759 2414 851 2469 die
903 2412 1091 2481 vigilia
1137 2413 1313 2466 sancti
1369 2410 1544 2466 Pauli.
1604 2409 1790 2465 Lectio
1848 2404 2112 2479 Epi’slolzn
2215 2432 2376 2485 usque
2405 2416 2857 2471 insectationibus
2896 2414 3175 2486 urguetur.
3226 2417 3572 2485 Evangelinm
3608 2428 3767 2469 secun-

513 2510 655 2564 beati
689 2508 841 2561 Pauli
874 2506 1107 2576 apostoli
1146 2506 1212 2559 ad
1254 2505 1493 2562 Galatas.
1531 2504 1774 2566 Fratres,
1803 2513 1988 2557 nolunt
2018 2517 2114 2554 νο·
2215 2509 2342 2563 dum
2372 2509 2680 2563 Mattharum
2708 2525 2836 2579 cap.
2866 2525 2991 2573 ch,
3019 2510 3169 2564 Dixit
3210 2509 3379 2566 Iesus
3402 2508 3663 2580 discipulis
3686 2509 3771 2561 suis

514 2605 598 2658 bis
631 2603 769 2657 i'acio
794 2600 1179 2671 Evattgelium.
1227 2599 1491 2669 Evangel.
1524 2598 1670 2668 quod
1702 2596 1754 2651 in
1787 2595 1966 2665 vigilia
1991 2608 2116 2649 san-
2216 2601 2530 2671 parabolam
2565 2601 2726 2669 hanc,
2779 2600 2972 2657 Simile
3004 2614 3088 2659 est
3114 2618 3348 2673 regnum
3395 2604 3643 2660 crelorum
3681 2600 3772 2669 the,-

513 2699 587 2753 cti
626 2696 798 2751 Petri.
2215 2711 2382 2750 sauro
2411 2696 2737 2750 abscondito
2766 2695 2819 2751 in
2851 2700 3004 2766 agro,
3054 2713 3219 2768 usque
3257 2712 3393 2753 nova
3424 2706 3479 2753 et
3504 2705 3687 2751 vetera.

580 2789 714 2845 item
746 2788 801 2843 iu
843 2788 951 2843 die.
987 2787 1173 2844 Lectio
1215 2780 1450 2842 Actuum
1480 2785 1875 2855 apostolorum,
1912 2785 1966 2837 in
1993 2782 2111 2837 die-
2292 2789 2444 2844 Feria
2477 2805 2527 2843 vt
2561 2789 2918 2845 hebdomadm
2958 2772 3080 2861 qua:
3126 2806 3329 2862 supra.
3377 2789 3556 2847 Lectio
3599 2788 3769 2857 Apoca-

510 2883 611 2939 bus
640 2884 745 2938 illis
776 2884 980 2938 Saulus
1009 2881 1184 2937 adhuc
1215 2882 1431 2950 spirans
1477 2880 1771 2945 minarum,
1817 2892 1978 2947 usque
2027 2876 2113 2929 stt-
2216 2882 2386 2953 lypsis
2408 2882 2635 2937 Joannis
2660 2883 2919 2954 apostoli.
2953 2882 3011 2937 In
3032 2882 3235 2938 diebus
3269 2882 3374 2939 illis
3402 2883 3508 2938 vidi
3537 2880 3768 2936 mulierem

506 2982 731 3036 ﬁrmans
753 2980 1008 3050 quoniam
1042 2978 1129 3032 hic
1155 2987 1240 3032 est
1264 2975 1539 3030 Christus.
1569 2974 1772 3043 Evang.
1808 2970 2112 3027 secundum
2215 2974 2496 3028 sedentem
2535 2986 2698 3042 super
2736 2975 2964 3028 bestiam
2992 2975 3331 3043 coetineam,
3362 2988 3519 3045 usque
3552 2987 3660 3043 qua:
3694 2970 3769 3023 ha-

507 3078 701 3133 Mattb.
734 3090 783 3129 c.
813 3089 969 3139 cxcv,
1002 3072 1149 3127 Dixit
1183 3073 1368 3128 Simon
1401 3069 1590 3124 Petrus
1619 3068 1688 3121 ad
1726 3066 1940 3131 Jesum,
1970 3065 2121 3119 Ecbe
2216 3066 2311 3121 bet
2338 3082 2562 3136 regnum
2606 3079 2771 3136 super
2809 3076 3181 3137 regesterrae.
3242 3066 3583 3139 Evangelium
3619 3077 3772 3120 secun-

506 3186 607 3225 nos
632 3167 954 3238 reliquimus
986 3167 1193 3229 omnia,
1223 3171 1279 3218 et
1308 3161 1483 3217 secuti
1513 3173 1700 3214 sumus
1727 3166 1804 3225 te,
1833 3173 1996 3228 usque
2034 3154 2115 3210 νίς
2215 3159 2341 3214 dum
2372 3159 2572 3213 Lucam
2604 3174 2725 3229 cap.
2758 3172 2961 3228 cxcvr,
2987 3161 3135 3214 Dixit
3171 3160 3340 3216 Jesus
3386 3159 3651 3230 discipulis
3685 3156 3770 3211 suis

505 3272 614 3318 tam
646 3273 905 3317 aeternam
936 3258 1263 3330 possidebit.
2137 3238 2183 3302 C
2215 3254 2524 3324 parabolam
2550 3252 2708 3321 hanc,
2740 3253 2915 3308 llomo
2942 3255 3163 3325 quidam
3190 3264 3322 3311 erat
3342 3256 3511 3320 dives,
3532 3268 3676 3325 usque
3698 3266 3769 3306 tte-

583 3356 737 3413 Feria
765 3372 819 3411 tv
850 3354 1210 3411 hebdomadm
1246 3367 1370 3423 quae
1416 3365 1603 3420 supra.
1636 3349 1821 3405 Lectio
1851 3346 2109 3418 EpiSlDltE
2214 3362 2321 3418 quo
2349 3345 2398 3401 si
2420 3348 2542 3417 quis
2568 3361 2635 3402 ex
2673 3350 2903 3403 mortuis
2936 3350 3331 3414 resurrexerit,
3363 3349 3601 3406 credent.

508 3454 653 3509 beati
685 3452 835 3507 Pauli
866 3449 1099 3520 apostoli
1131 3449 1198 3504 ad
1234 3448 1612 3503 Colossenses.
1648 3443 1898 3508 Fratres,
1936 3442 2112 3523 indui-
2288 3455 2319 3494 χ
2353 3440 2466 3497 kal.
2514 3440 2728 3511 Agusti.
2774 3438 2964 3498 Natale
2994 3443 3175 3497 sancti
3238 3442 3584 3514 Apollinaris.
3627 3437 3767 3495 Lectio

506 3557 559 3603 te
590 3562 686 3602 vos
719 3546 861 3601 sicut
900 3544 1061 3600 electi
1094 3541 1214 3607 Dei,
1240 3559 1402 3613 usque
1433 3542 1635 3611 gratias
1659 3548 1886 3607 agentes
1912 3538 2024 3590 Deo
2055 3543 2111 3588 et
2213 3532 2336 3589 libri
2363 3533 2680 3603 Sapientiae.
2715 3534 2842 3600 Fili,
2876 3536 2999 3590 sine
3020 3536 3259 3592 consilio
3286 3536 3419 3591 nihil
3453 3536 3627 3603 facies,
3650 3546 3766 3602 usqu

505 3643 652 3698 Patri
676 3658 770 3713 per
792 3640 975 3696 JeSunt
1001 3638 1281 3695 Christum
1314 3636 1604 3691 Dominum
1631 3644 1906 3688 nostrum.
1933 3632 2110 3686 Esan-
2212 3639 2267 3683 et
2291 3644 2362 3684 ex
2398 3640 2542 3683 terra
2573 3624 2719 3684 unde
2745 3632 2964 3684 creatus
2992 3638 3081 3685 est
3107 3628 3315 3685 Adam.
3350 3629 3760 3700 Evangeliumse-

505 3735 613 3808 gel.
647 3734 948 3791 secundum
991 3734 1191 3788 Lucam
1222 3748 1344 3800 cap.
1382 3745 1539 3795 xcut,
1575 3728 1911 3784 Accedentes
1938 3726 2112 3808 disci-p
2212 3726 2448 3780 cundum
2482 3725 2731 3797 (Lucam)
2760 3740 2882 3797 cap.
2933 3736 3133 3793 chxx,
3184 3718 3360 3785 Facta
3406 3739 3490 3785 est
3539 3719 3764 3784 contentio

508 3806 620 3905 puli
647 3832 713 3887 ad
744 3831 932 3887 Jesqu
965 3826 1343 3891 dixeruutilli,
1378 3840 1542 3895 usque
1561 3821 1790 3879 saturati
1824 3829 1971 3878 sunt.
2108 3806 2112 3815 ’
2210 3818 2356 3875 inter
2382 3820 2706 3891 discipulos,
2730 3836 2893 3892 usque
2926 3821 3102 3877 tribus
3132 3820 3370 3879 Israhel.

2056 3914 2059 3919 λ
2282 3914 2565 3970 Dominica
2618 3930 2669 3969 tv
2731 3924 2853 3985 post
2920 3917 3105 3972 natale
3160 3918 3558 3986 apostolorum.
3626 3910 3771 3970 Lectio

1708 4038 1711 4041 ν
2210 4007 2467 4078 Epistulae
2493 4010 2637 4065 beati
2674 4008 2824 4064 Pauli
2860 4011 3093 4080 apostoli
3127 4011 3193 4066 ad
3242 4012 3541 4067 Romanos.
3572 3996 3769 4066 Frath.

577 4095 733 4159 Feria
762 4116 795 4155 ν
826 4100 1182 4156 hebdomadas
1209 4113 1327 4167 qua:
1354 4111 1540 4167 supra.
1575 4094 1763 4151 Lectio
1795 4094 1923 4149 libri
1957 4096 2106 4163 Apo-
2212 4098 2344 4155 nihil
2376 4116 2521 4155 nunc
2551 4100 2928 4156 damnationis
2956 4106 3043 4158 est
3068 4102 3152 4157 his
3192 4104 3294 4174 qui
3325 4113 3453 4160 sunt
3502 4106 3553 4157 in
3594 4097 3775 4155 Christo

504 4197 745 4267 calypsis
771 4193 996 4249 Joannis
1023 4192 1278 4262 apostoli,
1326 4190 1381 4245 In
1431 4190 1623 4246 diebus
1671 4188 1780 4243 illis
1835 4190 2107 4258 septimus
2209 4194 2361 4261 Jesu,
2403 4210 2565 4262 usque
2592 4196 2699 4249 vita
2730 4207 2787 4251 et
2826 4210 2937 4265 pax
2977 4197 3032 4250 in
3063 4195 3286 4251 Christo
3312 4199 3443 4255 Jesu
3462 4196 3672 4251 Domino
3693 4204 3773 4245 no-

504 4290 729 4360 angelus
760 4288 887 4343 tuba
913 4286 1133 4353 cecinit,
1170 4302 1330 4357 usque
1362 4286 1447 4340 ltic
1475 4269 1559 4341 est
1582 4284 1842 4354 patientia
1883 4293 1939 4339 et
1978 4284 2111 4340 linis“
2209 4288 2348 4345 atro.
2399 4291 2750 4361 Evangelium
2788 4292 3092 4345 secundum
3119 4292 3327 4346 Lucam
3363 4309 3485 4361 cap.
3515 4305 3632 4355 csc,
3662 4286 3777 4341 Dixit

504 4394 840 4441 sanctorum.
911 4382 1266 4452 Evangelium
1325 4380 1627 4435 secundum
1702 4380 1902 4435 Lucam
1976 4395 2101 4449 cap.
2208 4382 2369 4439 Jesus
2402 4384 2685 4454 discipulis
2712 4387 2823 4440 suis
2853 4385 3166 4454 parabolam
3196 4388 3364 4451 hanc,
3406 4386 3574 4440 Homo
3596 4379 3772 4452 quidam

502 4493 735 4535 cuxxvr
752 4521 766 4544 ,
794 4478 955 4533 Erant
976 4479 1481 4548 appropinquantes
1501 4474 1568 4529 ad
1591 4473 1777 4529 Jesum
1803 4473 2099 4545 publicani,
2209 4484 2325 4530 erat
2345 4474 2518 4540 dives,
2544 4477 2637 4547 qui
2662 4476 2899 4532 habebat
2922 4477 3183 4546 villicum,
3214 4494 3379 4549 usque
3396 4477 3604 4533 interna
3628 4473 3773 4528 taber-

505 4586 666 4640 usque
692 4571 1070 4642 penitentiam
1103 4577 1319 4640 agente.
2132 4635 2174 4642 _
2210 4571 2425 4624 naenia.

570 4635 729 4725 Periit
760 4683 812 4723 ενι
834 4635 1191 4723 hebdomadas
1220 4682 1340 4738 qua:
1376 4681 1563 4738 supra.
1591 4665 1778 4721 Lectio
1810 4664 1935 4719 libri
1959 4666 2105 4735 Apo—J
2132 4635 2185 4699 υ
2283 4676 2378 4717 vnt
2409 4664 2518 4718 kal.
2555 4664 2768 4736 Agusti.
2811 4654 3003 4721 Natale
3037 4676 3356 4721 sanctorum
3384 4665 3567 4721 Jacobi
3596 4666 3772 4733 aposto‘

503 4762 741 4834 ealypsis
768 4760 999 4817 Joannis
1029 4760 1283 4830 apostoli.
1342 4758 1399 4814 In
1453 4758 1645 4813 diebus
1702 4758 1810 4812 illis
1853 4755 1962 4811 vidi
2011 4758 2103 4811 be-
2176 4756 2276 4823 'li,
2329 4754 2712 4828 Cbristophori
2761 4762 3039 4830 martyris.
3088 4758 3157 4814 Et
3201 4757 3489 4813 Ambianis
3531 4751 3774 4811 translatio

500 4855 660 4910 etiam
687 4854 1074 4909 ascendentem
1120 4854 1191 4909 de
1220 4863 1389 4915 terra,
1424 4868 1585 4922 usque
1613 4866 1777 4922 opera
1810 4852 1954 4907 enim
1982 4851 2104 4904 illos
2208 4851 2382 4905 sancti
2414 4850 2660 4906 Firntini.
2699 4850 2887 4907 Lectio
2916 4852 3041 4907 libri
3067 4852 3385 4921 Sapientiae.
3413 4850 3593 4907 illusio
3618 4854 3668 4903 et
3690 4847 3773 4899 im-

503 4964 622 5003 rum
648 4955 947 5017 sequentur
975 4944 1120 4999 illos.
1150 4946 1499 5015 Evangelium
1551 4944 1852 5000 secundum
1900 4944 2102 4999 Lucam
2208 4944 2524 5014 properium
2557 4946 2943 5014 superborum,
3007 4963 3169 5016 usque
3217 4946 3311 5016 qui
3346 4945 3659 5000 interierunt
3698 4950 3775 5007 per

500 5056 623 5111 cap.
654 5054 900 5109 CanV,
930 5038 1089 5095 Venit
1120 5039 1188 5093 ad
1234 5038 1421 5093 Jesum
1456 5040 1538 5093 vir
1578 5038 1666 5093 cui
1708 5055 1905 5093 nomen
1952 5038 2101 5093 Jahi.
2212 5038 2459 5108 linguam
2491 5052 2669 5094 suam.-
2713 5038 3071 5107 Evangelinm
3114 5038 3416 5093 secundum
3454 5037 3645 5091 Lucam
3678 5041 3774 5096 cap-

1037 3960 1107 4017 In
1134 3977 1209 4035 xu
1239 3961 1336 4018 leo.
1373 3961 1571 4032 requir.

500 5149 619 5201 rus,
648 5148 813 5204 usque
832 5132 969 5187 ﬁdes
1001 5145 1093 5191 tua
1120 5143 1170 5187 te
1196 5133 1407 5188 salvum
1432 5131 1577 5201 fecit,
1612 5132 1752 5187 vade
1783 5133 1836 5186 in
1870 5146 2019 5199 pace.
2212 5144 2360 5198 ρων,
2394 5132 2537 5186 Dixit
2564 5131 2723 5186 Jesus
2753 5131 3037 5199 discipulis
3085 5134 3220 5195 suis,
3250 5130 3399 5185 Sint
3446 5127 3617 5183 lumbi
3642 5118 3776 5178 vestri

684 5227 1009 5299 Requirerxn
1048 5228 1143 5281 (ec.
1192 5228 1245 5279 in
1288 5225 1501 5281 sabbato
1528 5226 1717 5279 mensis
1745 5224 1915 5279 Junii.
2212 5227 2516 5297 praecincti,
2542 5241 2703 5298 usque
2734 5227 2882 5282 ﬁlius
2910 5226 3148 5282 hominis
3176 5227 3346 5279 venit.

573 5322 812 5377 Sabbato
838 5320 1195 5377 hebdomadas
1213 5336 1332 5391 qu:e
1364 5335 1553 5390 supra.
1586 5318 1775 5374 Lectio
1803 5320 1927 5374 libri
1956 5318 2100 5389 Apo-
2284 5336 2338 5375 tv
2379 5319 2491 5374 kal.
2538 5322 2750 5390 Agusti.
2776 5320 2972 5377 Natale
3003 5330 3321 5377 sanctorum
3350 5316 3569 5383 Felicis,
3588 5307 3779 5381 Simplb

498 5416 736 5487 calypsis
765 5408 992 5469 Joannis
1021 5414 1279 5485 apostoli.
1310 5414 1367 5469 in
1396 5412 1597 5469 diebus
1632 5414 1735 5469 illis
1761 5414 1869 5468 vidi
1898 5414 2096 5469 nubem
2212 5415 2304 5480 cii,
2340 5415 2601 5484 Faustini,
2634 5425 2690 5470 et
2717 5417 3003 5472 Beatricis.
3054 5414 3266 5482 Tricas,
3322 5411 3593 5485 depositio
3632 5401 3776 5463 sancti

500 5510 811 5577 candidam,
844 5519 895 5565 et
921 5524 1087 5579 super
1117 5509 1340 5575 nubem,
1362 5522 1524 5580 usque
1555 5523 1681 5563 vera
1713 5518 1765 5563 et
1789 5508 1932 5578 justa
1958 5509 2100 5575 judi-
2208 5509 2347 5579 Lupi
2380 5512 2624 5581 episcopi
2658 5523 2710 5566 et
2737 5511 3094 5567 confessoris.
3121 5507 3314 5565 Lectio
3338 5507 3467 5563 libri
3494 5498 3773 5573 Sapientia:-

498 5605 581 5661 cia
606 5615 718 5659 tua.
741 5600 1092 5674 Esangelium
1110 5604 1407 5659 secundum
1432 5601 1745 5658 Matthacum
1772 5612 1891 5672 cap.
1911 5616 2093 5669 cxcnt,
2210 5601 2410 5658 Beatus
2438 5607 2526 5673 qui
2559 5613 2735 5660 tectus
2752 5610 2836 5660 est
2858 5620 2887 5658 a
2918 5605 3096 5675 lingua
3127 5616 3385 5675 nequam,
3417 5614 3574 5671 usque
3600 5604 3653 5651 ει
3676 5604 3779 5662 Pw’

499 5702 784 5759 Accedens
810 5698 1029 5772 quidam
1060 5698 1126 5753 ad
1156 5697 1343 5755 Jesum
1372 5700 1448 5753 ait
1486 5697 1600 5768 illi,
1636 5713 1795 5769 usque
1824 5699 1970 5766 Vetti,
2005 5712 2097 5752 se-
2207 5697 2353 5751 derit
2383 5688 2481 5752 tibi
2510 5700 2679 5770 magis
2724 5713 2883 5769 quam
2940 5713 3153 5753 aurum.
3210 5693 3566 5765 Evangelium
3608 5698 3777 5742 secun-

499 5809 670 5865 quere
694 5809 803 5850 me.
2204 5792 2339 5845 dum
2370 5791 2575 5847 Lucam
2604 5809 2723 5863 cap.
2752 5802 2969 5861 ccltm,
3002 5793 3134 5849 Cum
3166 5788 3458 5849 audieritis
3482 5784 3677 5859 praelia,
3700 5792 3775 5833 lt“

578 5887 861 5943 Dominiea
896 5896 1019 5959 post
1068 5887 1247 5946 natale
1300 5886 1691 5960 apostolorum.
1741 5876 2096 5958 Evangelium
2213 5901 2314 5957 que
2357 5886 2703 5957 possidebitis
2734 5890 2946 5944 animas
2971 5896 3204 5945 vestras.
