3918 6294
165 367 258 428 sn
1512 369 1721 430 LIBER
1759 350 2054 430 CdMlTls.

3352 368 3457 434 518

224 493 369 548 Feria
398 507 451 548 tv
481 490 840 549 hebdomadac
870 508 989 565 qua:
1020 506 1207 565 supra.
1240 490 1426 549 Leotio
1456 495 1581 549 libri
1607 495 1751 565 Apo-
1778 497 1833 557 Α
1856 493 2055 549 cissimi
2089 500 2145 548 et
2191 491 2416 563 Acapiti.
2455 492 2635 548 Lectio
2669 488 2789 548 libri
2833 488 3146 564 Sapientia).
3180 488 3457 548 Retribuit

155 585 373 655 calypsis
401 584 634 640 Joannis
664 587 920 655 apostoli.
957 587 1015 641 In
1059 585 1255 642 diebus
1300 587 1405 642 illis
1437 586 1542 641 vidi
1584 586 1752 641 alium

168 676 407 747 angelum
436 677 867 735 descendentem
908 677 976 734 de
1007 680 1168 745 etelo,
1197 678 1483 735 habentem
1516 690 1754 749 potesta-

154 778 248 824 tem
295 784 575 839 magnam,
630 784 792 840 usque
841 772 1106 841 judicavit
1168 772 1311 828 Deus
1358 773 1621 841 judicium
1657 789 1750 828 ve—

150 872 330 919 strum.
367 863 727 935 Evangelium
759 867 903 937 quod
941 868 993 921 iu
1027 867 1306 922 Dominica
1340 867 1507 938 ipsius
1548 868 1753 924 hebdoé

149 961 331 1015 madas.

212 1070 265 1110 ιιι
310 1053 422 1109 kal.
461 1057 674 1127 Agusti.
710 1055 899 1112 Natale
931 1065 1245 1113 sanctorum
1275 1058 1466 1114 Abdon
1517 1067 1575 1113 et
1606 1058 1746 1114 Sen-

149 1163 253 1203 nes.
284 1147 477 1203 Lectio
506 1148 628 1204 libri
672 1148 994 1219 Sapientiae.
1023 1148 1127 1215 Qui
1156 1146 1327 1220 diligit
1371 1149 1539 1205 ﬁlium
1567 1165 1749 1216 suum,

149 1239 377 1294 assiduat
421 1239 498 1295 illi
542 1240 779 1312 ﬂagella,
822 1257 983 1309 usque
1025 1242 1133 1296 vita
1191 1242 1424 1299 hominis
1461 1243 1753 1299 thesaurus

151 1346 242 1385 non
271 1330 494 1386 deﬁciet
515 1332 854 1386 sanctitatis.
882 1333 1233 1403 Evangeiium
1263 1334 1563 1389 secundum
1588 1334 1751 1389 Joan-

149 1438 257 1480 nem
288 1438 415 1494 cap.
460 1439 682 1490 cxxnv,
712 1424 828 1481 Hoc
858 1435 943 1480 est
989 1436 1317 1498 praeceptum
1351 1444 1556 1492 meum,
1592 1447 1754 1501 usque

149 1517 370 1573 oderunt
402 1533 494 1572 me
532 1517 725 1587 gratis.

209 1608 364 1663 Feria
391 1625 444 1663 νι
481 1609 847 1665 hebdomadas
875 1626 995 1681 qum
1025 1624 1209 1683 supra.
1239 1612 1427 1669 Lectio
1454 1613 1573 1669 libri
1610 1617 1753 1676 Apo-

150 1701 383 1773 calypsis
418 1700 652 1755 loeutus
705 1705 962 1772 apostoli.
1015 1705 1073 1759 In
1124 1706 1317 1762 diebus
1370 1708 1478 1762 illis
1532 1708 1751 1763 sustulit

149 1810 267 1849 unus
286 1796 515 1865 angelus
538 1793 694 1849 furtis
722 1795 984 1865 lapidem,
1011 1815 1177 1867 usque
1201 1800 1575 1855 testimonium
1605 1802 1751 1855 enim

1859 587 2085 657 gratiam
2130 585 2221 659 qui
2281 584 2441 642 oiiert
2488 585 2896 659 similaginem,
2954 602 3115 655 itaque
3163 584 3459 639 oblectabit

1855 682 2035 753 justos
2104 679 2471 737 misericordia
2544 696 2661 735 sua.
2734 676 3083 750 Evangelium
3153 679 3454 733 secundum

1861 775 2228 849 (Matthzeum)
2260 792 2378 843 cap.
2408 790 2629 842 Lxxxvr,
2664 773 2803 828 Dixit
2826 773 2984 829 Jesus
3008 770 3289 841 discipulis
3319 772 3453 837 suis,

1858 871 2001 925 Ecce
2028 886 2127 941 ego
2160 872 2316 924 mitto
2344 885 2461 936 vos,
2495 884 2656 939 usque
2686 868 2737 921 in
2774 867 2930 921 finem
2961 863 3048 920 hic
3076 866 3259 920 salvus
3286 864 3410 920 erit.

1935 963 2311 1017 Dmninica....
2353 960 2563 1032 (Lectio
2590 960 2847 1029 Epistula:
2875 959 3018 1013 beati
3046 958 3193 1013 Pauli
3225 950 3457 1027 apostoli

1858 1056 1925 1109 ad
1951 1053 2319 1125 Corinthios.)
2347 1054 2589 1117 Fratres,
2616 1068 2722 1106 non
2746 1053 2921 1105 omnis
2944 1066 3072 1105 caro
3094 1049 3281 1104 eadem
3305 1062 3455 1118 caro,

1861 1158 2019 1217 usque
2042 1146 2239 1203 deinde
2268 1146 2412 1216 quod
2442 1144 2710 1215 spiritale.
2735 1143 2999 1213 Evangel.
3030 1143 3324 1197 secundum
3353 1142 3456 1195 Lu-

1858 1258 1976 1297 cam
2004 1256 2125 1312 cap.
2161 1255 2338 1307 ccxxv,
2375 1240 2519 1294 Dixit
2550 1238 2709 1295 Jesus
2754 1239 2818 1293 ad
2863 1237 3125 1308 quosdam
3164 1238 3256 1306 qui
3305 1236 3361 1291 in
3393 1250 3454 1291 se

1857 1332 2222 1402 Conﬁdebant,
2255 1346 2415 1404 usque
2439 1332 2526 1401 qui
2551 1346 2611 1385 se
2643 1330 2893 1383 humillat
2920 1326 3269 1383 excitabitur.

1933 1442 1989 1480 vt
2019 1426 2140 1480 idus
2163 1426 2372 1496 Agusti.
2400 1424 2588 1478 Romae
2608 1424 2785 1478 natale
2810 1422 2980 1477 sancti
3008 1423 3241 1493 (Syriaci.
3267 1422 3457 1477 Leotio

1859 1517 1983 1574 libri
2013 1518 2330 1589 Sapientiae.
2376 1518 2639 1588 Speciosa
2682 1517 3061 1571 misericordia
3102 1517 3195 1571 Dei
3240 1515 3295 1570 in
3323 1526 3461 1571 tem-

1858 1628 1993 1683 pore
2025 1610 2408 1676 tribulationis,
2434 1626 2594 1679 usque
2622 1619 2675 1664 et
2710 1609 3064 1664 haereditabis
3090 1622 3187 1663 eos
3222 1608 3366 1663 sicut
3389 1608 3458 1662 ab

1859 1708 2035 1761 initio.
2086 1704 2347 1776 Evangel.
2402 1703 2701 1759 secundum
2758 1702 3070 1758 Matthaeum
3123 1715 3243 1772 cap.
3292 1715 3456 1768 cxcn,

1860 1800 2011 1855 Dixit
2039 1798 2201 1855 Jesus
2230 1798 2511 1869 discipulis
2542 1798 2676 1852 suis.
2710 1797 2854 1852 Nihil
2883 1807 3133 1867 opertum
3174 1797 3318 1866 quod
3348 1811 3456 1851 non

147 1888 258 1943 Jesu
290 1896 379 1944 est
404 1886 633 1957 spiritus
679 1889 1001 1958 prophetis.
1036 1892 1404 1963 Evangelium
1453 1894 1751 1949 secundum
1781 1880 1832 1955 Β
1862 1894 2158 1957 reveletur,
2205 1904 2368 1963 usque
2397 1904 2581 1945 coram
2612 1891 2771 1951 Batre
2798 1906 2919 1944 meo
2948 1892 3038 1960 qui
3087 1892 3139 1945 in
3172 1891 3327 1947 etelis
3352 1901 3459 1945 est.

148 1981 335 2037 Lucam
367 1996 491 2053 eap.
530 1996 716 2048 ccsvt,
751 1982 1112 2053 Respondeas
1147 2000 1331 2044 autem
1361 1990 1751 2061 archisynago-

154 2093 245 2146 gus
270 2078 583 2145 indignans,
620 2097 782 2151 usque
806 2097 927 2152 qua;
952 2082 1194 2149 glorioSe
1222 2084 1423 2137 fiebant
1454 2084 1522 2139 ab
1552 2099 1638 2139 eo.

212 2170 448 2227 Sabbato
480 2174 835 2230 hebdomadze
862 2188 985 2247 qnte
1006 2190 1191 2244 supra.
1218 2176 1404 2232 Lectio
1438 2178 1558 2231 libri
1606 2177 1750 2248 Apo-

150 2265 370 2336 calypsis
404 2266 637 2323 Joannis
667 2270 921 2338 apostoli.
954 2270 1011 2325 In
1044 2271 1245 2327 diebus
1269 2272 1374 2327 illis
1404 2273 1518 2328 vidi
1550 2274 1750 2330 ccelum

148 2372 402 2431 apertum,
450 2372 504 2419 et
529 2378 661 2421 ecce
688 2378 865 2433 equus
910 2360 1088 2435 albus,
1133 2385 1297 2440 usque
1335 2380 1596 2425 saturatm
1628 2379 1755 2425 sunt

150 2454 385 2509 carnibus
418 2470 632 2510 eorum.
687 2457 1047 2527 Evangelium
1100 2461 1401 2515 secundum
1453 2462 1646 2516 Matth.
1699 2477 1749 2516 c.

151 2559 305 2600 enm
328 2590 343 2617 ,
390 2545 638 2615 Vespere
681 2560 864 2605 autem
895 2549 1044 2605 facto
1073 2562 1428 2608 accesserunt
1465 2553 1531 2608 ad
1568 2554 1752 2609 Jestun

152 2635 383 2709 discipuli
438 2639 583 2708 ejus,
643 2657 807 2711 usque
860 2645 1011 2713 quasi
1064 2645 1302 2716 quinque
1354 2646 1521 2700 millia
1576 2647 1757 2702 homi-

208 2822 489 2879 Dominica
525 2840 557 2877 v
598 2838 722 2894 post
752 2829 931 2884 natale
973 2829 1364 2899 aposmlorutn.
1398 2831 1590 2887 Lectio
1629 2834 1758 2905 Epi-

158 2915 286 2969 stolas
316 2917 474 2971 beati
520 2916 679 2973 Pauli
700 2920 938 2989 apostoli
965 2920 1031 2975 ad
1065 2920 1365 2977 Romanos.
1388 2921 1639 2995 Fratres,
1666 2928 1763 2981 de-

161 3006 332 3064 bitores
399 3024 599 3063 sumus
649 3016 756 3065 non
810 3012 983 3078 carni,
1032 3030 1194 3085 usque
1228 3014 1551 3070 coltmredcs
1582 3025 1763 3073 autem

169 3100 367 3158 Christi.
430 3104 794 3174 Evangelium
848 3105 1150 3162 secundum
1198 3108 1401 3164 Lucam
1454 3122 1572 3179 cap.
1603 3125 1762 3178 cxxt,

171 3193 364 3258 Quidam
402 3195 547 3266 legis
572 3195 779 3266 peritus
803 3200 1067 3265 surrexit,
1114 3216 1279 3270 usque
1316 3212 1371 3255 et
1401 3212 1454 3256 tu
1501 3200 1587 3256 fac
1614 3200 1764 3257 simi-

184 3287 292 3345 lies.

232 3380 471 3441 Kalendis
523 3385 738 3454 Agusti.
806 3387 998 3441 Passio
1062 3386 1499 3442 Machalxeorum
1551 3398 1762 3459 septem

185 3471 361 3531 fratrm
392 3489 458 3533 et
486 3485 703 3533 sanas:
726 3477 1037 3535 Felicitatis
1068 3481 1171 3534 sub
1194 3481 1375 3536 Antic.
1408 3482 1607 3537 Lectio
1640 3482 1764 3536 libri

178 3566 453 3638 Sapientia.
499 3570 559 3627 In
593 3572 947 3628 miltitud'tne
974 3573 1286 3643 disciplinae
1322 3576 1555 3638 Domini,
1602 3591 1765 3646 usque

171 3659 401 3719 distribue
452 3663 840 3721 haereditate“:
870 3678 1040 3722 tuam.
1088 3666 1227 3723 Item
1280 3668 1444 3723 lectio
1492 3668 1619 3723 libri
1665 3668 1766 3725 Sa-

167 3753 380 3817 pientiae.
425 3756 716 3815 Mulierem
746 3756 940 3815 fortem
982 3759 1105 3827 quis
1133 3759 1378 3816 inveniet
1422 3761 1631 3830 procul,
1677 3779 1766 3814 us-

164 3861 242 3913 φιο
276 3863 329 3909 et
380 3848 621 3909 laudent
653 3865 777 3915 eam
826 3852 881 3907 in
925 3853 1093 3921 ponis
1136 3867 1304 3921 opera
1336 3852 1474 3922 ejus.
1513 3852 1765 3923 Evange-

1927 2004 1959 2041 v
1990 1988 2110 2041 idus
2142 1988 2353 2057 Agusti.
2394 1985 2587 2054 Vigilia
2619 1986 2791 2039 sancti
2830 1984 3130 2039 Laurentii.
3167 1984 3357 2041 Lectio
3398 1986 3461 2039 li-

1856 2080 1936 2135 bri
1970 2078 2289 2147 Sapientim.
2338 2075 2653 2133 Conlitebor
2685 2075 2805 2142 tibi,
2848 2077 3098 2144 Domine,
3129 2077 3268 2144 Rex,
3301 2092 3465 2147 usque

1857 2173 1927 2228 de
1957 2172 2210 2227 manibus
2232 2169 2516 2239 angustiae.
2541 2169 2800 2238 Evangel.
2825 2170 3126 2223 secundum
3149 2170 3456 2226 Matthzeum

1857 2282 1980 2335 ειη).
2027 2281 2150 2320 (31.x.
2192 2264 2341 2319 Dixit
2369 2263 2531 2318 Jesus
2582 2262 2869 2333 diSeipulis
2910 2262 3048 2330 suis,
3099 2261 3159 2318 Si
3195 2264 3316 2335 quis
3346 2265 3462 2319 vult

1857 2362 1986 2429 post
2013 2371 2097 2412 me
2126 2354 2334 2422 venire,
2365 2371 2524 2424 usque
2546 2356 2599 2409 in
2631 2369 2805 2424 regno
2829 2368 2951 2409 suo.

1934 2450 2067 2504 Item
2100 2450 2155 2503 in
2184 2448 2294 2510 die,
2328 2463 2381 2501 tv
2414 2447 2535 2501 idus
2561 2448 2771 2518 Agusti.
2808 2445 2993 2501 Lectio
3026 2446 3286 2518 Epistolm
3316 2446 3461 2504 beati

1862 2542 2015 2598 Pauli
2044 2540 2279 2612 apostoli
2308 2541 2373 2593 ad
2405 2540 2739 2596 Corinthios.
2774 2539 3017 2607 Fratres,
3053 2540 3149 2612 qui
3184 2554 3345 2611 parce
3370 2555 3461 2596 se-

1866 2636 2057 2700 minat,
2091 2650 2253 2705 usque
2280 2634 2490 2701 frugum
2512 2633 2736 2703 iustitiae
2759 2642 2974 2689 vestrae.
3004 2635 3353 2705 Evangelium
3377 2649 3467 2690 se-

1866 2727 2105 2782 cundum
2145 2726 2307 2781 Joan.
2340 2741 2458 2795 cap.
2492 2740 2600 2780 crv.
2630 2725 2776 2781 Dixit
2798 2727 2961 2782 desus
2986 2726 3272 2797 discipulis
3326 2729 3459 2782 suis.

1866 2819 1979 2874 Nisi
2040 2836 2264 2891 granum
2306 2819 2605 2888 frumenti,
2659 2837 2819 2891 usque
2866 2821 3027 2877 Pater
3075 2836 3228 2877 meus
3262 2824 3360 2895 qui
3408 2823 3463 2879 in

1868 2919 2024 2974 caelis
2059 2927 2166 2973 est.

1944 3027 2004 3067 ιιι
2033 3008 2153 3065 idus
2179 3010 2391 3081 Agusti.
2426 3010 2614 3067 Romae
2644 3012 2825 3066 natale
2862 3019 3175 3067 sanctorum
3207 3011 3464 3079 Tiburtii,

1876 3103 2169 3172 Valeriani,
2201 3102 2432 3173 Cutilias,
2465 3104 2749 3171 Susanna,
2775 3104 3045 3161 Cassiani.
3081 3106 3150 3161 Et
3168 3106 3468 3162 Caniaraco

1875 3197 2149 3266 depositio
2190 3198 2362 3252 sancti
2395 3198 2698 3269 Gaugcrlcl.
2738 3198 2927 3254 Lectio
2948 3199 3069 3255 libri
3112 3200 3469 3272 Apocalypsis

1788 3291 1839 3354 (Ξ
1877 3292 2103 3346 Joannis
2131 3292 2385 3361 apostoli.
2410 3290 2466 3345 ln
2496 3292 2688 3347 diebus
2720 3294 2827 3348 illis
2856 3294 2968 3347 vidi
2994 3293 3191 3349 ostium
3219 3306 3469 3364 apertum

1870 3384 1929 3437 in
1989 3382 2161 3452 cutio,
2220 3399 2382 3454 usque
2440 3383 2701 3439 fortitudo
2748 3384 2861 3440 Dee
2924 3398 3115 3441 nostro
3169 3387 3222 3441 in
3276 3387 3472 3442 saecula

1870 3478 2220 3535 saeculorum.
2273 3481 2469 3533 Amen.

1945 3570 2075 3624 item
2100 3568 2266 3625 lectio
2294 3568 2420 3624 libri
2445 3570 2758 3639 Sapientim.
2783 3571 3016 3628 Stabunt
3040 3573 3171 3641 justi
3194 3573 3251 3630 in
3278 3588 3472 3647 magna

1868 3663 2202 3729 constantia,
2236 3678 2395 3732 usque
2430 3664 2579 3723 inter
2606 3678 2825 3721 sanctos
2852 3680 2977 3723 sors
3010 3668 3224 3725 illorum
3256 3678 3360 3725 est.

1946 3756 2081 3811 item
2111 3755 2276 3811 lectio
2298 3756 2429 3815 libri
2470 3757 2787 3828 Sapientior.
2840 3759 3051 3816 Reddet
3082 3759 3226 3817 Deus
3267 3775 3475 3817 nterce-

1872 3848 2036 3914 dcm,
2107 3865 2273 3920 usque
2339 3849 2695 3907 laudavcrunt
2752 3854 2986 3923 pariter,
3044 3852 3276 3911 Domine
3333 3855 3473 3913 Deus

163 3938 270 3994 lium
314 3940 636 3998 secundum
675 3941 865 3997 Matth.
921 3959 1038 4014 cap.
1097 3959 1329 4013 chvnt,
1364 3943 1550 4013 _Jussit
1603 3944 1767 4001 Jesus
1872 3951 2079 3998 noster.

162 4030 449 4104 discipulos
480 4047 613 4095 suos
646 4035 951 4099 ascendere
991 4038 1043 4095 in
1068 4037 1379 4093 naviculam
1402 4077 1419 4103 ,
1448 4052 1611 4107 usque
1641 4052 1767 4095 vere

159 4124 285 4182 tilias
310 4126 426 4184 Dei
457 4142 543 4182 es.

213 4235 261 4275 tv
286 4238 434 4279 non.
460 4223 675 4293 Agusti.
701 4221 1305 4285 Rmumnatalexsancti
1331 4225 1595 4295 Stephani
1634 4240 1766 4295 pono

159 4312 315 4370 liﬁcis.
348 4313 577 4373 Lectio
614 4315 743 4377 libri
796 4316 1113 4385 Sapientia}.
1165 4318 1403 4389 Spiritus
1454 4319 1763 4375 timentium

160 4405 440 4471 Dominum
469 4409 756 4479 quaeritur,
792 4428 952 4481 usque
982 4412 1254 4482 depositio
1283 4427 1381 4482 pm
1410 4414 1650 4483 peccatis
1677 4429 1764 4470 re-

158 4500 333 4556 cedere
376 4501 461 4554 ab
515 4502 799 4569 iniustitia.
858 4504 1124 4575 Evangel.
1192 4506 1495 4561 secundum
1556 4507 1761 4567 Lucam

157 4608 260 4663 cap.
291 4610 569 4653 ccxxvnt.
601 4595 749 4653 Dixit
776 4595 934 4655 Jesus
982 4600 1273 4671 discipulis
1306 4601 1421 4657 suis
1451 4602 1765 4672 parabolam

1946 4037 2154 4106 Evang.
2198 4037 2495 4095 secundum
2535 4038 2695 4095 Joan.
2720 4054 2843 4111 cap.
2874 4056 3091 4107 cxxxtv,
3125 4042 3272 4099 Dixit
3314 4042 3475 4101 Jesus

1870 4130 2159 4200 discipulis
2184 4131 2321 4196 suis,
2356 4132 2472 4188 lloc
2505 4143 2591 4189 est
2620 4142 2951 4205 praeceptum
2980 4150 3186 4203 meum,
3212 4152 3377 4207 usque
3418 4138 3473 4194 in

1874 4226 2104 4281 nomine
2130 4240 2255 4281 meo
2285 4226 2376 4280 det
2400 4226 2579 4283 vobis.

1945 4318 2077 4373 [tem
2106 4318 2459 4389 Evangelium
2492 4321 2790 4377 secundum
2835 4322 3148 4380 Matthatum
3188 4339 3310 4391 cap.
3352 4341 3475 4394 (ιιι,

1873 4410 2026 4473 Dixit
2050 4411 2209 4467 Jesus
2252 4413 2533 4481 discipulis
2577 4415 2692 4469 suis
2730 4416 3048 4484 parabolam
3087 4415 3248 4485 hanc,
3289 4416 3480 4473 Simile

1874 4514 1962 4561 est
2011 4492 2235 4576 regnum
2285 4508 2547 4562 cmlorum
2596 4507 2856 4563 thesauro
2908 4509 3264 4576 abscondito,
3319 4527 3481 4581 usque

1874 4614 2022 4657 nova
2061 4610 2117 4656 et
2163 4609 2367 4658 vetera.

162 4685 305 4757 huc,
339 4691 529 4749 Homo
558 4690 781 4760 quidam
819 4692 1021 4749 nobilis
1063 4694 1285 4749 abiitiin
1330 4696 1611 4766 regionem
1644 4696 1764 4752 lon-
1791 4692 1846 4757 Β
1943 4710 1981 4749 ιι
2022 4695 2144 4749 idus
2186 4697 2397 4765 Agusti.
2449 4692 2644 4750 Natale
2696 4695 2872 4750 sancti
2924 4693 3142 4766 Eupoli.
3185 4696 3242 4757 In
3287 4697 3479 4759 diebus

157 4786 441 4857 ginquam,
466 4801 633 4854 usque
663 4786 810 4843 omni
846 4786 1069 4845 babenti
1101 4788 1342 4856 dabitur,
1366 4798 1421 4846 ct
1445 4790 1764 4849 abundabit.

170 4920 173 4941 .
218 4877 447 4939 Feriav
472 4880 837 4941 belnlomadae
854 4897 981 4952 qum
1012 4895 1196 4953 supra.
1232 4883 1421 4941 Lectio
1446 4884 1568 4940 libri
1613 4886 1765 4954 Apo-

157 4970 654 5045 ulypsisloanis
679 4978 934 5042 apostoli.
975 4974 1253 5031 indiebus
1300 4976 1408 5031 illis
1440 4976 1546 5031 vidi
1593 4992 1766 5048 ange-

1873 4785 2009 4841 illis.
2042 4785 2230 4844 Lectio
2258 4786 2383 4841 libri
2404 4785 2719 4854 Sapientiae.
2749 4784 3009 4843 Miserere
3043 4788 3222 4865 plebis
3258 4800 3361 4845 tute
3387 4807 3480 4847 su-

1874 4897 1976 4953 per
2020 4895 2181 4951 quem
2213 4880 2526 4941 invocatum
2554 4889 2678 4947 est,
2710 4897 2869 4952 usque
2908 4882 3241 4953 adiutorium
3271 4883 3363 4952 qui
3395 4899 3481 4939 se-

1876 4973 2115 5029 cundum
2161 4973 2319 5029 illum
2366 4982 2475 5039 est,
2514 4983 2567 5029 et
2604 4976 2855 5031 columna
2888 4983 2948 5029 nt
2985 4976 3219 5047 requies.
3276 4976 3480 5047 Evang.

161 5062 263 5119 lum
283 5064 823 5123 descendentemde
853 5067 995 5123 cmlo
1023 5067 1313 5127 habentem
1336 5070 1572 5137 clavem,
1608 5085 1766 5138 usque
1880 5064 2181 5121 secundum
2212 5065 2373 5121 Joan.
2407 5080 2529 5135 cap.
2579 5082 2761 5133 cxux,
2794 5066 2941 5129 Dixit
2978 5065 3138 5123 Jesus
3177 5066 3481 5138 discipulis,

159 5156 237 5210 die
265 5173 330 5211 ac
360 5166 530 5213 nocte
555 5159 837 5219 itumcula
868 5160 1222 5223 saeculorum.
1277 5161 1771 5233 Evaugcl..secuno

1884 5164 1920 5217 Α
1936 5174 2083 5229 men,
2113 5174 2273 5215 amen
2292 5158 2417 5214 dico
2434 5159 2589 5215 vobis
2608 5159 2735 5229 quia
2765 5159 3068 5229 plorabitis,
3091 5177 3251 5229 usque
3273 5169 3331 5216 et
3354 5176 3487 5233 gau-

161 5252 278 5304 dum
318 5250 530 5306 Lucam
562 5263 681 5320 cap.
732 5266 878 5316 xstx,
904 5252 1280 5315 Descendente
1320 5253 1448 5308 Jesn
1477 5252 1546 5308 de
1589 5264 1774 5319 monte
1884 5252 2031 5315 dium
2058 5261 2301 5309 vestrum
2330 5266 2490 5308 nemo
2527 5251 2683 5308 tollet
2704 5267 2731 5306 a
2762 5251 2941 5308 vobis.

159 5358 275 5399 eum
298 5344 763 5414 discipuliswis,
798 5363 960 5416 usque
988 5347 1222 5409 reddidit
1259 5348 1411 5405 illum
1448 5348 1608 5403 matri
1636 5364 1770 5405 sum.

224 5436 390 5494 Feria
426 5439 1013 5510 vrbebdomadaequm
1044 5455 1228 5510 supra.
1263 5440 1456 5496 Lectio
1479 5440 1606 5501 libri
1632 5445 1777 5511 Apoo

1964 5345 2243 5403 Dominica
2275 5360 2312 5401 ιι
2342 5354 2468 5416 post
2492 5347 2666 5403 sancti
2696 5344 2995 5400 Laurentii.
3018 5344 3209 5402 Lectio
3230 5346 3488 5423 Epistulae

1884 5440 2028 5497 beati
2056 5439 2208 5495 Pauli
2247 5440 2477 5509 apostoli
2529 5440 2595 5499 ad
2626 5440 2961 5502 Corinthius.
2996 5440 3245 5509 Fratres,
3284 5446 3489 5501 scimus

161 5529 397 5599 (alypsis
434 5528 661 5595 Joannis
699 5532 959 5602 apostoli.
994 5532 1049 5585 in
1078 5532 1271 5589 diebus
1296 5532 1408 5603 iiiis
1450 5534 1600 5593 venit
1639 5549 1778 5590 unus
1888 5530 2033 5588 enim
2055 5532 2311 5601 quoniam
2336 5532 2383 5589 si
2409 5532 2886 5601 terrestrismsque
2906 5532 3227 5593 manifestos
3248 5550 3349 5590 nos
3368 5550 3490 5595 csse

164 5638 225 5676 ex
254 5636 480 5694 septem
519 5626 732 5697 angelis
762 5627 1093 5695 habentibus
1122 5626 1353 5696 phialas,
1400 5636 1646 5699 macet
1686 5645 1775 5684 re-

1884 5638 1988 5697 pet'
2016 5622 2203 5685 Jesum
2235 5624 2511 5685 Christum
2532 5625 2833 5685 .Dunununt
2864 5634 3137 5685 nostrum.
3174 5628 3374 5694 Evang.
3406 5643 3492 5683 se-

164 5714 412 5780 gnabunt
438 5719 489 5769 in
518 5717 721 5771 saecula
767 5718 1113 5773 Stecnlorum.
1154 5719 1509 5789 Evangelium
1541 5721 1687 5793 quod
1721 5724 1779 5779 io
1890 5719 2127 5775 cundum
2159 5718 2396 5777 Marcum
2418 5734 2539 5789 cap.
2566 5734 2750 5787 anv,
2785 5718 2989 5781 Exiens
3012 5720 3174 5781 Jesus
3200 5721 3269 5779 de
3294 5721 3493 5783 ﬁnibus

172 5806 457 5865 Dominiea
484 5810 659 5882 ipsius
682 5811 1059 5879 hebdomade.

234 5915 335 5957 vm
358 5899 482 5963 idus
512 5904 725 5976 Agusti.
752 5903 943 5975 Romae
972 5905 1164 5973 natale
1192 5907 1368 5971 sancti
1410 5904 1601 5981 Xristi,
1632 5907 1777 5968 Feli-

1893 5815 2049 5887 Tyri,
2082 5830 2245 5888 usqu
2264 5825 2322 5871 et
2352 5825 2529 5877 mutos
2564 5814 2726 5886 loqui.

1971 5903 2154 5969 Idibus
2207 5908 2422 5983 Agusti.
2455 5907 2642 5969 Natale
2673 5908 2844 5967 sancti
2887 5907 3109 5981 Ypoliti.
3143 5908 3333 5973 Lectio
3372 5910 3495 5981 lihri
