3918 6294
512 326 618 386 519

1547 318 1607 381 S.
1652 316 2036 379 lllERONYMl
2075 316 2363 379 OPERUM
2402 312 2766 379 MANTISSA.
3658 322 3741 384 520

512 442 830 511 Sapientize.
858 440 1047 497 Omnis
1088 438 1295 496 amicus
1323 438 1489 505 dicet,
1521 448 1575 494 et
1605 440 1901 496 amicitiam
1945 456 2110 511 copu—
2139 440 2192 502 Α
2217 438 2499 509 discipulis
2540 439 2674 505 suis,
2709 438 2770 494 Si
2800 437 2923 508 quis
2944 436 3093 495 venit
3116 435 3186 494 ad
3220 451 3325 508 me,
3355 453 3500 512 tuque
3517 441 3596 513 qui
3614 442 3742 504 habet

513 539 645 603 lavi,
676 555 837 610 usque
860 537 1056 591 animae
1080 550 1190 590 sua:
1219 533 1404 590 suavis
1432 542 1536 591 est.
1570 536 1771 606 Evang.
1806 535 2106 592 secundum

513 632 714 688 Lucam
736 647 856 702 cap.
888 645 1063 696 cxuv,
1088 628 1240 684 Dixit
1260 628 1421 685 .lesus
1442 629 1726 699 discipulis
1756 629 1890 698 suis,
1919 631 2109 684 Atten-

515 726 629 783 dite
658 742 689 782 a
720 725 1009 793 fermento,
1034 740 1196 795 usque
1217 740 1401 779 coram
1434 724 1647 796 angelis
1670 724 1784 778 Dei.

585 838 678 877 xix
726 820 949 881 kalend.
991 818 1351 891 Septembris.
1405 820 1596 876 Natale
1648 820 1817 875 sancti
1864 818 2105 875 Eusebii.

512 916 702 973 Lectio
724 914 849 971 libri
870 913 1187 984 Sapientiae.
1216 914 1317 983 Qui
1342 914 1640 985 sophistice
1668 913 1928 982 loquitur,
1953 928 2112 983 usque

510 1024 618 1081 pax
649 1010 792 1064 enim
824 1006 923 1062 Dei
956 1022 1121 1078 super
1164 1008 1356 1062 {aciem
1392 1017 1575 1062 terrm.
1625 1004 1973 1075 Evangelium
2022 1019 2111 1060 se-

510 1103 749 1159 cundum
778 1100 1090 1157 Mattbaium
1119 1116 1239 1171 cap.
1275 1116 1493 1167 cccxm,
1516 1099 1663 1153 Dixit
1689 1098 1850 1154 Jesus
1878 1098 2111 1168 discipu-

511 1195 579 1252 lis
607 1196 741 1261 suis,
771 1194 998 1264 Vigilate
1025 1195 1150 1265 quia
1183 1194 1427 1261 nescitis,
1457 1208 1612 1261 usque
1636 1190 1936 1245 constituet
1963 1204 2107 1245 eum.

580 1305 711 1345 xvm
740 1288 850 1344 kal.
876 1272 1185 1356 Septembr.
1214 1286 1530 1354 Assumptio
1559 1292 1761 1339 sancta:
1788 1283 1971 1338 Maria:
1999 1299 2112 1336 ma-

506 1386 606 1441 tris
632 1383 869 1441 Domini.
901 1383 1092 1440 Lectio
1122 1381 1245 1437 libri
1276 1380 1592 1450 Sapientize.
1628 1378 1751 1444 Fili,
1793 1377 1849 1433 in
1897 1388 1988 1432 tua
2026 1376 2112 1430 in-

512 1480 797 1545 ﬁrmitate,
830 1495 991 1549 usque
1014 1487 1067 1532 et
1086 1475 1379 1531 consolare
1400 1474 1551 1528 illum
1573 1474 1624 1527 in
1650 1474 1860 1527 exitum
1889 1470 2111 1541 spiritus

511 1576 619 1631 sui.
650 1573 1012 1643 Evangelium
1065 1560 1363 1625 secundum
1396 1567 1597 1622 Lucam
1648 1581 1768 1636 cap.
1802 1580 1985 1629 cxxrv,
2027 1562 2113 1617 lu-

511 1668 677 1724 travit
703 1667 869 1724 .lesus
896 1666 948 1721 in
980 1663 1254 1737 quoddam
1282 1662 1593 1731 castellum,
1626 1677 1787 1732 usque
1808 1676 1916 1715 non
1953 1657 2109 1716 aufe-

511 1773 659 1820 retur
689 1762 759 1817 ab
788 1778 873 1818 eo.

2218 548 2376 588 aures
2408 533 2664 588 audiendi
2686 532 2897 590 audiat.

2284 627 2522 682 Sabbato
2559 626 2917 683 hebdomadce
2955 642 3073 698 quae
3116 641 3294 698 supra.
3323 626 3497 685 Lectio
3532 628 3743 701 Epistolas

2213 720 2361 777 beati
2387 720 2536 775 Pauli
2568 720 2799 791 aposwli
2837 720 2902 775 ad
2934 720 3218 776 Hebraeos.
3251 720 3478 792 Fratres,
3506 726 3654 779 sancti
3673 742 3746 781 vo-

2213 819 2427 874 catione
2473 817 2712 873 caelestis
2755 816 3067 887 participes,
3120 832 3279 888 usque
3318 817 3361 872 si
3410 817 3675 874 introibunt
3704 821 3745 876 in

2213 913 2455 984 requiem
2482 928 2679 967 meam.
2700 911 2912 982 Evang.
2944 911 3241 965 secundum
3271 909 3451 966 Matth.
3481 926 3591 981 cap.
3611 928 3744 981 cmi,

2215 1006 2489 1062 Abeuntes
2517 1003 2779 1076 pharisaei
2802 1003 3093 1083 consilium
3123 1003 3406 1071 iaciebant,
3435 1022 3582 1075 usque
3608 1004 3656 1060 in
3677 1020 3746 1060 no-

2216 1099 2363 1154 mine
2392 1099 2509 1169 ejus
2546 1098 2865 1171 sperabunt.

2286 1193 2567 1249 Dominica
2608 1210 2660 1249 tv
2711 1204 2833 1266 post
2880 1194 3053 1250 sancti
3084 1192 3383 1249 Laurentii.
3428 1192 3598 1249 Lectio
3632 1192 3749 1264 Epis

2215 1290 2338 1345 tolze
2359 1288 2503 1345 beati
2533 1288 2683 1344 Pauli
2708 1289 2939 1360 apostoli
2962 1290 3031 1345 ad
3052 1288 3291 1346 Galatas.
3324 1286 3548 1343 Fratres.
3594 1326 3605 1341 .
3645 1326 3658 1342 .
3693 1326 3706 1341 .
3735 1325 3745 1340 .

2217 1381 3746 1451 ...................Evang.secun-

2214 1474 2342 1529 dum
2371 1473 2571 1531 Lucam
2601 1491 2724 1546 cap.
2747 1492 2853 1544 cet,
2881 1477 3018 1531 Dum
3051 1476 3157 1532 iret
3182 1474 3339 1531 Jesus
3362 1476 3413 1531 iu
3438 1474 3743 1541 Hierusalem,

2214 1586 2376 1640 usque
2401 1570 2535 1628 ﬁdes
2561 1582 2650 1628 tua
2684 1583 2736 1633 te
2766 1573 2975 1628 salvum
3006 1573 3157 1629 fecit.

2268 1656 2341 1718 ἰιι
2391 1664 2500 1719 kal.
2538 1664 2693 1736 Sept.
2725 1665 2782 1719 In
2826 1665 2973 1722 India
3008 1664 3188 1721 natale
3226 1663 3397 1720 sancti
3425 1661 3749 1718 Bartholomai

2214 1759 2465 1825 apostoli.
2502 1757 2673 1813 Reate
2700 1768 2903 1813 sanctae
2932 1760 3128 1814 Aureae
3155 1757 3400 1828 virginis.
3430 1755 3500 1811 Et
3534 1756 3750 1826 depositio

584 1873 697 1912 xvii
734 1856 845 1912 kal.
876 1856 1032 1926 Sept.
1074 1853 1267 1910 Natale
1307 1851 1483 1908 sancti
1521 1848 1870 1920 Leudegarii.
1920 1848 2108 1904 Lectio
2137 1847 2186 1909 B
2211 1853 2387 1908 sancti
2418 1852 2669 1909 Audoeni
2707 1854 2951 1925 episcopi
2982 1862 3037 1911 et
3082 1852 3432 1909 confessoris.
3464 1851 3632 1907 Lectio
3657 1850 3748 1904 libri

511 1949 635 2007 libri
663 1950 979 2019 Sapientiae.
1004 1947 1341 2018 Sapientiam
1368 1945 1549 2002 scribe
1568 1945 1624 1998 in
1657 1954 1925 2015 tempore,
1956 1958 2114 2010 usque

460 2072 466 2081 ι
511 2042 901 2114 conquirentes
950 2042 1003 2096 in
1057 2041 1174 2111 lege
1222 2038 1510 2094 Altissimi.
1561 2037 1767 2108 Evang.
1811 2036 2111 2091 secundum

510 2137 641 2192 Luc.
670 2151 792 2207 cap.
821 2150 963 2190 CLIV.
989 2134 1135 2189 Dixit
1157 2131 1315 2189 Jesus
1338 2130 1619 2201 discipulis
1643 2131 1780 2199 suis,
1806 2130 1926 2186 Sint
1947 2129 2113 2185 lumbi

510 2227 682 2285 vestri
716 2227 987 2299 prredicti,
1022 2242 1181 2297 usque
1209 2224 1356 2280 ﬁlius
1385 2224 1623 2279 hominis
1655 2222 1824 2278 venit.

587 2322 748 2377 Feria
788 2338 862 2376 vt.
912 2320 1104 2375 Lectio
1135 2319 1260 2373 libri
1312 2315 1670 2388 Apoealypsis
1715 2315 1943 2371 Joannis
1985 2328 2114 2384 apo-

509 2418 657 2475 stoli.
692 2416 751 2471 In
781 2415 980 2471 diebus
1013 2414 1124 2469 illis
1166 2413 1305 2468 dixit
1332 2411 1466 2467 mihi
1493 2412 1718 2482 angelus
1753 2430 1765 2463 :
1794 2411 1921 2467 ilice
1948 2412 2113 2466 verba

511 2510 828 2567 ﬁdelissima
875 2518 930 2564 et
974 2524 1102 2563 vera
1148 2514 1306 2573 sunt,
1354 2522 1513 2574 usque
1562 2506 1653 2576 qui
1710 2504 1824 2559 vult
1881 2503 2112 2572 accipiat

510 2620 707 2677 aquam
740 2604 871 2657 vitae
914 2602 1109 2673 gratis.
1155 2602 1362 2671 Evang.
1397 2601 1696 2656 secundum
1748 2600 1947 2654 Lucam
1987 2613 2109 2669 cap.

512 2716 693 2766 Lxxtv,
719 2696 1174 2770 RogabatJesum
1199 2695 1418 2767 quidam
1446 2694 1769 2766 pharisazus,
1792 2710 1949 2765 usque
1980 2706 2113 2763 quo-

512 2796 656 2850 niam
681 2792 879 2849 dilexit
918 2792 1170 2847 multum.

582 2888 842 2947 Sabbato.
868 2886 1057 2942 Lectio
1090 2884 1219 2941 libri
1266 2884 1499 2956 Regum.
1534 2884 1593 2941 in
1620 2883 1811 2939 diebus
1848 2881 1954 2937 illis
1983 2897 2112 2937 con-

507 2984 683 3040 suluit
727 2982 893 3038 David
940 2981 1260 3046 Dominum,
1310 2997 1469 3050 usque
1518 2980 1720 3035 deserti
1762 2982 1816 3033 in
1864 2978 2111 3035 Gabaon.

510 3074 867 3145 Evangelium
899 3074 1041 3144 quod
1070 3076 1123 3128 in
1148 3072 1437 3127 Dominica
1461 3072 1705 3141 ejusdem
1729 3071 2108 3129 hebdomadas.

581 3168 864 3225 Dominica
897 3182 957 3222 ιιι
987 3174 1110 3237 post
1139 3164 1313 3221 sancti
1345 3164 1625 3221 Laurentii
1656 3205 1669 3219 .
1711 3204 1726 3219 .
1762 3203 1775 3218 .
1812 3204 1826 3219 .
1864 3204 1877 3219 .
1912 3204 1929 3219 .
1963 3204 1980 3219 .
2008 3202 2021 3216 .
2050 3204 2063 3217 .
2092 3203 2108 3219 .

2219 1946 2535 2016 Sapientize.
2577 1948 2873 2019 Disciplina
2921 1948 2975 2005 in
3009 1964 3141 2020 pace
3184 1954 3520 2014 conservate,
3548 1960 3684 2015 usque
3713 1943 3751 1996 in

2218 2049 2516 2111 conspectu
2545 2044 2784 2098 omnium
2818 2044 3082 2101 virorum.
3116 2044 3326 2116 Evang.
3375 2040 3649 2100 secundum
3677 2038 3754 2093 Lu-

2217 2151 2336 2191 cam
2383 2152 2504 2207 cap.
2558 2153 2714 2195 cuvr
2762 2138 2870 2210 [Αἰ.
2924 2138 3089 2210 cxvi].
3144 2139 3251 2207 Qui
3293 2153 3390 2196 vos
3435 2136 3594 2206 audit,
3633 2150 3753 2205 usque

2217 2232 2420 2301 scripta
2447 2243 2574 2287 sunt
2604 2233 2658 2288 in
2689 2233 2865 2289 uelis.
3006 2286 3009 2291 ι

2289 2339 2381 2378 vni
2413 2322 2634 2380 kalend.
2655 2325 2935 2395 Septemb.
2964 2325 3189 2382 Arelate
3210 2324 3391 2381 natale
3418 2322 3581 2381 sancti
3598 2318 3754 2378 Genesi

2216 2419 2493 2488 martyris.
2520 2417 2707 2473 Lectio
2728 2419 2851 2474 libri
2879 2420 3193 2491 Sapientiae.
3232 2419 3365 2475 Filia
3396 2418 3556 2489 patris
3577 2416 3755 2470 abscon-

2217 2510 2331 2566 dita
2359 2520 2465 2577 est,
2489 2528 2653 2582 usque
2685 2511 2875 2568 videns
2901 2513 3128 2583 gloriam
3158 2512 3301 2583 ejus.
3327 2510 3758 2583 Evangeigecun-

2216 2606 2344 2662 dum
2396 2606 2637 2662 Marcum
2682 2623 2803 2679 cap.
2832 2596 3110 2672 CXXXVIII,
3145 2606 3306 2662 Dixit
3349 2604 3502 2661 Jesus
3527 2596 3755 2671 discipulis

2215 2702 2349 2767 suis,
2409 2686 2599 2756 Vidéte
2630 2716 2699 2757 ne
2750 2701 2872 2771 quis
2915 2716 3013 2757 vos
3042 2700 3291 2770 seducat,
3320 2714 3477 2770 usque
3512 2695 3591 2751 hic
3617 2694 3756 2748 salvus

2216 2795 2341 2851 erit.

2288 2890 2449 2947 Feria
2476 2908 2529 2947 tv
2555 2890 2917 2948 hebdomade:
2946 2908 3067 2963 qua:
3113 2905 3302 2962 supra.
3342 2888 3521 2946 Lectio
3548 2882 3753 2957 Epistolm

2215 2984 2361 3041 beati
2402 2984 2554 3039 Pauli
2597 2985 2826 3055 apostoli
2855 2984 2926 3040 ad
2960 2985 3247 3040 Hebraeos.
3282 2982 3516 3051 Fratres,
3556 2977 3752 3051 operibus

2215 3080 2284 3134 ab
2332 3078 2671 3134 institutione
2725 3078 2909 3133 mundi
2955 3077 3242 3148 perfectis,
3302 3093 3458 3145 usque
3505 3068 3751 3130 imbecilles

2216 3172 2343 3227 lacti
2368 3171 2499 3228 estis
2522 3172 2589 3227 ad
2618 3172 2975 3228 audiendum.
3001 3173 3268 3243 Evangel.
3294 3169 3579 3228 secundum
3600 3166 3750 3221 Lucam

510 3294 2106 3324 δοιδοοόοοοοοοιοοοησοοοοοοοοοοσοοσσ

2219 3281 2338 3336 cap.
2355 3281 2601 3333 cuvrm,
2628 3265 2763 3320 Dum
2790 3266 2895 3321 iret
2916 3266 3074 3320 Jesus
3094 3281 3193 3333 per
3216 3265 3463 3320 civitates
3486 3269 3538 3317 et
3562 3254 3747 3319 castella,

508 3400 526 3421 .
560 3403 575 3419 .
614 3400 627 3417 .
664 3397 679 3416 .
717 3401 731 3416 .
770 3399 787 3416 .
814 3360 1022 3430 Evang.
1057 3355 1359 3413 secundum
1392 3355 1594 3411 Lucam
1641 3370 1759 3425 cap.
1796 3370 1923 3421 cxx,
1968 3354 2113 3409 Dixit

488 3456 666 3513 'Jesus
696 3453 979 3526 discipulis
1010 3452 1146 3519 suis,
1183 3449 1335 3507 Beati
1380 3448 1525 3506 oculi
1560 3448 1655 3521 qui
1702 3448 1912 3517 vident,
1952 3464 2113 3519 usque

508 3561 562 3607 tu
597 3551 684 3606 fac
714 3549 991 3606 similiter.

581 3662 648 3704 xv
680 3646 900 3702 kalend.
927 3643 1204 3715 Septemb.
1237 3640 1426 3697 Natale
1452 3640 1626 3695 sancti
1654 3639 1892 3711 Agapiti.
1921 3639 2109 3696 Lectio

505 3744 631 3800 libri
680 3741 1005 3813 Sapientite.
1056 3738 1391 3810 Sapientiam
1439 3737 1680 3792 omnium
1729 3736 2104 3806 antiquorum,

502 3854 662 3905 usque
691 3835 995 3892 benedicite
1044 3834 1329 3888 Dominum
1358 3832 1416 3887 in
1453 3830 1715 3903 operibus
1745 3831 1881 3887 suis.
1929 3829 2108 3886 Evan-

502 3932 704 4003 gelium
736 3929 879 4001 quod
911 3929 965 3984 in
994 3937 1334 3984 sanctorum.
2088 3942 2091 3965 ς

579 4041 666 4080 xw
695 4022 806 4079 kal.
837 4021 1308 4091 Sept.Apparitio
1336 4027 1538 4075 sanctae
1579 4018 1779 4073 crucis.
1822 4018 1890 4073 Et
1929 4018 2109 4074 natale

505 4118 679 4175 sancti
730 4116 968 4173 Andreae
1016 4114 1266 4185 magistri
1314 4114 1569 4169 militum.
1617 4112 1804 4167 Lectio
1838 4111 1962 4166 libri
2012 4111 2111 4167 Sa-

509 4210 749 4282 pientire.
781 4208 915 4263 Date
943 4206 1148 4262 nomini
1191 4205 1405 4261 Domini
1436 4203 1917 4273 magniﬁcentiam,
1949 4219 2108 4273 usque

511 4304 731 4358 laudate
756 4311 812 4357 et
849 4299 1158 4357 benedicite
1188 4313 1389 4353 nomen
1438 4296 1675 4351 Domini.
1728 4295 1987 4366 Evangel.
2020 4310 2109 4351 se-

506 4399 744 4451 cundum
775 4393 935 4453 Joan.
970 4408 1089 4462 cap.
1137 4406 1285 4459 xxrv,
1330 4391 1458 4445 Erat
1494 4390 1657 4446 homo
1689 4404 1755 4445 ex
1796 4389 2101 4459 pharismis,

505 4506 665 4563 usque
698 4492 866 4547 vitam
893 4501 1174 4546 :eternam.

578 4603 669 4641 xui
699 4584 809 4640 kal.
836 4584 988 4655 Sept.
1023 4583 1077 4638 in
1110 4582 1431 4640 Getimauea
1480 4583 1658 4638 natale
1708 4584 1885 4638 sancti
1922 4583 2104 4641 Phili-

2216 3376 2378 3432 usque
2406 3359 2733 3416 accumbent
2765 3361 2817 3414 in
2852 3375 3023 3430 regno
3054 3358 3173 3415 Dei.

2284 3454 2447 3510 Feria
2478 3472 2511 3509 v
2554 3454 2911 3510 hebdomadte
2940 3469 3060 3524 qua:
3090 3470 3279 3525 supra.
3335 3452 3519 3510 Lectio
3546 3442 3745 3520 Epistole

2211 3548 2358 3605 beati
2390 3549 2541 3604 Pauli
2582 3548 2814 3619 apostoli
2863 3548 2932 3603 ad
2964 3548 3250 3604 Hebraeos.
3280 3548 3517 3613 Fratres,
3544 3557 3648 3600 cum
3673 3537 3740 3591 de-

2212 3642 2415 3698 beretis
2443 3642 2690 3715 magistri
2715 3658 2836 3698 esse
2862 3651 3084 3713 propter
3102 3651 3347 3714 tempus,
3373 3657 3528 3713 usque
3550 3634 3734 3694 interiora

2212 3738 2521 3795 velaminis.
2555 3738 2822 3809 Evangcl.
2856 3739 3160 3794 secundum
3206 3738 3408 3794 Lucam
3454 3749 3571 3805 cap.
3610 3739 3736 3785 cum

2212 3833 2303 3889 Ait
2332 3834 2398 3889 ad
2426 3833 2615 3889 Jesum
2644 3833 2867 3904 quidam
2896 3831 2964 3890 de
2994 3833 3176 3902 turba,
3207 3848 3372 3904 usque
3401 3840 3455 3887 et
3475 3816 3743 3897 Deuspascit

2212 3930 2354 3985 illos.

2282 4038 2314 4078 ν
2336 4022 2445 4079 kal.
2480 4022 2640 4078 Febr.
2672 4018 2861 4078 Roma:
2890 4022 3072 4079 natale
3102 4021 3283 4079 sancti
3313 3998 3591 4078 Hermetis.
3614 4007 3748 4069 Africa

2211 4116 2488 4187 depositio
2519 4116 2692 4171 sancti
2715 4115 2985 4187 Agustini.
3012 4115 3205 4172 Lectio
3227 4116 3351 4171 libri
3380 4108 3663 4184 Sapientiae.
3685 4100 3752 4156 Al-

2210 4209 2456 4264 titudinis
2478 4206 2882 4264 ﬁrmamentum
2912 4207 3275 4281 pulchritudo
3303 4207 3444 4278 ejus,
3471 4215 3615 4274 usque
3632 4192 3754 4252 entit-

2209 4311 2328 4359 tere
2352 4302 2561 4371 judieii.
2596 4302 2800 4374 Evang.
2834 4301 3137 4358 secundum
3189 4301 3323 4357 Luc.
3352 4315 3471 4371 cap.
3519 4310 3627 4359 xcv,
3654 4289 3753 4343 005‘

2209 4397 2450 4452 cendens
2475 4395 2634 4451 Jesus
2659 4395 2728 4451 de
2758 4403 2944 4451 monte
2965 4394 3118 4451 stetit
3138 4394 3195 4449 in
3219 4394 3364 4463 loco,
3398 4406 3551 4462 usque
3575 4381 3751 4454 copiastl

2210 4499 2297 4547 est
2325 4491 2383 4546 in
2407 4491 2587 4547 cretis.
3376 4488 3379 4489 ⁷

2283 4598 2339 4638 tv
2382 4582 2610 4639 kalend.
2639 4581 2922 4656 Septemb.
2954 4581 3016 4639 In
3048 4583 3342 4655 Campania
3390 4577 3561 4637 natale
3593 4572 3750 4627 sancta:

501 4682 664 4739 herti.
690 4679 1017 4736 Lectio‘libri
1038 4677 1350 4749 Sapientiae.
1374 4678 1673 4748 Occupatio
1694 4693 1889 4749 magna
1912 4690 2095 4735 creata
2130 4656 2181 4719 Ῑ)
2208 4675 2423 4732 Sabinae
2454 4676 2704 4748 virginis.
2746 4677 2816 4732 Et
2852 4676 3034 4748 passio
3066 4678 3241 4732 sancti
3268 4673 3490 4731 Joannis
3518 4663 3747 4737 Baptism

500 4786 607 4845 est,
642 4790 801 4844 usque
847 4786 1010 4843 super
1036 4787 1255 4827 onmem
1284 4772 1510 4842 gloriam
1545 4781 1885 4841 operuerunt
1916 4773 2092 4827 illum.

502 4868 761 4941 Evangel.
789 4864 1088 4923 secundum
1114 4866 1313 4920 Lucam
1340 4880 1459 4934 cap.
1491 4869 1736 4931 cexxxir,
1773 4865 1916 4919 Dixit
1938 4865 2097 4921 Jesus

498 4963 782 5035 discipulis
807 4962 942 5023 suis,
973 4959 1033 5015 Si
1057 4960 1180 5029 quis
1203 4959 1354 5014 venit
1378 4959 1445 5013 ad
1477 4975 1585 5026 me,
1613 4974 1774 5029 usque
1800 4958 1893 5029 qui
1937 4956 2099 5013 habet

496 5074 528 5112 -a
542 5073 664 5113 ures
686 5054 940 5111 audiendi
970 5052 1176 5109 audiat.

573 5152 733 5206 Feria
774 5167 804 5204 v
838 5147 1192 5205 hebdomadas
1220 5160 1343 5217 qua:
1387 5158 1568 5216 supra.
1617 5144 1801 5202 Lectio
1847 5146 2099 5216 Epistola:

502 5244 647 5298 beati
679 5243 829 5297 Pauli
860 5240 1091 5312 apostoli
1123 5238 1187 5293 ad
1221 5238 1500 5294 Hebraeos.
1543 5237 1783 5307 Fratres,
1815 5239 2099 5295 abundan-

501 5340 607 5392 tius
647 5344 863 5405 oportet
892 5335 1186 5389 observare
1212 5344 1332 5399 nos,
1379 5344 1539 5399 usque
1576 5329 1656 5386 eis
1686 5331 1777 5401 qui
1824 5338 2100 5388 tentantur

495 5429 764 5486 auxiliari.
781 5428 1038 5497 Evangel.
1062 5424 1358 5482 secundum
1382 5420 1512 5479 Luc.
1536 5437 1657 5493 cap.
1679 5439 1839 5493 χχιιι,
1862 5422 2099 5495 Surgens

498 5526 657 5581 Jesus
687 5522 756 5577 de
805 5533 1096 5592 synagoga,
1128 5535 1288 5591 usque
1308 5516 1683 5587 evangelizare
1728 5533 1952 5588 regnum
1980 5520 2096 5575 Dei.

483 5633 499 5642 ·
572 5633 625 5672 xi
656 5614 766 5669 kal.
812 5613 944 5683 Sep.
985 5611 1189 5666 Natale)
1217 5610 1387 5666 sancti
1418 5608 1709 5665 Timothei.
1759 5609 1946 5665 Lectio
1978 5611 2100 5666 libri

490 5708 808 5781 Sapientire.
860 5706 984 5773 Fili,
1032 5706 1085 5758 in
1118 5712 1371 5775 tempore
1412 5704 1539 5759 vita:
1578 5711 1684 5758 tua:
1724 5719 1791 5760 ne
1831 5705 2097 5775 indigeas,

498 5822 657 5875 usque
713 5803 919 5859 bonum
964 5808 1144 5856 autem
1209 5815 1405 5856 nomen
1468 5797 1808 5871 permanebit
1860 5799 1911 5853 in
1958 5814 2095 5855 tero.

503 5899 705 5973 Evang.
754 5897 1065 5957 secundum
1101 5896 1301 5955 Lucam
1335 5910 1454 5969 cap.
1499 5910 1700 5967 Lxxxn,
1752 5895 1895 5953 Dixit
1938 5895 2096 5957 Jcsus

2201 4771 2389 4826 Lectio
2437 4770 2565 4825 libri
2615 4769 2920 4841 sapientiae.
2954 4770 3141 4840 Aperti
3190 4778 3319 4825 sunt
3357 4761 3604 4829 thesauri,
3631 4763 3752 4819 Ml“

2203 4866 2295 4935 pie
2340 4864 2625 4934 agentibus
2654 4864 2808 4920 dedit
2834 4863 3185 4932 sapientiam.
3222 4859 3564 4931 Evangelium
3601 4858 3752 4905 secun-

2204 4960 2330 5015 dum
2363 4959 2671 5013 Matthteum
2718 4972 2841 5027 cap.
2894 4956 3067 5030 (exn),
3120 4957 3272 5012 Dixit
3316 4953 3475 5011 Iesus
3520 4935 3751 5011 discipulis

2208 5052 2319 5106 suis
2366 5050 2676 5121 parabolam
2720 5048 2859 5105 hanc
2890 5048 3121 5104 :Simile
3157 5057 3243 5103 est
3288 5057 3505 5116 regnum
3534 5034 3749 5094 malorum

2206 5140 2466 5201 thesauro
2491 5145 2840 5212 abscondito,
2867 5159 3028 5216 usque
3052 5158 3193 5199 nova
3225 5150 3281 5198 et
3311 5147 3511 5196 vetera.

2277 5258 2357 5299 ιιι.
2411 5242 2519 5297 kal.
2555 5241 2688 5297 Item
2734 5240 2789 5296 in
2818 5240 2996 5296 sancti
3028 5238 3277 5295 Joannis.
3328 5234 3510 5292 Lectio
3535 5219 3750 5298 Ερὶειοιτε

2203 5338 2347 5396 beati
2372 5337 2529 5393 Pauli
2570 5336 2804 5407 apostoli
2835 5335 2903 5390 ad
2942 5334 3229 5391 Hebraeos.
3265 5330 3446 5391 Sancti
3478 5320 3682 5383 ludibria
3707 5318 3747 5367 et

2206 5434 2433 5489 verbera
2458 5433 2689 5502 experti,
2712 5448 2875 5503 usque
2896 5432 3106 5502 probati
3134 5429 3340 5486 inventi
3362 5435 3482 5482 sunt
3499 5425 3549 5479 in
3565 5415 3747 5476 Christo

2204 5526 2331 5582 Jesu
2365 5525 2597 5581 Domino
2628 5534 2837 5581 neatro.
2864 5524 3127 5597 Evangel.
3160 5522 3454 5580 secundum
3482 5513 3743 5573 Mattlwum

2204 5634 2323 5691 cap.
2358 5636 2474 5688 ιιι,
2500 5618 2646 5675 Misit
2674 5618 2942 5690 Herodes,
2973 5635 3136 5692 usque
3162 5628 3218 5675 et
3245 5620 3536 5691 posuerunt
3562 5602 3676 5665 illud
3702 5598 3743 5653 in

2203 5722 2639 5770 monumentum.

2277 5807 2557 5863 Dominica
2579 5824 2609 5863 v
2643 5814 2768 5878 post
2794 5806 2970 5865 sancti
2997 5804 3293 5863 Laurentii.
3322 5800 3499 5862 Lectio
3525 5784 3740 5867 Epistula?

2203 5901 2351 5963 beati
2379 5900 2527 5963 Pauli
2551 5903 2785 5979 apostoli
2820 5903 2887 5963 ad
2915 5902 3152 5962 Galatas.
3190 5899 3429 5969 Fratres,
3451 5890 3622 5967 spiritu
3646 5894 3738 5939 am-
