3970 6304
213 200 313 271 525:
1558 204 1764 295 mean
1800 202 2096 277 munis.

3371 212 3479 272 526

210 320 315 389 mini
342 319 617 393 martyris.
648 319 836 383 Lectio
867 319 1127 393 Epistulae
1172 320 1320 379 beati
1361 321 1511 387 Pauli
1545 321 1775 394 apostoli
1803 321 1859 399 Α
1881 322 2193 393 parabolam
2240 321 2382 391 banc
2408 364 2423 391 ,
2462 322 2639 381 Homo
2682 323 2905 397 quidam
2934 339 3199 401 peregre,
3226 344 3385 403 usque
3416 333 3473 390 in

207 415 260 475 ad
304 412 579 477 Hebraeos.
643 414 901 483 Fratres,
952 416 1249 486 recogitate
1300 416 1628 484 Dominum,
1684 416 1776 487 qui

207 508 295 573 tale
341 507 626 575 sustinuit,
684 524 846 581 usque
899 510 1224 571 exercitatis
1280 523 1377 580 per
1427 524 1549 567 eam
1585 508 1777 567 reddet

204 603 413 670 justitiam
472 603 684 673 Evang.
722 603 1027 669 secundum
1078 603 1293 675 Matth,
1350 618 1473 677 cap.
1525 619 1773 674 eumn,

206 694 324 748 Dixit
351 694 508 751 Jesus
560 695 843 766 discipulis
907 697 1061 767 suis,
1121 695 1383 768 Vigilate,
1441 715 1606 770 usque
1651 715 1776 759 con-

207 800 363 844 ειιῑυοι
395 806 540 846 eum.

261 885 529 947 Dominica
571 903 632 947 ιιι
672 897 799 960 post
843 888 904 951 S.
953 889 1233 964 Cypriani.
1284 890 1473 953 Lectio
1515 894 1579 950 B.
1622 894 1775 953 Pauli

207 979 404 1052 apostoli
424 981 495 1039 ad
516 982 807 1054 Ephesios.
840 984 1062 1045 Fratres
1076 1028 1092 1051 ,
1122 985 1305 1045 videte
1326 987 1599 1058 quomodo
1617 997 1777 1045 caute

208 1074 499 1144 ambulatis,
528 1094 697 1150 usque
732 1078 965 1137 invicem
995 1078 1050 1135 in
1090 1080 1289 1137 timore
1308 1079 1533 1139 Christi.
1557 1080 1772 1152 Evang.

210 1167 473 1229 secundum
504 1169 721 1239 Matth,
744 1186 866 1242 cap.
897 1186 1224 1231 CCLXXXVIII.
1256 1173 1408 1231 Dixit
1430 1173 1590 1232 Jesus
1613 1174 1777 1231 disci-

215 1262 326 1331 pulis
350 1264 459 1318 suis
488 1264 804 1333 parabolam
838 1264 1002 1330 hanc,
1026 1264 1216 1325 Simile
1243 1276 1329 1323 cst
1352 1282 1579 1338 regnum
1611 1267 1780 1325 cosio-

214 1371 310 1413 rum
332 1355 536 1419 homini
564 1356 724 1427 Regi,
746 1358 841 1429 qui
862 1358 1032 1417 voluit
1052 1359 1347 1428 rationem,
1379 1376 1537 1431 usque
1560 1360 1629 1419 de
1655 1375 1778 1419 cor-

215 1447 343 1507 dibus
370 1449 585 1507 vestris.

270 1542 411 1601 Feria
454 1560 491 1603 ιι
524 1545 880 1608 ltebdomadrc
908 1563 1031 1618 quae
1060 1563 1248 1621 supra.
1295 1548 1483 1609 Lectio
1522 1548 1779 1621 Epistolas

217 1636 263 1692 ll.
291 1637 423 1699 Pauli
443 1640 681 1709 apostoli
702 1640 769 1699 ad
801 1641 1080 1699 llebrmos.
1107 1642 1347 1709 Fratres,
1380 1642 1639 1701 remissas
1665 1660 1781 1699 ma—

1878 415 2137 486 gaudium
2165 414 2369 471 domini
2400 419 2497 472 tui.

1951 510 2113 569 Feria
2158 526 2216 571 tt.
2271 511 2460 568 Lectio
2510 513 2769 585 Epistolm
2812 515 2876 575 B.
2929 516 3083 575 Pauli
3125 520 3356 590 aposwli
3402 522 3471 581 ad

1879 604 2174 677 Ephesios.
2222 605 2482 675 Fratres,
2533 610 2711 665 omnis
2749 625 2931 671 sermo
2969 612 3174 681 malus,
3217 632 3377 685 usque
3416 620 3473 677 in

1879 699 2105 756 odorem
2153 702 2461 757 suavitatis.
2492 702 2842 776 Evangelium
2893 708 3195 765 secundum
3244 710 3467 779 Lucam,

1828 786 1835 799 “
1878 807 1998 862 cap.
2025 808 2184 861 coxo,
2220 792 2461 851 Docente
2490 794 2615 852 Jesu
2646 796 2700 853 in
2741 798 2963 869 templo,
3006 817 3166 873 usque
3201 812 3472 874 potestate

1878 886 1993 943 haec
2014 886 2173 944 facio.

1950 979 2135 1037 Idibus
2154 980 2295 1037 Nov.
2328 980 2521 1041 Natale
2549 981 2607 1041 S.
2641 982 2827 1047 Bricii.
2858 983 3048 1065 Lectio
3083 988 3206 1048 libri
3242 990 3469 1064 Sapien.

1881 1073 1990 1136 tia}.
2022 1074 2339 1137 Benedictio
2374 1075 2590 1133 Domini
2617 1090 2789 1149 super
2818 1087 2981 1149 caput
3006 1079 3169 1150 justi,
3203 1100 3366 1156 usque
3390 1100 3478 1143 co-

1881 1181 2014 1223 rona
2060 1166 2273 1239 gloriae.
2308 1166 2665 1237 Evangelium
2721 1168 3024 1237 secundum
3075 1171 3300 1244 Lucam,
3352 1191 3474 1248 cap.

1882 1277 2113 1317 ccxxvm
2132 1304 2146 1329 ,
2180 1261 2329 1316 Dixit
2352 1261 2512 1317 Jesus
2538 1261 2819 1331 discipulis
2846 1265 2958 1319 suis
2982 1266 3292 1335 parabolam
3315 1271 3475 1341 hanc,

1880 1354 2059 1411 llomo
2085 1354 2304 1426 quidam
2336 1355 2535 1412 nobilis
2564 1356 2735 1423 abiit,
2764 1374 2929 1429 usque
2957 1361 3277 1429 abundabit.

1952 1445 2115 1503 Feria
2163 1461 2241 1501 ιιι.
2288 1444 2475 1520 Lectio
2504 1446 2766 1521 Epistula:
2812 1449 2875 1505 Β.
2932 1450 3082 1507 Pauli
3131 1455 3363 1525 apostoli
3414 1456 3518 1513 ad:

1884 1537 2180 1615 Ephesios.
2214 1538 2459 1606 Fratres,
2490 1539 2661 1597 nolite
2684 1542 3095 1603 communicare
3125 1546 3377 1615 operibus
3405 1549 3487 1603 in-

1884 1631 2210 1700 fructuosis,
2242 1649 2405 1703 usque
2431 1649 2551 1704 qua:
2589 1633 2657 1691 sit
2683 1634 2935 1690 voluntas
2968 1635 3205 1699 Domini.
3240 1640 3486 1713 Evange-

220 1746 301 1789 nus
326 1742 374 1789 et
410 1733 584 1791 soluta
613 1747 812 1804 genua,
842 1751 1002 1805 usque
1046 1735 1241 1803 melius
1279 1736 1589 1807 loquentem
1614 1752 1777 1807 quam
1806 1722 2015 1801 ﬁlium
2063 1725 2361 1781 secundum
2404 1725 2604 1780 Lucam
2636 1742 2755 1796 ραι).
2790 1743 2976 1797 txxrv.
3018 1728 3263 1801 Rogabit!
3299 1732 3486 1805 icsum

222 1826 349 1881 Abel.
379 1827 580 1898 Evang.
625 1829 926 1901 secundum
955 1830 1220 1897 Marcum,
1243 1844 1367 1905 cap.
1400 1845 1526 1891 cxx:
1551 1872 1566 1896 ,
1608 1829 1780 1891 Inter-

225 1920 397 1989 rogavit
421 1919 608 1978 Jesum
633 1937 776 1981 unus
798 1922 870 1980 de
894 1922 1090 1985 scribis
1107 1964 1124 1991 ,
1163 1940 1325 1996 usque
1353 1939 1463 1982 non
1500 1933 1584 1987 est
1614 1923 1778 1995 longe

230 2028 254 2065 a
274 2028 410 2085 regno
436 2014 553 2073 Dei.

703 2109 905 2169 Desunt
935 2112 1021 2169 hic
1046 2111 1237 2173 multa.

287 2200 602 2276 Erangelium
636 2205 933 2265 secundum
962 2205 1225 2275 Marcum,
1267 2220 1390 2279 cap.
1422 2221 1599 2276 cxvn,
1652 2221 1778 2269 cum

229 2307 435 2363 messos
467 2308 617 2356 esset
664 2299 829 2357 Jesus
879 2299 931 2355 in
962 2300 1079 2367 via,
1128 2315 1291 2369 usque
1320 2298 1498 2368 Veni,
1544 2315 1779 2370 sequere

228 2402 310 2443 me.

280 2478 413 2539 Feria
432 2497 503 2540 vr.
526 2481 717 2542 Lectio
734 2482 994 2552 Epistolas
1012 2483 1074 2541 Β.
1096 2482 1250 2541 Pauli
1265 2484 1499 2554 apostoli
1516 2484 1583 2541 ad
1601 2483 1779 2555 Ephe-

228 2571 328 2626 sios.
367 2573 613 2642 Fratres,
666 2575 960 2646 unicuique
1012 2586 1195 2633 autem
1242 2586 1487 2639 nostrum
1524 2576 1650 2633 data
1695 2588 1781 2637 est

228 2665 388 2735 gratia,
418 2684 572 2736 usque
611 2668 752 2726 sicut
780 2678 867 2729 est
894 2669 1099 2729 veritas
1134 2667 1188 2727 in
1228 2667 1451 2731 Clu-isto
1487 2668 1621 2726 Jesu
1672 2670 1780 2724 Do—

229 2761 344 2818 mino
391 2771 593 2821 nostro.
652 2762 1007 2832 Evangelium
1047 2760 1351 2819 secundum
1402 2761 1622 2829 Mare,
1651 2775 1774 2831 cap.

229 2867 385 2913 ιιιγιι.
409 2856 665 2915 Exierunt
690 2854 942 2924 pbarisasi
977 2863 1034 2913 et
1058 2862 1365 2927 coeperunt,
1393 2870 1556 2926 usque
1575 2854 1779 2915 dimisit

232 2945 343 3007 illum
372 2949 421 3007 iu
448 2950 671 3013 dornum
702 2964 879 3011 suam.

1886 1821 2106 1895 quidam
2138 1820 2469 1895 pharisaeus,
2500 1837 2659 1891 usque
2686 1822 2877 1887 dilexit
2901 1824 3153 1897 multum.

1957 1912 2087 1969 item
2128 1913 2261 1975 feria
2305 1929 2376 1970 ιν.
2418 1912 2606 1983 Lectio
2634 1914 2811 1969 Esaia:
2850 1915 3156 1986 prophetae.
3201 1917 3260 1983 in
3291 1919 3486 1991 diebus

1882 2010 1993 2067 illis
2018 2008 2159 2077 dixit
2187 2008 2375 2071 Esaias
2396 2007 2682 2079 propheta,
2704 2006 2825 2073 Erit
2845 2008 2899 2077 in
2931 2009 3250 2081 novissimis
3271 2013 3487 2085 diebus,

1883 2121 2044 2176 usque
2069 2106 2121 2173 in
2146 2104 2353 2175 lumine
2383 2103 2601 2165 Domini
2630 2102 2731 2163 Dei
2754 2104 2949 2163 nostri.

1956 2196 2089 2265 item
2120 2197 2213 2253 ubi
2236 2210 2420 2269 supra.
2448 2194 2638 2255 Lectio
2669 2196 2842 2253 Esaiae
2865 2196 3170 2271 prophetae.
3199 2198 3257 2255 in
3290 2200 3486 2273 diebus

1883 2290 1994 2346 illis
2026 2291 2238 2345 loculus
2260 2298 2345 2344 est
2365 2288 2626 2343 Dominus
2656 2288 2721 2342 ad
2746 2287 2932 2347 Achaz
2955 2289 3161 2357 dicens,
3194 2309 3354 2371 usque
3381 2293 3486 2355 eli-

1883 2399 2017 2455 gere
2040 2384 2264 2449 bonum.
2292 2381 2646 2453 Evangelium
2670 2384 2971 2445 secundum
2996 2370 3225 2455 Lucam,
3250 2370 3370 2459 cap,
3404 2403 3487 2458 tu,

1885 2475 2086 2551 Missus
2129 2486 2213 2537 est
2260 2475 2483 2535 Gabriel
2534 2475 2762 2547 angelus
2791 2491 2820 2530 a
2854 2476 2986 2546 Deo,
3018 2494 3180 2550 usque
3224 2479 3318 2551 ﬁat
3354 2480 3490 2553 mihi

1886 2572 2188 2639 secundum
2218 2571 2445 2631 verbum
2474 2579 2645 2641 tuum.

1959 2668 2113 2731 Feria
2146 2684 2218 2722 vr.
2249 2666 2438 2727 Lectio
2486 2666 2666 2725 Esaim
2694 2666 2998 2738 prophetae.
3041 2668 3169 2735 Haec
3202 2668 3335 2741 dicit
3376 2669 3487 2733 Do-

1884 2761 2068 2821 minus
2118 2761 2297 2828 Deus,
2354 2759 2679 2831 Egredietur
2734 2761 2916 2832 virga,
2967 2778 3132 2833 usun
3187 2762 3320 2831 oues
3373 2764 3488 2831 ρῑη.

1884 2854 2116 2919 ctorium
2175 2868 2366 2917 renum
2420 2852 2556 2923 ejus.
2615 2852 2974 2923 Evangelium
3027 2854 3327 2925 secundum
3379 2856 3488 2919 ιιι-

1885 2964 2025 3018 cam,
2059 2964 2178 3020 cap.
2211 2962 2303 3016 ιιι,
2336 2960 2639 3017 exsurgens
2682 2946 2872 3016 Maria,
2906 2964 3070 3019 usque
3098 2946 3155 3017 in
3200 2948 3312 3019 Deo
3342 2949 3488 3021 salu-

283 3056 323 3099 ιι
348 3042 455 3103 idus
479 3042 619 3100 Nov.
648 3040 845 3103 Natale
871 3052 1186 3103 sanctorum
1217 3053 1451 3115 quatuor
1488 3049 1779 3103 coronato-
1821 3111 1849 3115 _
1890 3044 1998 3114 tari
2025 3056 2169 3109 meo.

235 3148 346 3205 nun,
372 3148 423 3192 et
450 3139 508 3195 S.
542 3136 800 3208 Ragnulﬁ
840 3138 1117 3208 martyris.
1155 3111 1341 3197 Lectio
1382 3138 1509 3194 libri
1550 3138 1776 3205 Sapieu-
1806 3111 1857 3198 ἓ
1932 3111 2202 3203 -Βίὼὺίιιο
2232 3135 2287 3201 in
2318 3150 2393 3199 Xlt
2424 3135 2775 3203 lectionibus.
2806 3134 2995 3203 Lectio
3036 3134 3211 3203 Esaia
3250 3133 3488 3213 prophe-

239 3228 311 3285 tia.
336 3229 669 3299 Exspcctatio
694 3229 971 3299 iustorum
1002 3231 1188 3287 laetitia
1210 3271 1225 3297 ,
1258 3246 1419 3300 usque
1445 3229 1777 3297 exaltabitur

240 3321 383 3385 citius.
416 3324 628 3395 Evang.
670 3324 969 3389 secundum
1011 3324 1142 3385 Luc.
1176 3324 1349 3396 (cap.)
1377 3341 1500 3393 xcv,
1541 3325 1777 3383 Descen-

234 3414 327 3471 dens
340 3416 488 3481 Jesus
508 3417 583 3477 de
602 3425 810 3484 monte,
839 3434 1002 3489 usque
1026 3421 1249 3488 copiosa
1267 3428 1355 3477 est
1374 3419 1428 3474 in
1450 3418 1626 3478 caelis.

270 3508 602 3577 ilebdornado
645 3526 703 3573 ιι.
739 3509 935 3577 Lectio
960 3509 1223 3581 Epistolas
1249 3512 1313 3569 Β.
1356 3512 1512 3569 Pauli
1542 3512 1776 3584 apostoli

210 3601 600 3675 “Corinthios.
635 3603 855 3671 Fratres
875 3643 891 3672 ,
919 3603 999 3665 sic
1036 3619 1137 3668 nos
1176 3605 1452 3662 existimet
1481 3606 1664 3673 homo,
1688 3622 1775 3662 us—

204 3711 283 3764 que
307 3682 429 3752 tunc
449 3697 570 3751 laus
598 3703 682 3751 est
709 3695 999 3766 unicuique
1020 3711 1048 3749 a
1079 3697 1212 3752 Deo.
1235 3698 1445 3767 Evang.
1472 3698 1775 3759 secundum

198 3788 460 3859 Joannem,
488 3806 609 3861 sup.
652 3806 738 3858 tit,
779 3791 1045 3860 Miserum
1088 3790 1263 3851 Judaei
1295 3793 1363 3849 ab
1393 3790 1733 3859 Hierusalem
1755 3833 1772 3861 ,

196 3896 334 3952 itaque
365 3885 454 3943 ubi
484 3892 604 3943 erat
628 3882 873 3949 Joannes
904 3882 1207 3954 baptizatus.

254 3991 285 4028 ν
309 3977 428 4037 idus
457 3976 595 4035 Nov.
647 3975 837 4033 Passio
875 3976 933 4035 S.
968 3975 1244 4041 Theodori
1283 3980 1559 4053 martyris.
1586 3979 1775 4047 Lectio

197 4068 303 4127 libri
318 4071 634 4142 Sapientiae.
666 4069 862 4133 Beatus
890 4069 1054 4129 homo
1079 4072 1172 4142 qui
1193 4072 1405 4133 invenit
1423 4074 1767 4145 sapientiam,

201 4182 337 4236 usque
377 4168 551 4227 nubes
599 4182 727 4229 rore
770 4176 1149 4227 concrescunt.
1208 4167 1417 4240 Evang.
1471 4171 1775 4233 secundum

202 4256 394 4326 loanu.,
419 4277 538 4332 cap.
574 4276 796 4328 cxxxtv,
826 4260 941 4316 Hoc
982 4273 1064 4317 est
1085 4272 1417 4334 praeceptum
1462 4281 1645 4329 meum
1667 4308 1685 4335 ,
1716 4274 1774 4331 ut

201 4350 407 4424 diligatis
434 4356 669 4415 invicem
690 4401 703 4424 ,
726 4371 889 4427 usque
917 4355 1151 4413 oderunt
1178 4374 1266 4416 me
1290 4360 1478 4429 gratis.

259 4461 308 4503 tv
333 4449 447 4511 idus
466 4448 603 4513 Nov.
639 4448 825 4507 Romae
855 4448 1129 4519 depositio
1156 4449 1214 4506 S.
1245 4450 1445 4511 Leonis
1483 4454 1771 4527 episcopi,

204 4548 244 4592 et
266 4541 317 4601 ὃ.
342 4545 565 4607 Menum.
595 4542 783 4600 Lectio
804 4541 934 4605 libri
972 4542 1283 4619 Sapientiae.
1316 4544 1523 4617 Lingua
1549 4547 1777 4619 sapien-v

205 4632 313 4691 lituo
335 4675 351 4701 ,
391 4652 550 4707 usque
587 4635 846 4706 diligetur
874 4651 904 4692 a
942 4634 1196 4695 Domino.
1227 4635 1434 4709 Evang.
1466 4642 1772 4709 secundum

205 4719 393 4793 Lucam,
425 4744 544 4799 cap.
576 4744 773 4795 cccxx,
798 4726 963 4791 Facta
991 4736 1075 4799 est
1092 4729 1372 4799 contentio
1393 4746 1421 4791 a
1444 4731 1724 4805 discipulis
1748 4778 1769 4809 ,

204 4830 337 4888 usque
362 4822 533 4885 tribus
562 4820 789 4885 lsrahel.

259 4927 307 4968 ιιι
346 4914 462 4971 idus
519 4914 785 4971 Novemb.
832 4915 1100 4987 Turonis,
1140 4917 1415 4990 depositio
1452 4920 1512 4981 S.
1553 4922 1771 4991 Martini

200 5007 413 5082 episcopi
455 5019 511 5069 et
564 5010 1005 5075 confessoris-1n
1054 5013 1255 5085 vigilia.
1293 5015 1479 5079 Lectio
1517 5016 1643 5073 libri
1670 5018 1771 5079 Sa-

200 5100 410 5169 tiictuiae.
437 5104 653 5167 iustum
686 5104 911 5167 deduxit
952 5107 1243 5177 Dominus,
1278 5126 1436 5180 usque
1463 5110 1772 5177 claritatem

196 5204 439 5263 eterna.»
478 5197 748 5261 Dominus
779 5198 923 5265 Deus
949 5208 1158 5263 noster.
1186 5202 1544 5273 Evangeliutu
1575 5218 1771 5273 secun-

195 5287 301 5349 dum
347 5292 578 5359 Lucam,
611 5306 732 5361 cap.
765 5307 906 5357 ων,
932 5291 1077 5351 Dixit
1108 5292 1269 5355 Jesus
1302 5294 1587 5367 discipulis
1616 5296 1727 5353 suis
1753 5338 1770 5363 ,

195 5382 296 5441 Sint
345 5385 513 5445 lumbi
558 5384 728 5443 vestri
774 5385 1087 5457 prmcincti,
1120 5404 1283 5458 usque
1319 5388 1490 5455 Filius
1534 5389 1773 5451 hominis

198 5478 345 5535 venit.

256 5572 383 5630 Item
407 5574 460 5631 in
484 5573 598 5639 die.
630 5572 821 5641 Lectio
851 5575 981 5639 libri
1006 5577 1319 5649 Sapientire.
1345 5578 1489 5644 Ecce
1517 5582 1775 5647 sacerdos

200 5678 443 5737 mgnus,
506 5686 669 5739 usque
716 5671 1022 5735 suavitatis.
1067 5674 1416 5744 Evangelium
1470 5680 1779 5739 secundum

199 5754 511 5834 “ululatum.
539 5780 662 5839 cap.
692 5780 921 5841 cetus,
966 5766 1115 5833 Dixit
1159 5768 1322 5837 Jeﬁus
1344 5769 1635 5846 discipulis
1662 5774 1779 5840 suis

1883 3239 1974 3287 ιω·
2022 3231 2081 3299 lit
2120 3230 2311 3297 diebus
2350 3230 2461 3295 illis
2495 3230 2807 3297 clamabunt
2862 3229 2933 3295 ad
2986 3228 3275 3301 Dominum
3333 3243 3365 3287 a
3409 3230 3489 3291 fa-

1885 3324 1971 3385 cie
2012 3323 2362 3391 tribulautis,
2415 3320 2847 3393 usquesanabit
2898 3335 2994 3389 eos
3041 3320 3302 3391 Domitius
3342 3320 3486 3379 Deus

1884 3428 2092 3491 noster.

1954 3514 2088 3577 Item
2118 3513 2212 3577 ubi
2241 3526 2426 3583 supra.
2453 3510 2643 3579 Lectio
2671 3510 2849 3579 Esaias
2872 3508 3177 3581 nroohem-
3202 3508 3332 3579 ιιςω
3350 3504 3485 3581 dicit

1882 3606 2149 3663 Dominus
2204 3605 2382 3671 Deus,
2441 3604 2736 3669 Laetabitur
2788 3604 3039 3671 deserta,
3094 3618 3257 3674 usque
3306 3602 3484 3659 fontes

1883 3715 2149 3773 aquarum
2174 3698 2438 3759 Dominus
2467 3698 2609 3759 Deus
2638 3706 2840 3761 noster-

1956 3792 2089 3853 ltcm
2116 3792 2206 3849 ubi
2238 3806 2422 3862 supra.
2453 3789 2640 3851 Lectio
2662 3789 2838 3855 Esaiae
2859 3786 3163 3860 prophetat.
3196 3787 3325 3859 Haec
3350 3786 3485 3844 dicit

1884 3883 2151 3953 Dominus
2204 3885 2387 3951 Deus,
2430 3882 2607 3953 Super
2636 3891 2877 3941 montem
2921 3881 3200 3961 excelsum
3247 3881 3483 3951 ascende

1883 3994 1980 4049 tu,
2032 3998 2193 4053 usque
2237 3981 2292 4035 in
2330 3979 2456 4036 sinu
2498 3992 2602 4034 suo
2642 3975 2846 4033 levabit
2888 3991 2982 4035 eos
3031 3975 3289 4045 Dominus
3337 3974 3481 4033 Deus

1882 4083 2094 4141 noster.

1956 4168 2089 4239 item
2120 4167 2285 4235 lectio
2328 4166 2503 4235 Esaiae
2545 4165 2850 4240 prophetae.
2895 4165 3023 4224 llaec
3051 4164 3183 4237 dicit
3217 4164 3478 4227 Dominus

1882 4264 2031 4327 Deus
2060 4265 2268 4329 αλιι-ἰεῑο
2294 4278 2419 4329 meo
2461 4261 2634 4336 Cyro,
2666 4278 2827 4333 usque
2850 4276 2950 4335 ego
2998 4261 3261 4329 Dominus
3297 4262 3483 4323 ,creavi

1882 4375 2031 4427 elim-

1956 4454 2094 4521 ltem
2114 4453 2280 4515 lectio
2304 4449 2533 4513 Danihel
2558 4449 2859 4521 prophetae.
2889 4447 2947 4505 In
2969 4442 3164 4509 diebus
3189 4447 3297 4511 illis
3322 4463 3485 4521 auge-

1886 4550 1971 4610 lus
1992 4550 2312 4617 descendit,
2339 4563 2501 4618 usque
2529 4545 2967 4617 superexaltatus
2990 4543 3045 4605 in
3074 4544 3303 4611 Saecula.

1956 4651 2090 4709 Item
2119 4649 2187 4707 ad
2215 4648 2458 4709 Missam.
2493 4644 2679 4704 Lectio
2706 4641 2965 4713 Epistula:
2993 4641 3138 4703 beati
3171 4641 3323 4705 Pauli
3358 4656 3491 4713 apo-

1882 4744 2014 4805 stoli
2046 4742 2116 4799 ad
2158 4738 2536 4799 Colossenses.
2579 4734 3110 4805 Fratres,‘rogamus
3137 4748 3239 4789 vos
3266 4748 3365 4804 per
3392 4733 3493 4791 ad-

1887 4847 2109 4896 ventum
2134 4831 2351 4893 Domini
2371 4829 2545 4893 nostri
2574 4828 2703 4889 Jesu
2726 4826 2949 4894 Christi,
2982 4842 3142 4897 usque
3166 4835 3226 4889 et
3245 4825 3496 4883 destruet

1886 4928 2310 4993 illustrationem
2339 4922 2606 4987 adventus
2627 4920 2710 4985 sui
2734 4919 2852 4985 Deo
2872 4933 2991 4987 suo.
3022 4916 3383 4988 Evangelium
3404 4931 3495 4971 sco

1888 5024 2126 5085 cundum
2158 5020 2384 5085 Lucam,
2411 5031 2533 5086 cap.
2567 5031 2656 5084 tu,
2688 5012 2853 5079 Anno
2882 5028 2973 5081 xv,
3005 5026 3167 5081 usque
3207 5017 3264 5067 et
3290 5008 3499 5066 videbit

1888 5117 2072 5175 omnis
2100 5128 2230 5171 caro
2262 5112 2503 5167 salutare
2535 5109 2656 5165 Dei.

1968 5204 2368 5275 Ilebdomadalt
2400 5210 2526 5265 autc
2556 5200 2739 5261 natale
2760 5197 2998 5265 Domini.
3024 5196 3214 5265 Lectio
3237 5196 3501 5268 Epistolas

1895 5306 2046 5365 beati
2086 5300 2241 5365 Pauli
2266 5298 2503 5369 apostoli
2533 5297 2603 5354 ad
2645 5294 3050 5365 Philippenses.
3084 5291 3341 5361 Fratres,
3369 5307 3506 5361 gau-

1894 5401 2029 5461 dete
2058 5399 2115 5456 in
2152 5394 2384 5455 Domino
2408 5406 2653 5462 semper,
2686 5402 2849 5457 usque
2878 5385 3271 5456 intelligentias
3299 5395 3512 5447 vestras

1902 5495 1961 5555 in
1981 5490 2207 5551 Christo
2247 5487 2379 5547 Iesu
2409 5485 2638 5544 Domino
2665 5488 2873 5547 nosu'o.
2925 5478 3283 5557 Evangelium
3315 5492 3509 5533 secun-

1908 5588 2035 5648 dum
2066 5585 2329 5647 Joannem
2372 5595 2495 5651 cap.
2541 5592 2631 5641 ιι,
2665 5573 2937 5639 Miserum
2972 5574 3043 5635 ab
3072 5570 3464 5640 Hierosolymis
3491 5612 3507 5638 ,

1910 5696 2070 5753 usque
2099 5676 2189 5733 ubi
2216 5682 2337 5741 erat
2357 5672 2599 5737 Joannes
2628 5667 2942 5739 baptizans.

1988 5771 2123 5832 Item
2151 5769 2242 5828 ubi
2270 5780 2454 5837 supra.
2494 5762 2686 5825 Lectio
2712 5760 2971 5833 Epistolas
3000 5755 3252 5841 Bal‘auli
3284 5754 3527 5835 apostoli
