3970 6304
502 283 609 341 527

1533 282 1591 340 8.
1632 280 2016 341 illERONYMl
2056 272 2345 339 OPERUM
2382 272 2754 339 MANTISSA.

3639 280 3725 346 διε
3772 244 3783 261 ’

498 402 569 457 ad
600 399 879 458 Hebrzeos.
910 398 1164 469 Fratres,
1198 396 1366 454 nolite
1391 394 1644 454 amittere
1673 398 2090 463 conﬁdentiam,
2121 394 2179 458 Α
2269 395 2327 451 In
2367 395 2477 452 die.
2524 395 2710 452 Lectio
2749 391 3008 465 Epistolas
3054 392 3200 452 beati
3239 393 3388 452 Pauli
3433 398 3635 469 apostoli
3674 402 3728 460 ad

504 511 667 566 usque
695 495 749 550 in
776 493 1186 566 acquisitionem
1210 492 1430 547 animm.

580 587 714 643 Item
748 586 909 642 lectio
935 585 1025 641 ubi
1056 600 1241 655 supra.
1267 583 1455 641 Lectio
1476 582 1764 641 Hieremiae
1793 585 2095 657 prophetia.

503 680 650 737 Ecce
673 681 789 736 dies
833 680 1079 745 veniunt,
1109 680 1240 734 dicit
1284 679 1573 744 Dominus,
1606 696 1770 751 usque
1798 680 1853 735 in
1898 690 2098 736 terram

503 792 659 832 suam
680 818 695 843 ,
728 775 859 830 dicit
888 775 1151 830 Dominus
1178 775 1541 845 omnipotens.

574 869 633 924 In
676 868 871 939 vigilia
921 866 1165 941 (natalis)
1222 868 1459 922 Domini.
1506 868 1589 923 Ad
1641 884 1862 925 nonam.
1913 868 2100 926 Lectio

501 961 683 1018 Esaia:
713 960 1017 1031 prophetam
1052 961 1181 1015 Haec
1206 960 1339 1017 dicit
1376 961 1664 1029 Dominus,
1704 963 1935 1034 Propter
1966 963 2098 1020 Sion

499 1072 611 1113 non
640 1056 853 1121 tacebo,
901 1071 1064 1127 usque
1103 1056 1233 1125 quia
1277 1054 1606 1125 complacuit
1651 1055 1880 1111 Domino
1920 1056 1974 1111 in
2020 1065 2095 1113 te.

499 1148 863 1221 Evangelium
909 1148 1210 1206 secundum
1263 1149 1600 1217 Matthreum,
1657 1164 1777 1219 cap.
1834 1166 1926 1218 ιιι,
1961 1150 2097 1206 Cum

497 1254 645 1301 esset
706 1243 1034 1316 desponsata
1094 1252 1268 1299 mater
1330 1241 1458 1300 Jesu
1491 1288 1506 1313 ,
1564 1261 1722 1316 usque
1778 1260 1808 1299 a
1859 1244 2099 1315 peccatis

498 1354 710 1395 eorum.

570 1450 662 1489 xvr
702 1433 813 1489 kal.
861 1433 1115 1490 Decemb.
1166 1433 1369 1500 Gallia,
1415 1433 1684 1503 depositio
1733 1435 1793 1491 8.
1842 1435 2097 1492 Eucherii

499 1526 763 1599 episcopi.
810 1527 996 1583 Lectio
1044 1526 1169 1581 libri
1213 1527 1525 1597 Sapientiae.
1570 1527 1773 1583 Beatus
1814 1527 1978 1584 homo
2005 1529 2097 1600 qui

494 1623 705 1677 invenit
753 1621 1079 1692 sapientiam
1103 1662 1118 1686 ,
1152 1636 1311 1690 usque
1339 1619 1510 1675 nubes
1546 1635 1672 1676 rore
1715 1633 2093 1677 concrescunt.

494 1714 851 1786 Evangelium
882 1713 1181 1769 secundum
1203 1712 1534 1779 Matthmum,
1561 1728 1681 1784 cap.
1710 1728 1927 1782 ccum,
1948 1711 2097 1785 Vigi-

495 1809 605 1864 late
623 1852 638 1876 ,
674 1824 834 1880 usque
862 1806 1158 1865 constituet
1186 1821 1333 1861 eum.

566 1916 639 1955 xv
666 1898 775 1955 kal.
805 1898 1091 1954 Decembr.
1124 1897 1407 1967 Depositio
1429 1897 1490 1954 8.
1519 1898 1743 1965 Aniani,
1775 1897 2016 1971 episcopi
2043 1906 2099 1956 et

494 1991 863 2061 confessoris,
901 1990 1232 2048 Aurelianis.
1268 1990 1456 2047 Lectio
1478 1991 1607 2047 libri
1651 1992 1971 2064 Sapientize.
2001 1993 2097 2049 Ju-

490 2095 637 2140 stum
687 2083 912 2140 deduxit
956 2083 1246 2151 Dominus,
1277 2100 1439 2154 usque
1489 2084 1791 2141 claritatem
1831 2096 2095 2143 mternam

492 2178 761 2233 Dominus
805 2177 950 2233 Deus
995 2185 1205 2233 noster.
1237 2176 1592 2247 Evangelium
1621 2179 1925 2236 secundum
1969 2180 2099 2236 Mat-

492 2273 717 2341 thmum,
766 2288 888 2345 cap.
922 2288 1149 2340 ccxun,
1193 2270 1435 2327 Sedente
1478 2272 1607 2328 Jesu
1640 2287 1806 2344 supra
1852 2285 2092 2331 montem

490 2363 719 2434 Oliveti,
756 2381 917 2436 usque
946 2364 1132 2419 salvus
1161 2364 1287 2418 erit.

562 2477 597 2515 x
624 2460 733 2514 kal.
763 2460 893 2514 Dec.
927 2457 1122 2513 Natale
1150 2457 1207 2513 S.
1240 2456 1474 2512 Caeciliae
1496 2458 1745 2529 virginis,
1776 2458 2089 2531 Valeriani,

484 2553 732 2612 Tiburcii
755 2594 772 2621 ,
801 2563 853 2608 et
880 2551 1102 2607 Maximi
1134 2558 1454 2622 martyrum.
1483 2552 1671 2608 Lectio
1704 2552 1829 2609 libri
1863 2554 2093 2624 Sapien-

489 2649 602 2704 tia}.
640 2645 869 2702 Domine
919 2646 1063 2700 Deus
1108 2659 1288 2711 meus,
1337 2646 1589 2700 exaltasti
1641 2661 1804 2717 super
1855 2658 2089 2719 terram,

487 2758 652 2812 usque
684 2755 882 2796 nomen
914 2749 1063 2794 tuum
1085 2781 1100 2806 ,
1132 2738 1361 2794 Domine
1401 2740 1545 2795 Deus
1591 2751 1797 2796 noster.
1842 2742 2091 2813 Evange-

484 2834 623 2890 lium
677 2833 979 2889 secundum
1024 2832 1240 2896 Mattlt.,
1293 2847 1412 2900 cap.
1444 2848 1706 2899 cccxvm,
1735 2833 1881 2889 Dixit
1931 2835 2091 2891 Jesus

489 2928 777 2999 discipulis
824 2927 937 2983 suis
978 2925 1295 2996 parabolam
1327 2927 1495 2991 hanc,
1525 2926 1713 2981 Simile
1740 2936 1824 2981 est
1862 2943 2091 2999 regnum

483 3022 751 3079 caelorum
773 3020 966 3076 decem
996 3020 1326 3089 virginibus,
1360 3036 1522 3089 usque
1552 3036 1729 3092 neque
1756 3020 1913 3077 liora.

562 3133 617 3172 ix
647 3114 760 3171 kal.
789 3113 1048 3171 Decemb.
1083 3112 1275 3170 Natale
1320 3113 1379 3169 S.
1405 3111 1701 3170 Clementis
1721 3158 1736 3182 ,
1781 3126 1835 3172 et
1863 3117 1920 3173 8.
1949 3116 2093 3174 Feli-

2203 490 2501 545 Romanos.
2528 489 2705 545 Corde
2734 489 2877 544 enim
2908 488 3150 545 creditur
3180 488 3247 545 ad
3290 490 3532 561 justitiam
3552 534 3566 560 ,
3602 509 3729 565 usque

2204 583 2367 638 verba
2391 598 2599 639 eorum.
2628 582 2979 654 Evangelium
2997 584 3289 639 secundum
3319 584 3635 656 Mattb.,cap.
3657 602 3728 656 xx,

2203 675 2504 732 Ambulans
2533 676 2694 733 Jesus
2735 676 2889 747 juxta
2919 691 3070 733 mare
3114 675 3378 746 Galilazaa,
3413 691 3559 750 usque
3594 681 3729 737 secuti

2203 782 2329 827 sunt
2358 786 2502 826 cum.

2277 864 2342 919 Et
2365 864 2555 920 eodem
2582 863 2671 919 die
2699 862 2759 920 S.
2785 862 3081 920 Ambrosii.

2274 958 2392 1015 Kal.
2428 959 2679 1015 Decemb.
2704 958 2984 1030 Depositio
3024 957 3084 1015 S.
3113 955 3287 1030 Elegi.
3324 956 3504 1014 Lectio
3531 958 3637 1015 libri
3659 958 3736 1017 Sa-

2202 1051 2441 1123 pientiae.
2478 1052 2674 1108 Beatus
2700 1049 2865 1107 homo
2908 1051 2999 1122 qui
3030 1051 3235 1106 invenit
3261 1051 3591 1120 sapientiam,
3611 1069 3736 1121 usque

2202 1144 2376 1201 nubes
2406 1158 2533 1200 rore
2560 1152 2837 1200 crescunt.
2865 1143 3225 1215 Evangelium
3250 1143 3534 1200 secundum
3554 1144 3735 1211 Lucam,

2203 1253 2325 1309 cap.
2373 1253 2517 1303 cmv,
2568 1238 2712 1293 Dixit
2752 1238 2910 1294 Jesus
2957 1237 3241 1308 discipulis
3270 1238 3415 1307 suis,
3453 1238 3567 1295 Sint
3594 1240 3737 1296 lumbi

2201 1335 2371 1390 vestri
2400 1333 2714 1404 praecincti,
2748 1348 2909 1405 usque
2942 1330 3115 1387 Filius
3140 1331 3373 1388 hominis
3396 1332 3555 1388 venit.

2274 1442 2327 1483 ιν
2363 1428 2485 1483 idus
2534 1427 2792 1483 Decemb.
2821 1426 3008 1482 Romae
3053 1426 3323 1499 depositio
3357 1428 3520 1484 sancti
3562 1427 3739 1483 Damasi

2202 1536 2379 1594 papze.
2405 1521 2594 1577 Lectio
2618 1520 2742 1576 libri
2769 1519 3083 1590 Sapientiae.
3108 1519 3307 1575 Beatus
3328 1519 3411 1575 vir
3428 1517 3515 1591 qui
3535 1518 3740 1574 inventus

2202 1624 2287 1672 est
2325 1617 2444 1671 sine
2485 1614 2729 1681 macula,
2773 1630 2932 1685 usque
2970 1615 3148 1670 omnis
3186 1614 3415 1671 ecclesia
3455 1623 3736 1669 sanctorum.

2202 1707 2558 1780 Evangelium
2585 1706 2885 1764 secundum
2899 1706 3186 1773 Joannem,
3202 1722 3322 1778 cap.
3352 1720 3607 1771 cxxxvm,
3623 1704 3740 1760 Dixit

2125 1798 2178 1864 B
2201 1804 2359 1861 Jesus
2385 1803 2668 1874 discipulis
2693 1804 2838 1869 suis,
2870 1802 2997 1857 Hmc
3024 1802 3223 1857 mando
3252 1800 3438 1868 vobis,
3467 1809 3523 1856 ut
3544 1798 3742 1870 diligatis

2201 1901 2432 1957 invicem
2451 1940 2467 1966 ,
2496 1914 2657 1970 usque
2675 1898 2769 1969 qui
2794 1897 3031 1953 oderunt
3055 1911 3144 1953 me
3170 1895 3359 1967 gratis.

2270 2011 2329 2052 ιιι
2367 1993 2491 2050 idus
2520 1992 2777 2048 Decemb.
2818 1991 3024 2047 Natalis
3056 1999 3260 2046 sanctae
3299 1987 3519 2044 Eulalia:
3554 1985 3740 2057 virginis

2200 2099 2257 2149 et
2281 2097 2589 2146 sanctorum
2622 2098 2926 2159 martyrum
2960 2084 3213 2149 Victoris,
3268 2081 3535 2147 Fusciani,
3561 2090 3611 2136 et
3634 2079 3743 2136 Gen-

2200 2184 2354 2240 tiani.
2377 2182 2561 2238 Lectio
2590 2180 2848 2252 Epistolas
2866 2179 3009 2235 beati
3048 2178 3198 2234 Pauli
3236 2176 3473 2249 apostoli
3501 2174 3564 2230 ad
3589 2173 3743 2229 Corin-

2198 2276 2363 2333 thios.
2406 2274 2650 2344 Fratres,
2701 2271 2793 2344 qui
2819 2271 3107 2344 gloriatur,
3157 2269 3212 2325 in
3246 2269 3475 2325 Domino
3498 2266 3738 2339 glorietur,

2196 2386 2357 2443 usque
2434 2368 2691 2425 exhibere
2756 2365 2993 2422 Christo.
3069 2363 3429 2435 Evangelium
3491 2361 3741 2419 secundum

2198 2462 2416 2530 Matth.,
2439 2476 2560 2533 cap.
2604 2474 2855 2516 cccxvm.
2889 2457 3031 2513 Dixit
3053 2456 3213 2514 Jesus
3242 2455 3521 2526 discipulis
3543 2455 3643 2511 suis
3668 2468 3741 2524 pa-

2196 2555 2438 2611 rabolam
2486 2554 2647 2620 hanc,
2679 2549 2870 2607 Simile
2907 2557 2995 2606 est
3034 2564 3265 2622 regnum
3309 2550 3566 2605 caelorum
3592 2546 3741 2603 decem

2199 2646 2532 2718 virginibus,
2562 2661 2723 2717 usque
2753 2659 2931 2715 neque
2958 2644 3171 2699 horam.

2265 2743 2397 2799 Item
2448 2742 2609 2797 lectio
2638 2739 2899 2811 Epistolas
2936 2738 3080 2795 beati
3114 2738 3269 2793 Pauli
3314 2737 3544 2810 apostoli
3577 2734 3634 2791 ad
3658 2731 3744 2787 ilo-

2194 2850 2406 2893 manos.
2446 2834 2692 2897 Fratres,
2740 2832 2965 2897 scimus,
3010 2831 3367 2901 diligentibus
3407 2832 3564 2887 Deum
3600 2825 3743 2883 omnia

2195 2937 2560 2999 cooperantur
2588 2927 2641 2981 in
2676 2925 2901 2992 bonum,
2942 2940 3101 2995 usque
3132 2924 3365 2980 tradidit
3410 2925 3577 2980 illum.
3605 2920 3744 2976 Evan-

2194 3024 2399 3095 gelium
2422 3020 2717 3076 secundum
2757 3017 2983 3085 Joann.,
3012 3032 3136 3088 cap.
3168 3032 3436 3083 cxxxvm,
3469 3016 3599 3072 Dixit
3619 3012 3742 3069 Jesus

2195 3113 2481 3185 discipulis
2513 3112 2647 3178 suis,
2696 3111 2822 3167 Haec
2860 3109 3062 3166 mando
3086 3108 3269 3178 vobis,
3308 3119 3371 3167 ut
3400 3108 3619 3181 diligatis
3640 3103 3743 3162 luvi-

488 3208 703 3276 citatis,
757 3216 813 3263 et
858 3206 919 3263 S.
966 3204 1311 3262 Columbani.
1357 3206 1547 3262 Lectio
1595 3207 1719 3263 libri
1769 3188 2334 3279 Sapientim.icicem,
2368 3225 2532 3283 usque
2552 3207 2640 3279 qui
2662 3206 2894 3262 oderunt
2922 3220 3009 3261 me
3034 3205 3225 3277 gratis.

486 3303 690 3360 Beatus
720 3301 807 3356 vir
835 3301 928 3372 qui
972 3299 1026 3354 in
1054 3300 1317 3369 sapientia
1356 3300 1679 3367 morabitur,
1708 3318 1871 3374 usque
1916 3301 2092 3367 luere-

487 3397 683 3455 ditabit
712 3394 865 3450 illum
894 3393 1160 3449 Dominus
1188 3392 1333 3448 Deus
1365 3404 1571 3449 noster.
1614 3393 1969 3464 Evangelium
2002 3411 2091 3453 se-

489 3490 728 3546 cundum
751 3486 1083 3551 Matthaaum,
1114 3501 1234 3557 cap.
1266 3485 1645 3553 cc:.x1x,Dixit
1664 3486 1823 3542 Jesus
1853 3486 2091 3559 discipu-

486 3586 558 3641 lis
586 3586 699 3641 suis
728 3582 1045 3656 parabolam
1071 3582 1235 3646 hanc,
1265 3582 1438 3637 Homo
1459 3581 1678 3652 quidam
1704 3598 1933 3655 peregre
1964 3600 2089 3656 pro-

487 3677 741 3733 ﬁciscens
764 3718 781 3744 ,
811 3691 973 3744 usque
1004 3676 1058 3730 in
1088 3674 1343 3745 gaudium
1372 3675 1575 3730 domini
1607 3676 1703 3731 tui.

562 3768 697 3824 Item
727 3767 891 3822 lectio
915 3766 1038 3822 libri
1070 3766 1382 3837 Sapientiae.
1418 3766 1697 3822 Mulierem
1721 3768 1918 3824 fortem
1944 3816 1957 3835 ,
1998 3785 2092 3824 usa

488 3879 590 3935 que
620 3863 673 3917 in
696 3861 873 3933 portis
902 3876 1069 3932 opera
1090 3861 1230 3932 ejus.
1258 3862 1606 3933 Evangelium
1630 3864 1925 3919 secundum
1955 3864 2092 3921 Mat-

486 3956 714 4023 thazum,
745 3970 867 4027 cap.
901 3970 1077 4025 cxxx,
1103 3954 1385 4027 Loquente
1416 3956 1546 4011 Jesu
1583 3955 1651 4012 ad
1681 3955 1897 4027 turbas,
1928 3975 2091 4029 usque

485 4066 645 4108 SOI‘OI‘
668 4060 723 4107 et
745 4060 924 4107 mater
944 4060 1047 4106 est.

560 4161 656 4201 Vlll
684 4143 801 4199 kal.
832 4142 1090 4200 Decemb.
1119 4143 1311 4199 Natale
1349 4145 1405 4200 8.
1438 4144 1763 4217 Crysogoni.
1788 4146 1978 4204 Lectio
2021 4148 2091 4204 li-

488 4241 575 4297 bri
603 4238 921 4310 Sapientia.
954 4239 1142 4295 Justus
1177 4254 1273 4295 cor
1312 4256 1469 4296 suum
1503 4242 1725 4297 tradidit
1752 4243 1820 4298 ad
1850 4243 2086 4313 vigilan-

485 4332 615 4387 dum
638 4376 653 4401 ,
681 4348 841 4401 usque
884 4331 1261 4401 requireretnr
1303 4347 1331 4387 a
1376 4334 1729 4403 generatione
1766 4334 1820 4388 in
1859 4349 2088 4403 genera-

484 4427 711 4480 tionem.
737 4424 1091 4496 Evangelium
1124 4425 1422 4481 secundum
1446 4426 1671 4493 Lucam,
1712 4442 1833 4498 cap.
1855 4442 2082 4497 ccxmx,

487 4518 632 4574 Dixit
674 4518 831 4575 Jesus
876 4517 1158 4590 discipulis
1195 4520 1341 4590 suis,
1382 4520 1517 4577 Cum
1548 4521 1830 4578 audieritis
1859 4522 2083 4595 praelia,

481 4629 645 4682 usque
673 4612 884 4667 animas
912 4622 1145 4669 vestras.

550 4722 607 4762 ιιι
637 4706 748 4763 kal.
780 4706 1036 4764 Decemb.
1085 4707 1282 4765 Natale
1311 4710 1369 4767 S.
1408 4709 1711 4768 Saturnini.
1738 4711 1927 4769 Lectio
1957 4713 2087 4770 libri

476 4799 797 4870 Sapientiae.
828 4800 1024 4856 Beatus
1045 4800 1130 4857 vir
1156 4804 1247 4871 qui
1280 4803 1535 4860 inventus
1563 4814 1651 4860 est
1677 4800 1799 4862 sine
1826 4807 2037 4862 macula
2064 4848 2081 4876 ,

477 4909 640 4959 usque
662 4892 843 4949 omnis
864 4894 1096 4950 ecclesia
1128 4904 1463 4951 sanctorum.
1494 4896 1856 4968 Evangelium
1886 4914 2082 4956 secun-

479 4986 609 5043 dum
637 4986 977 5055 Matthzsum,
1007 5002 1127 5058 cap.
1161 5002 1400 5059 cxxxrx,
1432 4990 1579 5046 Dixit
1604 4990 1766 5048 Jesus
1796 4992 2079 5065 discipulis

474 5080 611 5136 suis.
645 5080 836 5139 Videte
870 5098 938 5138 ne
970 5081 1092 5153 quis
1130 5097 1227 5139 vos
1266 5084 1519 5151 scducat,
1550 5103 1710 5159 usque
1754 5088 1840 5145 hic
1890 5090 2074 5147 salvus

472 5175 599 5230 erit.

540 5280 581 5319 ιι
605 5264 719 5322 kal.
745 5266 1002 5327 Decemb.
1030 5269 1221 5326 Natale
1249 5269 1307 5327 S.
1338 5270 1593 5327 Andreae.
1620 5272 1678 5329 In
1710 5275 1911 5345 vigilia.
1959 5277 2071 5335 Le-

464 5355 578 5413 ctio
604 5356 864 5429 Epistolae
895 5362 1042 5419 beati
1072 5363 1228 5419 Pauli
1252 5365 1486 5434 apostoli
1516 5365 1585 5420 ad
1612 5366 1898 5438 Ephesios.
1936 5369 2072 5427 Fraa

457 5458 615 5521 tres,
658 5452 979 5511 benedictus
1019 5457 1163 5514 Deus
1194 5468 1250 5515 et
1288 5458 1451 5516 Pater
1489 5459 1706 5517 Domini
1734 5465 1908 5521 nostri
1935 5465 2071 5522 Jesu

455 5542 663 5600 Christi
692 5546 784 5617 qui
824 5545 1106 5605 benedixit
1134 5564 1266 5619 nos,
1300 5569 1461 5624 usque
1500 5555 1966 5623 superabundavit
2008 5559 2065 5614 in

456 5636 639 5695 nobis.
693 5638 1057 5711 Evangelium
1105 5646 1407 5700 secundum
1455 5646 1743 5716 Joannem,
1771 5663 1894 5721 cap.
1939 5665 2062 5721 xvi,

454 5726 648 5786 Stabat
698 5732 937 5791 Joannes
985 5744 1043 5791 et
1090 5751 1160 5793 ex
1216 5737 1507 5811 discipulis
1548 5740 1666 5812 ejus
1706 5740 1846 5815 duo,
1908 5760 2071 5817 usque

447 5832 618 5892 super
646 5823 847 5888 Filium
878 5828 1186 5905 hominis}
1666 5838 1667 5841 ‘
1790 5836 1793 5841 ‘
1925 5841 1939 5845 '

2268 3324 2306 3363 ιι
2338 3306 2458 3362 idus
2497 3304 2758 3361 Decemb.
2811 3302 3090 3374 Depositio
3129 3303 3187 3359 8.
3222 3300 3484 3359 Walerici
3512 3297 3739 3357 confesso-

2194 3403 2292 3462 ris.
2320 3402 2506 3459 Lectio
2533 3400 2661 3454 libri
2684 3396 3230 3469 Sapientiae.Justum
3256 3396 3482 3453 deduxit
3508 3390 3734 3455 Dominus,

2194 3511 2358 3566 usque
2398 3492 2699 3549 claritatem
2748 3498 3005 3546 aeternam
3063 3490 3337 3545 Dominus
3378 3488 3525 3545 Deus
3575 3489 3728 3541 noster.

2194 3587 2547 3659 Evangelium
2598 3585 2897 3642 secundum
2948 3583 3166 3655 Matth.,
3215 3600 3339 3656 cap.
3370 3596 3589 3647 ccmx,
3631 3572 3727 3630 Dixit

2194 3684 2356 3741 Jesus
2375 3682 2654 3752 discipulis
2675 3682 2808 3747 suis,
2832 3680 3005 3737 Homo
3030 3678 3248 3753 quidam
3273 3693 3524 3752 peregre,
3548 3686 3669 3745 usqu
3686 3666 3722 3722 ἱιι

2194 3774 2449 3847 gaudium
2481 3773 2694 3829 domini
2724 3774 2823 3829 tui.

2266 3866 2449 3922 Idibus
2477 3866 2734 3922 Decemb.
2768 3865 3047 3937 Depositio
3078 3864 3136 3921 8.
3160 3865 3415 3922 Autberti
3437 3858 3650 3937 rp’scopi
3670 3853 3735 3910 Ca-

2194 3974 2495 4017 maracum.
2525 3958 2594 4012 Et
2622 3958 2681 4015 S.
2713 3957 2895 4013 Luciae
2920 3957 3164 4030 virginis.
3199 3957 3393 4015 Lectio
3416 3957 3532 4011 libri
3558 3949 3737 4019 Sapien-

2195 4052 2309 4108 tiae.
2337 4051 2613 4121 Sapientia
2641 4050 2809 4107 vincit
2837 4051 3123 4118 malitiam,
3151 4068 3318 4121 usque
3344 4047 3628 4120 disciplinae
3651 4036 3738 4095 Dei.

2194 4144 2555 4215 Evangelium
2578 4143 2877 4199 secundum
2903 4143 3268 4214 Lucam,cap.
3299 4158 3442 4211 ccu,
3468 4139 3600 4195 Dixit
3619 4134 3743 4190 Jesus

2193 4238 2474 4309 discipulis
2500 4238 2636 4304 suis,
2660 4235 2852 4293 Ponite
2879 4235 2935 4291 in
2956 4236 3214 4292 cordibus
3244 4234 3469 4303 vestris,
3497 4245 3636 4303 usque
3653 4222 3743 4281 ani-

2192 4351 2310 4393 mas
2340 4345 2569 4392 vestras.

2264 4444 2334 4485 xv
2366 4428 2475 4485 kal.
2507 4427 2771 4485 Januarii.
2821 4427 3013 4485 Natale
3043 4428 3101 4486 8.
3138 4427 3282 4485 Afra:
3313 4426 3551 4501 virginis.
3591 4414 3741 4479 Lectio

2190 4524 2317 4583 libri
2355 4524 2630 4580 Malachim
2662 4522 2964 4595 prophetae.
3012 4523 3140 4578 Haec
3169 4522 3303 4578 dicit
3329 4522 3581 4579 Dominus
3610 4517 3738 4575 Deus,

2110 4592 2169 4658 Ῑ)
2192 4622 2337 4679 Ecce
2363 4635 2463 4691 ego
2494 4592 2707 4674 mittam
2751 4592 3002 4690 angelum
3047 4632 3251 4685 meum,
3294 4633 3455 4689 usque
3484 4610 3601 4669 anni
3624 4607 3738 4663 anti-

2191 4717 2307 4791 qui,
2337 4715 2472 4771 dicit
2522 4714 2787 4769 Dominus
2833 4711 3202 4781 omnipotens.
3240 4711 3448 4779 Evang.
3484 4699 3736 4763 secundum

2190 4811 2531 4876 Matthaeum,
2569 4821 2692 4877 cap.
2722 4821 2844 4873 exc,
2881 4804 3027 4859 Dixit
3054 4802 3215 4860 Jesus
3242 4800 3523 4874 discipulis
3545 4795 3644 4853 suis
3667 4802 3735 4861 pa.

2192 4902 2434 4961 rabolam
2457 4901 2618 4967 hanc,
2650 4896 2841 4955 Simile
2869 4906 2951 4952 est
2980 4910 3208 4967 regnum
3235 4894 3496 4952 ccelorum
3521 4889 3738 4946 thesauro

2190 4995 2531 5066 abscondito,
2564 5010 2724 5066 usque
2753 5006 2893 5049 nova
2921 5002 2977 5048 et
3003 5000 3209 5049 vetera.
3712 5063 3737 5076 η

2264 5110 2339 5148 xu
2390 5091 2500 5146 kal.
2550 5088 2810 5144 Januarii.
2870 5086 3057 5141 Romae
3097 5083 3367 5155 depositio
3396 5081 3456 5137 S.
3481 5066 3738 5133 Innocentii

2187 5186 2452 5261 episcopi.
2483 5183 2669 5240 Lectio
2688 5181 2949 5253 Epistulae
2976 5180 3121 5236 beati
3147 5176 3300 5233 Pauli
3330 5170 3554 5247 apostoli
3578 5161 3738 5264 adiic-

2186 5257 2403 5338 manos.
2434 5276 2678 5343 Fratres,
2718 5274 2839 5346 quis
2866 5287 2967 5329 nos
2997 5269 3274 5344 separabit
3302 5284 3333 5324 a
3360 5266 3610 5324 charitate
3637 5257 3733 5317 Dei.

2188 5390 2310 5445 qua:
2333 5380 2416 5427 est
2446 5370 2499 5425 in
2526 5367 2744 5424 Christo
2769 5368 2896 5424 Jesu
2919 5366 3149 5423 Domino
3178 5361 3395 5419 nostro?
3421 5348 3732 5445 Evangelium

2184 5437 2485 5521 secundum
2533 5460 2757 5527 Lucam,
2790 5474 2914 5531 cap.
2965 5474 3089 5527 xcv,
3123 5454 3466 5512 Descendens
3499 5437 3733 5513 Jesus,“

2181 5566 2390 5625 monte,
2417 5570 2579 5627 usque
2607 5551 2828 5622 capiosa
2857 5561 2940 5608 est
2972 5552 3029 5609 in
3049 5549 3224 5607 ccelis.

2255 5667 2308 5705 xi
2355 5649 2467 5705 kal.
2520 5648 2782 5705 Januarii.
2822 5648 3013 5706 Roma:
3043 5648 3187 5705 inter
3214 5645 3355 5703 duos
3378 5643 3550 5700 lauros
3576 5628 3728 5690 natale

2180 5752 2495 5803 sanctorum
2545 5742 2769 5815 triginta
2808 5751 3129 5815 martyrum.
3176 5739 3366 5796 Lectio
3394 5734 3509 5791 libri
3536 5725 3727 5798 Sapieﬂ‘

2185 5843 2298 5903 tite.
2329 5841 2468 5902 Justi
2491 5841 2550 5902 in
2579 5847 2901 5914 perpetuum
2946 5842 3154 5909 vivent,
3197 5848 3361 5907 usque
3389 5828 3606 5895 deducet
3629 5816 3706 5878 illo
