4002 6300
292 358 397 418 529

1692 355 1903 415 LIBER
1936 351 2235 417 COMITIS.

3486 363 3595 423 550

250 464 251 467 “
288 475 556 534 Dominus
576 474 723 535 Deus
744 486 953 536 noster.
985 475 1196 549 Evang.
1226 476 1521 535 secundum
1550 476 1884 544 Matthaeum,
1910 473 1970 540 Α
1995 479 2233 552 calypsis
2262 476 2486 537 Joannis
2511 481 2767 553 apostoli.
2802 480 2859 537 In
2894 479 3087 538 diebus
3114 481 3223 538 illis
3256 480 3367 537 vidi
3397 480 3591 538 civita-

284 584 410 639 cap.
456 585 679 638 ccum,
736 571 885 627 Dixit
925 571 1086 628 Jesus
1130 570 1411 642 discipulis
1460 570 1598 639 suis,
1631 569 1882 640 Vigilate,

284 679 448 733 usque
473 665 769 719 constituet
788 679 935 720 eum.

354 771 389 809 x
419 754 534 810 kal.
566 755 829 811 Januarii.
877 756 937 813 In
986 754 1302 812 Nicomedia
1345 756 1523 812 natale
1562 766 1881 813 sanctorum

280 862 490 903 nccccx
526 856 846 919 martyrum.
879 848 1066 905 Lectio
1101 849 1225 905 libri
1264 848 1579 921 Sapientiae.
1605 849 1881 905 Justorum

277 944 505 1009 animas,
554 960 716 1015 usque
755 958 944 1014 pacem
984 944 1176 1000 electis
1220 944 1338 1001 Dei.
1397 946 1747 1015 Evangelium
1795 961 1884 1001 se-

275 1035 521 1093 cundum
569 1036 833 1103 Marcum,
865 1050 986 1107 cap.
1041 1052 1309 1106 cxxxvnt,
1348 1037 1491 1092 Dixit
1520 1036 1688 1103 Jesus
1717 1038 1883 1092 disci-

285 1128 432 1201 pulis
458 1130 593 1199 suis,
624 1129 815 1188 Videte
840 1146 909 1187 ne
931 1130 1052 1202 quis
1075 1146 1171 1187 vos
1195 1131 1440 1199 seducat,
1471 1148 1628 1200 usque
1658 1131 1747 1188 hic
1769 1131 1881 1190 sal-

280 1236 383 1277 vus
412 1222 544 1277 erit.

352 1330 414 1369 ιι
442 1313 553 1369 kal.
584 1313 850 1370 Januarii.
898 1312 1239 1387 Cappadocia
1265 1360 1280 1385 ,
1316 1317 1496 1372 natale
1521 1316 1883 1388 quadraginta

283 1408 579 1479 virginum.
626 1408 817 1469 Lectio
855 1409 1114 1479 Epistolte
1156 1410 1301 1466 beati
1350 1412 1500 1466 Pauli
1553 1412 1786 1482 apostoli
1814 1411 1882 1467 ad

290 1499 621 1556 Corinthios.
645 1500 890 1567 Fratres,
916 1502 1006 1572 qui
1031 1502 1318 1572 gloriatur,
1352 1502 1403 1557 in
1430 1503 1657 1558 Domino
1686 1504 1885 1572 glorie-

292 1605 392 1660 tur,
418 1610 584 1665 usque
618 1593 880 1650 exhibere
914 1592 1157 1649 Christo.
1204 1594 1558 1665 Evangelium
1583 1594 1881 1651 secundum

286 1687 626 1753 Matthzum,
653 1702 774 1758 cap.
804 1703 895 1753 δι,
929 1687 1078 1743 Dixit
1100 1688 1259 1743 Jesus
1275 1687 1559 1759 discipulis
1583 1688 1696 1742 suis
1728 1703 1887 1758 para-

286 1784 473 1840 bolam
505 1784 675 1853 hanc,
710 1784 902 1841 Simile
932 1794 1016 1841 est
1057 1800 1282 1855 regnum
1326 1783 1589 1839 caelorum
1624 1783 1884 1840 thesauro

285 1874 611 1932 abscondito
633 1876 685 1931 in
714 1892 867 1948 agro,
894 1893 1056 1948 usque
1081 1891 1221 1932 nova
1244 1882 1301 1931 et
1331 1885 1539 1931 vetera.

359 1968 471 2024 Pro
501 1969 745 2025 ubertate
781 1968 1004 2037 pluviae,
1037 1968 1151 2024 sive
1184 1967 1540 2038 temperantia
1585 1967 1749 2024 aeris.
1785 1966 1892 2024 Le-

286 2065 402 2121 ctio
423 2063 581 2119 Johel
603 2063 906 2134 prophetm.
936 2064 1065 2120 Haec
1085 2064 1218 2120 dicit
1244 2063 1528 2129 Dominus,
1549 2062 1671 2118 Noli
1693 2063 1889 2121 timere

288 2167 465 2224 terra,
493 2174 654 2231 usque
677 2157 824 2229 quod
864 2156 994 2215 fecit
1031 2157 1312 2213 vobiscum
1352 2154 1644 2211 mirabilia.
1677 2157 1886 2229 Evang.

287 2250 596 2307 secundum
618 2251 777 2317 Luc.,
799 2266 921 2317 cap.
942 2266 1183 2320 Lxxxttt,
1212 2249 1432 2305 Factum
1455 2249 1604 2305 estin
1631 2266 1737 2306 una
1768 2251 1888 2307 die-

288 2360 436 2412 rum,
468 2362 628 2415 usque
648 2344 914 2401 obediunt
944 2346 1017 2400 ei.

364 2438 471 2492 Pro
493 2436 845 2494 insterilitate
874 2437 1091 2509 pluviae.
1119 2437 1307 2495 Lectio
1330 2437 1621 2497 Hieremiae
1656 2438 1890 2510 prophe-

292 2542 387 2588 tae.
414 2532 541 2587 Hzec
582 2531 717 2587 dicit
754 2530 1017 2587 Dominus
1048 2532 1231 2601 Deus,
1276 2532 1549 2604 Numquid
1596 2533 1888 2603 projiciens

292 2623 544 2693 abjecisti
572 2622 745 2691 Juda,
774 2639 936 2693 usque
957 2623 1075 2680 haec
1116 2626 1296 2680 omnia
1320 2668 1335 2693 ,
1364 2626 1592 2681 Domine
1624 2625 1765 2680 Deus
1792 2640 1890 2679 no-

297 2724 434 2769 ster.
464 2713 805 2785 Evangelium
828 2715 1129 2771 secundum
1159 2716 1381 2784 Mattlt.,
1425 2733 1546 2790 cap.
1590 2732 1714 2783 ccx,
1744 2716 1890 2771 Dixit

304 2806 471 2863 Jesus
508 2806 780 2878 discipulis
804 2808 955 2875 suis,
991 2808 1251 2865 Misereor
1284 2825 1451 2879 super
1481 2809 1636 2866 turba
1662 2849 1679 2875 ,
1728 2823 1888 2877 usque

292 2897 572 2970 discipulis
602 2900 723 2970 ejus
755 2914 879 2955 cum
911 2915 997 2956 eo.

358 2991 420 3047 In
441 2991 531 3048 die
554 2992 710 3048 belli.
734 2992 924 3049 Lectio
946 2994 1122 3050 Esaiae
1148 2995 1449 3066 prophetae.
1474 2994 1534 3051 In
1562 2994 1757 3053 diebus
1778 2994 1888 3051 illis

284 3084 578 3156 agrotavit
606 3083 894 3155 Ezechias,
928 3103 1086 3157 usque
1107 3097 1393 3160 protegam
1419 3103 1539 3143 eum
1559 3133 1573 3157 ,
1604 3088 1681 3143 ait
1702 3087 1889 3144 Domi-
1938 3126 1939 3129 η

287 3194 392 3233 nus
412 3179 783 3248 omnipotens.
808 3179 1167 3251 Evangelium
1186 3181 1483 3238 secundum
1506 3182 1733 3249 Lucam,
1760 3197 1881 3251 cap.

1992 583 2100 629 tem
2132 584 2377 630 sanctam
2419 577 2758 633 Hierusalem
2781 621 2796 646 ,
2825 594 2989 649 usque
3029 593 3170 633 nova
3201 576 3343 633 facio
3380 580 3588 633 omnia.

1988 667 2345 738 Evangelium
2394 670 2693 725 secundum
2722 670 2923 725 Lucam
2960 685 3083 740 cap.
3115 687 3206 736 ιι,
3238 671 3382 726 Dixit
3428 671 3588 726 Jesus

1987 763 2267 835 discipulis
2294 764 2427 827 suis.
2468 763 2583 819 Non
2614 772 2700 820 est
2736 764 2902 819 arbor
2947 765 3090 820 bona
3122 780 3242 835 qum
3282 764 3407 819 facit
3436 765 3587 820 fruc-

1985 866 2099 913 tum
2128 860 2353 921 malum,
2391 876 2551 930 usque
2579 858 2795 912 fundata
2829 867 2949 913 erat
2978 871 3143 927 super
3185 866 3416 926 petram.
3452 857 3585 911 Item

1985 950 2343 1022 Evangelium
2358 951 2662 1007 secundum
2688 950 2912 1019 Lucam,
2944 964 3067 1022 cap.
3092 962 3294 1016 ccxxv,
3317 947 3587 1018 Egressus

1984 1046 2164 1112 Jesus,
2188 1062 2347 1115 usque
2373 1044 2520 1099 salus
2551 1044 2739 1099 domui
2760 1040 2902 1098 facta
2924 1055 3027 1098 εδει.

2057 1138 2141 1195 Ad
2183 1151 2411 1208 sponsas
2457 1134 2883 1191 benedicendas.
2925 1134 3112 1189 Lectio
3141 1132 3403 1203 Epistolm
3442 1131 3590 1187 beati

1984 1233 2136 1290 Pauli
2159 1230 2397 1301 apostoli
2422 1229 2491 1285 ad
2514 1228 2858 1285 Corinthios.
2888 1227 3145 1295 Fratres,
3187 1228 3411 1282 nescitis
3448 1242 3583 1297 quo-

1986 1326 2131 1382 niam
2163 1339 2391 1393 corpora
2415 1333 2623 1389 vestra,
2648 1333 2811 1393 usque
2837 1329 3050 1392 portate
3074 1322 3240 1376 Deum
3269 1321 3325 1374 in
3351 1335 3587 1390 corpore

1986 1430 2187 1476 vestro.
2212 1419 2416 1487 Evang.
2442 1415 2740 1471 secundum
2769 1413 2986 1482 Matth,
3017 1428 3138 1484 cap.
3162 1427 3348 1480 ccxxr,
3373 1412 3589 1483 Loque-

1986 1510 2153 1567 batur
2181 1509 2340 1567 Jesus
2370 1523 2492 1565 cum
2525 1505 2807 1577 discipulis
2836 1504 2950 1561 suis
2976 1545 2992 1572 ,
3034 1521 3198 1575 usque
3227 1505 3381 1574 pauci
3410 1514 3594 1559 autem

1988 1604 2174 1659 electi.
3434 1656 3437 1661 λ

2062 1696 2191 1751 ltem
2259 1694 2615 1765 Evangelium
2689 1691 2983 1747 secundum
3046 1664 3589 1759 Matthacum,‘cap.

1990 1804 2246 1856 CLxxx1x,
2290 1787 2454 1843 Venit
2491 1787 2649 1841 Jesus
2689 1785 2746 1840 in
2799 1788 2935 1839 lines
2970 1783 3208 1852 Judacae,
3240 1799 3400 1855 usque
3447 1784 3593 1854 quod

1916 1866 1967 1927 Β
1992 1884 2139 1939 Deus
2163 1882 2472 1953 conjunxit,
2505 1881 2670 1935 homo
2691 1894 2801 1935 non
2827 1888 3065 1949 separet.

2066 1978 2123 2033 In
2149 1977 2387 2031 adventu
2422 1974 2689 2045 judicum.
2733 1972 2923 2027 Lectio
2947 1970 3209 2041 Epistulae
3242 1971 3385 2026 beati
3434 1970 3592 2026 Pauli

1990 2071 2222 2142 apostoli
2253 2070 2318 2124 ad
2351 2068 2717 2124 Timotheum.
2752 2065 2998 2129 Fratres,
3027 2064 3256 2120 obsecro
3284 2080 3381 2120 vos
3410 2066 3590 2135 primo

1992 2165 2259 2231 omnium,
2287 2179 2447 2235 usque
2474 2164 2528 2216 in
2557 2160 2661 2215 fide
2687 2168 2742 2214 et
2770 2159 3019 2213 veritate.
3048 2156 3252 2225 Evang.
3286 2156 3588 2213 secundum

1992 2256 2217 2326 Lucam,
2247 2269 2369 2324 cap.
2394 2267 2654 2317 ccxxvut,
2687 2248 3014 2303 DixitJesus
3036 2246 3321 2316 discipulis
3356 2254 3468 2301 suis
3495 2263 3592 2317 pa-

1991 2350 2237 2405 rabolam
2260 2348 2420 2415 hanc,
2444 2345 2619 2400 Homo
2639 2342 2858 2413 quidam
2877 2339 3079 2399 nobilis
3102 2348 3243 2405 erat,
3269 2339 3356 2394 hic
3378 2338 3590 2409 habuit,

1991 2460 2152 2517 usque
2178 2442 2417 2507 dabitur,
2448 2446 2504 2495 et
2532 2435 2844 2493 alundabit.

2064 2536 2123 2591 In
2143 2533 2499 2591 tribulatione
2522 2531 2641 2585 sive
2662 2526 3051 2583 commotione.
3080 2524 3268 2581 Lectio
3298 2525 3590 2581 Hieremim

1992 2628 2294 2701 prophetae.
2326 2626 2453 2681 Haec
2479 2623 2613 2678 dicit
2632 2620 2897 2675 Dominus
2925 2617 3095 2684 Deus,
3126 2615 3397 2688 Numquid
3419 2617 3586 2682 cadit,

1991 2738 2150 2794 usque
2191 2718 2417 2777 verbum
2462 2726 2639 2771 autem
2683 2712 2895 2768 Domini
2927 2717 3111 2765 manet
3145 2709 3199 2765 in
3236 2721 3503 2767 aeternum
3534 2719 3593 2766 et

1990 2817 2048 2873 in
2076 2814 2336 2871 saeculum
2361 2809 2564 2866 saeculi.

2061 2908 2197 2964 Item
2241 2903 2508 2976 ejusdem.
2551 2899 2681 2956 Haec
2717 2895 2849 2953 dicit
2887 2894 3150 2952 Dominus
3176 2894 3323 2951 Deus
3346 2896 3377 2964 ,'
3402 2894 3591 2951 Facite

1987 3001 2250 3072 judicium
2279 3007 2335 3055 et
2359 2996 2650 3067 justitiam,
2693 3007 2856 3064 usque
2884 2990 3031 3047 servi
3060 2998 3115 3046 et
3137 2989 3321 3061 populi
3353 3005 3540 3046 eorum
3566 3030 3584 3058 ,

1990 3096 2065 3151 ait
2092 3094 2355 3150 Dominus
2376 3090 2542 3146 Deus.
3316 3148 3321 3151 μ

2061 3188 2194 3244 Item
2225 3185 2498 3259 ejusdem.
2530 3182 2586 3238 Si
2618 3180 2936 3253 iniquitates
2953 3186 3160 3235 nostra:
3179 3178 3588 3245 contenderint,

292 3284 374 3336 cc,
412 3268 739 3324 DixitJesus
768 3269 1053 3341 discipulis
1074 3272 1222 3341 suis,
1254 3272 1434 3329 Nolite
1471 3273 1695 3330 solliciti
1719 3288 1841 3331 esse
1866 3319 1880 3344 ,
1912 3259 1962 3326 C
1989 3300 2151 3356 usque
2199 3297 2269 3337 ne
2320 3279 2666 3349 derelinquas
2716 3290 2848 3341 nos,
2903 3274 3135 3330 Domine
3182 3274 3322 3330 Iteus
3377 3283 3583 3331 noster.

298 3376 443 3432 Isque
461 3362 788 3432 adjicientur
814 3363 988 3419 vobis.

368 3454 437 3511 De
479 3457 645 3513 natali
675 3472 853 3529 papae.
887 3458 1071 3515 Lectio
1103 3460 1363 3532 Epistolte
1391 3462 1536 3519 beati
1564 3463 1718 3520 Pauli
1756 3479 1887 3536 apo-

292 3547 414 3602 stoli
434 3547 504 3602 ad
528 3547 807 3603 Hebraaos.
833 3548 1082 3619 Fratres,
1106 3553 1283 3607 omnis
1309 3552 1583 3622 Pontifex,
1611 3571 1773 3627 usque
1799 3571 1886 3611 or-

287 3641 477 3698 dinem
508 3641 933 3699 Melchisedech.
977 3644 1337 3717 Evangelium
1384 3647 1684 3704 secundum
1725 3648 1885 3716 Luc.,

284 3749 415 3806 cap.
446 3750 648 3804 cccxx,
708 3735 872 3792 Facta
917 3746 1002 3793 est
1038 3739 1319 3794 contentio
1360 3739 1504 3796 inter
1546 3740 1841 3812 discipulos
1866 3784 1882 3810 ,

282 3846 453 3901 usque
473 3830 646 3886 tribus
669 3829 896 3887 Israhel.

360 3921 423 3977 In
455 3921 796 3979 ordinatione
825 3922 1202 3980 diaconorum.
1233 3923 1419 3982 Lectio
1451 3924 1711 3997 Epistolas
1740 3926 1885 3982 beati

280 4017 449 4076 Pauli
479 4016 711 4088 apostoli
738 4016 807 4072 ad
837 4016 1209 4074 Timotheum.
1234 4018 1597 4086 Charissime,
1626 4020 1887 4077 diaconos

280 4110 570 4167 constitue
596 4110 858 4181 pudicos,
896 4128 1053 4182 usque
1082 4110 1136 4167 in
1166 4111 1275 4167 fide
1315 4128 1435 4184 quae
1470 4124 1556 4169 est
1589 4115 1641 4169 in
1668 4112 1886 4169 Christo

279 4204 429 4262 Jesu
445 4203 675 4260 Domino
689 4212 897 4259 nostro.
914 4202 1265 4275 Evangelium
1284 4206 1581 4261 secundum
1598 4205 1882 4277 Joannem,

280 4315 418 4369 cap.
450 4312 563 4365 CIV,
605 4297 752 4353 Dixit
780 4297 944 4355 Jesus
968 4298 1252 4369 discipulis
1297 4299 1413 4355 suis
1438 4341 1454 4368 ,
1488 4297 1681 4367 Amen,
1727 4314 1887 4355 amen

281 4393 421 4449 dico
452 4391 610 4447 vobis
634 4434 650 4461 ,
680 4393 785 4448 nisi
822 4408 1053 4464 granum
1085 4391 1374 4461 frumenti,
1409 4411 1570 4467 usque
1594 4396 1685 4467 qui
1717 4404 1801 4451 est
1830 4394 1885 4450 in

278 4486 451 4635 calii]:
471 4578 821 4636 ordinatione
865 4578 1188 4652 presbyterl.
1234 4578 1417 4636 Lectio
1454 4580 1701 4651 epistola:
1743 4578 1887 4635 beati

1989 3375 2342 3447 Evangelium
2371 3371 2672 3428 secundum
2694 3370 2917 3433 Lucam,
2938 3383 3058 3438 cap.
3088 3382 3260 3423 ccxxv
3279 3408 3294 3434 ,
3320 3368 3586 3439 Egressus

1988 3468 2149 3525 Jesus
2180 3463 2595 3538 perambulabat
2630 3459 2886 3517 Hiericho
2910 3501 2927 3528 ,
2959 3475 3121 3531 usque
3163 3459 3373 3515 salvum
3408 3458 3589 3517 facere

1988 3562 2135 3635 quod
2163 3562 2419 3634 perierat.

2062 3655 2120 3711 In
2161 3653 2328 3711 natali
2357 3649 2728 3707 sacerdotum.
2761 3647 2952 3705 Lectio
2987 3646 3110 3704 libri
3142 3646 3421 3704 Malachiec
3461 3663 3587 3719 pro-

1990 3748 2193 3821 phetas.
2227 3746 2353 3800 Haec
2378 3742 2511 3799 dicit
2546 3741 2808 3797 Dominus
2831 3782 2845 3806 ,
2874 3738 3071 3796 Scietis
3100 3740 3224 3809 quia
3253 3738 3355 3795 nisi
3392 3739 3459 3794 ad
3488 3755 3586 3795 vos

1989 3841 2327 3905 mandatum,
2360 3852 2518 3907 usque
2550 3834 2675 3905 quia
2722 3832 2952 3903 angelus
2983 3832 3197 3886 Domini
3247 3833 3585 3887 exercituum

1989 3945 2093 3993 est.
2124 3930 2478 4002 Evangelium
2512 3926 2808 3983 secundum
2840 3924 3077 3979 Marcum
3102 3938 3221 3993 cap.
3255 3939 3345 3990 ιιι,
3377 3924 3586 3980 Circui-

1988 4026 2086 4082 bat
2106 4026 2264 4081 Jesus
2296 4024 2350 4076 in
2379 4018 2635 4086 circuitu,
2668 4033 2826 4086 usque
2857 4026 3115 4086 a‘gt‘otos,
3140 4025 3196 4071 et
3224 4016 3581 4072 sanabuntur.

2063 4119 2226 4175 Missa
2254 4130 2362 4187 qua
2391 4112 2650 4169 sacerdos
2681 4124 2780 4181 pro
2822 4124 2881 4164 se
2909 4117 3089 4163 canet.
3114 4106 3301 4163 Lectio
3325 4107 3587 4178 Epistolas

1991 4213 2137 4271 beati
2172 4211 2327 4267 Pauli
2370 4205 2603 4277 apostoli
2638 4203 2706 4259 ad
2747 4203 3043 4257 Romanos.
3088 4200 3329 4267 Fratres,
3381 4201 3587 4257 scimus

1991 4307 2138 4380 quod
2166 4306 2256 4362 lex
2285 4298 2577 4373 spiritualis
2608 4304 2715 4359 est.
2751 4312 2909 4367 usque
2952 4293 3113 4365 hujus
3140 4293 3314 4365 gratia
3356 4293 3453 4349 Dei
3490 4309 3586 4363 per

1991 4401 2179 4458 Jesutn
2236 4394 2509 4452 Christum
2562 4388 2851 4446 Dominum
2909 4396 3178 4443 nostrum.
3232 4386 3587 4460 Evangelium

1994 4490 2289 4551 secundum
2324 4486 2636 4543 Matthaeum
2674 4498 2797 4554 cap.
2858 4495 3055 4550 LxxVI,
3112 4479 3389 4537 Circuibat
3430 4480 3591 4538 Jesus

1993 4600 2183 4642 omnes
2208 4582 2473 4644 civitates,
2506 4594 2665 4649 usque
2685 4588 2902 4629 omnem
2932 4571 3321 4628 infirmitatem.

283 4672 453 4730 Pauli
482 4671 714 4741 apostoli
736 4671 807 4727 ad
836 4672 1035 4728 Titum.
1064 4671 1427 4739 Charissime,
1461 4671 1665 4727 Paulus
1689 4686 1886 4727 servus
1913 4658 1969 4720 D
2064 4676 2228 4733 Missa
2266 4673 2466 4727 votiva,
2509 4668 2701 4724 Lectio
2730 4665 2906 4721 Esaia;
2958 4664 3258 4735 prophetat.
3292 4664 3418 4721 Haec
3462 4663 3591 4720 dicit

283 4762 521 4828 Christi,
555 4762 834 4832 apostolus
860 4774 1039 4817 autem
1062 4806 1077 4825 .
1119 4779 1281 4830 usque
1323 4762 1571 4817 doctrina
1619 4777 1751 4817 sana
1796 4778 1891 4832 per
1992 4767 2283 4830 Dominus,
2307 4762 2367 4817 In
2396 4762 2484 4817 die
2516 4760 2602 4814 illa
2637 4756 2885 4812 differtur
2908 4771 3104 4811 munus
3126 4756 3380 4822 Domino,
3432 4771 3591 4827 usque

283 4857 489 4914 Jesum
513 4855 789 4912 Christum
816 4857 1101 4913 Dominum
1123 4866 1391 4912 nostrum.
1417 4857 1775 4928 Evangelinm
1806 4872 1892 4911 se-

286 4948 539 5007 cundum
585 4950 924 5016 Matthaeum,
957 4965 1078 5021 cap.
1119 4965 1335 5017 cccxin,
1373 4950 1517 5005 Dixit
1542 4950 1700 5005 Jesus
1730 4950 1895 5007 disci-

287 5044 444 5120 pulis
467 5043 601 5111 suis,
628 5043 858 5115 Vigilate
883 5059 1043 5116 ergo,
1069 5062 1229 5116 usque
1257 5044 1558 5100 constituet
1582 5058 1726 5100 eum.

374 5137 435 5193 In
482 5137 824 5193 ordinatione
875 5137 1136 5208 episcopi.
1200 5136 1388 5192 Lectio
1438 5136 1695 5207 Epistolas
1748 5137 1891 5193 beati

290 5231 461 5291 Pauli
506 5231 740 5303 apostoli
788 5230 856 5286 ad
888 5230 1255 5287 Timotheum.
1300 5230 1673 5298 Charissime,
1722 5231 1894 5287 ﬁdelis

291 5340 510 5391 sermo,
534 5324 581 5380 si
602 5326 727 5397 quis
752 5324 1143 5395 episcopatum,
1172 5342 1334 5396 usque
1362 5323 1463 5379 Dei
1491 5324 1662 5378 nostri
1695 5325 1748 5379 in
1780 5339 1897 5379 0m-

296 5419 489 5476 nibus.
514 5418 867 5488 Evangelium
897 5418 1195 5473 secundum
1220 5416 1553 5485 Matthzeum,
1574 5431 1695 5487 cap.
1725 5432 1891 5486 Cva,

298 5513 456 5570 Dixit
479 5512 638 5568 Jesus
668 5509 955 5582 discipulis
979 5511 1114 5576 suis,
1142 5510 1272 5577 Quis
1304 5519 1463 5581 putas
1483 5519 1564 5567 est
1589 5510 1765 5564 ﬁdelis
1785 5525 1897 5564 ser-

304 5606 452 5662 vus?
475 5603 832 5675 Evangelium
862 5602 1159 5658 secundum
1204 5601 1537 5669 Matthaeum,
1568 5617 1685 5672 cap.
1723 5618 1897 5657 CLXVI.

326 5700 495 5757 Venit
518 5699 676 5755 Jesus
702 5699 754 5753 in
779 5706 959 5769 partes
982 5696 1247 5752 Caesarea:
1277 5695 1540 5767 Philippi,
1568 5713 1725 5767 usque
1748 5697 1899 5753 solu-

314 5802 434 5851 tum
457 5802 513 5851 et
536 5795 591 5850 in
618 5793 795 5851 caelis.

324 5937 343 5967 ί
404 5889 463 5947 ln
498 5887 841 5949 dedicatione
860 5889 1098 5949 basilicae
1118 5889 1235 5951 sive
1271 5888 1519 5951 oratorii.
1549 5889 1737 5948 Lectio
1762 5892 1905 5962 Apo-

1994 4860 2283 4918 haareditas
2314 4871 2431 4911 mea
2461 4852 2646 4917 Israel,
2670 4851 2802 4906 dicit
2832 4850 3096 4906 Dominus
3122 4850 3489 4919 omnipotens.

2064 4954 2172 5009 Pro
2211 4951 2464 5007 inﬁrmis.
2506 4945 2695 5002 Lectio
2747 4943 3007 5014 Epistolas
3053 4942 3195 4997 beati
3222 4940 3372 4994 Pauli
3423 4937 3596 5013 [Lege

1997 5042 2224 5116 Jacobi]
2255 5040 2512 5113 apostoli.
2544 5038 2788 5104 Fratres,
2818 5035 3065 5089 tristatur
3093 5031 3294 5104 aliquis
3323 5041 3589 5101 vestrum,
3636 5084 3655 5089 _

2000 5155 2157 5211 usque
2187 5151 2281 5191 ora
2303 5149 2406 5205 pro
2434 5131 2689 5199 invicem,
2725 5138 2783 5183 ut
2809 5126 3116 5182 salvemini.

2072 5232 2179 5288 Pro
2205 5230 2305 5284 iter
2337 5225 2646 5297 agentibus.
2682 5220 2871 5277 Lectio
2910 5219 3034 5273 libri
3065 5216 3368 5274 Geneseos.
3402 5217 3457 5275 In
3483 5218 3599 5275 die-

2002 5327 2103 5384 bus
2132 5324 2239 5378 illis
2262 5322 2477 5376 locutus
2508 5326 2592 5371 est
2621 5313 2895 5371 Abraham
2924 5310 3133 5378 dicens,
3168 5311 3430 5366 Dominus
3450 5314 3594 5379 cmli,

2006 5416 2099 5489 qui
2128 5415 2247 5470 tulit
2288 5426 2375 5467 me
2410 5410 2479 5465 de
2513 5408 2697 5476 domo,
2749 5420 2905 5475 usque
2959 5403 3076 5473 ipse
3121 5401 3298 5459 mittet
3346 5405 3597 5474 angelum

2005 5526 2163 5566 suum
2194 5522 2378 5563 coram
2406 5513 2480 5560 te.

2077 5604 2136 5659 In
2164 5601 2367 5673 agenda
2392 5607 2753 5653 mortuorum.
2777 5595 2966 5652 Lectio
2989 5597 3113 5652 libri
3141 5594 3597 5653 Machabazorum.

2006 5700 2066 5757 In
2088 5698 2284 5754 diebus
2318 5695 2424 5750 illis
2444 5693 2525 5750 vir
2556 5692 2885 5748 fortissimus
2910 5691 3069 5758 Juda,
3094 5707 3253 5761 usque
3284 5698 3391 5744 uta
3412 5704 3603 5759 pecca-

2011 5796 2079 5851 tis
2115 5794 2421 5849 solvantur.

2089 5892 2137 5949 lt
2151 5905 2235 5947 em
2264 5889 2427 5947 lectio
2446 5885 2709 5959 Epistolas
2740 5885 2885 5944 beati
2912 5886 3060 5945 Pauli
3086 5874 3315 5959 apostoli
3347 5883 3415 5941 ad
3435 5880 3606 5940 Thes-
