3970 6304
236 298 318 373 533
924 292 1297 374 nxrostrto
1337 310 1674 385 Quaruon
1714 291 2284 377 EvAitcELtoItun.
2326 316 2750 375 narrantes.

3386 306 3492 371 534

231 433 348 501 igne,
373 443 521 499 aqua.
561 429 663 486 Per
689 429 879 487 omium
907 432 1140 485 Joannes
1169 431 1475 486 Ostenditur
1502 450 1514 486 :
1537 428 1659 501 quia
1680 430 1790 484 sic-
1818 429 1869 491 Δ
1899 428 2265 504 supplantavit
2310 422 2476 490 Jaeob
2519 443 2600 490 ter
2633 426 2854 489 fratrem
2896 430 3087 495 suum,
3123 426 3355 504 primum
3398 438 3494 499 per

235 537 279 578 nt
314 522 492 579 coelum
530 524 703 577 omnia
736 526 987 593 superat,
1020 523 1091 579 ita
1116 533 1170 579 et
1193 526 1450 593 Joannes,
1485 526 1577 595 qui
1616 516 1785 579 dixit:

228 616 281 669 in
304 616 544 687 principio
578 624 688 669 erat
718 613 961 670 Verbum.
994 616 1097 671 Per
1131 616 1438 671 Matthmuln
1474 628 1614 672 terra
1647 635 1658 669 ε
1694 617 1786 685 qui

226 710 381 764 dixit:
416 707 559 763 Liber
606 708 949 779 generationis
994 702 1123 765 Iesu
1168 708 1383 766 Christi.
1438 709 1539 765 Per
1584 700 1787 765 Lucam

227 802 361 870 ignis,
390 802 475 871 qui
503 801 637 855 dixit
667 818 677 855 :
717 800 907 857 Nonne
927 819 1015 856 cor
1040 802 1155 872 jam
1182 806 1371 859 ardens
1394 815 1499 857 erat
1526 802 1579 857 in
1605 802 1789 857 nobis?

228 896 311 950 Per
336 892 563 949 Marcum
599 900 736 965 aqua
768 914 780 949 :
812 896 899 965 qui
933 892 1072 950 dixit
1102 914 1113 949 :
1158 895 1273 951 νοτε
1308 896 1583 949 clamantis
1615 896 1666 947 in
1692 893 1783 947 lli"-

223 997 350 1040 serto.
374 994 397 1021 ⁸
424 984 475 1040 id
500 994 604 1053 est,
630 994 865 1057 quatuor
893 987 1111 1065 ﬁitptina
1141 988 1207 1043 de
1240 984 1347 1042 tino
1377 989 1523 1042 fonte
1555 997 1787 1057 quatuor

226 1077 555 1149 evangelistas
585 1080 880 1149 significat,
933 1074 985 1135 id
1019 1092 1121 1150 est,
1150 1082 1447 1138 Christum.
1482 1082 1672 1150 Fison,
1707 1084 1789 1135 in-

226 1172 467 1241 snfﬂictio,
502 1172 776 1242 signiﬁcat
820 1172 1118 1241 Joannem;
1157 1172 1310 1231 Geon
1339 1218 1352 1242 ,
1391 1176 1634 1230 velocitas
1661 1218 1674 1240 ,
1709 1176 1787 1229 s'i-

224 1264 409 1333 gniﬁcat
440 1264 779 1334 Matthaeum;
810 1269 1018 1337 Tigris,
1054 1270 1306 1339 felicitas,
1341 1271 1611 1340 signiﬁcat
1648 1254 1789 1324 Biar-

223 1356 349 1423 Cum;
384 1356 651 1425 Eufrates,
679 1362 953 1430 fertilitas,
999 1363 1265 1433 signiﬁcat
1300 1358 1521 1419 Lucam.
1558 1362 1791 1434 irrigant

227 1448 450 1503 mundum
478 1495 491 1517 ,
525 1449 579 1506 id
614 1460 726 1517 est,
758 1453 1056 1508 Ecclesium
1078 1499 1091 1523 ,
1130 1463 1184 1510 et
1214 1455 1525 1526 signiﬁcant
1555 1446 1788 1526 quatuor

225 1545 440 1614 virtutes,
474 1544 525 1601 id
552 1548 660 1613 eSt,
693 1540 1060 1617 prudentiam,
1098 1538 1535 1619 temperantiam,
1570 1536 1788 1605 111111111-

225 1633 412 1703 dinem,
459 1648 513 1693 et
550 1637 823 1708 juStitiam
859 1656 872 1693 :
914 1632 967 1695 et
998 1636 1143 1695 Sicut
1187 1641 1500 1711 paradisum
1556 1632 1789 1715 irrigant

226 1732 424 1798 quatuor
462 1728 725 1795 ﬁumina,
776 1732 853 1786 sic
902 1738 956 1787 et
988 1740 1085 1788 eor
1121 1728 1365 1789 nostrain
1420 1734 1505 1790 ha:
1554 1734 1789 1806 quatuor

225 1818 438 1879 virtutes.
466 1823 534 1879 Et
556 1820 725 1880 homo
755 1842 821 1880 ex
844 1836 1080 1897 quatuor
1107 1827 1392 1884 elementis
1412 1831 1691 1885 consistit:
1719 1848 1785 1887 ex

226 1929 347 1983 aere,
374 1916 522 1987 igne,
557 1908 615 1973 et
640 1932 806 1987 aqua,
843 1924 896 1973 et
920 1922 1085 1975 terra.
1120 1918 1200 1975 Ex
1223 1935 1374 1987 aere,
1400 1917 1558 1974 ﬁatu's
1591 1939 1604 1975 :
1638 1916 1784 1991 igne,

227 2009 439 2078 sanguis:
492 2024 633 2082 aqua
655 2056 670 2079 ,
705 2006 956 2080 ﬂamma,
991 2021 1143 2067 terra
1167 2055 1183 2079 ,
1214 2024 1434 2084 corpus.
1475 2015 1580 2070 Per
1625 2014 1786 2088 caput

232 2100 407 2166 celum,
441 2101 531 2157 ubi
566 2106 699 2158 sunt
729 2096 837 2160 duo
868 2103 1158 2160 luminaria
1190 2124 1203 2160 :
1239 2112 1447 2178 pectus,
1481 2122 1573 2163 aer
1608 2128 1620 2164 :
1654 2110 1788 2167 veti-

234 2201 319 2258 ter,
343 2206 523 2266 aquam
553 2188 566 2249 .4
598 2197 772 2269 pedes
796 2240 810 2265 ,
845 2202 1069 2255 terram.
1100 2199 1233 2255 item
1257 2243 1273 2268 ,
1303 2203 1472 2258 Adam
1508 2221 1534 2256 a
1557 2202 1787 2275 quatuor

229 2286 366 2342 stellis
395 2290 587 2343 nomen
619 2292 873 2361 accepit,
909 2293 1053 2363 quod
1087 2302 1172 2349 est
1201 2293 1226 2332 h
1253 2294 1418 2363 artis,
1443 2290 1585 2351 desis
1605 2340 1619 2365 ,
1654 2304 1785 2354 ana-

228 2381 350 2435 tholis
372 2424 384 2447 ,
423 2382 757 2451 mesintbrio,
793 2380 878 2441 vel
908 2397 1140 2458 quatuor
1174 2388 1483 2460 signiﬁcant
1510 2395 1787 2464 evangeli-

228 2480 326 2528 stas.
356 2473 412 2529 Et
440 2476 576 2532 sicut
605 2476 681 2532 de
712 2477 883 2533 Adam
910 2478 1087 2535 Omnis
1113 2480 1278 2536 homo
1307 2482 1547 2539 nascitur
1566 2503 1576 2537 :
1596 2485 1666 2539 ita
1693 2503 1787 2555 per

226 2575 413 2633 quatuor
434 2571 802 2639 evangelistas
832 2588 1021 2627 omnes
1063 2572 1130 2627 ad
1172 2574 1331 2630 ﬁdem
1366 2580 1604 2633 veniunt.
1653 2579 1786 2635 item

227 2673 321 2715 arca
355 2662 458 2719 Nee
487 2665 758 2735 quadrata
810 2660 1011 2737 legitur
1039 2685 1106 2722 ex
1138 2669 1302 2737 lignis
1336 2670 1474 2727 facta
1508 2660 1788 2744 longitudo

226 2767 300 2808 ccc
330 2754 626 2812 cubitorum
660 2802 676 2825 ,
711 2768 766 2813 et
808 2760 1039 2814 latitudo
1069 2778 1122 2825 L,
1164 2762 1393 2817 altitudo
1434 2781 1561 2831 xxx,
1598 2775 1650 2820 et
1680 2784 1788 2823 uno

229 2846 372 2904 cubito
398 2856 801 2916 consummata,
833 2854 1100 2923 signiﬁcat
1135 2854 1436 2912 Ecclesium
1465 2876 1479 2917 ;
1523 2856 1619 2929 per
1649 2860 1787 2931 quii-

230 2951 321 2997 tuor
341 2948 704 3020 evangelistas
738 2946 1022 3017 longitudo
1060 2958 1183 3019 Spes
1216 2953 1338 3005 vitm
1367 2960 1583 3008 (eterna:
1610 2996 1623 3019 ,
1667 2956 1789 3010 lati-

230 3034 326 3089 tudo
347 3037 613 3105 charitas,
652 3040 885 3095 altitudo
916 3041 1051 3097 lidcs
1098 3038 1405 3109 Trinitatis,
1440 3061 1605 3101 unum
1638 3032 1787 3102 cubio

234 3136 311 3179 tum
336 3146 485 3184 unum
518 3132 817 3186 Dominum
844 3133 1050 3188 colere.
1080 3126 1349 3192 iiititmina
1379 3139 1523 3193 intus
1549 3152 1602 3195 et
1628 3139 1783 3209 foris,

235 3216 495 3278 duritatem
528 3223 633 3278 Dei
662 3234 717 3279 et
747 3226 977 3294 proximi
1011 3226 1340 3299 signiﬁcant.
1371 3222 1503 3286 item
1530 3249 1653 3288 arca
1680 3244 1783 3290 tes-

245 3316 431 3380 tamenti,
463 3316 555 3370 ubi
589 3315 893 3372 erantduaz
927 3320 1127 3374 tabuite
1150 3330 1203 3377 et
1234 3318 1381 3393 virga
1420 3308 1623 3389 Aaron,
1649 3343 1783 3397 qua-

248 3410 324 3459 11101
344 3409 559 3465 circulis
601 3411 786 3466 aureis
826 3414 1183 3483 portabatur;
1219 3426 1274 3471 et
1305 3426 1488 3473 vectes
1538 3436 1603 3475 ex
1651 3438 1786 3475 auro

242 3503 423 3568 Imperii
443 3545 457 3569 ,
485 3514 728 3573 quatuor
757 3507 1121 3576 evangelism‘s
1153 3508 1457 3578 signiﬁcant
1485 3530 1496 3577 ;
1530 3528 1653 3567 arca
1682 3514 1787 3569 Ec-

235 3589 428 3661 clesium,
461 3602 654 3651 vectes
684 3596 959 3653 doctores.
991 3599 1140 3655 Sicut
1168 3602 1244 3656 illi
1274 3598 1597 3660 circumdati
1630 3619 1788 3664 erant

228 3683 277 3735 ab
295 3690 491 3743 annulis
514 3732 529 3755 ,
566 3689 644 3743 ita
676 3692 989 3745 sacerdotes
1020 3693 1085 3747 de
1113 3694 1305 3759 veteri,
1337 3707 1389 3750 et
1421 3715 1560 3753 novo
1583 3692 1786 3755 Testa-

227 3790 371 3835 mento
393 3782 560 3837 docti.
587 3783 833 3849 Quatuor
863 3786 1210 3855 evangelista:
1235 3796 1450 3858 portant
1482 3790 1718 3847 Ecclesia
1731 3810 1779 3848 m

224 3870 273 3921 ab
297 3870 471 3931 hzeresi
510 3875 889 3932 defendendo.
920 3870 1024 3933 Per
1046 3879 1247 3950 virgam
1279 3898 1410 3936 crux
1443 3886 1781 3941 ostenditur:

221 3965 403 4022 etsicut
428 3970 755 4040 quadratum
785 3970 988 4042 lignum
1018 3975 1069 4027 in
1099 3988 1204 4042 qua
1238 3985 1393 4042 parte
1428 3992 1644 4031 versum
1672 3978 1784 4034 l‘uc-

218 4060 296 4125 tit,
320 4064 522 4122 ﬁrmum
565 4076 699 4133 stat,
752 4066 823 4121 ita
855 4068 1016 4121 ltomo
1050 4083 1115 4122 ex
1145 4077 1377 4137 quatuor
1420 4071 1775 4141 evangelistis

220 4154 411 4214 edoctus
426 4168 621 4217 contra
651 4163 925 4227 liceresim,
951 4170 1005 4218 et
1028 4160 1434 4219 tribulationem
1457 4166 1647 4221 ﬁrmus
1668 4168 1779 4222 ﬁat.

219 4246 326 4305 item
367 4255 655 4311 Mattitzens
690 4254 914 4310 donatus
939 4272 955 4308 :
990 4255 1197 4311 Maretts
1240 4258 1429 4311 donum
1473 4259 1733 4314 excelsum
1763 4275 1779 4313 :

218 4338 363 4401 Lucas
415 4358 738 4419 consurgens
780 4365 796 4401 :
852 4348 1087 4404 Joannes
1129 4353 1298 4420 gratia
1353 4349 1589 4405 Domini.
1649 4351 1779 4407 item

218 4444 315 4488 tota
346 4436 393 4491 in
427 4448 543 4495 rota
568 4484 582 4505 ,
633 4441 856 4509 spiritus
902 4442 952 4495 in
989 4452 1101 4495 rota
1155 4444 1469 4511 [ii‘IDtiiCﬁliO
1502 4444 1777 4515 Evangelii

218 4520 259 4576 in
288 4528 479 4586 mundo
510 4544 713 4605 gyraus
741 4551 753 4586 :
788 4533 1025 4603 Spiritus
1057 4535 1109 4588 111
1140 4542 1253 4589 rota
1287 4534 1523 4605 Spiritus
1558 4546 1779 4591 sanctus

217 4619 258 4673 in
282 4622 591 4697 Evangelia.
616 4628 746 4683 Item
779 4645 870 4685 vas
896 4628 1219 4695 linteum,ct
1249 4646 1412 4699 super
1445 4630 1620 4701 ipsum
1654 4649 1781 4693 qna-

219 4724 321 4769 tuor
360 4721 515 4775 linea:
560 4732 794 4791 quatuor
845 4724 1207 4793 cvangelistas
1260 4723 1613 4792 signiﬁcant:
1667 4725 1785 4778 inec

217 4812 575 4877 snnt,munda
621 4818 675 4870 et
721 4816 995 4869 immunda
1024 4861 1036 4883 ,
1081 4814 1253 4869 Jtitimi
1295 4824 1347 4868 et
1392 4814 1614 4870 Gentes.
1648 4815 1780 4869 item

215 4914 418 4972 Quatuor
443 4904 695 4965 animalia
742 4910 946 4966 habent
982 4911 1170 4966 oeulos
1221 4920 1346 4963 ante
1385 4921 1437 4964 et
1484 4923 1634 4966 retro
1672 4910 1782 4965 cia-

217 5002 389 5056 tnantia
415 5047 429 5072 ,
466 4998 741 5061 Sanctus:
783 5012 1015 5077 quatdor
1060 5006 1403 5075 evangelista:
1445 5017 1595 5061 sunt.
1645 5004 1777 5061 item

276 5200 530 5265 “Videtur
569 5196 696 5263 ltinc
741 5204 1011 5262 excidisse
1056 5205 1232 5272 locus,
1274 5221 1434 5278 quem
1482 5204 1673 5259 alludit
1713 5221 1778 5261 ex

218 5278 389 5334 (lenes.
407 5298 523 5347 cap.
546 5297 590 5335 ις
615 5279 680 5334 Et
702 5281 890 5349 [iuvius
912 5279 1261 5349 egrediebatur
1285 5278 1345 5329 dc
1369 5278 1480 5332 loro
1502 5279 1778 5347 voluptatis

220 5356 273 5401 ad
296 5353 614 5423 irrignntlnm
648 5351 962 5423 Pttratlfsum
985 5392 999 5415 ,
1030 5353 1116 5420 qui
1143 5352 1260 5401 inde
1288 5350 1537 5423 diuiditur
1564 5350 1617 5402 111
1646 5367 1779 5420 qna-

218 5434 317 5493 tnor
350 5421 533 5493 capita.
577 5422 808 5493 Proinde
830 5424 930 5476 erit
956 5426 1084 5493 etin
1107 5421 1459 5490 sequentibus
1491 5421 1779 5475 restituen-

217 5492 301 5546 dus
329 5492 476 5550 locus
502 5495 563 5549 ad
596 5496 739 5548 hunc
768 5492 881 5547 fere
910 5492 1148 5557 modum,
1173 5504 1399 5559 quatuor
1428 5493 1776 5564 ermrgclistus

218 5565 520 5632 signiﬁcant:
558 5566 773 5620 Flavius
808 5568 1003 5637 fontem
1045 5566 1337 5635 signiﬁcat,
1387 5566 1439 5617 id
1480 5574 1571 5627 est,

219 5646 354 5756 ﬁam,
382 5647 435 5693 et
478 5640 669 5694 Confer
714 5635 1026 5691 Drtithtnari
1076 5636 1482 5707 Εχιιοεὶιίοηθηι
1528 5639 1581 5691 111
1637 5635 1769 5693 Mat-

257 5724 415 5756 t.':llm.

222 5716 415 5762 ih.':tlm.

280 5778 304 5814 δ
354 5780 648 5849 chendutn
704 5790 896 5845 arctos,
950 5782 1121 5853 (lysis,
1169 5782 1408 5843 anatolr,
1451 5781 1771 5848 ηῑκδείτηώνὶτι,

221 5848 385 5909 Grece
430 5853 626 5931 ἄρκτος,
670 5856 840 5925 δύσις,
884 5848 1125 5921 (inaruit),
1166 5854 1477 5929 μεσημϐρία.
1512 5852 1639 5919 Quae
1673 5870 1776 5911 non

1898 526 2332 583 benedicti‘Onem
2355 574 2368 592 ,
2402 526 2645 583 secundo
2670 540 2772 596 per
2803 527 3038 591 lentem,
3074 527 3235 580 tertio
3276 524 3371 594 per
3402 524 3493 578 he-

1894 620 2259 675 nedictioncm
2288 636 2300 673 :
2338 618 2480 674 Esau
2507 618 2781 673 diabolum
2807 616 3095 689 signiﬁcat,
3127 616 3300 673 Jaeob
3329 613 3492 671 01111-

1892 723 2057 777 stum,
2093 714 2180 783 qui
2203 714 2374 783 ipsum
2410 714 2490 766 tier
2518 702 2719 767 vicitet
2748 710 3119 781 supplantavit
3155 729 3166 763 :
3200 710 3271 764 ita
3304 708 3357 764 et
3385 706 3485 763 nos

1893 804 2155 859 debemus
2199 804 2549 875 supplantare
2600 805 2821 858 fratrem
2876 816 3119 858 nostrum
3175 798 3491 865 diabolum,

1892 896 2022 951 treis
2060 884 2270 950 vicibus
2292 940 2305 961 ,
2334 895 2386 949 in
2420 892 2774 965 cogitatione,
2821 894 2872 948 in
2907 892 3099 963 veibo,
3133 905 3187 950 et
3222 895 3272 948 111
3302 894 3489 965 opere.

1890 990 2015 1045 idco
2039 990 2207 1043 frater
2231 998 2419 1043 uoster
2440 998 2545 1056 est,
2576 985 2699 1058 quia
2733 987 2877 1040 Deus
2906 987 3083 1056 ipsiiin
3118 987 3332 1041 creavit
3356 1029 3369 1047 ,
3400 982 3493 1055 qtli

1889 1093 1943 1139 et
1977 1086 2105 1149 nos,
2152 1098 2317 1137 unttm
2369 1092 2575 1150 patrem
2626 1070 2887 1157 habemus
2923 1079 3127 1135 Deu‘in:
3178 1084 3227 1133 et
3287 1080 3489 1132 imntttn

1890 1178 2039 1233 illum
2082 1179 2290 1232 creavit
2314 1218 2327 1241 ,
2373 1176 2469 1230 sed
2498 1191 2593 1243 per
2622 1180 2785 1229 suum
2814 1175 3003 1229 vitium
3037 1173 3401 1243 superbiendo
3430 1188 3491 1225 se

1890 1271 2147 1342 privavit.
2175 1262 2423 1339 Quatuor
2460 1268 2811 1339 evangelista:
2853 1266 3161 1337 signiﬁcant
3204 1266 3491 1321 Matthzeus

1890 1366 2082 1423 {aciein
2105 1362 2369 1420 hominis:
2406 1362 2578 1417 Lucas
2604 1344 3032 1416 vitulizltiarcus
3067 1360 3239 1415 leonis
3274 1377 3289 1415 :
3322 1359 3493 1413 Joan-

1892 1468 1988 1516 nes
2018 1459 2213 1530 aquila:
2245 1475 2258 1512 :
2293 1456 2554 1511 Dominus
2585 1452 2746 1511 .iesus
2776 1454 3029 1509 Christus
3072 1450 3242 1507 totum
3290 1452 3488 1521 imple-

1890 1552 1987 1621 vit,
2036 1554 2199 1608 itbino
2241 1548 2538 1615 nasotendo,
2570 1548 2777 1603 vitulus
2826 1542 3197 1610 immotando,
3240 1544 3326 1599 leo
3375 1548 3493 1597 sur-

1889 1646 2088 1718 gendo,
2140 1641 2319 1714 aquila
2367 1636 2735 1698 ascendendo.
2788 1639 2927 1695 Rota
2956 1638 3009 1692 in
3061 1638 3218 1704 rata,
3271 1628 3393 1705 lege
3441 1636 3491 1687 in

1890 1740 2066 1813 legem
2093 1782 2108 1805 ,
2138 1750 2299 1795 vetus
2342 1732 2395 1793 in
2443 1736 2676 1792 novum.
2718 1732 2828 1789 Cur
2870 1740 3106 1803 quatuor
3145 1724 3494 1800 evangelistat

1816 1804 1864 1867 Β
1892 1804 2000 1895 non
2032 1851 2128 1907 per
2159 1834 2386 1903 quatuor
2409 1830 2689 1903 aposmios
2720 1828 3056 1891 scribuntur,
3089 1824 3193 1880 nisi
3225 1828 3324 1896 per
3355 1822 3494 1878 duos

1893 1926 2217 2001 discipulos,
2250 1922 2303 1983 et
2343 1926 2480 1982 duos
2517 1925 2825 1995 apostolos,
2887 1924 3006 1993 quia
3061 1920 3154 1976 lilii
3208 1919 3378 1976 Jacob
3423 1920 3492 1973 de

1891 2022 2100 2080 duabus
2150 2019 2460 2086 iiberis,et
2488 2016 2697 2073 duabus
2745 2014 2961 2070 ancillis
2995 2013 3105 2069 nati
3151 2022 3298 2068 sunt.
3352 2012 3489 2068 Mat-

1895 2108 2068 2171 thmu's
2108 2104 2257 2169 mei:
2304 2100 2519 2166 Marcus
2572 2100 2695 2165 iac:
2744 2106 2919 2168 Lucas
2969 2106 3197 2163 Oleum:
3252 2106 3492 2161 Joannes

1892 2211 2098 2265 vinum.

1962 2298 2030 2362 ΙΝ
2074 2294 2529 2361 EVANGELiUii
2576 2296 2944 2358 SECUNDUM
2977 2292 3418 2355 MATTHZEUM.

1966 2397 2120 2453 Liber
2179 2392 2530 2471 generationis
2581 2390 2709 2449 Iesu
2767 2390 2955 2447 Christi
3012 2390 3109 2461 ﬁlii
3167 2384 3341 2442 David
3399 2385 3499 2454 [illi

1894 2493 2136 2547 Abrahae.
2184 2490 2311 2547 ideo
2343 2480 2481 2544 duos
2514 2494 2700 2559 patres
2744 2484 2993 2541 hoittina‘t
3021 2526 3036 2548 ,
3071 2484 3192 2555 quia
3229 2480 3295 2537 de
3330 2476 3495 2534 David

1894 2585 2139 2642 dicitur:
2188 2588 2264 2641 De
2305 2587 2478 2656 fructu
2528 2584 2717 2639 ventris
2769 2584 2840 2636 tui
2886 2584 3071 2652 ponant
3115 2590 3271 2651 super
3314 2574 3490 2630 Sedeat

1894 2696 2079 2733 meum.
2124 2680 2197 2734 De
2244 2676 2519 2733 Abraham
2552 2672 2750 2731 dicitur
2780 2694 2793 2729 :
2842 2673 2906 2727 In
2936 2673 3129 2728 sentina
3161 2682 3249 2723 tno
3281 2668 3491 2723 benedi-

1884 2783 2074 2832 centur
2104 2788 2277 2826 omnes
2305 2782 2492 2843 (tentes.
2527 2758 2650 2824 ideo
2685 2768 2851 2822 David
2882 2773 3007 2821 ante
3036 2764 3310 2843 Abraham
3355 2760 3493 2815 scri-

1894 2865 2061 2931 bitur,
2093 2864 2215 2928 quia
2262 2861 2618 2933 propinquior
2667 2864 2751 2914 est
2793 2857 3009 2913 Christo
3063 2856 3129 2909 de
3182 2846 3276 2908 illd
3315 2850 3485 2921 stirpe

1898 2956 2193 3011 nascendo.
2236 2955 2400 3009 Iacob
2432 2954 2609 3027 genuit
2635 2951 2833 3021 Joseph
2862 2993 2875 3016 ,
2910 2949 3207 3004 secundum
3256 2938 3495 2999 creatio-

1892 3068 2015 3109 nem
2055 3052 2227 3108 dixit:
2276 3050 2450 3105 Lucas
2501 3046 2801 3103 secundum
2836 3046 3010 3114 legem
3051 3039 3209 3103 dixit,
3261 3046 3319 3093 ut
3351 3038 3493 3092 illius

1894 3146 2009 3202 iieli
2041 3148 2204 3200 esset.
2235 3140 2363 3199 ideo
2394 3142 2651 3197 mulieres
2681 3138 2729 3193 in
2757 3133 3073 3208 genealogia
3105 3130 3308 3187 Christi
3339 3139 3486 3188 sunt,

1892 3240 2015 3309 quia
2056 3240 2186 3308 ipsze
2232 3232 2298 3289 ad
2346 3236 2511 3288 vitam
2560 3241 2826 3287 mternam
2880 3228 3105 3282 veniunt
3156 3232 3213 3277 ut
3249 3223 3394 3277 viri:
3439 3230 3493 3275 et

1892 3332 2013 3385 ideo
2055 3336 2365 3398 peccatores
2398 3329 2451 3381 in
2494 3322 2805 3394 genealogia
2860 3318 3065 3374 Christi
3114 3317 3487 3380 nominantur,

1890 3425 2015 3495 quia
2049 3425 2163 3491 ipse
2190 3422 2323 3476 dixit
2358 3438 2370 3474 :
2406 3419 2531 3474 Non
2564 3418 2674 3471 veni
2705 3418 3106 3486 romrejustos,
3132 3410 3221 3464 srd
3246 3416 3491 3482 peccato-

1890 3534 1991 3573 res.
2037 3516 2211 3571 Lucas
2259 3514 2329 3569 de
2379 3511 2599 3567 Christo
2649 3507 2717 3563 ab
2763 3508 2935 3563 Adam
2984 3505 3195 3573 dicens,
3246 3501 3485 3557 ostendit

1890 3607 2031 3680 quod
2062 3625 2159 3677 per
2186 3607 2389 3661 Christi
2414 3616 2585 3676 genus
2614 3600 2744 3657 Adze
2776 3599 3008 3654 soli/itur
3037 3613 3066 3652 a
3098 3605 3346 3666 peccato,
3378 3594 3494 3649 sive

1889 3702 2029 3774 quod
2060 3701 2127 3753 de
2155 3700 2371 3753 Christo
2404 3700 2625 3761 exeunt,
2650 3694 2738 3762 qui
2772 3699 3120 3748 revertuntur
3153 3689 3218 3743 ad
3248 3689 3485 3743 Patrem.

1889 3797 2083 3865 Figura
2101 3796 2205 3849 th't
2228 3793 2467 3846 virorum
2491 3790 2541 3844 in
2560 3786 2873 3859 genealogia
2896 3783 3118 3843 Christi,
3142 3784 3241 3835 hoc
3260 3787 3364 3843 est,
3383 3795 3488 3832 tht

1887 3886 2194 3942 mansiones
2235 3885 2359 3939 ﬁliis
2393 3880 2555 3937 israel
2584 3879 2651 3934 ab
2692 3878 2948 3948 JEgypto,
2978 3890 3147 3942 usque
3171 3875 3236 3926 ad
3274 3882 3476 3925 terram

1887 3975 2351 4048 repromissionis,
2382 3974 2435 4029 id
2464 3983 2568 4037 est,
2601 3972 2669 4026 de
2701 3969 2905 4025 mundo
2934 3968 3001 4022 ad
3047 3966 3246 4020 etclam
3280 3981 3295 4017 :
3331 3966 3481 4033 quod

1886 4072 2155 4140 signiﬁcat
2180 4086 2277 4141 per
2305 4079 2459 4123 terna
2489 4074 2690 4137 genera
2721 4065 2907 4119 venire
2937 4060 3002 4115 ad
3038 4058 3316 4112 Citristmn
3338 4102 3351 4122 ,
3390 4072 3487 4125 per

1886 4167 2070 4229 ﬁdem,
2098 4178 2272 4233 spem,
2310 4171 2363 4217 et
2386 4160 2729 4215 citaritatem.
2756 4155 2896 4223 Quid
2939 4170 3035 4224 per
3061 4168 3171 4218 xlv,
3204 4151 3305 4205 nisi
3336 4166 3431 4219 per
3451 4164 3484 4203 x

1884 4263 2050 4316 verba
2083 4258 2264 4327 chis,
2301 4265 2351 4309 et
2384 4270 2478 4326 per
2503 4262 2737 4325 quatuor
2766 4252 2996 4305 Virtutes
3018 4265 3031 4304 :
3055 4249 3225 4317 prima
3252 4244 3487 4315 pruden-

1888 4357 1992 4421 tia,
2026 4353 2231 4407 servire
2266 4352 2403 4417 Deo,
2440 4365 2545 4401 non
2579 4346 2736 4401 idolis
2770 4362 2783 4397 :
2817 4341 3053 4397 secunda
3089 4338 3475 4406 temperantia,

1885 4461 1991 4502 non
2028 4445 2417 4514 cortcupisccre
2448 4459 2460 4495 :
2497 4440 2652 4493 tertia
2688 4434 2897 4507 justitia
2923 4480 2935 4497 ,
2973 4448 3079 4486 non
3118 4431 3431 4485 adulterare
3464 4448 3477 4480 :

1884 4546 2072 4611 quarta
2112 4535 2405 4601 fortitudo,
2438 4532 2740 4598 dimittere,
2777 4546 2883 4583 non
2916 4527 3186 4582 occidere.
3222 4526 3322 4579 Per
3354 4541 3484 4594 qua-

1886 4640 2008 4688 tuor
2043 4631 2140 4683 luit
2172 4627 2403 4700 perditio
2437 4624 2646 4689 tnundi,
2680 4638 2778 4692 per
2810 4623 3012 4688 virum,
3041 4634 3140 4689 per
3170 4617 3479 4681 mulierem,

1885 4744 1981 4800 per
2006 4720 2228 4795 lignum,
2258 4732 2353 4791 per
2378 4718 2709 4789 serpentem,
2739 4726 2792 4771 ct
2824 4722 2919 4785 per
2943 4722 3176 4785 quatuor
3201 4720 3479 4766 restaura-

1886 4829 1971 4874 tur
1998 4863 2010 4885 ,
2049 4830 2143 4887 per
2172 4812 2482 4877 Christum,
2532 4824 2627 4879 per
2664 4807 2889 4863 Mariam
2917 4849 2930 4871 ,
2970 4820 3064 4875 per
3092 4818 3305 4859 crucem
3329 4843 3343 4867 ,
3389 4816 3484 4869 per

1886 4912 2054 4966 Virum
2100 4908 2322 4977 .iosepit.
2371 4905 2609 4973 Serpens
2639 4901 2729 4971 qui
2761 4901 2860 4954 ittit
2905 4900 2957 4953 in
3005 4898 3171 4952 lsraei
3200 4894 3476 4949 Christum

1884 5001 2209 5077 signiﬁcavit
2244 5020 2255 5055 :
2310 4998 2429 5070 ipsa
2459 4996 2525 5053 de
2567 5008 2693 5051 aere
2735 4994 2874 5050 facta
2916 5004 3038 5049 eum
3068 4997 3303 5059 quatuor
3348 4986 3485 5041 rotis

1892 5204 2194 5269 stellarum,
2236 5207 2296 5253 ut
2340 5205 2528 5253 auctor
2565 5205 2757 5255 vocat,
2802 5194 2894 5247 sed
2927 5198 3155 5269 quatuor
3197 5189 3479 5269 plagarum

1892 5276 2083 5329 mundi
2139 5263 2261 5327 sunt
2317 5273 2533 5324 nomina
2590 5280 2601 5320 :‘
2658 5280 2885 5337 quorum
2960 5263 3231 5337 prioribus
3289 5265 3482 5317 litteris

1890 5347 2086 5401 Adatni
2134 5360 2327 5397 nomen
2376 5340 2693 5411 signiﬁcari,
2744 5340 2906 5411 etiam
2952 5336 3194 5411 apud}.
3252 5337 3479 5411 August.

1889 5424 2097 5471 tractat.
2134 5416 2202 5483 Χ,
2238 5419 2289 5468 111
2321 5406 2475 5467 Joan.
2509 5420 2561 5467 et
2600 5416 2825 5483 tractatu
2859 5406 2927 5483 de
2962 5407 3230 5483 montibus
3264 5409 3386 5457 Sina
3422 5414 3477 5457 ct

1882 5490 2011 5543 Sion
2064 5487 2128 5541 ad
2182 5479 2383 5540 calcent
2434 5485 2491 5539 S.
2542 5479 2825 5550 Cypriani,
2886 5479 3219 5531 Aulularia-ii
3251 5493 3479 5550 quoque

1882 5560 2235 5615 Fortunalutn
2270 5559 2368 5622 1.1,
2401 5572 2449 5610 c.
2481 5556 2535 5617 7,
2561 5548 2628 5605 de
2667 5551 2813 5603 Eccl.
2843 5552 2998 5603 (illic.
3028 5562 3187 5618 atque
3214 5548 3348 5622 alios
3373 5561 3478 5599 tra-

1878 5632 2049 5686 ditum
2091 5640 2196 5688 est.
2236 5618 2443 5685 Sedet
2482 5624 2675 5696 Sibyil.
2707 5622 2935 5677 Uracuia
2972 5622 3065 5675 iii).
3110 5636 3166 5673 11.
3212 5618 3474 5673 Adatnttut

1882 5714 2073 5761 vocant

2379 5835 2387 5841 .
2424 5835 2430 5842 .
2469 5831 2479 5842 .
2518 5816 2909 5852 ταιιηι,;1.σ.τῑρ.ςςρςιταντ

2256 5862 2426 5915 λιτώάη,
2452 5882 2489 5907 τι
2516 5865 2618 5908 δίκην
2643 5882 2680 5905 τι
2701 5868 2923 5917 μεσηίιῧςῴαν
2948 5876 2987 5900 τι
3011 5864 3069 5901 ni
3087 5857 3229 5909 ἇᾷλῒῦν-
