3970 6304
34 1192 79 1229 *3;

36 1232 93 1267 If,

40 1264 87 1293 est

285 331 357 392 557
995 320 1361 382 EXPOSITIO
1397 318 1733 392 QUATUOR
1769 313 2335 376 EVANGELIORUM.
2378 312 2802 373 MATTHAEUS.
3429 310 3539 371 558

282 445 578 508 annuntiabit
608 444 724 515 tibi,
750 446 978 518 majores
1029 452 1145 499 tuos
1184 451 1232 497 et
1280 441 1453 496 dicent
1497 439 1608 505 tibi,
1650 446 1837 510 patres
1862 438 1913 500 Α
1939 445 2108 503 ctam,
2140 450 2238 505 per
2261 449 2497 507 myrram
2528 431 3002 491 mortiﬁcationem
3042 428 3362 487 voluntatis.
3398 428 3535 488 Item

281 542 515 618 principes
547 540 823 596 seniorum
854 545 911 593 et
939 536 1172 593 scribas.
1210 533 1308 589 Ubi
1336 533 1571 589 Christus
1598 547 1837 587 nascere-

279 652 354 697 tur.
383 639 495 696 Non
520 637 661 694 dixit
688 636 778 691 ubi
811 643 967 690 natus
993 643 1096 699 est,
1130 632 1223 688 ubi
1250 630 1368 687 est?
1393 630 1458 684 At
1486 629 1567 684 illi
1592 628 1837 683 dixerunt

274 737 315 790 in
345 730 644 788 Bethlehem
682 727 839 784 Iuda:
862 774 876 797 ,
896 766 905 769 Α
928 725 1113 781 verbis
1143 724 1351 791 dicunt,
1387 721 1531 793 quod
1559 721 1711 777 factis
1743 734 1837 776 ne-

274 837 390 901 gant,
414 826 552 883 caeci
575 824 799 896 palpant
818 830 879 878 ut
898 822 1049 877 Isaac
1066 819 1262 875 Jacob:
1294 817 1422 873 dum
1440 816 1517 872 ire
1533 815 1833 885 negligant,

272 938 399 996 quem
412 919 698 978 adorando
716 924 1041 973 monstrant.
1065 914 1203 970 Tres
1216 912 1378 983 magi,
1401 920 1513 967 tres
1536 910 1679 966 filios
1700 909 1833 978 Noe,

272 1029 365 1071 cum
406 1011 580 1067 tribus
611 1009 953 1075 muneribus,
983 1004 1305 1062 Trinitatem
1344 1003 1577 1058 adorare
1627 1001 1835 1073 signiﬁ-

275 1115 388 1163 cant.
408 1104 555 1160 Tunc
580 1101 837 1171 Herodes,
855 1101 992 1155 clam
1020 1098 1237 1165 vocatis,
1263 1096 1352 1152 hic
1373 1094 1833 1161 defecithistoria,

276 1200 374 1255 dum
402 1198 601 1255 secreti
638 1195 843 1251 indicat
872 1203 1086 1263 tempus
1127 1189 1324 1255 stellae,
1357 1195 1581 1259 propter
1609 1187 1713 1242 hoc
1756 1185 1840 1241 di-

280 1302 395 1349 stant
414 1290 721 1363 opiniones,
742 1286 958 1359 quando
974 1284 1115 1354 magi
1132 1290 1418 1339 venerunt.
1449 1279 1585 1335 Nam
1604 1288 1728 1350 post
1742 1294 1839 1333 an-

284 1401 381 1441 num
408 1398 574 1439 unum
602 1388 697 1437 aut
721 1379 880 1443 duos,
913 1376 1004 1432 alii
1033 1374 1224 1430 dicunt
1247 1391 1260 1429 :
1284 1372 1468 1428 nonin
1493 1370 1834 1437 Bethlehem,

287 1479 355 1536 sed
388 1478 438 1533 in
481 1474 750 1548 Egypto,
778 1469 1063 1528 inveniunt
1103 1483 1257 1533 eum;
1298 1474 1355 1522 et
1381 1465 1428 1520 si
1469 1465 1523 1518 in
1549 1463 1837 1519 duodecim

291 1571 395 1638 dies,
416 1566 682 1640 quomodo
709 1565 779 1621 de
801 1564 962 1633 longa
995 1572 1136 1617 terra
1164 1560 1347 1615 Persae
1374 1558 1460 1613 vel
1484 1556 1676 1623 Evilaa,
1710 1558 1839 1611 Ara-

290 1665 369 1721 biae
406 1664 487 1720 vel
532 1660 708 1717 Cedar
755 1659 813 1713 in
857 1672 935 1713 xtt
974 1656 1091 1711 dies
1133 1654 1320 1710 venire
1363 1651 1689 1721 potuerunt?
1731 1648 1839 1705 Sed

288 1765 428 1825 potest
452 1754 502 1809 id
530 1752 715 1808 facere
744 1750 887 1806 Deus
917 1746 1075 1818 cujus
1092 1745 1263 1801 verbo
1290 1759 1421 1801 saxa
1444 1744 1653 1807 volant,
1684 1758 1840 1797 mon-

1939 529 2039 583 tria
2072 543 2322 593 munera,
2372 528 2628 598 cogitatio
2682 534 2888 592 sancta,
2938 524 3164 581 verbum
3213 523 3442 591 bonum,
3483 532 3539 580 et

1936 637 2077 694 opus
2104 621 2426 691 perfectum.
2458 620 2628 677 Stella
2676 621 2757 675 sic
2810 620 3066 690 apparuit
3094 626 3301 673 tantum
3332 617 3385 672 in
3415 614 3535 687 ejus

1936 715 2240 779 nativitate,
2283 715 2426 769 sicut
2462 712 2714 768 columba
2757 712 2814 766 in
2863 710 3154 782 baptismo.
3196 708 3336 764 Nam
3376 707 3537 764 stella

1937 808 2153 880 quando
2192 805 2554 863 antecedebat
2576 819 2695 871 eos,
2728 819 2834 858 non
2864 804 3020 873 longe
3047 818 3077 856 a
3105 810 3274 858 terra.

2008 902 2079 956 Et
2104 918 2351 971 responso
2374 910 2584 973 accepto
2613 901 2667 955 in
2694 899 2909 966 somnis,
2954 905 3009 954 et
3054 897 3283 968 reliqua.
3326 896 3452 953 Ideo
3484 896 3537 952 in

1935 998 2144 1054 somnis
2175 997 2334 1052 oculo
2377 996 2582 1063 clauso,
2621 1002 2678 1049 ut
2722 994 2892 1049 Deum
2937 991 3290 1057 invisibilem,
3347 998 3402 1046 et
3453 990 3536 1046 in-

1936 1087 2497 1161 comprehensibilem
2529 1086 2846 1156 adorarent,
2905 1093 2983 1161 et.
3009 1084 3201 1155 vigiles
3240 1098 3350 1139 non
3401 1099 3536 1154 ape-

1934 1183 2148 1240 riantur
2192 1183 2335 1238 oculi
2385 1182 2455 1237 ad
2508 1192 2812 1245 creaturas,
2846 1179 2943 1236 sed
2975 1177 3046 1234 ad
3076 1188 3403 1233 creatorem.
3449 1177 3536 1233 Ne

1937 1278 2164 1332 redirent
2203 1276 2272 1330 ad
2320 1272 2606 1340 Herodem,
2661 1272 2715 1328 id
2764 1280 2867 1338 est,
2910 1281 3033 1343 post
3061 1270 3437 1341 paenitentiam
3466 1270 3536 1326 ad

1937 1371 2233 1428 diabolum.
2267 1369 2373 1424 Per
2404 1368 2561 1423 aliam
2584 1369 2722 1422 viam
2746 1367 2934 1422 reversi
2962 1374 3082 1420 sunt
3106 1366 3161 1419 iu
3190 1381 3338 1419 suam
3364 1365 3536 1436 regio-

1938 1482 2073 1520 nem.
2106 1463 2275 1535 Regio
2305 1462 2590 1534 paradisus
2613 1472 2716 1517 est.
2744 1460 2838 1516 ille
2872 1475 2969 1530 per
2994 1460 3155 1515 aliam
3179 1457 3320 1514 viam
3360 1473 3543 1530 regre-

1937 1561 2106 1628 ditur,
2139 1560 2227 1630 qui
2252 1566 2420 1615 totam
2451 1557 2623 1612 vitam
2653 1571 2811 1612 suam
2835 1553 3116 1622 emendat,
3160 1563 3216 1609 et
3258 1556 3328 1610 de
3367 1552 3544 1624 pravi-

1943 1662 2055 1709 tate
2080 1652 2236 1708 venit
2265 1650 2333 1706 ad
2361 1651 2728 1705 sanctitatem.
2780 1684 2785 1689 .
2868 1678 2871 1679 ν
2967 1649 3050 1709 eis...
3080 1664 3130 1703 τε
3152 1680 3167 1685 η
3291 1694 3295 1699 .
3324 1696 3329 1701 .

2014 1746 2118 1813 Qui
2148 1761 2267 1798 cum
2295 1744 2649 1809 recessissent,
2679 1758 2795 1796 ecce
2822 1742 3038 1814 angelus
3068 1740 3305 1808 Domini,
3340 1747 3397 1795 et
3416 1738 3544 1796 reli-

288 1818 349 1904 ies
370 1848 674 1912 movebunt,
703 1845 787 1898 cui
820 1851 1013 1897 natura
1044 1847 1129 1895 est
1166 1836 1286 1892 ﬁeri
1331 1835 1475 1906 quod
1497 1834 1676 1905 jubet.
1704 1834 1837 1887 Dili-
1867 1818 1915 1879 Β
1944 1853 2068 1907 qua.
2101 1836 2341 1900 Gabriel,
2386 1836 2640 1907 fortitudo
2671 1834 2769 1890 Dei
2815 1836 3033 1890 dicitur.
3077 1834 3305 1905 Dignum
3334 1842 3455 1889 erat
3487 1842 3547 1889 ut

285 1953 426 2014 genter
452 1951 629 1997 tamen
654 1938 836 1992 didicit
865 1936 929 1990 ab
971 1935 1044 1988 eis
1090 1942 1288 2002 tempus
1327 1928 1508 1995 stella,
1543 1928 1597 1983 id
1632 1938 1738 1993 est,
1782 1936 1842 1982 ut

286 2043 306 2071 ι
332 2035 474 2089 sciret
501 2034 556 2088 in
588 2046 700 2102 quo
732 2040 976 2098 tempore
1002 2043 1015 2081 :
1047 2025 1186 2080 forte
1216 2022 1424 2094 putavit
1451 2019 1596 2092 quod
1624 2020 1692 2075 ab
1720 2020 1841 2091 ipso

286 2137 419 2182 natus
435 2136 573 2183 esset
598 2126 769 2191 filius,
799 2123 887 2178 vel
910 2121 979 2177 de
1004 2134 1103 2175 suo
1127 2133 1347 2191 genere.

348 2221 432 2285 Qui
468 2236 579 2275 cum
635 2217 900 2271 audissent
946 2229 1138 2286 regem,
1193 2212 1452 2268 abierunt.
1498 2208 1726 2279 Quando
1774 2207 1842 2263 ad

285 2312 520 2367 Christum
574 2310 933 2382 quaerendum
988 2307 1175 2373 mittit,
1226 2304 1535 2360 audiendus
1589 2312 1673 2360 est
1721 2324 1735 2358 :
1790 2310 1845 2358 et

292 2405 474 2476 quando
498 2405 562 2459 ad
592 2418 653 2459 se
678 2402 880 2457 reverti
905 2399 1088 2471 jubet,
1116 2396 1544 2454 contemnendus
1572 2405 1673 2452 est.
1707 2393 1843 2450 Cum

290 2499 411 2553 enim
436 2498 767 2556 Salvatorem
799 2496 855 2550 in
880 2494 1049 2548 altum
1078 2491 1327 2560 duceret,
1360 2490 1568 2558 renuit,
1591 2489 1711 2561 ipse
1735 2503 1845 2544 non

292 2594 438 2648 renuit
468 2612 481 2650 :
511 2593 637 2649 dum
668 2606 802 2648 vero
849 2588 1104 2644 deorsum
1148 2587 1374 2642 dimittit
1414 2593 1470 2641 et
1516 2599 1577 2640 se
1616 2585 1847 2640 adorare

283 2689 429 2757 jubet,
453 2687 720 2746 recusavit
745 2685 1013 2755 legaliter,
1040 2682 1324 2736 Dominum
1346 2678 1516 2734 Deum
1538 2690 1683 2734 tuum
1712 2680 1843 2733 ado-

290 2782 423 2848 rabis,
446 2791 495 2838 et
521 2781 750 2851 reliqua.
782 2778 874 2835 Sic
925 2777 1003 2832 illi
1054 2784 1318 2831 exeuntes
1349 2772 1501 2828 exire
1522 2773 1726 2839 sciunt,
1759 2786 1846 2827 re-

292 2874 391 2932 dire
415 2876 664 2932 nesciunt.
702 2872 764 2927 Et
794 2888 907 2926 ecce
941 2869 1124 2935 stellte,
1155 2883 1311 2937 quam
1338 2863 1593 2932 viderant,
1625 2873 1680 2920 et
1711 2864 1847 2919 reli-

294 2982 395 3038 qua.
415 2968 632 3023 Dubium
675 2966 739 3019 lit
770 2964 861 3019 ubi
892 2977 953 3018 se
978 2958 1289 3025 abscondit,
1333 2955 1554 3028 quando
1582 2955 1674 3010 isti
1700 2955 1849 3010 abic-

296 3073 414 3117 runt.
442 3060 652 3134 Aliquid
704 3057 926 3113 humani
966 3052 1178 3110 consilii
1214 3070 1227 3106 :
1261 3051 1387 3123 quia
1416 3049 1675 3105 Dominus
1725 3048 1847 3104 abs-

300 3157 445 3211 condit
489 3172 519 3211 a
562 3153 825 3211 cordibus
891 3148 1137 3216 nostris,
1184 3153 1248 3201 ut
1300 3146 1466 3201 etiam
1519 3143 1843 3213 inquiratur.

303 3251 447 3320 Stella,
479 3251 635 3321 fides,
667 3264 737 3303 an
767 3245 889 3302 lex?
916 3210 1278 3312 Compu’nctio
1307 3253 1432 3309 qua:
1472 3251 1573 3292 nos
1594 3210 1750 3291 ducit
1778 3234 1845 3291 ad
1874 3210 1920 3274 (ἶ

312 3341 551 3413 Cbr'stum,
608 3338 971 3397 antecedebat
1018 3350 1137 3403 eos,
1187 3331 1407 3404 quando
1456 3336 1728 3386 venerunt
1779 3328 1846 3384 ad

314 3435 550 3508 Christum,
610 3437 769 3493 stella
817 3448 912 3490 eos
969 3426 1270 3502 perduxit:
1305 3440 1429 3481 nam
1469 3425 1537 3480 ad
1579 3422 1846 3480 Herodem

304 3533 422 3588 stella
443 3550 530 3591 eos
559 3547 670 3588 non
702 3530 877 3585 duxit.
912 3523 1155 3581 Herodes
1180 3520 1454 3577 diabolum
1483 3517 1845 3589 significabat,

295 3630 394 3697 quia
413 3630 493 3699 qui
522 3627 677 3684 exiet
727 3623 796 3679 de
843 3618 1050 3675 diaboli
1076 3615 1445 3687 suggestione,
1475 3611 1543 3666 ad
1570 3610 1847 3666 Christum

289 3735 391 3777 cum
435 3723 556 3777 fidei
610 3717 771 3775 stella
802 3713 971 3770 vadit.
1007 3710 1254 3765 Videntes
1282 3703 1677 3775 stellamgavisi
1706 3711 1846 3767 sunt,

287 3824 334 3870 et
345 3816 554 3888 reliqua,
575 3813 702 3885 quia
720 3823 837 3865 mos
855 3816 938 3863 est
960 3803 1234 3871 omnibus,
1255 3796 1561 3872 perditione
1581 3794 1608 3832 δ
1630 3795 1850 3850 inventa

284 3909 492 3979 gaudere
517 3908 658 3979 ejus.
689 3904 815 3960 Ideo
845 3898 1106 3967 ostendit,
1139 3906 1194 3953 et.
1214 3894 1572 3951 excelsiorem
1598 3905 1848 3962 puerum,

285 4017 427 4074 quam
451 4018 601 4060 suam
629 4006 884 4056 matrem.

347 4098 411 4152 Et
434 4099 682 4153 intrantes
712 4092 963 4159 domum,
1013 4094 1071 4145 et
1117 4084 1367 4156 reliqua:
1408 4090 1587 4138 utrum
1627 4078 1851 4135 domum

285 4205 344 4246 an
362 4191 745 4249 diversorium?
767 4186 833 4241 Et
854 4184 1180 4259 procidentes
1200 4180 1540 4234 adoraverunt
1561 4190 1699 4243 eum,
1728 4182 1855 4228 ante

286 4284 477 4341 stellam
522 4281 825 4340 adorabant
855 4297 870 4334 :
900 4276 1137 4333 cessavit
1179 4281 1452 4338 creatura,
1483 4269 1611 4326 dum
1638 4274 1857 4324 creator

287 4377 541 4433 adoratur.
591 4375 661 4431 Et
694 4373 891 4441 apertis
934 4368 1193 4425 thesauris
1224 4367 1353 4431 suis,
1385 4373 1440 4420 et
1470 4363 1678 4433 reliqua
1707 4378 1720 4417 :
1755 4377 1851 4416 au-

289 4484 393 4525 rum
420 4472 553 4543 regi,
579 4469 703 4525 thus
732 4467 866 4531 Deo,
900 4475 1080 4534 myrra
1119 4459 1453 4531 sepulcrum.
1499 4454 1686 4512 Utrum
1718 4468 1856 4508 unus

289 4574 477 4633 aurum,
506 4563 647 4619 alius
674 4559 825 4625 thus,
856 4556 1050 4613 tertius
1077 4566 1312 4624 myrram
1340 4547 1537 4605 obtulit
1563 4565 1577 4602 :
1609 4560 1721 4602 non
1752 4546 1857 4601 sci-

1942 1928 2310 1984 inlirmitatem
2340 1926 2696 1982 humanitatis
2727 1926 2991 1982 fortitudo
3032 1928 3134 1983 Dei
3183 1926 3547 1983 confortaret.

1941 2021 2013 2076 Et
2054 2020 2213 2076 aliter
2247 2038 2261 2073 :
2302 2019 2431 2090 quia
2473 2026 2605 2074 tunc
2651 2020 2878 2089 angelus
2923 2019 3082 2074 nobis
3120 2020 3544 2090 appropinquat,

1944 2130 2065 2171 cum
2108 2129 2209 2170 nos
2249 2114 2644 2169 recesserimus
2672 2112 2744 2167 ab
2772 2112 2990 2169 llerode
3021 2112 3264 2169 diabolo.
3300 2111 3464 2184 Fugit
3492 2115 3547 2168 in

1945 2208 2235 2279 Egyptum
2258 2224 2277 2262 :
2298 2206 2422 2278 fuga
2453 2206 2737 2262 victoriam
2762 2207 3023 2276 ostendit,
3051 2207 3191 2262 sicut
3221 2205 3353 2261 Jesu
3391 2206 3546 2263 Nave

1945 2306 2161 2377 quando
2181 2304 2353 2371 dixit,
2378 2303 2607 2359 Dividite
2626 2320 2735 2365 vos,
2765 2312 2811 2358 et
2840 2304 2908 2358 ite
2934 2305 2989 2357 in
3020 2307 3199 2376 fugam
3221 2303 3385 2358 donec
3410 2303 3546 2358 cives

1946 2401 2088 2471 foras
2117 2409 2324 2466 exeant,
2354 2409 2531 2469 postea
2554 2400 2849 2463 convertite,
2892 2409 2941 2454 et
2980 2400 3196 2453 vincetis
3238 2416 3345 2454 eos.
3384 2397 3547 2455 Chri-

1946 2504 2064 2551 stus
2099 2495 2307 2563 primus
2337 2492 2492 2563 fugit,
2526 2491 2706 2547 donec
2733 2501 2882 2547 retro
2922 2491 3203 2547 diabolum
3232 2490 3421 2548 vincit.
3452 2490 3549 2547 Sic

1947 2588 2148 2658 Joseplt
2198 2589 2251 2642 in
2296 2586 2534 2657 Egypto
2564 2600 2596 2640 a
2635 2584 2856 2640 domina
2902 2600 3000 2640 sua
3044 2583 3181 2655 fugit
3228 2582 3451 2655 inclyta,
3492 2590 3549 2640 et

1949 2680 2299 2753 postmodum
2342 2680 2459 2749 ipse
2495 2694 2659 2749 super
2709 2676 3009 2749 IEgyptum
3058 2691 3153 2731 rex
3199 2674 3325 2730 fuit.
3376 2674 3552 2747 Usque

1950 2774 2074 2828 dum
2104 2772 2274 2827 dicam
2298 2770 2387 2825 tibi
2411 2788 2431 2825 :
2464 2771 2553 2825 hic
2581 2770 2825 2825 ostendit
2850 2768 2995 2840 quod
3041 2783 3149 2824 non
3199 2782 3418 2840 semper
3461 2767 3549 2822 fu-

1949 2866 2205 2939 giendum
2235 2874 2321 2922 est
2349 2863 2649 2932 diabolum,
2683 2870 2745 2918 ut
2770 2863 2971 2918 Paulus
2996 2861 3276 2933 apostolus
3302 2862 3381 2917 ait
3405 2879 3419 2916 :
3448 2861 3554 2917 Re-

1950 2959 2114 3014 sistite
2139 2956 2366 3026 diabolo,
2389 2966 2439 3011 et
2466 2956 2629 3028 fugiet
2655 2972 2688 3009 a
2717 2955 2882 3009 vobis.
2914 2954 3139 3011 Noctem
3185 2953 3276 3009 hic
3309 2964 3333 2994 ο
3363 2961 3551 3011 osten-

1951 3048 2051 3117 dit,
2080 3048 2224 3120 quod
2244 3049 2448 3103 secessit
2473 3046 2665 3102 littera:
2690 3045 2935 3102 tenebrae
2962 3045 3122 3116 Legis
3154 3044 3301 3115 apud
3329 3044 3552 3103 Iudaeos

1952 3152 2074 3214 post
2100 3141 2400 3213 ,Christum
2451 3154 2620 3211 usque
2656 3138 2840 3195 hodie.
2874 3138 3044 3207 Usque
3074 3137 3143 3192 ad
3188 3148 3401 3193 mortem
3434 3137 3543 3193 tle-

1951 3236 2127 3291 rodis:
2170 3241 2472 3305 exspectat,
2503 3233 2570 3297 ,id
2618 3240 2724 3300 est,
2773 3241 2887 3288 tres
2929 3246 3102 3288 annos
3146 3232 3435 3303 :‘gentiles
3474 3233 3549 3287 si-

1949 3327 2168 3399 gnificat
2186 3324 2512 3381 Trinitatem
2536 3323 2863 3380 credituros.
2890 3324 2958 3379 Et
2979 3339 3085 3380 non
3110 3325 3358 3395 pervenit
3378 3339 3549 3396 usque

1950 3420 2020 3476 ad
2046 3430 2297 3475 mortem.
2330 3416 2577 3473 Herodes
2615 3416 2820 3473 indicat
2868 3416 3104 3484 Judmos,
3144 3418 3236 3489 qui
3279 3417 3347 3474 ad
3392 3417 3553 3474 Chri-

1950 3523 2096 3571 stum
2121 3513 2348 3568 veniunt
2374 3519 2498 3581 post
2517 3522 2749 3567 mortem
2780 3510 2975 3567 litteras
2995 3511 3175 3583 Legis.
3204 3511 3291 3567 Ea:
3310 3511 3548 3586 Αῖθῃριο

1951 3608 2127 3663 vocavi
2168 3606 2335 3677 ﬁlium
2380 3621 2569 3673 meum,
2617 3604 2777 3675 primi
2809 3604 3021 3677 Moyses
3051 3614 3106 3661 et
3135 3606 3319 3661 Aaron
3357 3620 3552 3676 provo-

1950 3711 2080 3760 cant
2102 3702 2401 3758 Christum.

2023 3795 2171 3851 Tunc
2202 3793 2439 3850 Herodes
2466 3794 2665 3861 videns,
2693 3795 2831 3865 quod
2861 3792 3051 3850 illusus
3076 3794 3143 3849 sit
3168 3810 3202 3849 a
3226 3795 3413 3868 magis.
3452 3793 3551 3851 Hic

1953 3891 2245 3965 prophetia
2272 3890 2553 3958 impletur,
2586 3890 2742 3944 draco
2780 3890 2876 3945 iste
2896 3904 3047 3961 quem
3070 3889 3309 3959 formasti
3336 3889 3404 3944 ad
3426 3888 3553 3943 illu-

1955 3985 2183 4041 dendum
2206 3983 2300 4038 eis.
2332 3980 2402 4035 Et
2437 3981 2594 4036 mittit
2621 3988 2671 4036 et
2693 3982 2882 4037 occidit
2904 3996 3098 4050 gomnes
3127 3996 3337 4054 pueros,
3369 3990 3430 4036 ut
3458 3997 3552 4038 re-

1954 4093 2078 4150 gem
2111 4087 2297 4131 natum
2324 4074 2598 4129 inveniret
2627 4092 2641 4129 :
2666 4075 2756 4130 hic
2809 4074 2933 4141 plus
2984 4071 3250 4140 illuditur,
3278 4087 3419 4142 quos
3457 4089 3555 4128 ex-

1955 4170 2184 4226 stinctos
2218 4168 2446 4238 putavit,
2479 4167 2629 4222 vivos
2657 4165 2714 4220 in
2741 4164 3053 4236 paradisum
3078 4164 3243 4220 misit.
3277 4165 3322 4219 A
3351 4163 3553 4220 bimatu

1957 4271 2005 4318 et
2034 4265 2195 4333 infra,
2228 4260 2283 4314 id
2314 4269 2418 4326 est,
2448 4260 2517 4315 ab
2543 4273 2687 4314 anno
2727 4259 3005 4328 praeterito
3037 4268 3093 4315 et
3123 4257 3395 4329 sequenti,
3426 4257 3554 4329 quia

1958 4355 2202 4413 infantia:
2238 4369 2435 4410 nomen
2467 4368 2736 4408 annorum
2764 4352 3020 4408 duorum.
3063 4350 3172 4407 Vox
3194 4353 3251 4406 in
3278 4351 3469 4422 Ruina,
3502 4363 3559 4410 et

1958 4446 2193 4519 reliqua.
2226 4445 2430 4501 Rachel
2457 4446 2850 4514 interpretatur
2873 4444 2978 4498 ovis
3001 4443 3177 4498 videns
3200 4440 3370 4498 Deum
3396 4458 3417 4499 :
3444 4443 3556 4499 Ra-

1960 4554 2049 4594 ma
2077 4539 2335 4594 excelsus.
2368 4536 2589 4603 Rachel,
2628 4536 2898 4604 Ecclesia,
2943 4550 3063 4607 qua:
3105 4536 3285 4607 plorat
3318 4535 3373 4592 in
3407 4537 3555 4593 valle

292 4663 367 4710 tur
394 4673 406 4711 :
433 4609 499 4713 ait
530 4652 902 4725 unusquisque
954 4647 1069 4705 tria.
1083 4646 1276 4703 obtulit
1304 4643 1447 4699 dona
1468 4683 1484 4710 ,
1516 4648 1704 4711 aperte
1742 4654 1847 4695 non

1959 4633 2342 4705 lacrymarum,
2375 4645 2512 4702 quos
2540 4629 2795 4700 perdidit,
2843 4630 2933 4700 qui
2985 4637 3114 4686 ante
3165 4640 3553 4702 peccaverunt,

293 4746 485 4816 dicitur,
537 4748 634 4806 sed
666 4756 957 4814 utrumque
1005 4744 1058 4796 in
1108 4738 1299 4810 figura.
1348 4733 1466 4791 Non
1512 4731 1850 4798 discordant,

292 4843 395 4910 quia
424 4851 529 4899 tres
560 4841 749 4897 ﬁdeles
779 4851 946 4892 unum
972 4840 1120 4896 sunt,
1152 4840 1208 4886 et
1235 4830 1287 4883 in
1316 4840 1481 4882 unum
1514 4832 1697 4880 essent
1744 4832 1854 4879 tres

289 4933 497 5003 fructus,
548 4933 890 4995 tricesimus,
944 4923 1422 4999 quadragesimus,
1472 4918 1850 4974 centesimus:

290 5029 566 5085 tricesimus
597 5028 653 5083 in
688 5024 794 5080 lide
821 5020 1129 5087 Trinitatis,
1162 5012 1614 5088 quadragesimus
1644 5009 1698 5065 in
1725 5025 1853 5081 per-

290 5116 496 5178 fectione
522 5118 757 5176 actualis
789 5117 933 5179 vitae,
963 5111 1294 5170 centesimus
1317 5119 1538 5164 aeterna:
1567 5105 1691 5159 vita:
1721 5117 1853 5159 con-

289 5216 630 5283 templatione.
689 5208 1068 5279 Unusquisque
1114 5203 1217 5259 tria
1262 5201 1588 5270 offerebant,
1621 5215 1719 5270 per
1760 5214 1856 5254 au-

286 5321 384 5363 rum
424 5311 820 5365 conscienttam
868 5312 1084 5372 puram,
1130 5313 1225 5368 per
1259 5297 1384 5352 thus
1413 5296 1720 5353 orationem
1770 5311 1858 5352 re-

344 5431 550 5484 tAntea
601 5432 657 5476 ut
704 5421 937 5475 scissent.
986 5414 1157 5470 Paulo
1187 5423 1309 5484 post
1350 5413 1544 5483 supple
1574 5412 1848 5481 Diabolus,

283 5497 497 5571 autquid
522 5494 725 5558 simile,
757 5492 851 5571 ubi
879 5489 1104 5571 dicitur,
1133 5503 1249 5540 cum
1265 5486 1409 5571 enim
1441 5485 1769 5571 Saluatorem
1797 5488 1853 5541 in

282 5558 440 5639 sttuit,
472 5579 604 5633 etc.,
625 5579 789 5636 quem
810 5559 1109 5632 signiﬁcari
1132 5561 1350 5613 nomine
1369 5558 1621 5625 Herodis,
1648 5559 1854 5614 Auctor

284 5655 695 5782 nolEaSinipserit,
726 5710 845 5759 utut
866 5717 1128 5782 perquam
1148 5701 1402 5782 barbare.
1434 5704 1657 5782 Auctor,
1682 5704 1854 5773 pcrdi-

284 5774 646 5841 a'oneinvettta.
676 5774 1061 5847 Supra'atque
1104 5774 1245 5828 infra
1288 5777 1454 5831 multa
1495 5777 1852 5849 castigantur,

286 5870 388 5928 qua:
410 5862 839 5916 commemorare
862 5862 969 5904 non
999 5855 1173 5902 vacat.

1958 4726 2026 4783 de
2052 4726 2248 4796 quibus
2279 4738 2389 4779 non
2415 4725 2531 4779 vult
2555 4724 2845 4791 consolari,
2879 4726 3008 4797 quia
3062 4739 3171 4782 non
3225 4734 3351 4781 sunt
3395 4726 3555 4783 Chri-

1959 4818 2143 4875 stiani.
2194 4816 2398 4872 Rachel
2438 4828 2611 4872 mater
2652 4815 2754 4871 fuit
2792 4817 3097 4888 Beniamin,
3142 4818 3259 4874 sive
3306 4818 3430 4890 quia
3481 4817 3555 4873 ibi

1962 4919 2171 4967 mortua
2199 4918 2371 4966 estet
2399 4907 2634 4980 sepulta,
2676 4908 2767 4965 ubi
2795 4910 3004 4981 parvuli
3047 4911 3217 4965 occisi
3264 4918 3411 4967 sunt.
3440 4907 3555 4965 De-

1955 5006 2127 5079 functi
2151 5012 2269 5059 sunt
2293 5003 2450 5070 enim,
2474 5012 2529 5060 et
2565 5001 2800 5075 reliqua.
2850 5002 2977 5061 Ideo
3025 5004 3395 5077 synecdoche,
3429 5017 3557 5073 pars

1959 5114 2059 5170 pro
2091 5106 2224 5153 toto.

2036 5193 2189 5250 Venit
2216 5194 2272 5249 in
2299 5195 2561 5250 civitatem
2591 5192 2886 5261 Nazareth,
2914 5192 2968 5249 id
3017 5202 3141 5258 est,
3188 5195 3290 5264 ﬂos
3345 5192 3563 5248 mundi-

1962 5289 2084 5359 tite;
2114 5301 2298 5364 aptum
2323 5288 2425 5345 fuit
2449 5329 2465 5356 ,
2521 5288 2593 5343 ibi
2630 5287 2897 5354 habitare,
2931 5285 3021 5357 qui
3076 5284 3247 5354 dixit‘,
3280 5285 3392 5359 Ego
3440 5303 3557 5342 sum

2035 5424 2057 5452 ε
2082 5408 2440 5466 Restituimus
2463 5414 2753 5475 utcumque
2778 5418 3021 5475 sensum,
3045 5419 3151 5474 quo
3180 5406 3392 5475 penitus
3415 5410 3555 5464 Mar-

1958 5484 2139 5544 tianmi
2172 5480 2336 5535 editio
2363 5478 2585 5533 carebat
2616 5494 2629 5532 :
2660 5474 2879 5549 Noctem
2901 5474 3270 5549 Iti_c,_ostcndit
3301 5481 3440 5549 quod
3476 5496 3556 5531 sc-

1960 5556 2112 5613 cessit
2163 5554 2345 5607 litterae
2378 5551 2598 5603 tenebrat
2624 5550 2769 5619 legis.
2794 5547 2965 5621 ΔΑριιά
3005 5545 3220 5621 Indicos
3261 5545 3372 5621 post
3402 5549 3549 5605 Chri-

1958 5638 2097 5684 stum
2124 5640 2285 5695 usque
2314 5622 2485 5684 hodie,
2534 5618 2693 5688 usque
2726 5618 2823 5695 _ud_
2847 5621 3026 5695 mortis
3074 5618 3331 5695 Herodem
3374 5636 3554 5687 exspe-

1962 5711 2089 5765 ctas,
2121 5688 2226 5753 etc.
2258 5695 2316 5749 ιη
2342 5696 2695 5765 sequentibus
2726 5688 2925 5746 leviora
2955 5692 3063 5749 alia
3095 5706 3235 5763 pene
3265 5691 3551 5749 innumera

1965 5773 2318 5843 castigantur.
