3970 6304
204 335 292 394 5“

897 335 1266 396 exeosmo
1303 319 1640 408 QUATUblt
1680 333 2248 398 EVANGELlOltUll-l.
2298 323 2724 400 narramus.

3369 344 3478 402 Si?!

211 463 406 520 catum,
429 451 664 508 viviﬁeat
691 460 746 508 et
777 453 948 509 satiat
977 463 1002 490 ιι
1029 472 1041 507 :
1074 454 1146 508 ita
1177 453 1482 526 baptismus
1508 455 1667 510 mari.
1723 454 1789 510 Et
1815 454 1867 517 Α
1896 455 1983 526 qui
2007 469 2106 527 per
2132 455 2437 512 membrum
2466 474 2496 513 a
2546 435 2720 514 Pilato
2752 457 2999 530 crueitlgi
3049 451 3320 529 permisit.
3371 439 3477 514 ilus

201 547 312 616 quia
334 546 535 600 duobus
563 545 888 602 substantiis
930 546 1299 616 baptizantur,
1334 546 1386 602 id
1416 555 1521 611 est,
1555 561 1693 617 aqua
1728 557 1784 602 et

200 656 294 694 vox
323 635 642 705 sacerdotis,
681 639 959 696 visibilem
991 647 1046 696 et
1075 639 1442 711 invisibilem,
1481 643 1686 713 corpds
1725 639 1781 696 et

196 734 436 786 animant.
464 731 707 787 Ascendit
730 733 794 786 de
823 739 989 803 aqua,
1019 730 1312 802 signiﬁcat,
1350 744 1539 803 postea
1587 736 1781 789 ascen-

195 827 316 881 dere
341 831 434 896 per
463 827 606 880 bona
635 839 828 896 opera,
866 835 923 881 et
963 826 1136 896 gradu
1173 825 1495 882 humilitatis
1541 828 1774 883 descen-

193 919 350 976 dere:
382 920 503 990 quia
532 917 790 974 Jordanis
832 919 1092 974 descensio
1145 913 1368 977 dicitur.
1421 918 1558 975 Ecce
1612 920 1779 990 aperti

192 1023 302 1067 sunt
327 1013 458 1079 creti,
493 1013 544 1068 id
576 1015 684 1080 est,
718 1013 1048 1083 baptiSmt‘rm
1073 1013 1355 1070 ostendit:
1387 1013 1586 1070 coelum
1618 1018 1778 1084 aper-

196 1118 297 1160 tum
325 1116 410 1162 est
440 1105 738 1177 unicuique
759 1115 888 1178 post
919 1107 1134 1175 culpam
1162 1107 1319 1161 Adm.
1363 1105 1432 1161 Et
1463 1105 1590 1160 cidit
1621 1107 1778 1175 spiri-

193 1211 290 1253 tum
317 1199 708 1254 descendentem
732 1201 866 1254 sicut
895 1199 1190 1254 columbam
1221 1215 1240 1257 :
1264 1201 1503 1256 ostendit
1548 1200 1689 1271 quod
1718 1200 1774 1256 in

192 1292 351 1346 forma
378 1292 653 1347 columbae
677 1302 726 1347 ta
739 1301 914 1360 ntum,
933 1294 1061 1363 Quia
1084 1295 1154 1349 ab
1179 1301 1306 1349 aere
1328 1293 1550 1364 spiritus
1578 1299 1774 1363 corpus

193 1387 392 1456 accepit
421 1387 761 1442 :similitudo
783 1387 1051 1443 columine
1079 1388 1146 1443 ad
1177 1389 1282 1443 hoc
1307 1388 1443 1444 laeta
1473 1393 1580 1454 est,
1642 1393 1766 1444 nam

190 1489 334 1535 antea
365 1496 473 1535 non
508 1474 630 1536 fuit.
674 1481 804 1537 ideo
854 1483 907 1536 in
959 1481 1214 1538 columba
1252 1484 1406 1538 venit
1443 1483 1668 1552 Spiritus
1716 1469 1770 1536 in

177 1574 451 1630 Christum
473 1618 486 1640 ,
535 1577 663 1646 quia
695 1576 814 1630 avis
843 1576 992 1630 mitis
1020 1584 1100 1632 est
1130 1592 1144 1629 :
1191 1575 1266 1631 ita
1325 1573 1582 1631 Christus
1624 1567 1772 1631 mitis

189 1669 293 1724 sine
317 1671 552 1724 macula.
581 1670 715 1724 Nam
739 1671 922 1738 aliter,
958 1675 1166 1741 septem
1217 1671 1417 1741 ﬁguras
1460 1671 1628 1727 habet
1678 1683 1771 1726 co-

192 1761 376 1830 lumba,
406 1761 748 1833 septiformis
779 1761 1017 1832 Spiritus
1045 1761 1414 1832 signiﬁcatur;
1442 1771 1496 1818 et
1523 1762 1646 1818 ideo
1673 1778 1772 1832 per

1890 559 2001 606 tres
2024 552 2354 607 tentationes
2380 552 2433 607 in
2467 553 2636 607 Adam
2665 554 2812 622 prius
2833 547 3088 609 diabolus
3117 553 3332 623 exigit:
3382 555 3480 624 per

1883 643 2062 714 gulam
2088 641 2245 710 dixit,
2275 656 2425 716 gusta
2454 660 2471 698 :
2502 662 2596 715 per
2621 651 2816 700 vatiam
2847 645 3073 718 gloriam
3093 688 3108 713 ,
3164 647 3308 701 eritis
3347 639 3482 703 sicut

1883 736 1956 790 dii
1981 753 1998 791 :
2030 752 2125 806 per
2147 737 2453 804 avaritiam,
2480 738 2694 794 scientes
2724 729 2910 794 bonum
2933 749 2982 794 et
3005 738 3234 806 malum;
3261 733 3358 796 sed
3384 753 3480 811 per

1882 827 1980 883 bas
2009 838 2116 884 tres
2149 830 2350 886 iterum
2382 832 2615 886 tentavit
2638 819 2912 888 Christum
2948 845 2962 887 :‘
2997 831 3143 903 gula,
3195 831 3262 888 de
3323 830 3477 901 pelia

1881 923 1998 979 ﬁeri
2031 937 2222 994 panem
2259 937 2272 980 :
2306 931 2406 997 per
2438 941 2631 982 vanam
2655 921 2914 998 gini-iam,
2954 927 3099 980 mitte
3123 936 3169 980 te
3196 928 3475 982 deorsitm:

1879 1033 1977 1088 per
2003 1020 2319 1087 avaritiam,
2359 1023 2533 1075 Omnia
2561 1021 2655 1075 tibi
2681 1020 2834 1086 dabo,
2868 1025 2922 1076 et
2951 1020 3177 1091 reliqua.
3225 1015 3334 1076 Sed
3379 1013 3473 1091 qui

1878 1109 2000 1168 eum
2035 1109 2086 1167 in
2119 1107 2400 1184 aby'Ssu'n'i,
2430 1113 2601 1169 verbo
2636 1112 3065 1183 praedicatiOnis,
3092 1104 3473 1168 ducitzosten-

1876 1205 1953 1261 tlit
1982 1223 2077 1278 per
2107 1208 2202 1261 has
2228 1215 2341 1262 tres
2363 1209 2586 1262 vincere
2609 1203 2908 1263 diabolum.
2949 1203 3049 1260 Iiic
3088 1203 3330 1262 ostendit
3375 1209 3471 1260 Ve-

1875 1315 1996 1354 rum
2029 1299 2194 1353 Deum
2225 1309 2280 1352 et
2303 1313 2490 1353 verum
2519 1297 2795 1352 hominem
2830 1303 2844 1351 ὲ
2877 1297 3040 1352 ltomo
3088 1309 3248 1365 quem
3298 1297 3468 1351 teuta't

1875 1390 2144 1455 diabolus,
2176 1389 2322 1446 Deus
2352 1399 2456 1453 est,
2477 1389 2563 1444 cui
2593 1388 2772 1457 angeli
2805 1385 3213 1442 ministrabant.
3239 1389 3308 1442 ἀι.
3325 1385 3468 1453 dies,

1874 1482 2090 1538 tlccitna
2121 1489 2249 1537 sunt
2278 1479 2427 1548 anni,
2460 1490 2518 1535 ut
2546 1481 2687 1537 sicut
2717 1479 2784 1535 ab
2813 1480 3069 1534 omnibus
3112 1479 3276 1533 rebus
3321 1479 3469 1535 deci-

1875 1589 1989 1629 mas
2011 1574 2141 1630 dare
2164 1571 2464 1630 debemus:
2498 1574 2572 1629 ita
2597 1583 2652 1630 et
2683 1567 2894 1630 dierum
2940 1573 3070 1628 vita:
3108 1581 3313 1627 nostra:
3358 1572 3468 1629 Deo

1874 1667 2113 1728 decimas
2143 1671 2274 1727 dare
2297 1670 2635 1729 Stiideamus.

1947 1765 2209 1833 Quoniam
2238 1765 2434 1836 angelis
2464 1761 2670 1830 suis,et
2691 1761 2898 1833 reliqua
2937 1778 2949 1814 :
2979 1761 3038 1816 lit
3060 1759 3280 1816 vicisset
3302 1757 3466 1814 Chri-

191 1849 476 1911 columbam
505 1857 659 1912 venit
683 1856 915 1927 spiritus
943 1857 999 1911 in
1023 1855 1264 1924 Christo,
1291 1856 1434 1911 sicut
1462 1857 1622 1912 stella
1650 1871 1771 1927 qua:
1800 1841 1847 1906 Β
1877 1867 2022 1913 stum
2055 1857 2304 1928 exemplo
2330 1873 2344 1924 ς
2387 1855 2490 1912 hoc
2551 1853 2690 1911 sicin
2733 1852 2984 1909 ChriStus
3028 1851 3178 1908 ill'u'm
3215 1852 3468 1936 exemplo

194 1962 278 2002 nec
305 1957 460 2003 antea
485 1947 607 2012 fuit,
640 1961 743 2005 nec.
774 1958 989 2020 postea.
1027 1949 1125 2006 Vel
1172 1948 1299 2005 ideo
1353 1947 1479 2020 "quia
1525 1949 1671 2004 ﬁlius
1718 1951 1770 2006 in

193 2051 420 2109 corpore,
450 2042 577 2111 quia
602 2041 746 2097 sicut
771 2055 877 2098 non
911 2043 1221 2114 potuissent
1244 2039 1496 2097 homines
1529 2053 1772 2112 praesen-

199 2129 307 2186 tiam
332 2127 460 2190 Filii
489 2134 590 2191 Dei
610 2136 891 2192 sustinere
916 2137 1036 2192 sine
1062 2145 1297 2206 corpore
1326 2152 1340 2188 :
1374 2135 1448 2189 ita
1479 2149 1583 2190 nec
1604 2135 1770 2206 spiri-

196 2233 288 2278 tum
312 2226 431 2281 sine
456 2227 726 2283 columbae
755 2229 939 2299 specie
985 2229 1395 2284 sustinuissent.
1445 2228 1556 2285 Cur
1606 2239 1773 2300 super

195 2322 451 2388 ai’ostolos
474 2321 528 2376 in
560 2322 708 2393 igne,
745 2332 797 2378 et
846 2319 1068 2379 Christo
1127 2324 1181 2379 in
1211 2309 1491 2392 columba,
1525 2323 1590 2379 ad
1624 2323 1775 2380 litte-

195 2425 287 2466 tam
313 2411 607 2492 dicendum
641 2413 959 2471 ostendunt.
998 2407 1064 2470 Et
1093 2432 1193 2470 eoa:
1222 2415 1286 2469 de
1314 2416 1476 2483 caelis,
1521 2415 1611 2472 hic
1659 2415 1773 2472 Tri-

196 2503 314 2559 nitas
340 2513 718 2574 comparatur.
755 2507 872 2563 Vox
896 2507 1074 2562 Patris
1102 2507 1300 2564 Filium
1335 2507 1487 2575 dicit,
1545 2505 1771 2580 Spiritus

198 2611 274 2664 per
298 2597 633 2654 columbam.
661 2597 766 2655 Hic
790 2611 864 2655 est
891 2597 1247 2667 FiliaSmens,
1273 2595 1326 2655 et
1356 2589 1566 2670 reliqua
1593 2616 1609 2657 :
1641 2601 1768 2672 quia

196 2689 483 2758 priusﬁlius
515 2692 687 2749 Adam
715 2692 1018 2765 displicuit,
1045 2693 1098 2748 in
1127 2691 1348 2748 Christo
1390 2701 1574 2749 autem
1621 2703 1772 2749 com-

196 2785 395 2852 placuit.
1619 2849 1623 2854 ,

252 2879 388 2934 Tunc
416 2877 570 2934 Iesus
598 2875 783 2935 ductus
807 2879 903 2950 est,
938 2879 990 2935 id
1024 2879 1128 2948 est,
1162 2897 1192 2936 a
1223 2865 1425 2952 Spiritu
1454 2871 1641 2937 Sancto
1673 2881 1771 2937 du-

200 2981 293 3027 ctus
334 2969 395 3027 iri
438 2973 664 3029 deserto
717 2982 836 3045 post
890 2971 1215 3042 baptismum
1242 2991 1254 3027 :
1286 2973 1581 3029 ostendunt
1626 2975 1768 3045 quod

201 3079 273 3134 per
294 3068 562 3140 jejunium
592 3079 646 3124 et
668 3067 974 3124 orationetu
1003 3065 1236 3124 vincitur
1259 3065 1528 3124 diabolus.
1584 3065 1763 3125 Delie-

207 3175 352 3217 muset
389 3179 490 3218 nos
522 3165 574 3217 in
607 3162 884 3218 desertum
909 3161 1032 3218 duci
1074 3179 1103 3217 a
1147 3163 1291 3218 vitiis
1315 3205 1329 3228 ,
1389 3171 1443 3218 ut
1484 3163 1766 3218 vineatuus

1876 1968 1974 2008 suo
2004 1952 2137 2008 vicit
2163 1967 2258 2021 per
2285 1950 2630 2021 scripturam.
2667 1947 2775 2004 Sed
2809 1948 3060 2003 diabolus
3102 1963 3211 2002 non
3256 1945 3466 2002 rectum

1876 2039 2029 2100 illum
2060 2041 2326 2114 psalmum
2359 2039 2428 2098 de
2456 2039 2674 2096 Christo
2706 2031 2995 2108 intelligit:
3032 2039 3106 2093 ait
3152 2037 3231 2092 illi
3281 2039 3465 2102 Jesns,

1877 2137 1998 2192 Non
2031 2139 2251 2193 tentubis
2277 2135 2553 2190 Dominum
2584 2131 2750 2190 Deum
2783 2143 2926 2186 tuum
2947 2174 2963 2199 ,
2993 2131 3082 2187 hic.
3102 2132 3248 2200 dicit
3291 2150 3304 2187 :
3338 2129 3466 2186 dum

1875 2237 1974 2304 ego
2001 2247 2119 2289 sum
2153 2229 2416 2288 Dominus
2447 2229 2588 2286 Deus
2619 2232 2764 2298 tuus,
2797 2243 2895 2284 cur
2920 2233 3007 2283 me
3036 2227 3253 2283 tentaS?

1881 2321 1885 2324 ’
1948 2323 2015 2380 Et
2042 2324 2264 2379 ostendit
2287 2325 2332 2378 ei
2369 2324 2546 2378 omnia
2571 2337 2731 2393 regna
2769 2319 2952 2375 mundi
2977 2335 2996 2375 :
3024 2317 3076 2375 id
3114 2323 3216 2384 est;
3249 2315 3464 2385 adrum',

1874 2423 2181 2489 argentum.
2224 2415 2356 2472 Herc
2389 2417 2564 2472 omnia
2607 2413 2699 2468 tibi
2735 2413 2868 2468 dabo
2896 2455 2911 2478 ,
2961 2415 3016 2468 et
3054 2410 3283 2482 reliqua.
3327 2411 3466 2468 Vere

1876 2514 2047 2580 cadit,
2081 2511 2174 2586 qui
2210 2512 2403 2568 adorat
2445 2505 2760 2576 diabolum;
2803 2505 3128 2578 quicumque
3166 2505 3469 2561 monachus

1875 2599 2108 2680 principi
2155 2617 2376 2677 prepter
2420 2603 2731 2661 mercedem
2773 2601 3092 2670 curaverit,
3142 2607 3202 2656 Se
3249 2601 3466 2655 dialmlo

1874 2699 2234 2773 tnancipatilr.
2272 2699 2413 2756 Vade
2441 2709 2611 2763 retro,
2645 2698 2697 2754 id
2729 2707 2840 2766 est,
2871 2687 3097 2768 regnum
3126 2701 3275 2752 tnum
3301 2709 3463 2763 mmc,

1873 2797 1958 2853 vel
1990 2798 2042 2852 in
2067 2795 2273 2868 judicio
2304 2798 2356 2851 in
2386 2793 2676 2851 infernum.

1944 2891 2229 2945 Dominum
2268 2901 2412 2943 tuum
2450 2888 2694 2943 adorabis
2720 2931 2734 2954 ,
2783 2895 2836 2942 et
2874 2885 3082 2957 reliqua
3140 2879 3155 2939 ἑ
3214 2899 3313 2956 per
3362 2881 3466 2940 tria

1874 2985 2119 3056 exempla
2156 2982 2184 3022 ι)
2229 2982 2637 3040 Deuteronomii
2683 2996 2792 3050 quo
2840 2979 3180 3051 signiﬁcatur
3221 2978 3466 3049 Evange-

1871 3083 2023 3149 lium,
2056 3077 2108 3137 id
2130 3091 2233 3148 est,
2267 3080 2480 3137 iteratio
2508 3079 2664 3150 legis,
2695 3078 2959 3132 Dominus
2987 3067 3262 3130 (liaboluni
3295 3073 3422 3128 vicit
3451 3091 3464 3126 :

1873 3179 1999 3232 item
2037 3176 2303 3245 signiﬁcat
2329 3220 2342 3242 ,
2386 3167 2436 3230 id
2468 3183 2551 3230 est
2575 3215 2589 3237 ,
2641 3167 2868 3227 lentatio
2898 3161 2950 3224 iit
2983 3159 3150 3224 David
3183 3173 3238 3223 et
3264 3163 3464 3221 Goliat.

215 3253 306 3317 itm.
335 3256 407 3314 Ut
433 3249 723 3312 tentaretur
747 3275 778 3312 a
803 3258 1047 3326 diabOIO.
1101 3255 1154 3314 id
1207 3270 1288 3316 εει
1310 3301 1326 3328 ,
1379 3269 1437 3315 ιιι
1486 3255 1763 3315 ἀίεώοῖιιῐη
1795 3233 1843 3304 C
1877 3289 1902 3326 v
1936 3233 2176 3342 lapides,
2208 3287 2236 3324 v
2266 3233 2386 3324 libri
2419 3233 2589 3340 Moysi
2639 3284 2652 3321 :
2694 3263 2785 3337 qui
2819 3261 2886 3320 de
2915 3277 3021 3318 uno
3049 3257 3245 3318 cecidit
3273 3257 3464 3315 diabo-

218 3351 421 3407 vinceret.
462 3351 830 3424 Quadraginta
858 3347 1039 3407 diebus
1063 3357 1107 3406 et
1129 3344 1484 3423 quddra‘ginla
1509 3353 1762 3420 noctibus,

217 3454 265 3493 ne
285 3440 510 3500 ltzet‘etici
544 3444 810 3509 dicerent,
870 3441 1017 3515 quod
1052 3457 1211 3501 nocte
1240 3445 1661 3502 ’manducasset.
1698 3462 1764 3502 st.

208 3533 371 3602 Signum
397 3538 545 3608 quod
570 3539 785 3610 Moyses
806 3537 1074 3609 jejunavit
1102 3540 1152 3594 in
1179 3547 1456 3610 nlonlc,et
1486 3558 1552 3596 XL
1581 3542 1760 3597 Elius:

201 3637 238 3680 et
260 3625 337 3687 inii
363 3647 487 3688 cum
522 3634 811 3705 discipulis
858 3633 971 3690 suis
1002 3635 1362 3706 quadraginta
1405 3637 1596 3692 diebus
1639 3623 1764 3708 post

197 3729 623 3784 resurrectionem
659 3739 752 3784 :et
785 3745 855 3784 XL
895 3730 1107 3784 dierum
1137 3730 1425 3798 diluvium,
1481 3724 1607 3802 quia
1666 3749 1760 3802 per

195 3811 286 3872 hac
309 3828 595 3888 peccatum
619 3819 754 3876 Adae
803 3820 991 3877 delere
1045 3823 1255 3877 debuit.
1315 3819 1507 3878 Postea
1555 3826 1758 3891 esuriit,

193 3903 361 3966 indicat
393 3927 583 3968 verum
614 3913 918 3980 hominem,
954 3922 1010 3970 ut
1066 3914 1316 3970 diabolus
1375 3915 1584 3972 falleret
1641 3916 1758 3988 ejus

190 4001 461 4060 nativitate.

242 4096 490 4151 Accedens
520 4107 770 4165 tentalor,
805 4098 854 4153 id
882 4105 986 4164 est,
1045 4108 1320 4170 tamquam
1371 4101 1538 4171 piscis
1587 4095 1757 4158 te'ntat

187 4183 404 4254 hamum,
430 4199 486 4246 ct
515 4189 753 4246 vincitur
779 4210 789 4244 :
819 4201 876 4246 ut
921 4191 1011 4263 qui
1049 4193 1278 4260 primum
1331 4194 1609 4251 hominem
1660 4212 1756 4268 per

182 4281 340 4346 gulam
372 4285 532 4351 vicit,
579 4303 608 4339 a
649 4287 891 4342 secundo
920 4301 1017 4356 per
1057 4288 1446 4345 abstinentiam
1477 4289 1748 4347 vincatur.

185 4373 231 4428 Si
255 4379 391 4445 {ilius
414 4378 511 4435 Dei
534 4399 620 4442 es.
661 4381 746 4434 dic
790 4391 844 4435 ut
874 4382 1099 4452 lapides,
1133 4393 1187 4437 et
1217 4383 1422 4455 reliqua
1455 4402 1469 4438 :
1503 4397 1600 4454 per
1630 4398 1750 4458 ety-

184 4476 470 4546 nmlngiam,
495 4475 650 4544 panis
675 4493 702 4529 a
733 4478 1027 4545 pascendo,
1056 4488 1113 4531 ut
1137 4475 1353 4532 videret
1401 4479 1446 4533 si
1491 4479 1559 4534 de
1592 4491 1749 4550 petra

184 4569 421 4628 induisset
452 4572 553 4626 hoc
597 4569 933 4625 facere:ch
968 4572 1096 4641 quia
1154 4572 1381 4642 mystice
1429 4571 1628 4628 diaboli
1673 4574 1748 4628 ci-

180 4659 282 4727 bus,
317 4661 566 4720 homines
609 4665 803 4734 lapidei
838 4676 890 4720 et
923 4665 1044 4720 duri
1086 4663 1140 4719 in
1184 4675 1445 4736 peccato;
1499 4665 1594 4722 sed
1628 4667 1744 4734 ille,

179 4755 250 4816 qui
276 4757 340 4812 de
369 4776 508 4829 aqua
531 4758 750 4827 vinum,
811 4765 864 4814 et
893 4753 959 4814 de
1011 4765 1160 4829 petra
1207 4773 1401 4829 aquam
1463 4759 1740 4831 produxit,

180 4851 331 4912 potuit
352 4851 451 4907 hoc
477 4853 522 4906 si
556 4851 846 4907 voluisset.

237 4940 348 4998 Non
379 4948 428 4998 in
455 4943 568 4999 solo
597 4964 730 5016 pane
758 4944 877 5000 vivit
909 4945 1062 5000 Itomo
1093 4963 1112 5001 :
1139 4956 1195 5001 et
1247 4944 1475 5016 reliqua,
1527 4947 1580 5004 id
1636 4959 1742 5017 cst,

178 5047 264 5090 non
285 5038 510 5095 vixisset
532 5039 718 5107 homo,
747 5039 793 5094 si
820 5055 926 5094 non
953 5039 1222 5096 voluisset
1247 5040 1412 5105 Deus,
1437 5040 1621 5111 etjam
1652 5060 1746 5113 pa-

179 5141 279 5182 nem
309 5123 712 5199 manducasset,
740 5139 796 5187 et
818 5132 862 5186 si
893 5147 1002 5187 non
1030 5133 1417 5189 manducasset
1441 5151 1633 5204 panem
1654 5184 1668 5206 ,
1692 5140 1736 5193 si

177 5218 432 5292 voluisset,
466 5225 718 5294 vixisset,
751 5221 891 5279 sicut
917 5213 1128 5296 Moyses
1160 5236 1214 5280 et
1239 5225 1406 5290 Elias,
1435 5245 1500 5281 XI.
1521 5225 1733 5283 diebus.

182 5309 377 5372 Verbum
402 5317 524 5386 Dei,
578 5320 813 5384 animm,
859 5315 910 5373 id
951 5326 1076 5388 est,
1125 5328 1387 5375 mternam
1448 5323 1635 5377 vitam.
1670 5321 1734 5378 In

173 5426 326 5468 sancta
353 5418 574 5486 civitate,
607 5417 660 5471 id
689 5426 794 5485 est,
827 5416 1162 5482 Jerusalem;
1191 5435 1348 5486 super
1373 5419 1582 5489 pinnam
1610 5428 1738 5474 tem-

175 5505 253 5572 pli,
281 5507 327 5562 id
349 5522 448 5576 εει,
472 5525 640 5582 super
671 5527 887 5565 murum
929 5524 1070 5564 areae
1103 5510 1386 5579 macerizc,
1445 5512 1732 5569 elationem

171 5597 442 5686 signiﬁcant
473 5622 485 5657 :
513 5613 750 5668 nonest,
775 5615 834 5657 ut
861 5619 889 5658 a
919 5605 1098 5674 capite
1142 5619 1200 5658 se
1253 5614 1465 5660 tentare
1508 5605 1731 5672 dimisit,

233 5744 255 5771 ⁸
291 5737 575 5814 corruptus
623 5742 778 5797 locus
817 5755 1122 5812 sensusque
1153 5752 1266 5807 est;
1303 5740 1399 5796 sed
1444 5757 1563 5814 quae
1614 5754 1730 5802 tuto

172 5805 468 5882 emendare,"
492 5813 600 5869 non
622 5822 706 5868 est
737 5813 788 5867 in
815 5805 1089 5882 promptu.
1116 5805 1339 5868 omnino
1368 5805 1477 5866 non
1505 5813 1657 5872 libet.

227 5876 250 5916 δ
281 5876 446 5943 Antea
472 5876 890 5955 Deuteronomio,
922 5876 1012 5958 qui
1037 5886 1331 5957 signiﬁcant
1357 5883 1718 5958 Evangelium.

1871 3367 2002 3430 lum,
2030 3363 2081 3420 id
2109 3369 2213 3432 est,
2249 3379 2414 3416 unum
2444 3360 2641 3415 librum
2675 3363 2732 3412 ut
2762 3357 3020 3425 lapidem.
3063 3347 3170 3409 Per
3199 3355 3260 3407 ni
3289 3357 3465 3407 tenta-

1869 3461 2069 3528 tiones,
2105 3458 2156 3514 id
2181 3467 2284 3524 est,
2317 3455 2613 3527 suggestio,
2642 3452 2956 3516 delectatio,
2990 3448 3280 3505 consensio
3307 3465 3322 3513 ;
3367 3447 3464 3502 sed

1867 3549 2138 3606 Christum
2167 3565 2265 3620 per
2287 3549 2463 3604 solam
2490 3546 2890 3618 suggestionem
2915 3541 3161 3607 tentavit,
3194 3537 3316 3612 quia
3338 3554 3465 3609 sug-

1865 3644 2041 3716 gesno
2069 3660 2135 3699 ex
2163 3639 2382 3698 diabolo
2425 3642 2505 3696 ﬁt.

1935 3739 2064 3793 Cum
2097 3748 2265 3792 autem
2295 3737 2526 3790 audisset
2553 3727 2708 3790 Jcsns
2733 3777 2748 3800 ,
2794 3731 2932 3802 quod
2972 3727 3204 3785 Joannes
3236 3723 3461 3782 traditus

1861 3843 2014 3900 esset,
2046 3829 2252 3888 secessit
2282 3833 2336 3884 in
2357 3827 2634 3884 Galilaeam
2658 3843 2675 3880 :
2705 3825 2756 3882 id
2784 3835 2890 3891 est,
2917 3837 2944 3877 a
2973 3822 3199 3886 Judazis,
3231 3815 3363 3874 abiit
3391 3819 3460 3874 ad

1860 3936 2051 3998 gentes
2079 3968 2094 3992 ,
2132 3923 2220 3979 vel
2249 3923 2437 3976 relicta
2479 3934 2749 3993 synagoga
2781 3933 2903 3973 eum
2947 3915 3091 3985 Lege
3116 3925 3238 3978 sua,
3289 3911 3458 3966 collo-

1859 4018 2001 4075 cavit
2029 4015 2328 4074 Ecclesiam
2357 4026 2409 4071 et
2442 4011 2822 4084 Evangelium.
2857 4009 3080 4066 Galilzea
3105 4052 3118 4075 ,
3153 4003 3454 4060 volubilitas

1859 4113 2054 4169 dicitur
2079 4132 2090 4167 :
2118 4109 2184 4166 ad
2209 4126 2304 4167 eos
2331 4107 2478 4164 venit
2500 4108 2589 4178 qui
2616 4105 2682 4160 de
2708 4099 2851 4160 malo
2875 4103 2941 4157 ad
2966 4103 3166 4158 bonum
3192 4097 3450 4153 veniunt:

1856 4218 1912 4263 et
1939 4205 2061 4275 quia
2093 4222 2190 4276 pro
2240 4205 2474 4258 sanitate
2517 4201 2706 4272 puellae
2752 4197 2938 4263 venit,
2982 4207 3038 4251 et
3077 4195 3358 4250 mulierem
3401 4191 3453 4246 in

1855 4300 1943 4354 via
1971 4297 2206 4366 sanavit,
2240 4297 2516 4368 signiﬁcat
2542 4308 2870 4366 synagogam
2900 4295 2954 4345 et
2986 4288 3308 4345 Ecclesium.
3347 4285 3455 4341 Rc-

1854 4391 1976 4447 licta
2005 4393 2225 4447 civitate
2250 4389 2497 4458 Galilma,
2533 4387 2684 4443 venit
2710 4389 2762 4440 in
2789 4384 3116 4438 Caiarnaum
3144 4399 3156 4434 :
3181 4379 3304 4434 villa
3339 4379 3456 4448 pui-

1852 4487 2127 4542 cberrima
2165 4485 2360 4555 ﬁgurat
2393 4481 2718 4537 Ecclesium.
2770 4475 3036 4534 Nazareth
3069 4477 3166 4546 ﬂos
3205 4473 3448 4528 dicitur:

1852 4577 1979 4652 quia
2009 4579 2078 4636 de
2102 4577 2238 4634 ﬁere
2269 4575 2480 4633 fructus
2512 4576 2609 4642 ﬁt;
2656 4573 2980 4630 Caiarnaum
3020 4569 3146 4626 villa
3178 4570 3457 4642 pinguedi-

1852 4647 1931 4728 nis
1955 4689 1973 4726 :
2002 4673 2098 4727 lux
2129 4669 2433 4735 illuminat,
2466 4677 2522 4724 et
2551 4666 2824 4738 pinguedo
2860 4665 3124 4736 sanguine
3149 4674 3320 4720 caret.
3351 4664 3451 4718 Os-
3473 4647 3488 4678 ί

1851 4762 2055 4829 tendit,
2088 4760 2235 4833 quod
2265 4760 2520 4816 Christus
2551 4775 2580 4813 a
2607 4749 2744 4816 ﬂore
2769 4759 2964 4814 littera:
2997 4757 3164 4828 legis,
3198 4757 3452 4828 pervenit

1849 4851 1916 4912 ad
1963 4856 2196 4912 fructum
2244 4849 2588 4924 pinguedinis
2632 4849 2912 4922 Evangelii
2957 4847 3137 4918 lucis,
3209 4845 3264 4904 id
3317 4855 3444 4918 est,

1846 4948 2112 5005 scientiae.

1923 5058 1944 5084 ο
1987 5045 2054 5100 1η
2083 5043 2270 5115 ﬁnibus
2299 5041 2538 5096 Zabulon
2563 5083 2577 5108 ,
2609 5049 2659 5094 et
2691 5038 3032 5114 Nephthalim
3082 5054 3101 5092 :
3152 5034 3395 5093 Zahulon
3424 5082 3437 5107 ,

1845 5139 2095 5194 habitatio
2121 5134 2523 5211 pulchritudinis
2548 5133 2750 5189 dicitur
2780 5149 2794 5190 :
2831 5127 3174 5202 Nephlhaiim
3202 5171 3216 5197 ,
3249 5129 3438 5184 oblivio

1844 5231 2061 5289 dicitur.
2111 5231 2209 5285 ilic
2248 5225 2486 5284 ostendit
2525 5227 2649 5297 quia
2697 5225 2787 5297 qui
2829 5222 3168 5278 obliviscitur
3216 5229 3437 5292 peccata

1842 5344 1960 5395 sua,
1992 5327 2108 5396 ipse
2138 5327 2191 5380 in
2220 5321 2631 5395 pulchritudine
2663 5318 2886 5376 habitat.
2920 5314 3088 5370 Trans
3124 5312 3430 5382 Iordanem,

1841 5433 1894 5477 et
1927 5420 2135 5491 reliqua
2190 5437 2202 5474 :
2255 5417 2380 5489 quia
2411 5430 2511 5488 pro
2540 5416 2734 5470 timore
2771 5409 3012 5481 gentium
3059 5409 3388 5480 populorum
3419 5451 3433 5475 ,

1841 5516 1943 5572 iste
1974 5515 2028 5569 in
2061 5523 2221 5568 nocte
2249 5511 2507 5566 manebat
2543 5510 2594 5563 in
2625 5522 2839 5576 campo.

1922 5607 2060 5661 Vidit
2091 5604 2254 5661 lucem
2280 5618 2522 5678 magnam
2547 5645 2560 5668 ,
2607 5609 2664 5655 ut
2689 5597 2824 5655 dicit
2865 5616 2878 5655 :
2925 5598 3042 5654 Lux
3073 5605 3186 5654 orta
3213 5604 3290 5651 est
3317 5595 3389 5649 eis
3415 5639 3431 5664 ,

1845 5748 2073 5804 Leviora
2101 5747 2525 5805 dissimulamus.

1918 5833 1940 5859 ε
1982 5819 2156 5876 Verba
2186 5823 2238 5875 in
2265 5818 2450 5890 ﬁnibus
2482 5815 2814 5888 superiorem
2841 5815 3091 5889 proxime
3122 5812 3421 5874 sectionem

1841 5893 2187 5951 claudebant.
