3970 6304
546 318 654 380 545
1564 319 1623 380 ε.
1665 316 2051 378 ΗΙΕΒΟΝΫΜΙ
2086 320 2114 377 C

2212 317 2374 381 {RUM
2412 319 2787 382 MANTISSA.
3698 333 3780 393 εκ

545 439 639 512 qui
666 437 912 495 sedebant
938 439 992 493 in
1017 438 1270 505 tenebris,
1307 437 1360 494 id
1388 444 1504 507 est,
1536 439 1862 509 ignorantiae
1901 444 2153 512 peccato-
2177 438 2233 501 Α
2256 443 2499 514 paruulos
2528 438 2722 495 venire.
2762 437 3015 511 Decapoli
3054 455 3073 494 :
3117 438 3170 497 id
3205 447 3329 510 est,
3374 441 3465 513 qui
3492 440 3640 500 verba
3662 443 3788 518 Legi;

548 546 694 599 rum,
726 528 820 586 lux
845 539 959 586 orta
983 538 1058 585 est
1088 530 1183 596 eis,
1209 528 1262 584 id
1285 538 1389 595 est,
1417 528 1689 590 Christus.
2253 534 2587 597 observant,
2621 541 2671 586 et
2702 532 2764 586 de
2796 531 3092 587 Jerusalem
3115 574 3130 600 ,
3175 532 3230 588 id
3257 542 3342 591 est
3366 577 3382 601 ,
3423 536 3559 607 quod
3584 537 3789 597 videntes

623 623 995 679 Paenitentiam
1022 625 1161 695 agite
1183 665 1199 692 ,
1245 623 1301 679 id
1328 632 1451 691 est,
1496 625 1681 681 vinum
1714 627 1767 683 in
1803 628 2028 684 vulnere
2058 643 2153 699 po-
2253 640 2465 696 pacem,
2503 623 2779 681 Christum
2806 626 2981 681 secuti
3008 635 3213 695 essent,
3245 636 3294 681 et
3319 629 3383 681 de
3405 627 3686 687 Judtea:id
3709 642 3789 705 est,

549 718 702 783 nite;
750 716 1193 789 apprOpinquavit
1214 717 1353 771 enim
1379 736 1593 791 regnum
1620 721 1901 788 caelorum,
1940 721 1992 777 id
2022 732 2107 778 est
2132 765 2148 790 ,
2252 722 2344 793 qui
2374 737 2471 791 per
2497 720 2903 777 confessionem
2933 722 3106 776 secuti
3147 731 3276 777 sunt
3302 721 3589 779 Christum.

555 811 738 867 oleum
769 810 824 867 in
855 809 1095 865 vulnus:
1127 811 1562 867 consolationem
1584 812 1699 880 dat,
1730 814 1854 885 quia
1885 815 1939 869 in
1967 815 2153 872 Veteri
2331 815 2526 869 Videns
2569 824 2741 868 autent
2776 813 2932 869 Iesus
2975 815 3177 869 turbas.
3228 815 3360 872 ltem
3400 826 3620 887 quatuor
3656 820 3793 875 turba

556 918 758 974 pecora
801 903 1200 971 immolabant,
1247 905 1303 960 in
1340 903 1492 961 Novo
1520 907 1892 978 unusquisque
1921 908 2154 965 Domino
2256 916 2458 964 secuta:
2493 917 2620 963 sunt
2660 906 2945 962 Christum
2973 948 2989 973 ,
3030 916 3085 963 et
3132 907 3266 979 ipsa:
3292 916 3525 977 quatuor
3549 921 3794 980 sequuntur

550 995 765 1055 oﬁeret.
813 995 1130 1051 Ambulabat
1154 1037 1170 1062 ,
1218 998 1458 1053 ostendit
1504 998 1666 1054 nobis
1708 1001 1763 1055 in
1792 1000 1995 1055 mundo
2034 1017 2156 1057 esse
2258 1001 2559 1071 Ecclesiatn
2586 1018 2602 1061 ;
2632 1002 2805 1071 prima
2838 1011 2895 1056 ut
2919 1000 3195 1057 Christum
3225 1015 3323 1072 per
3346 1001 3592 1059 timorem
3619 1012 3795 1060 etauio-

552 1089 812 1162 prmsenti
836 1132 853 1157 ,
894 1090 1214 1148 transiendo
1239 1136 1254 1162 ,
1298 1106 1409 1148 non
1451 1093 1707 1148 amando.
1754 1090 1919 1147 Juxta
1965 1111 2110 1148 mare
2135 1135 2152 1158 ,
2257 1112 2395 1165 rem,
2430 1096 2559 1153 item
2592 1097 2659 1154 ad
2685 1099 2990 1154 Ecclesiam
3023 1099 3254 1154 veniunt
3289 1115 3303 1153 :
3336 1098 3593 1165 secunda,
3624 1100 3702 1168 qui
3727 1117 3795 1169 pro

557 1182 833 1239 mundana
864 1198 1033 1238 carne
1061 1224 1077 1250 ,
1119 1197 1277 1239 mare
1315 1183 1549 1240 Galilaeae
1574 1224 1590 1251 ,
1637 1185 1753 1254 ipse
1791 1192 1878 1240 est
1903 1193 2155 1256 stagnum
2258 1189 2558 1260 cupiditate
2586 1189 2690 1247 cibi
2732 1200 2824 1245 aut
2860 1200 3022 1261 potus
3054 1208 3069 1244 :
3103 1192 3266 1246 tertia
3292 1233 3307 1259 ,
3364 1206 3460 1260 pro
3506 1189 3686 1246 invidia
3710 1232 3723 1256 ,
3758 1202 3799 1245 ut

554 1277 932 1344 Genezareth,
964 1276 1117 1333 lacus
1166 1277 1503 1346 salinarum,
1551 1286 1605 1334 et
1628 1292 1779 1335 mare
1812 1278 2153 1350 Tiberiadis,
2258 1282 2496 1339 habeant
2524 1285 2671 1355 quod
2706 1295 3016 1343 accusent:
3059 1293 3249 1355 quarta
3289 1283 3559 1340 doctores.
3601 1283 3797 1341 Christus

559 1383 616 1431 et
642 1374 789 1430 lacus
812 1374 1055 1431 Cineret.
2261 1383 2365 1436 tria
2395 1380 2605 1454 rcfugia
2638 1383 2864 1452 habuit,
2893 1393 2953 1438 ut
2978 1383 3192 1455 fugeret
3221 1383 3437 1451 turbas,
3472 1384 3524 1440 in
3547 1395 3735 1449 monte,
3760 1386 3795 1440 in

637 1468 791 1524 Venit
817 1477 929 1539 post
956 1484 1061 1534 me,
1095 1475 1150 1524 et
1178 1466 1382 1538 reliqua
1413 1483 1426 1521 :
1462 1467 1517 1539 id
1543 1476 1627 1523 est
1650 1509 1666 1537 ,
1697 1467 1911 1524 animas
1942 1469 2159 1525 trahere
2260 1473 2515 1545 deserto,
2550 1476 2605 1531 in
2638 1491 2782 1533 nave
2809 1493 2978 1547 super
3002 1493 3188 1544 mare;
3224 1478 3342 1534 huic
3370 1478 3474 1534 tria
3499 1478 3648 1534 nobis
3672 1478 3796 1534 relin-

564 1561 634 1616 de
666 1561 858 1631 pelago
889 1561 1101 1631 peccati
1125 1559 1193 1614 ad
1220 1560 1371 1615 littus
1398 1561 1603 1630 requiae
1623 1569 1864 1628 aeternae,
1896 1562 2019 1631 quia
2042 1576 2161 1617 mos
2261 1568 2416 1637 quit:
2445 1570 2499 1624 in
2527 1568 2874 1625 altitudinem
2906 1570 3287 1625 mandatorum
3318 1570 3641 1627 descendere
3662 1570 3708 1625 in
3732 1570 3797 1625 dr-

561 1665 647 1709 eSt
673 1651 1009 1723 piscantibus
1039 1667 1234 1707 navem
1262 1662 1316 1707 et
1344 1662 1516 1707 rctem
1547 1653 1602 1705 in
1629 1666 1779 1708 mare
1808 1651 2010 1708 habere
2039 1669 2056 1710 ;
2086 1655 2158 1708 ita
2262 1673 2415 1719 seno
2438 1705 2455 1731 ,
2506 1663 2763 1721 deserere
2806 1665 2935 1720 vilia
2963 1707 2978 1731 ,
3024 1674 3081 1721 ει
3111 1666 3162 1720 in
3192 1666 3456 1721 υηίιειεηι
3486 1664 3722 1721 Ecclesia
3744 1664 3800 1718 ίη.

562 1743 795 1816 apostoli
824 1742 1159 1809 Ecclesiam,
1192 1743 1517 1814 Evangelia,
1549 1751 1606 1797 et
1631 1743 1924 1807 mundum,
1957 1744 2159 1813 pisces,
2263 1764 2431 1811 trare.
2486 1756 2651 1810 Navis
2701 1755 3004 1812 Ecclesium
3054 1758 3327 1829 signiﬁcat
3376 1775 3389 1811 :
3442 1766 3502 1812 ut
3548 1758 3632 1828 qui
3676 1756 3801 1812 habet

565 1838 813 1893 homines
843 1854 858 1891 :
886 1836 1165 1892 mittentes
1211 1836 1376 1891 retias
1406 1835 1459 1890 in
1490 1850 1640 1889 mare
1660 1876 1678 1903 ,
1719 1834 2159 1906 praedicationem
2190 1839 2237 1899 B
2263 1850 2685 1918 gubernatorem
2715 1861 2771 1905 et
2796 1852 3139 1922 navigatores
3164 1893 3181 1920 ,
3216 1862 3271 1906 ct
3301 1866 3439 1922 aqua
3464 1891 3480 1917 ,
3512 1851 3599 1922 qui
3620 1849 3798 1920 iactant,

561 1930 618 1988 in
656 1930 939 1987 mundum.

2265 1943 2323 1998 hi
2347 1944 2416 2000 de
2446 1960 2613 2001 nave.
2644 1944 2793 2001 Idem
2822 1945 3106 2017 episcopi,
3154 1956 3210 2003 et
3249 1946 3584 2002 laboratores
3604 1986 3620 2013 ,
3656 1953 3702 2000 et
3733 1946 3798 2012 qui

637 2024 751 2089 Illi,
773 2024 967 2079 relictis
992 2024 1188 2079 retibus
1217 2034 1267 2078 et
1295 2032 1464 2095 patre,
1496 2024 1657 2078 secuti
1676 2033 1794 2078 sunt
1821 2042 1959 2081 eam.
1991 2027 2159 2095 ldcm,
2266 2035 2571 2092 ministeria
2614 2036 2759 2093 imus
2807 2037 3017 2093 facium,
3040 2080 3055 2101 ,
3103 2045 3161 2093 ει
3193 2048 3306 2094 "es
3336 2037 3614 2093 amandum
3638 2050 3798 2101 naves,

484 2186 487 2189 _
567 2130 712 2188 patre
741 2116 950 2172 diabolo
979 2133 997 2171 :
1026 2118 1194 2173 retias
1222 2117 1594 2186 habitationis,
1628 2127 1684 2173 et
1708 2121 1924 2191 negotia
1953 2124 2161 2179 saeculi.
2267 2129 2569 2199 periculum
2598 2129 2652 2185 in
2680 2130 2861 2198 undis,
2898 2130 2951 2186 in
2981 2140 3165 2196 vento,
3198 2131 3252 2187 in
3282 2130 3472 2186 silice;
3499 2130 3572 2185 sic
3594 2128 3801 2184 Ecclesia:

572 2210 767 2266 Petrus
796 2218 853 2266 et
890 2210 1154 2266 Andrmas
1184 2209 1351 2266 retias
1380 2211 1643 2265 miserunt
1674 2212 1727 2265 in
1753 2227 1905 2268 mare
1932 2229 1948 2266 :
1981 2225 2166 2271 osten-
2268 2221 2573 2290 periculum
2601 2221 2759 2277 undis
2783 2264 2799 2291 ,
2833 2221 3153 2278 tentationis
3178 2221 3386 2278 diaboli
3412 2263 3428 2284 ,
3466 2221 3520 2276 in
3546 2229 3688 2276 vento
3710 2233 3801 2289 pec-

571 2304 708 2361 dunt
731 2347 747 2372 ,
793 2304 937 2376 quod
969 2304 1231 2360 Dominus
1261 2303 1429 2375 elegit
1456 2305 1595 2359 alios
1633 2309 1921 2375 cupientes
1945 2354 1960 2378 ,
2002 2310 2166 2366 rebus
2270 2320 2516 2368 catornm
2541 2352 2556 2377 ,
2596 2313 2649 2367 in
2687 2313 2843 2369 silice
2869 2353 2885 2379 ,
2922 2312 3077 2367 falsis
3104 2311 3391 2367 fratribus.
3422 2309 3635 2379 Quando
3660 2324 3802 2363 ascen-

573 2398 763 2453 mundi
790 2398 1161 2453 adhaerentes.
1190 2397 1431 2453 Jacobus
1474 2408 1530 2452 et
1564 2397 1804 2454 Joannes
1834 2401 2000 2455 retias
2027 2402 2169 2458 refe-
2270 2402 2435 2459 debat
2480 2404 2535 2458 in
2576 2414 2818 2459 montem
2846 2404 3186 2474 signiﬁcabat
3215 2402 3489 2470 theorica,
3521 2402 3573 2458 id
3596 2409 3685 2465 est,
3709 2413 3803 2454 con-

576 2499 792 2559 cerunt,
825 2502 887 2545 ut
915 2490 1199 2545 mitterent
1224 2504 1320 2547 eas
1347 2490 1400 2544 in
1429 2503 1600 2555 mare,
1628 2489 1682 2544 id
1704 2499 1806 2559 est,
1835 2492 1979 2562 quod
2008 2494 2171 2566 elegit
2273 2495 2584 2566 templativa
2612 2512 2629 2552 :
2666 2496 2884 2565 quando
2918 2495 3245 2562 descendit,
3290 2495 3456 2551 docet
3482 2491 3695 2566 practica
3716 2532 3730 2557 ,
3765 2488 3801 2543 id

575 2584 716 2638 alios
761 2583 1046 2653 cupientes
1082 2581 1362 2637 adhaerere
1406 2581 1569 2635 rebus
1612 2582 1819 2635 mundi.
1872 2581 2005 2649 Quis
2050 2585 2170 2655 plus
2272 2596 2377 2655 est,
2411 2587 2643 2643 actuale.
2673 2587 2742 2642 Et
2778 2605 2895 2643 cum
2922 2588 3174 2654 sedisset,
3208 2587 3414 2643 indicat
3440 2584 3802 2642 incarnationem

577 2676 801 2747 reliquit
830 2676 899 2731 de
930 2675 1015 2730 his
1037 2674 1311 2746 quatuor?
1341 2673 1535 2728 Petrus
1563 2680 1619 2728 et
1642 2673 1906 2729 Andrazas
1937 2675 2058 2745 plus
2085 2693 2172 2734 re-
2272 2681 2390 2752 ejus
2414 2696 2521 2736 non
2545 2682 2885 2752 apparuisse,
2915 2682 3038 2752 quia
3069 2680 3162 2752 qui
3191 2680 3360 2748 sedit,
3391 2680 3691 2737 vestimento
3712 2690 3801 2731 cor-

576 2770 1012 2842 liquerunt,quia
1038 2768 1255 2840 propria
1279 2782 1469 2824 eorum
1496 2776 1643 2834 sunt,
1668 2783 1791 2822 nam
1816 2766 1899 2823 his
1919 2768 2168 2828 duobus:
2275 2789 2377 2845 pus
2408 2788 2565 2829 suum
2597 2772 2859 2828 defendit.

575 2864 698 2921 aliis
723 2864 826 2919 fuit
853 2880 966 2920 non
996 2876 1114 2918 sua.
2345 2866 2683 2921 Accesserant
2713 2866 2781 2920 ad
2806 2883 2922 2920 eum
2958 2864 3201 2936 discipuli
3231 2867 3349 2938 ejus
3375 2880 3394 2921 :
3425 2864 3476 2920 id
3506 2873 3584 2920 est
3603 2902 3618 2927 ,
3656 2872 3805 2930 corpus

648 2955 873 3011 Faciam
898 2972 1006 3022 vos,
1042 2963 1097 3013 et.
1126 2953 1356 3023 reliqua.
1391 2950 1616 3007 Mutavit
1642 2950 1918 3019 allectum,
1953 2967 2059 3007 non
2090 2953 2173 3008 οἱ·
2276 2966 2332 3013 et
2361 2957 2560 3013 anima.
2596 2955 2665 3011 Et
2693 2958 2932 3028 aperiens
2963 2974 3020 3011 os
3048 2973 3201 3012 suum
3225 3001 3240 3026 ,
3278 2954 3340 3012 id
3372 2965 3456 3012 est
3478 2995 3496 3024 ,
3536 2954 3620 3024 qui
3646 2951 3806 3023 aperuit

581 3048 762 3105 ﬁcium
786 3090 800 3116 ,
835 3048 931 3104 sed
969 3048 1056 3103 bis
1083 3056 1315 3118 quatuor
1342 3088 1358 3113 ,
1406 3045 1523 3101 haec
1552 3054 1637 3101 est
1668 3047 1839 3116 prima
1867 3047 2130 3118 quadriga
2160 3066 2173 3103 :
2277 3066 2372 3107 ora
2403 3050 2813 3122 pr0phetarum.
2843 3050 2993 3106 Beati
3022 3066 3280 3123 pauperes
3313 3050 3525 3120 spiritu,
3554 3047 3603 3104 id
3629 3055 3715 3111 est,
3742 3042 3804 3113 qui

583 3160 731 3200 nunc
759 3143 875 3200 bini
915 3152 972 3199 et
1015 3142 1134 3199 bini
1172 3143 1460 3197 mittuntur
1490 3140 1541 3195 in
1575 3142 1869 3196 Ecclesium
1896 3184 1910 3208 ,
1952 3143 2093 3198 sicut
2124 3144 2173 3196 in
2279 3159 2378 3216 pro
2404 3143 2609 3213 Spiritu
2638 3152 2829 3199 sancto
2863 3158 3133 3213 pauperes
3165 3150 3335 3209 sunt,
3378 3156 3500 3198 cum
3529 3138 3699 3195 divites
3718 3150 3805 3190 esse

583 3255 715 3295 arca
744 3238 879 3294 Noe.
912 3236 1033 3292 Bini
1071 3244 1130 3293 et
1165 3235 1291 3292 bina
1332 3234 1590 3289 animalia
1618 3275 1632 3300 ,
1676 3242 1903 3304 quatuor
1948 3236 2176 3292 virtutes
2203 3220 2249 3285 Ο
2281 3236 2512 3309 possint.
2558 3235 2706 3290 Beati
2749 3238 2895 3290 mites
2918 3277 2933 3301 ,
2981 3236 3032 3291 id
3068 3245 3190 3305 est,
3238 3235 3335 3305 qui
3375 3234 3510 3290 nulli
3544 3232 3715 3287 malum
3739 3241 3805 3297 pro

581 3334 927 3408 signiﬁcant:
954 3332 1190 3403 jnstitia,
1220 3328 1528 3398 prudentia,
1557 3327 1841 3397 fortitudo,
1873 3338 2179 3398 temperan-
2282 3330 2430 3385 malo
2459 3327 2678 3395 reddit;
2725 3328 2973 3399 quoniam
3018 3327 3122 3398 ipsi
3160 3326 3495 3398 possidebunt
3534 3333 3728 3383 terram,
3758 3316 3803 3370 de

584 3429 680 3483 tia.
729 3428 833 3483 Per
867 3435 977 3482 tres
1005 3423 1322 3480 vocationes
1349 3421 1527 3476 vocati
1558 3430 1684 3475 sunt
1712 3421 1895 3490 populi
1943 3439 1956 3475 :
2005 3423 2178 3491 prima
2282 3436 2386 3492 qua
2413 3421 2635 3489 dicitur,
2668 3422 2826 3474 credo
2849 3419 3043 3485 videre,
3073 3426 3129 3474 et
3153 3418 3385 3487 reliqua.
3418 3416 3567 3471 Beati
3585 3415 3659 3485 qui
3683 3412 3802 3480 lugent

584 3515 1063 3592 perloannem,ad
1084 3514 1403 3581 amicitiam,
1423 3529 1533 3566 ecce
1556 3512 1735 3585 Agnus
1754 3509 1852 3566 Dei
1879 3512 2177 3576 :secunda,
2284 3532 2422 3569 nunc
2448 3558 2461 3582 ,
2509 3530 2617 3568 non
2645 3512 2713 3569 de
2742 3513 2889 3569 omni
2918 3512 3049 3567 ﬁetu
3086 3512 3190 3567 hoc
3225 3512 3360 3567 dicit
3388 3530 3401 3566 :
3436 3510 3529 3567 scd
3558 3510 3619 3565 dc
3651 3505 3794 3564 tribus.

584 3614 653 3669 ad
674 3611 1303 3679 credulitatem,.loanne
1323 3607 1564 3672 dicente,
1590 3605 1708 3659 Hoc
1728 3603 1953 3675 primum
1974 3606 2180 3676 signum
2284 3624 2420 3679 quos
2467 3607 2726 3663 saeculum
2756 3616 2974 3676 Oportet
3016 3605 3222 3660 habere
3252 3621 3265 3658 :
3300 3605 3535 3676 primum
3566 3602 3710 3658 ﬂetum
3730 3607 3794 3664 ρτο

508 3700 511 3701 ⁷
586 3706 869 3780 fecitJesus
890 3707 942 3760 in
957 3705 1100 3761 Cana
1119 3702 1354 3772 Galilete,
1373 3713 1430 3756 ut
1452 3700 1716 3754 crederent
1738 3700 1791 3753 in
1810 3717 1923 3754 eum
1941 3701 2180 3771 discipuli
2287 3710 2508 3773 peccato
2535 3716 2635 3757 suo
2665 3718 2679 3757 :
2710 3700 3037 3767 secundum,
3074 3714 3175 3769 pro
3199 3709 3431 3770 peccato
3462 3695 3704 3770 proximi:
3724 3699 3793 3743 ter-

587 3803 701 3872 ejus
726 3815 745 3854 :
775 3798 933 3854 tertia
963 3795 1179 3853 vocatio
1204 3794 1271 3850 ad
1299 3793 1691 3864 apostolatum,
1729 3791 1914 3847 Venite
1938 3802 2050 3865 post
2080 3811 2179 3862 me,
2285 3796 2359 3851 tio
2383 3810 2479 3865 pro
2500 3809 2690 3850 amore
2712 3794 2941 3850 caelesti.
2962 3793 3243 3863 Lacrymae
3265 3800 3379 3847 tres
3403 3800 3613 3847 naturas
3634 3784 3795 3842 habent:

591 3900 648 3946 et
676 3891 902 3962 reliqua.
2288 3905 2503 3954 amara,
2541 3904 2639 3959 pro
2667 3898 2892 3959 peccato
2922 3902 3030 3944 non
3074 3886 3207 3943 ﬁere
3234 3902 3247 3942 :
3282 3887 3455 3944 calida
3476 3930 3489 3952 ,
3522 3901 3610 3956 per
3631 3881 3801 3939 calorem

663 3985 927 4040 Circuibat
954 3983 1111 4039 Jesus
1144 3991 1302 4038 totam
1328 3979 1609 4036 Galilazam
1630 4020 1644 4045 ,
1684 3988 1740 4034 et
1768 3978 1997 4049 reliqua.
2028 3978 2183 4035 Sicut
2285 3983 2570 4038 charitatis
2602 3983 2836 4052 proximi
2862 3981 3068 4037 deﬂere
3090 3980 3289 4036 delicta
3318 4022 3333 4046 ,
3365 3988 3391 4017 ι
3428 3979 3603 4051 jacent
3627 3990 3653 4029 a
3676 3969 3803 4029 ((1310.

594 4080 818 4137 Cedeon
848 4078 1100 4133 vincebat
1130 4074 1482 4139 Philistinos,
1523 4074 1594 4128 ita
1619 4071 1869 4127 Christus
1894 4073 2178 4127 daemonia.
2287 4091 2385 4145 pro
2413 4075 2530 4145 ejus
2578 4089 2765 4129 amore
2806 4072 2959 4128 ﬁere.
2994 4073 3193 4127 Tribus
3236 4072 3419 4127 causis
3464 4071 3693 4141 lacrymze
3726 4060 3806 4116 fun-

590 4172 829 4238 Docens,
862 4171 913 4225 id
950 4180 1065 4231 est.
1101 4185 1162 4225 ea
1191 4184 1311 4239 quae
1351 4169 1484 4239 legis
1527 4174 1684 4221 erant
1713 4184 1724 4219 :
1752 4165 2055 4236 praedicans
2079 4212 2093 4235 ,
2131 4167 2183 4222 id
2289 4170 2489 4226 duntur
2520 4186 2533 4223 :
2564 4185 2660 4240 pro
2688 4165 3107 4233 recordatione,
3153 4180 3250 4236 pro
3289 4165 3485 4222 timore
3532 4156 3707 4224 futuri,
3742 4164 3809 4223 pro

591 4272 698 4329 est,
728 4261 1107 4334 Evangelium.
1141 4258 1359 4313 Omnem
1382 4261 1707 4329 languorem,
1739 4255 1791 4310 id
1814 4266 1915 4321 est,
1941 4257 2184 4312 medicus
2288 4258 2750 4333 peregrinatione.

591 4354 691 4410 fuit
720 4333 939 4426 populi,
972 4353 1025 4408 id
1057 4360 1169 4423 est,
1204 4350 1369 4408 Israel
1404 4368 1417 4405 :
1456 4351 1686 4421 languor
1714 4349 1963 4420 corporis
1984 4390 1999 4416 ,
2031 4348 2184 4404 inﬁr-
2360 4354 2513 4409 Beati
2541 4354 2629 4423 qui
2656 4353 2920 4416 esuriant.
2953 4360 3009 4408 et
3036 4350 3279 4422 reliqua:
3313 4349 3366 4407 id
3394 4357 3497 4418 est,
3523 4345 3601 4403 cui
3627 4357 3715 4399 non
3735 4333 3809 4391 sul-

594 4449 756 4503 mitas
785 4449 1003 4503 animae.
2295 4445 2408 4503 ﬁcit
2439 4445 2698 4518 quidquid
2737 4445 2867 4501 boni
2918 4443 3084 4513 facit,
3136 4444 3237 4499 nisi
3271 4443 3501 4516 amplius
3536 4441 3691 4495 facere
3711 4429 3808 4529 tull-

667 4537 734 4592 Et
764 4540 888 4593 abiit
925 4538 1102 4609 opinio
1139 4538 1256 4610 ejus
1284 4537 1340 4590 in
1369 4544 1529 4590 totam
1561 4533 1773 4607 Syriam
1803 4550 1821 4589 :
1866 4533 1919 4590 id
1961 4541 2084 4603 est,
2131 4535 2182 4589 in
2292 4540 2405 4615 Ipsi
2430 4540 2825 4605 saturabunlur,
2858 4538 2911 4593 id
2940 4546 3044 4609 est,
3076 4539 3128 4594 in
3156 4552 3326 4611 regno
3360 4538 3469 4593 Dei.
3500 4531 3640 4591 Beati
3664 4526 3808 4582 miseris

593 4647 785 4687 omnes
812 4640 1022 4702 gentes.
1061 4629 1251 4685 Omnes
1277 4630 1410 4684 male
1437 4631 1676 4683 (tabentes
1703 4670 1718 4693 ,
1762 4628 1812 4682 id
1839 4636 1921 4684 est
1948 4670 1963 4695 ,
2003 4630 2185 4685 multis
2211 4620 2266 4683 D
2290 4633 2473 4689 cordes
2502 4650 2520 4689 :
2548 4633 2600 4687 id
2630 4642 2715 4688 est
2739 4674 2756 4701 ,
2785 4631 2875 4704 qui
2902 4632 3234 4687 miserentur
3257 4672 3271 4697 ,
3303 4630 3373 4686 de.
3402 4626 3609 4684 miseria
3635 4621 3811 4704 liberans

597 4728 837 4799 peccatis
876 4726 1048 4781 insani
1078 4724 1293 4779 fuerunt
1319 4765 1335 4791 ,
1382 4723 1469 4779 vel
1500 4723 1636 4777 mala
1670 4722 1795 4778 ﬁde.
1830 4722 1898 4777 Et
1927 4724 2050 4793 quia
2078 4723 2189 4779 dce-
2290 4736 2380 4783 tur
2403 4770 2419 4793 ,
2462 4737 2514 4783 et
2541 4742 2662 4781 cum
2687 4702 2832 4781 (ιοηρ
2858 4739 2957 4779 suo
2979 4725 3033 4779 in
3055 4724 3258 4780 coelum
3279 4722 3499 4779 vadem,
3525 4702 3812 4773 Βιαιίπηιηάο

594 4822 770 4876 monia
795 4819 1050 4874 habebant
1077 4833 1097 4873 :
1127 4817 1180 4872 id
1226 4826 1311 4873 est
1332 4859 1346 4883 ,
1391 4816 1446 4873 in
1487 4816 1667 4871 anima
1712 4815 1872 4871 idolis
1901 4818 2140 4873 creditur
2169 4836 2184 4874 :
2292 4819 2468 4885 corde,
2505 4819 2556 4872 id
2589 4828 2696 4885 est,
2725 4818 2817 4888 qui
2849 4831 2985 4888 puro
3006 4815 3201 4883 corde;
3235 4830 3341 4870 non
3372 4813 3595 4884 tangitur
3613 4806 3705 4861 ulla
3722 4811 3813 4888 coll-

595 4916 875 4979 lunaticos,
908 4914 959 4969 id
990 4922 1109 4980 est,
1141 4912 1368 4967 lnnatici
1402 4912 1661 4983 putabant
1685 4912 1754 4969 de
1781 4922 1902 4969 ortu
1932 4915 2071 4969 lunae
2110 4914 2189 4971 in-
2294 4912 2520 4967 scientia
2550 4887 2760 4982 peccati
2786 4950 2801 4976 ,
2846 4887 2971 4981 quia
3018 4907 3254 4965 mundus
3284 4907 3426 4964 Deus
3463 4900 3672 4962 mundos
3694 4887 3813 4949 corde

594 5008 907 5063 ﬁrmitates.
2295 5008 2540 5079 respicit.
3714 5078 3725 5091 .

670 5100 983 5155 Obtulerunt
1014 5097 1064 5153 ei
1088 5095 1450 5171 paralyticos:
1494 5098 1545 5153 id
1575 5108 1690 5166 est,
1725 5100 1860 5170 pigri
1887 5100 1955 5155 ad
1984 5101 2185 5156 bonum
2367 5101 2517 5155 Beati
2547 5099 2755 5170 paciﬁci
2800 5114 2819 5155 :
2858 5096 2912 5152 id
2939 5104 3067 5163 est,
3117 5096 3172 5151 in
3214 5102 3446 5166 quatuor
3472 5094 3675 5163 partes;
3713 5081 3814 5171 inter
3886 5146 3887 5157 χ

596 5194 886 5262 agendum.
922 5189 992 5246 Et
1021 5168 1208 5246 secuta:
1234 5168 1355 5245 sunt
1384 5208 1501 5245 eum
1531 5192 1691 5247 turba:
1723 5168 1899 5246 multa:
1924 5236 1939 5259 ,
1986 5191 2037 5247 id
2066 5202 2148 5249 est
2173 5208 2188 5247 :
2301 5195 2493 5262 Deum,
2526 5168 2582 5248 et
2609 5192 2885 5247 hominem
2917 5197 2970 5245 et
2990 5187 3325 5260 proximum,
3356 5188 3493 5240 inter
3518 5168 3813 5274 hominem

600 5286 774 5356 primo
812 5286 1065 5356 discipuli
1092 5284 1159 5340 ad
1190 5283 1352 5339 ﬁdem
1385 5303 1397 5337 :
1430 5285 1653 5340 secundi
1684 5285 1881 5340 inﬁrmi
1923 5302 2021 5356 pro
2049 5288 2196 5341 sani-
2299 5289 2533 5343 amicum
2572 5300 2752 5340 suum.
2786 5285 3013 5356 Oportet
3044 5282 3237 5337 vitium
3280 5279 3430 5336 odire
3458 5318 3473 5345 ,
3522 5281 3573 5329 et
3599 5268 3811 5325 hominem

599 5387 711 5433 tate
740 5394 753 5432 :
789 5370 932 5433 tertii
964 5378 1097 5449 legis
1133 5377 1312 5447 periti,
1344 5376 1411 5431 ad
1443 5378 1947 5448 reprehendendum
1974 5398 1987 5434 :
2016 5382 2190 5450 quarti
2299 5381 2547 5451 diligere.
3608 5458 3618 5462 Δ

600 5485 872 5541 pauperes
897 5515 912 5540 ,
962 5485 1062 5540 pro
1105 5471 1452 5542 eleemosyna
1486 5487 1500 5523 :
1533 5474 1734 5540 quintae
1781 5473 2038 5528 mulieres
2065 5518 2078 5538 ,
2127 5490 2194 5527 ne
2373 5474 2523 5530 Beati
2547 5473 2635 5543 qui
2662 5471 3064 5543 persecutionem
3086 5470 3359 5539 patiuntur
3380 5456 3810 5543 prtipterjustititttn.

598 5536 731 5635 ipsae
750 5536 1103 5633 deSpcrarent
1129 5579 1141 5616 :
1166 5563 1310 5618 sexti
1335 5536 1713 5634 parvulorum,
1740 5573 1800 5618 ut
1823 5563 1957 5619 dixit
1984 5584 1994 5617 :
2026 5536 2195 5619 Sinite
2300 5567 2351 5623 id
2382 5576 2485 5637 est,
2516 5536 2573 5621 in
2597 5536 2836 5621 Christo.
2862 5563 2958 5619 lla:
2983 5536 3109 5619 octo
3140 5558 3501 5618 beatitudines
3532 5548 3593 5606 ad
3619 5551 3720 5600 octo
3740 5536 3807 5589 ho-

609 5866 641 5921 d
677 5804 703 5832 ι
742 5794 1001 5855 Fortasse
1029 5796 1239 5869 placens
1269 5797 1400 5855 caelo
1439 5816 1458 5855 :
1501 5798 1600 5858 sed
1642 5813 1750 5857 non
1795 5799 1927 5858 libet
1955 5798 2207 5870 augurari
2253 5812 2431 5870 neque
2461 5797 2659 5871 operte
2684 5797 2916 5871 pretium
2942 5804 3046 5855 est.
3074 5794 3365 5870 vlnnumera
3403 5785 3500 5845 alia
3533 5772 3657 5838 taciti
3675 5774 3810 5827 emfﬂ‘

646 5880 821 5921 amus.
2318 5918 2323 5921 λ
2590 5920 2593 5921 ν
2820 5920 2823 5921 ν
2914 5916 2937 5921 ν,
3146 5912 3153 5917 ,

646 5880 821 5921 amus.
