3970 6304
64 5138 107 5239 «ι

171 304 283 368 ειε

927 304 1298 369 EXPOSITIO
1332 304 1665 381 QUA'I‘UOR
1701 308 1781 372 EV

1894 307 2275 373 GELIORUM.
2319 310 2748 377 ΜΑΤΤΠΛΕΟΒ.
2808 317 2831 370 ‘i

3370 315 3481 382 546

170 428 349 484 mines
376 427 675 499 pertinent,
706 427 798 499 qui
824 427 1117 486 fueruntin
1144 439 1369 497 arca,et
1392 431 1556 487 modo
1575 430 1776 488 debent
1800 430 1858 495 Α
1881 440 1991 502 εει,
2014 433 2105 504 qui
2137 432 2259 489 aliis
2289 434 2514 491 minime
2533 433 2830 506 praedicat,
2851 440 2909 492 et
2936 430 3045 491 sibi
3084 431 3292 506 majora
3321 449 3478 495 com-

168 534 294 577 esse
319 564 336 588 ,
371 522 500 591 quia
526 532 737 592 septem
768 522 1028 579 mulieres
1056 538 1224 579 unum
1267 524 1443 579 virum
1473 522 1778 580 habuerunt

172 613 457 671 Christum
496 633 511 670 :
553 615 604 671 id
630 624 749 683 est,
781 617 836 672 in
864 618 1289 674 resurrectione.
1326 618 1419 674 Hae
1450 628 1575 675 octo
1604 620 1777 675 beati-

168 707 392 765 tudines
408 709 463 765 in
478 707 698 766 Christo
709 710 1074 781 complentur.
1091 710 1240 768 Beati
1264 727 1529 783 pauperes
1551 714 1774 783 spiritu:

167 798 345 855 Filius
373 803 608 856 hominis
634 820 737 859 non
757 803 907 859 habet
934 804 1023 859 ubi
1047 815 1206 876 caput
1224 805 1458 861 reclinet.
1493 807 1653 879 Beati
1680 806 1782 861 mi-

170 901 250 950 tes
280 912 295 948 :
326 893 533 951 Discite
556 913 589 949 a
612 912 693 951 me
716 940 730 965 ,
765 898 892 969 quia
916 899 1058 953 mitis
1078 914 1219 956 sum.
1250 899 1399 954 Beati
1429 900 1520 970 qui
1552 900 1779 971 lugent:

173 985 380 1042 Videris
401 989 663 1045 civitatem
681 991 823 1062 ﬂevit
842 1008 998 1065 super
1023 1009 1156 1048 eum.
1190 993 1341 1048 Beati
1372 994 1467 1062 qui
1496 996 1775 1051 esuriunt:

176 1082 327 1138 Heus
354 1084 503 1139 cibus
528 1095 604 1141 est
635 1096 691 1140 ut
720 1088 911 1158 faciam
936 1086 1257 1143 voluntatem
1274 1086 1454 1143 Patris
1476 1089 1597 1144 mei.
1627 1089 1779 1145 Beati

178 1174 588 1244 misericordes,
617 1176 671 1233 id
699 1187 818 1245 est,
846 1178 1271 1235 Misericordiam
1296 1178 1414 1235 volo
1436 1226 1449 1250 ,
1484 1189 1529 1235 et
1556 1198 1660 1235 non
1688 1198 1779 1235 sa-

187 1269 459 1340 criﬁcium.
487 1271 643 1328 Beati
667 1273 872 1329 mundo
897 1273 1087 1342 corde,
1117 1274 1171 1330 id
1200 1283 1285 1331 est
1314 1294 1326 1329 :
1360 1276 1542 1330 Estote
1569 1278 1736 1330 sancti
1762 1318 1777 1342 ,

193 1364 424 1434 quoniam
445 1381 543 1435 ego
565 1376 775 1422 sanctus
790 1366 937 1421 sum.
960 1366 1111 1422 Beati
1134 1367 1341 1439 pacifici
1365 1385 1377 1422 :
1401 1365 1592 1423 Pacem
1611 1385 1780 1423 meam

202 1458 260 1511 do
278 1457 434 1524 vobis,
465 1468 523 1514 et
546 1459 775 1530 reliqua.
806 1459 958 1515 Beati
981 1462 1072 1532 qui
1102 1460 1538 1530 persecutionem
1568 1464 1781 1533 patiun-

207 1562 301 1620 tur,
329 1553 379 1609 id
406 1563 488 1610 est
513 1571 528 1609 :
556 1554 619 1611 Si
643 1571 725 1608 me
744 1557 1002 1628 persecuti
1028 1564 1171 1622 sunt,
1203 1567 1252 1610 et
1276 1571 1363 1611 vos
1388 1566 1777 1627 persequentur.

273 1645 370 1701 Vos
397 1647 515 1701 estis
545 1647 625 1702 sal
654 1656 806 1702 terra:
837 1664 855 1701 :
888 1646 944 1702 Id
975 1657 1060 1703 est
1086 1689 1101 1714 ,
1152 1648 1387 1719 apostoli
1427 1656 1484 1703 et
1524 1648 1781 1704 doctores

214 1738 434 1796 dicuntur
475 1756 491 1796 :
536 1752 727 1807 teme,
774 1740 936 1812 hujus
966 1741 1154 1796 mundi
1180 1741 1401 1797 dicitur.
1453 1742 1607 1808 Quod
1631 1742 1676 1797 si
1700 1740 1781 1796 sal

1879 527 2064 584 mittit.
2106 527 2352 583 Minimus
2378 529 2644 584 vocabitur
2690 530 2745 584 in
2771 545 2932 600 regno
2962 529 3228 598 caelorum,
3274 529 3328 586 id
3367 541 3472 602 est,

1880 621 1934 677 in
1954 622 2219 679 Ecclesia.
2247 623 2368 678 Nisi
2394 625 2730 679 abundaverit
2742 626 2953 698 justitia
2978 633 3148 680 uestra
3174 626 3293 696 plus
3321 643 3480 699 quam

1881 714 2170 769 scribarum
2201 725 2248 770 et
2276 714 2650 788 pharismorum
2674 733 2692 772 :
2712 718 2835 787 quia
2859 717 2935 772 illi
2960 733 3153 789 magna
3183 717 3475 790 docebant,

1882 819 1936 864 et
1965 809 2237 866 modicum
2269 810 2561 880 faciebant,
2593 812 2679 866 vel
2701 814 2823 883 quia
2851 814 2953 868 alia
2984 815 3235 870 mandata
3260 814 3328 870 de
3355 814 3475 887 lege

1882 903 2284 974 repudiabant:
2310 920 2432 975 quae
2461 919 2571 960 non
2615 904 2904 973 amabant,
2945 922 3053 962 non
3092 904 3371 978 dicebant,
3421 917 3477 965 et

1881 1012 2001 1068 quae
2027 998 2303 1067 amabant,
2337 999 2609 1055 dicebant.

1954 1089 2187 1145 Audistis
2233 1091 2355 1161 quia
2396 1092 2589 1147 dictant
2620 1100 2694 1147 est
2723 1091 2975 1164 antiquis,
3006 1109 3110 1148 non
3142 1094 3341 1150 occides
3373 1112 3392 1153 :
3423 1093 3478 1151 id

1881 1192 1987 1248 est,
2020 1198 2125 1238 non
2152 1184 2370 1240 solvere
2397 1185 2593 1255 legem.
2647 1186 2750 1254 Qui
2792 1187 3039 1241 irascitur
3086 1188 3237 1258 fratri
3266 1206 3359 1245 suo
3383 1208 3398 1243 :
3426 1188 3480 1245 id

1880 1282 1985 1340 est,
2018 1274 2097 1329 ira
2129 1275 2179 1329 in
2210 1275 2374 1330 corde
2403 1274 2522 1331 sine
2563 1292 2720 1345 voce,
2766 1292 2894 1333 reus
2935 1279 3040 1333 erit
3088 1279 3140 1333 in
3165 1279 3393 1349 judicio,
3426 1280 3480 1336 id

1881 1378 1988 1435 est,
2014 1367 2069 1422 in
2101 1366 2190 1422 die
2216 1366 2426 1437 judicii.
2452 1368 2655 1435 Racha,
2679 1369 2731 1425 id
2761 1379 2867 1437 εει,
2899 1386 3091 1426 vacuus
3142 1371 3228 1428 vel
3287 1373 3480 1427 inanis.

1882 1458 2074 1527 Fatue,
2102 1460 2154 1514 id
2183 1468 2286 1526 est,
2320 1459 2440 1514 sine
2462 1461 2695 1517 cerebro
2720 1477 2733 1515 :
2765 1477 2886 1516 reus
2912 1462 3011 1516 erit
3053 1461 3297 1534 gehennae
3325 1464 3482 1535 ignis,

1883 1553 1937 1608 id
1974 1564 2078 1622 est,
2131 1554 2381 1624 gehenna
2412 1552 2612 1624 duplex
2663 1568 2847 1625 pmna,
2880 1570 2947 1612 eo
2977 1555 3122 1627 quod
3149 1555 3383 1612 animam
3428 1566 3485 1613 et

1882 1660 2083 1715 corpus
2122 1646 2297 1718 punit.

1956 1740 2019 1797 Si
2049 1740 2235 1807 o/I'eres
2274 1759 2459 1797 munus
2508 1751 2655 1797 tuum
2683 1742 2751 1797 ad
2776 1742 2961 1808 altare,
2991 1751 3047 1799 et
3072 1741 3281 1815 reliqua
3311 1760 3327 1800 :
3358 1743 3491 1800 vade

218 1834 486 1901 eranuerit,
537 1843 593 1890 et
624 1834 857 1905 reliqua.
908 1833 967 1891 Si
1015 1833 1208 1890 doctor
1244 1836 1548 1901 erraverit,
1592 1835 1646 1890 in
1678 1852 1784 1907 quo
1815 1834 1862 1895 B
1888 1836 2221 1889 reconciliari
2259 1836 2410 1905 fratri
2469 1835 2675 1891 tuo:id
2724 1846 2828 1904 est,
2880 1851 3102 1906 munus,
3157 1836 3487 1907 orationem,

221 1924 540 1981 emendatur?
573 1925 665 1982 Sal
692 1934 933 1997 saporat,
964 1942 1183 1983 vermes
1210 1927 1429 1983 occidit.
1465 1927 1782 2001 Projiciatur

225 2027 263 2071 et
283 2020 583 2075 conculcetur
612 2021 676 2075 ab
705 2021 1025 2088 hominibus,
1058 2021 1111 2076 id
1137 2030 1243 2090 est,
1274 2029 1471 2076 exeant
1498 2029 1653 2076 extra
1683 2021 1785 2077 Ec-

230 2114 431 2181 clesiatn,
459 2125 513 2172 et
536 2126 864 2187 reputentur
901 2116 955 2171 in
987 2127 1140 2187 parte
1169 2116 1472 2188 gentilium.
1530 2116 1635 2171 Vos
1662 2119 1784 2173 estis

234 2205 306 2260 lux
327 2209 487 2262 mundi
516 2224 537 2264 :
565 2208 618 2264 id
650 2218 757 2275 est,
786 2209 912 2280 quia
942 2210 1031 2265 lux
1054 2209 1319 2265 absconsa
1347 2209 1586 2276 revelat,
1618 2219 1675 2265 et
1705 2220 1785 2266 te—

234 2300 392 2357 nebras
418 2301 693 2358 illuminat
734 2320 746 2355 :
780 2302 856 2358 ita
899 2312 953 2358 et
992 2317 1091 2359 vos
1134 2303 1387 2359 tenebras
1437 2312 1784 2373 peccatorum

233 2392 507 2453 llluminate.
561 2396 719 2452 Alias
758 2412 893 2453 vero
918 2440 933 2464 ,
981 2399 1124 2453 sicut
1166 2398 1249 2454 sol
1291 2413 1509 2469 semper
1552 2401 1606 2455 in
1643 2400 1783 2456 coelo

232 2499 375 2545 manet
403 2509 417 2546 :
450 2491 525 2547 ita
557 2500 615 2548 et
643 2507 742 2547 vos
774 2491 846 2547 ibi
876 2503 1114 2550 manete.

282 2580 386 2637 Non
413 2593 581 2657 potest
609 2584 792 2639 civitas
818 2584 1063 2641 abscondi
1094 2602 1112 2640 :
1142 2584 1200 2641 Id
1227 2594 1341 2655 est,
1370 2587 1619 2643 Ecclesia
1638 2628 1654 2655 ,
1690 2604 1782 2642 su-

222 2691 295 2744 per
316 2689 533 2733 montem
557 2719 574 2745 ,
607 2679 664 2734 id
694 2688 778 2735 est
805 2721 820 2746 ,
860 2695 1028 2750 super
1049 2679 1347 2737 Christum.
1382 2681 1569 2754 Neque
1596 2700 1782 2738 accen-

216 2771 317 2825 dunt
342 2772 609 2827 lucernam
636 2818 650 2843 ,
698 2773 752 2830 id
780 2784 907 2845 est,
954 2775 1232 2846 apostolos
1258 2785 1315 2831 et
1340 2776 1614 2833 doctores.
1659 2777 1783 2834 Non

209 2878 377 2934 ponunt
403 2870 499 2924 sub
524 2869 703 2924 modio
726 2911 741 2936 ,
785 2870 839 2925 id
880 2878 963 2926 est
987 2915 1001 2937 ,
1051 2871 1153 2927 sub
1180 2871 1413 2944 timore,
1448 2875 1533 2929 vel
1571 2889 1779 2931 amore.

202 2962 421 3031 Quatuor
447 2962 842 3020 similitudines
872 2963 1077 3020 habent
1106 2967 1336 3037 apostoli
1368 2985 1381 3020 :
1410 2968 1525 3034 sal,
1562 2969 1667 3034 sol,
1700 2969 1783 3023 lu-

195 3071 354 3125 cerna,
390 3057 611 3113 civitas.
640 3056 815 3130 Super
845 3058 1217 3113 candelabrum
1238 3103 1253 3126 ,
1282 3059 1334 3114 id
1360 3070 1474 3126 est,
1509 3060 1779 3118 Ecclesia.

196 3148 251 3205 Ut
270 3153 481 3207 luceant
510 3152 748 3207 omnibus
775 3153 863 3222 qui
894 3153 948 3206 in
979 3151 1133 3206 domo
1160 3162 1282 3207 sunt
1309 3169 1328 3208 :
1358 3153 1411 3208 id
1441 3164 1555 3221 est,
1587 3152 1641 3209 in
1675 3154 1782 3209 Ec-

1888 1926 2219 1983 oblationem
2262 1937 2357 1983 aut
2401 1929 2634 1997 teipsum
2687 1927 2757 1983 ad
2798 1930 3235 1985 communionem
3280 1929 3485 1987 offers:

1886 2035 2181 2091 numquam
2219 2020 2285 2075 ad
2331 2020 2632 2076 Ecclesiam
2664 2020 2998 2076 veniendum
3048 2030 3153 2087 est,
3204 2036 3489 2094 usquequo

1885 2114 2040 2169 fratri
2059 2130 2164 2169 non
2188 2114 2651 2170 reconciliaberis.
2677 2113 2931 2186 Relinque
2968 2115 3042 2169 ibi
3074 2132 3267 2171 munus
3295 2125 3443 2171 tuum
3466 2132 3487 2171 :

1886 2208 2163 2278 quomodo
2194 2206 2297 2262 hoc
2327 2206 2613 2277 impletum
2638 2206 2783 2263 erit?
2834 2208 3039 2278 pariter
3068 2208 3259 2263 ambos
3300 2209 3487 2264 incre-

1886 2310 1997 2374 pat,
2030 2303 2075 2356 si
2106 2309 2191 2356 est
2228 2300 2283 2356 in
2341 2300 2671 2372 propinquo,
2719 2301 2881 2369 bene,
2915 2310 2971 2357 et
3001 2300 3047 2355 si
3078 2300 3259 2371 longe,
3303 2309 3489 2357 mente

1886 2406 2065 2451 tamen
2097 2393 2257 2451 debet
2281 2395 2662 2461 reconciliare,
2695 2404 2752 2449 et
2773 2393 2885 2464 jam
2928 2393 3073 2465 quod
3128 2393 3336 2449 dictum
3367 2404 3483 2464 est,

1885 2504 2007 2546 cum
2041 2489 2297 2544 omnibus
2328 2488 2637 2543 hominibus
2666 2502 2852 2557 pacem
2900 2487 3123 2545 habere.

1958 2584 2086 2639 Esto
2116 2584 2441 2639 consentiens
2473 2581 2770 2635 adversario
2789 2581 2966 2648 tuo,id
2983 2590 3068 2638 est
3095 2581 3447 2653 Evangelium
3473 2599 3487 2637 :

1886 2678 2011 2732 dum
2029 2696 2079 2733 es
2100 2679 2153 2732 in
2178 2679 2259 2732 ria
2283 2695 2401 2734 cum
2427 2696 2507 2742 eo,
2540 2678 2593 2734 id
2616 2687 2719 2745 εει,
2753 2679 2809 2733 in
2838 2678 2939 2734 ista
2972 2679 3080 2734 vita
3108 2695 3123 2731 :
3152 2680 3266 2734 sive
3286 2679 3482 2734 adver-

1886 2770 2033 2827 sario
2054 2780 2150 2826 tuo
2176 2770 2415 2839 diabolo,
2438 2780 2495 2824 ut
2523 2786 2627 2825 non
2658 2770 2827 2825 facias
2844 2770 2987 2841 quod
3012 2771 3253 2843 suggerit
3274 2772 3395 2839 tibi,
3420 2786 3490 2827 ne

1885 2863 1985 2918 tibi
2028 2874 2290 2933 augeatur
2334 2878 2493 2933 ptena
2522 2879 2622 2934 pro
2672 2873 2768 2919 tuo
2798 2875 3045 2934 peccato.
3076 2863 3135 2920 Si
3166 2863 3343 2920 infans
3373 2865 3491 2935 gla-

1886 2956 2034 3013 dium
2061 2955 2216 3026 petit,
2250 2972 2358 3012 non
2387 2957 2439 3012 ei
2462 2957 2730 3028 porrigas,
2763 2955 2910 3013 unde
2958 2972 3019 3013 se
3062 2967 3269 3028 pungat
3297 2959 3490 3015 :etsic

1886 3053 1935 3108 ei
1954 3052 2256 3108 consentis.
2282 3049 2367 3105 Ne
2397 3053 2531 3121 forte
2556 3051 2882 3106 adversarius
2928 3052 3108 3106 tradat
3135 3062 3182 3106 te
3204 3052 3401 3125 judici,
3435 3052 3489 3107 id
3550 3074 3553 3077 ·

1886 3156 1993 3212 εει,
2026 3161 2095 3201 ne
2115 3143 2203 3201 lex
2238 3145 2515 3215 Evangelii
2568 3145 2745 3201 tradat
2786 3155 2840 3201 te
2879 3146 3098 3202 Christo
3121 3145 3329 3216 judici:
3364 3147 3489 3217 quia

192 3244 329 3300 desis
350 3285 368 3310 ,
405 3243 497 3299 vel
542 3242 595 3297 in
638 3242 866 3298 mundo.
904 3242 995 3299 Sic
1026 3244 1194 3298 luceat
1224 3244 1318 3298 lua:
1342 3254 1512 3298 vestra
1533 3291 1546 3313 ,
1576 3245 1630 3300 id
1656 3256 1738 3301 est
1761 3290 1776 3313 ,

1892 3254 1995 3294 non
2021 3238 2349 3293 consensisti
2376 3237 2702 3308 Evangelio,
2736 3239 2989 3294 ministro
3009 3280 3025 3305 ,
3056 3239 3109 3294 id
3133 3249 3241 3307 est,
3273 3240 3489 3311 angelo,

194 3336 415 3393 doctrina
442 3379 457 3402 ,
491 3336 614 3392 sive
643 3336 786 3392 bona
816 3350 1007 3407 opera.
1036 3334 1108 3389 Et
1134 3336 1425 3409 gloriﬁcent
1453 3336 1667 3392 Patrem
1693 3356 1780 3394 ve-

197 3438 358 3499 strm,
389 3431 446 3486 id
469 3438 583 3497 est,
613 3431 665 3485 in
708 3430 1008 3488 benefactis
1034 3432 1255 3487 vestris.

253 3522 425 3579 Nolite
447 3534 663 3598 putare,
694 3524 818 3595 quia
848 3540 953 3580 non
978 3525 1094 3579 veni
1125 3525 1318 3582 solvere
1342 3524 1508 3601 legem
1541 3543 1559 3583 :
1586 3526 1646 3585 Id
1673 3535 1777 3597 εει,

185 3618 561 3689 quodcumque
588 3632 725 3689 opus
752 3617 953 3673 factum
977 3628 1082 3686 est,
1116 3618 1235 3689 ipse
1262 3620 1523 3689 implevit.
1553 3621 1781 3689 Quando

181 3712 265 3769 ﬁlii
293 3713 468 3769 Israel
496 3720 887 3783 peccaverunt,
919 3711 1137 3783 Moyses
1168 3722 1223 3769 et
1249 3712 1385 3770 Levi
1419 3724 1531 3771 tres
1573 3716 1782 3787 gladios

182 3807 243 3862 ad
267 3806 578 3862 vindictam
616 3820 785 3876 super
820 3819 920 3861 eos
956 3814 1292 3876 acceperunt
1315 3848 1330 3872 ,
1362 3807 1504 3878 quod
1529 3806 1781 3864 Christus

185 3900 298 3957 fecit
315 3918 445 3958 cum
466 3901 607 3957 dixit
632 3919 645 3956 :
673 3899 796 3956 Non
824 3902 937 3956 veni
956 3918 1136 3973 pacem
1162 3901 1385 3969 mittere,
1408 3902 1498 3956 sed
1521 3903 1777 3973 gladium.

193 3993 250 4048 Et
274 3994 515 4063 implere,
548 3994 603 4050 id
632 4002 735 4060 est,
771 3994 913 4065 quod
944 3995 1123 4049 minus
1145 4003 1287 4060 erat,
1316 3993 1441 4065 quia
1463 4001 1622 4051 vetus
1642 3993 1776 4059 Lex,

197 4086 236 4139 si
259 4088 377 4157 quis
405 4086 813 4156 adulterasset,
855 4087 1038 4158 puniri
1082 4086 1310 4157 jubebat
1358 4103 1374 4143 :
1419 4103 1565 4143 nunc
1594 4097 1779 4143 autem

206 4195 297 4233 non
319 4181 573 4249 solvitur,
607 4180 704 4237 sed
735 4180 1015 4251 impletur,
1044 4195 1167 4235 cum
1192 4180 1393 4235 dicitur
1425 4198 1439 4234 :
1474 4181 1574 4249 Qui
1598 4181 1780 4236 viderit

216 4276 452 4329 mulierem
481 4275 552 4329 ad
579 4274 1049 4345 concupiscendam
1075 4290 1215 4341 eam,
1247 4283 1303 4329 et
1324 4273 1568 4345 reliqua:
1600 4283 1655 4329 et
1680 4272 1780 4329 ite-

222 4380 345 4423 rum:
375 4366 445 4423 De
472 4370 618 4424 omni
644 4367 794 4423 verbo
822 4367 1013 4434 otioso,
1041 4368 1299 4421 rationem
1331 4366 1546 4421 reddere
1592 4367 1644 4421 in
1696 4368 1780 4421 die

64 4452 91 4493 τέ
172 4506 177 4507 ,
224 4462 393 4523 iudicii.
426 4464 565 4522 Ecce
610 4476 720 4518 non
769 4461 895 4517 veni
937 4460 1152 4517 solvere
1188 4459 1400 4532 legem,
1436 4458 1533 4515 sed
1580 4473 1778 4532 augere

224 4552 339 4621 quod
359 4564 508 4611 vetus
534 4569 642 4611 non
670 4554 828 4609 dixit.

1883 3334 1976 3404 qui
2027 3334 2243 3387 animas
2291 3332 2345 3387 in
2376 3346 2597 3404 poenam
2629 3333 2799 3388 mittit
2829 3333 2884 3387 in
2928 3347 3229 3401 carcerem,
3272 3333 3327 3389 id
3381 3344 3487 3403 est,

1884 3426 1937 3480 in
1964 3425 2262 3481 infernum.

1957 3517 2081 3573 Non
2114 3520 2254 3573 exies
2280 3519 2421 3586 inde,
2446 3518 2498 3575 id
2529 3528 2637 3590 est,
2669 3519 2793 3591 quia
2818 3518 2886 3575 de
2927 3518 3142 3576 inferno
3164 3534 3327 3576 nemo
3354 3520 3488 3588 exit,

1884 3613 2063 3670 donec
2093 3613 2450 3669 novissimum
2500 3613 2859 3684 quadrantem
2891 3614 3081 3670 reddat
3116 3632 3130 3669 :
3165 3614 3355 3683 donec,
3391 3630 3490 3686 pro

1882 3723 2084 3777 semper
2114 3705 2404 3776 accipitur.
2439 3706 2723 3776 Quadrans
2762 3716 2848 3763 est
2885 3719 3079 3778 quarta
3107 3722 3230 3778 pars
3258 3708 3487 3775 nummi,

1882 3814 2004 3869 qua:
2023 3814 2128 3871 pro
2156 3798 2434 3856 lavatione
2460 3800 2511 3854 in
2542 3800 2797 3855 mercede
2821 3800 3002 3867 datur,
3033 3801 3115 3856 vel
3138 3814 3236 3871 pro
3261 3799 3490 3855 minimo

1881 3904 2106 3966 peccato
2136 3892 2337 3966 dicitur
2370 3911 2381 3946 :
2414 3894 2773 3965 quadrantem
2802 3893 3055 3961 reddere,
3107 3894 3159 3949 in
3215 3892 3488 3950 infernum

1880 3988 2048 4054 mitti,
2077 3988 2160 4043 vel
2188 3989 2309 4057 quia
2334 3987 2497 4043 homo
2523 3986 2591 4042 de
2613 3996 2849 4058 quatuor
2868 3987 3157 4043 elementis
3186 3987 3361 4043 factus
3381 3997 3491 4044 est.

1882 4081 2088 4137 Audisti
2100 4081 2223 4150 quia
2237 4081 2429 4135 dictum
2449 4080 2783 4152 estantiquis,
2804 4079 2924 4135 Non
2946 4080 3301 4148 mwchaberis,
3318 4079 3369 4135 id
3383 4090 3489 4148 est,

1881 4190 1991 4230 non
2017 4173 2369 4228 adulterabis.
2407 4172 2513 4240 Qui
2528 4174 2712 4228 viderit
2739 4174 3006 4229 mulierem
3029 4174 3099 4228 ad
3120 4178 3492 4246 concupiscen-

1882 4268 2004 4323 dum
2019 4284 2154 4323 eam.
2178 4267 2308 4323 Duae
2346 4268 2806 4337 concupiscentia:
2852 4276 2997 4335 sunt,
3021 4267 3218 4338 prima,
3245 4282 3407 4337 quam
3439 4267 3483 4325 si

1880 4362 2220 4433 possibilitas
2250 4370 2507 4432 sequatur
2544 4360 2796 4429 allectus,
2828 4364 3009 4433 operis
3041 4377 3148 4416 non
3198 4360 3445 4432 sequitur
3475 4380 3488 4412 :

1881 4458 2123 4513 secunda
2150 4473 2272 4527 quae
2303 4466 2737 4524 consummatur,
2770 4455 2815 4510 si
2841 4454 3178 4525 possibilitas
3208 4461 3491 4525 suppetat:

1881 4551 2190 4609 moechatus
2215 4553 2269 4605 in
2295 4565 2548 4621 corpore,
2578 4559 2634 4604 et
2657 4550 2712 4604 in
2744 4548 2911 4604 corde
2934 4548 3013 4604 ﬁt.

278 4649 419 4704 Amen
440 4650 555 4705 dico
576 4648 740 4703 vobis.
768 4647 953 4717 Amen,
986 4646 1040 4703 id
1069 4655 1176 4713 est,
1208 4662 1347 4714 vere,
1380 4646 1499 4703 sive
1521 4646 1775 4703 fideliter.
1805 4630 1860 4690 Ῑ)
1958 4644 2021 4701 Si
2051 4644 2233 4699 oculus
2264 4654 2383 4698 tuus
2412 4644 2588 4699 dexter
2618 4642 2940 4696 scandalizat
2974 4652 3021 4697 te
3049 4658 3069 4697 :
3096 4658 3217 4697 erue
3257 4658 3397 4711 eum,
3448 4651 3498 4698 et

224 4734 322 4794 lota
339 4758 516 4814 unum,
544 4757 743 4799 nomen
766 4742 990 4808 litterae,
1014 4756 1135 4812 qua:
1162 4754 1270 4795 uno
1292 4739 1456 4795 ducto
1481 4756 1494 4793 :
1522 4740 1581 4793 lit
1603 4739 1734 4819 deca
1760 4749 1786 4776 ιι

222 4830 412 4906 littera,
453 4837 507 4894 id
543 4846 669 4905 est,
710 4836 901 4893 decem
942 4835 1113 4891 verba
1153 4833 1312 4903 Legis
1338 4874 1353 4898 ,
1397 4833 1537 4904 apud
1567 4833 1786 4889 Grcccos

218 4924 406 5000 littera,
434 4932 578 5006 quod
610 4947 713 4988 nos
740 4947 905 4988 unum
936 4930 1199 4986 diximus.
1235 4929 1383 4985 Unus
1415 4947 1551 5001 apex
1575 4971 1589 4995 ,
1618 4945 1783 4984 unum

216 5036 447 5093 punctum
474 5072 489 5097 ,
536 5028 604 5084 ad
634 5028 903 5095 litteram;
937 5026 1005 5081 ad
1040 5041 1259 5083 sensum
1296 5034 1478 5080 autem
1502 5067 1517 5093 ,
1562 5026 1784 5080 minima

213 5120 437 5177 mandata
467 5121 649 5194 Legis.
693 5121 868 5177 Donec
908 5120 1083 5175 omnia
1124 5121 1255 5191 ﬁant
1279 5162 1295 5187 ,
1340 5120 1463 5190 quia
1503 5134 1625 5189 qua:
1664 5120 1784 5189 lege

212 5213 414 5270 minima
440 5215 703 5282 fuerunt,
748 5217 910 5286 plena
939 5215 1217 5287 mysteriis
1245 5213 1380 5268 fiunt
1409 5230 1424 5281 ;
1475 5215 1580 5269 iota
1626 5223 1783 5269 vetus

212 5297 344 5371 Lex,
373 5322 507 5379 apex
531 5307 704 5363 Nova.

275 5396 368 5464 Qui
386 5402 519 5456 enim
545 5400 759 5457 solverit
786 5417 952 5457 unum
980 5401 1043 5458 de
1064 5401 1327 5457 mandatis
1372 5401 1487 5456 istis
1537 5399 1783 5455 minimis.

210 5486 374 5563 ldcst,
395 5496 484 5569 qui
522 5496 749 5553 multum
780 5496 959 5561 docet,
988 5504 1044 5552 et
1088 5496 1315 5552 minime
1345 5495 1555 5565 implet.
1591 5492 1785 5549 Phari-

208 5587 291 5643 δίει
312 5590 625 5647 excolantes
671 5589 925 5659 culicem,
957 5597 1013 5646 et
1054 5589 1320 5645 camelum
1361 5589 1657 5660 glutientes
1689 5605 1704 5642 :
1733 5585 1787 5643 id

272 5762 295 5791 ι
321 5752 541 5812 Videtur
583 5754 653 5811 de
694 5753 812 5810 iota
858 5751 1063 5818 littera,
1113 5758 1319 5823 quaeet
1367 5748 1539 5803 decem
1572 5744 1786 5823 numeri

1890 4738 2088 4810 projice
2116 4736 2205 4790 abs
2222 4745 2289 4791 te.
2315 4734 2371 4790 Id
2391 4745 2494 4803 est,
2524 4734 2776 4805 princeps
2805 4735 2889 4789 vel
2916 4734 3113 4790 doctor
3142 4743 3290 4803 tuus,
3339 4749 3495 4800 erue,

1888 4831 1942 4886 id
1977 4839 2079 4899 est,
2112 4844 2306 4901 separa
2338 4844 2459 4883 cum
2488 4844 2516 4881 a
2550 4837 2625 4894 te,
2660 4829 2707 4882 si
2741 4836 2797 4883 te
2824 4826 2918 4883 Dei
2949 4828 3173 4883 servitio
3205 4826 3499 4898 prohibue-

1890 4926 1993 4991 rit;
2022 4940 2187 4979 unum
2222 4922 2524 4978 membrum
2557 4932 2732 4988 tuum,
2762 4921 2814 4977 id
2840 4931 2944 4988 est,
2971 4921 3170 4978 melius
3198 4930 3281 4977 est
3309 4919 3408 4975 tibi
3436 4928 3495 4975 ut

1891 5017 2145 5089 princeps
2172 5024 2382 5087 pereat,
2418 5030 2577 5084 quam
2616 5029 2739 5070 cum
2791 5015 2888 5070 illo
2918 5014 3086 5070 vadas
3117 5014 3169 5069 in
3200 5013 3494 5068 infernum.

1896 5112 2117 5172 Oculus.
2150 5111 2201 5165 id
2251 5121 2364 5179 est,
2398 5108 2727 5165 desiderium
2758 5119 2939 5176 tuum,
2981 5109 3107 5180 quia
3152 5121 3354 5179 corpus
3403 5121 3501 5178 per

1894 5206 2047 5263 illum
2082 5206 2134 5260 in
2171 5205 2477 5276 gehennam
2505 5204 2760 5260 mittitur.
2796 5202 2994 5259 Dextra
3019 5219 3226 5272 manus,
3272 5200 3325 5257 id
3373 5211 3496 5269 est,

1890 5299 2162 5364 minister,
2194 5310 2287 5353 aut
2318 5299 2398 5352 ira
2432 5308 2520 5353 tua
2554 5315 2568 5352 :
2597 5297 2917 5351 scandalizat
2948 5307 3017 5360 te.
3049 5295 3100 5350 id
3130 5306 3239 5363 est,
3269 5296 3527 5353 amanda

1890 5408 1922 5449 a
1958 5400 2016 5449 te
2050 5412 2063 5446 :
2097 5407 2301 5456 manus,
2346 5389 2398 5445 id
2429 5400 2513 5446 est
2540 5406 2677 5460 opus
2704 5390 2905 5445 malum
2946 5388 3188 5445 abscide.

1968 5485 2093 5541 Non
2115 5489 2300 5558 jurare
2328 5484 2415 5539 :id
2437 5494 2667 5551 est,non
2696 5482 2985 5553 periurare
3016 5502 3028 5538 :
3060 5500 3163 5540 non
3184 5486 3373 5556 jurare
3393 5501 3503 5540 om-

1890 5581 2017 5637 nino
2039 5596 2057 5634 :
2081 5578 2135 5635 id
2163 5586 2269 5647 est,
2297 5593 2586 5650 numquam
2609 5577 2795 5649 jurare
2822 5592 3015 5648 :neque
3045 5594 3136 5650 per
3152 5579 3354 5650 calum,
3380 5578 3505 5649 quia

1898 5750 2185 5799 contextus
2214 5746 2319 5805 est,
2351 5745 2412 5792 ut
2436 5752 2559 5791 cum
2592 5733 2696 5789 alia
2728 5742 2985 5792 sexcenta
3032 5734 3297 5805 hactenus
3320 5746 3506 5790 emen-

213 5804 1252 5900 apud'C-rincos‘riota'caudicem.jsed
1278 5804 1609 5894 depravatus
1657 5819 1795 5878 adeo
1902 5813 2240 5886 daverimus,
2268 5804 2359 5871 hic
2389 5817 2602 5867 tantum
2625 5828 2643 5863 t
2667 5820 2767 5881 pro
2798 5830 2831 5865 κ
2868 5807 3155 5867 immutare
3186 5804 3503 5866 audeamus.
