3970 6304
174 285 262 344 549

891 282 1259 343 EXPOSITIO
1297 282 2242 362 QUATUOR'EVANGELIORUM.
2284 287 2714 374 MATTll/EUS.

3325 288 3434 350 550

168 400 411 472 aDomino
444 400 499 455 in
534 408 680 469 terra
711 400 988 488 accipiunt
1031 403 1430 482 reparationem
1477 403 1727 474 divinita-
1751 409 1802 492 ᾼ
1833 404 2053 476 diaboli,
2088 407 2314 488 veniunt
2342 408 2408 464 ad
2443 409 2625 478 tidem,
2659 410 2968 478 recumbam,
3002 407 3057 465 id
3087 418 3191 479 est,
3222 410 3433 472 inhabi-

164 497 240 562 tis.
263 494 455 566 Quanto
483 495 651 565 magis
677 493 839 560 Pater
869 507 1054 567 vester,
1072 499 1161 567 qui
1194 499 1368 554 bonus
1396 508 1481 555 est
1509 509 1724 566 natura,

162 590 278 656 dabit
297 591 418 645 bona
439 590 729 662 petentibus
756 607 839 660 se,
865 591 916 646 id
937 602 1020 646 est
1039 635 1053 661 ,
1084 592 1244 648 ﬁdem
1266 609 1362 664 per
1383 593 1725 651 charitatem.

161 681 330 739 Intrate
357 701 446 755 per
471 694 749 758 angustam
790 694 1014 757 portam,
1047 686 1137 741 ubi
1163 702 1266 764 non
1297 686 1514 758 capient
1539 703 1728 758 pecca-

157 787 299 843 tores,
337 778 440 834 nisi
472 777 750 852 deponant
774 795 910 851 quas
933 788 1151 850 portant
1180 781 1444 836 sarcinas.
1489 781 1626 850 Duo,
1675 784 1725 838 id

155 872 573 950 est,cltaritatem
599 874 693 932 Dei
719 884 774 931 et
801 877 1032 946 proximi
1069 895 1082 930 :
1116 877 1226 940 duo
1265 879 1588 949 luminaria,
1638 894 1730 934 su-

155 967 310 1037 perius
337 967 712 1038 Evangelium,
759 968 983 1025 inferius
1008 979 1163 1026 vetus
1193 969 1326 1040 Lex,
1361 972 1449 1032 ubi
1477 973 1598 1044 quis
1645 973 1729 1028 ol-

153 1059 346 1130 lendat,
381 1075 491 1116 non
518 1061 706 1116 intrat.
737 1061 906 1128 Quam
939 1061 1048 1118 lata
1078 1073 1262 1136 porta,
1295 1073 1352 1120 et
1394 1065 1600 1138 reliqua
1630 1082 1643 1120 :
1675 1065 1727 1122 id

151 1162 233 1222 est,
255 1153 455 1208 divitiis
473 1163 530 1211 et
556 1154 776 1224 propria
806 1157 1088 1222 voluntate
1115 1157 1439 1234 servientes.

204 1248 454 1303 Attendite
479 1248 640 1315 vobis,
673 1248 725 1310 id
750 1262 854 1316 est,
882 1261 910 1304 a
945 1251 1096 1322 falsis
1124 1231 1442 1328 doctoribus
1494 1263 1682 1310 cavete
1709 1271 1722 1309 :

149 1339 188 1394 in
205 1342 506 1410 vestimentis
531 1343 722 1409 ovium,
773 1343 823 1397 id
855 1355 957 1408 est,
991 1345 1120 1412 boni
1149 1344 1408 1416 doetoris,
1435 1346 1544 1416 lupi
1570 1363 1727 1415 rapa-

148 1451 236 1504 ces,
268 1435 317 1490 id
347 1445 455 1502 est,
479 1436 692 1492 animas
726 1436 777 1491 in
809 1435 1120 1510 perditione
1137 1439 1373 1523 rapiunt.
1403 1439 1448 1491 A
1469 1439 1725 1510 fructibus

147 1546 319 1591 eorum.
362 1530 416 1584 id
443 1540 552 1597 est,
580 1546 645 1586 ex
674 1532 951 1600 operibus,
1006 1534 1320 1603 cognoscetis
1373 1549 1481 1601 eos,
1515 1534 1568 1594 id
1597 1543 1720 1601 .est,

149 1621 368 1696 namquid
419 1621 674 1693 colligunt
713 1622 777 1676 de
817 1623 980 1691 spinis
1009 1623 1100 1679 :id
1141 1634 1252 1691 est,
1291 1623 1358 1679 de
1412 1623 1719 1692 luereticis,

145 1732 260 1782 aras,
291 1714 346 1770 id
376 1725 480 1782 est,
515 1715 918 1788 virginitatem:
950 1717 1014 1770 de
1064 1717 1265 1771 tribulis
1321 1717 1470 1786 ﬁcus,
1525 1716 1578 1788 id
1616 1726 1716 1784 est,

1833 510 1966 556 tant.
1992 502 2170 570 Quare
2191 518 2313 558 cum
2338 504 2510 560 tribus
2533 514 2769 574 tantum,
2793 505 2844 560 id
2867 514 2972 575 est,
2995 516 3225 578 prepter
3244 508 3435 562 remis-

1829 595 2063 650 sionem.
2117 595 2218 664 Qui
2267 599 2693 669 cottcupi§cunt,
2736 599 2866 654 illuc
2905 599 3101 670 ﬂebunt
3139 613 3158 654 :
3203 597 3314 653 illis
3351 607 3436 652 est

1830 689 2035 754 stridor
2069 690 2314 764 dentium
2342 732 2356 758 ,
2387 707 2616 764 quorum
2651 693 2797 752 Deus
2828 702 3020 761 venter
3059 699 3160 748 est.
3204 691 3432 758 Socrum

1832 779 1976 836 Petri
2005 767 2408 862 febricitantem
2438 801 2451 836 :
2487 767 2676 852 idest,
2709 773 3000 855 synagosm
3029 781 3302 850 dubietas.
3425 782 3428 786 ’

1902 874 2092 948 Tetigit
2113 893 2340 932 manum.
2374 877 2663 950 Praestavit
2692 861 2982 944 auxilium,
3005 877 3228 936 dimissa
3253 876 3429 946 febre,

1829 967 1881 1022 id
1923 978 2048 1036 est,
2081 969 2281 1026 desinit
2311 953 2687 1034 incredulitas.
2733 970 3064 1026 Ministrabat
3107 971 3183 1040 ei,
3220 970 3271 1030 id
3304 979 3424 1039 est,

1829 1045 2189 1118 benedicebat
2230 1061 2278 1116 ei
2328 1080 2340 1115 :
2391 1077 2488 1134 per
2527 1077 2846 1134 vesperum,
2887 1063 3125 1119 ostendit
3168 1063 3217 1118 ei
3260 1064 3425 1135 ﬁnem

1828 1150 2041 1206 mandi.
2076 1151 2355 1208 Doemonia
2382 1195 2399 1220 ,
2439 1154 2490 1208 id
2521 1164 2640 1226 est,
2682 1165 2907 1226 peccata
2944 1174 2955 1210 :
2991 1171 3088 1225 per
3117 1156 3337 1226 vulpes,
3372 1155 3425 1210 id

1827 1254 1932 1308 est,
1968 1244 2218 1318 homines
2251 1246 2563 1304 incredulos
2595 1233 2732 1321 :pcr
2761 1250 3032 1317 volucres,
3067 1250 3313 1307 homines
3341 1251 3426 1307 di-

1827 1325 1987 1392 vites.
2013 1336 2130 1393 Non
2156 1338 2386 1394 reclinet
2414 1350 2601 1412 caput,
2634 1341 2724 1395 ubi
2759 1359 2864 1402 non
2896 1351 2980 1411 est
3001 1341 3155 1424 ﬁdes.
3184 1341 3424 1397 Mortuos

1827 1439 2084 1483 mortuum
2111 1433 2359 1500 sepelire,
2388 1429 2442 1487 id
2469 1443 2590 1502 est,
2622 1448 2823 1506 corpus
2851 1435 3131 1506 animam:
3165 1435 3345 1508 aliter,
3377 1436 3424 1492 si

1825 1535 2078 1598 peccator
2099 1527 2284 1600 laudat
2315 1544 2478 1602 pecca
2489 1538 2682 1588 torem.
3253 1517 3256 1520 ﬁ

1900 1609 2085 1698 Navis,
2118 1622 2172 1678 id
2201 1634 2314 1700 est,
2347 1625 2609 1682 Ecclesia:
2641 1643 2656 1681 :
2689 1636 2858 1688 motus
2888 1636 2935 1684 et
2963 1630 3157 1710 ﬂuctus
3177 1675 3202 1699 ,τ
3225 1628 3282 1686 id
3306 1638 3422 1700 est,

1827 1715 2052 1782 tentatio
2078 1731 2091 1768 ε
2121 1714 2467 1786 dormitatus,
2501 1716 2556 1775 id
2584 1729 2686 1786 est,
2730 1719 3070 1790 incarnatus,
3101 1723 3218 1796 sive
3247 1724 3424 1780 cruci-

145 1809 402 1882 conjugern
429 1809 497 1864 de
551 1807 842 1866 haircticis.
890 1808 1057 1886 Arbor
1104 1809 1260 1884 bona,
1309 1808 1472 1864 homo
1502 1808 1678 1881 bonus
1701 1849 1718 1877 ,
1750 1803 1800 1866 B
1827 1803 1964 1872 ﬁxus
1996 1821 2010 1859 ε
2043 1817 2270 1875 Ventus,
2304 1808 2355 1862 id
2384 1819 2496 1880 εει,
2527 1811 2812 1867 subitanea
2844 1815 3093 1872 tcntatio.
3124 1815 3427 1873 Dmmonia-

146 1903 272 1955 arbor
304 1889 460 1966 mala,
492 1900 656 1956 homo
683 1892 887 1956 malus:
922 1904 1012 1974 qui
1046 1902 1154 1972 agit
1180 1917 1342 1978 opera
1375 1901 1538 1956 mala.

201 1993 323 2050 Non
347 1995 512 2066 ontnis
541 1996 632 2068 qui
661 1994 786 2050 dicit
814 1995 964 2062 mihi,
990 1992 1234 2058 Domine,
1271 1983 1515 2060 Domine,
1545 2005 1603 2050 et
1633 2011 1722 2068 re-

146 2087 281 2158 liqua.
327 2088 396 2144 lle
425 2071 538 2158 illis
567 2087 701 2143 dicit
729 2088 823 2158 qui
852 2101 1036 2160 amant
1062 2087 1116 2144 in
1145 2089 1357 2159 angulis
1387 2099 1534 2144 stare
1561 2103 1720 2143 oran-

145 2191 226 2239 tes.
253 2181 367 2237 Std
401 2183 484 2254 qui
530 2183 655 2252 facit
687 2182 1001 2236 voluntatem
1031 2181 1211 2247 Patris
1241 2183 1359 2246 mei,
1406 2183 1462 2236 id
1494 2193 1597 2249 εει,
1630 2183 1721 2254 qui

142 2286 292 2360 servat
340 2276 613 2348 mandata.
646 2275 806 2348 Multi
840 2277 965 2352 mihi
1007 2278 1212 2345 dicunt,
1247 2276 1488 2344 Domine,
1524 2276 1577 2354 id
1614 2284 1721 2351 est,

143 2369 267 2426 multi
295 2381 432 2444 sunt
461 2373 551 2441 qui
593 2372 796 2426 intrant
827 2386 925 2442 per
955 2387 1098 2442 eam;
1135 2371 1270 2441 Quia
1297 2388 1577 2442 numquam
1607 2371 1726 2426 novi

149 2481 234 2535 ros,
259 2465 316 2530 id
341 2476 448 2531 est,
483 2465 712 2536 bonum,
755 2451 842 2521 vel
871 2465 1142 2521 haeretici.
1171 2465 1435 2528 Discedite
1462 2482 1495 2518 a
1530 2481 1629 2531 me,
1671 2449 1722 2517 id

154 2571 244 2628 est,
272 2560 357 2632 qui
393 2571 622 2628 sperant
653 2576 760 2614 non
794 2574 915 2614 esse
946 2558 1323 2627 remissionem
1357 2567 1723 2629 peccatorum.

156 2653 308 2712 Omnis
346 2655 440 2725 qui
472 2655 626 2708 audit
665 2654 816 2709 verba
843 2672 987 2716 mea,
1031 2664 1082 2710 et
1120 2654 1372 2724 reliqua;
1404 2655 1492 2726 qui
1535 2663 1723 2710 contra

155 2748 574 2815 praedicationem
604 2765 712 2804 non
743 2750 870 2821 agit,
906 2749 1296 2806 assimilabitur
1323 2748 1440 2806 viro
1469 2751 1724 2822 sapienti,

155 2843 220 2908 qui
239 2845 513 2916 (ediﬁcacit
543 2845 752 2916 domum
773 2861 927 2917 super
946 2853 1165 2917 petram,
1195 2843 1246 2899 id
1271 2853 1376 2914 est,
1403 2859 1569 2916 super
1590 2859 1728 2916 opus

156 2935 315 2992 bonum
338 2980 354 3004 ,
391 2952 463 2994 ne
499 2936 732 2993 intraret
761 2937 944 3008 pluvia
973 2938 1028 2994 in
1059 2953 1216 3004 eum,
1249 2937 1300 2998 id
1334 2927 1447 3003 est,
1479 2938 1726 3012 doctrina

158 3027 374 3086 heretica
430 3046 448 3084 :
499 3027 770 3104 ﬂumina,
823 3013 1244 3100 persecutiones
1297 3009 1726 3098 haereticorum;

161 3122 289 3190 venti,
317 3123 634 3200 daemones.
665 3123 849 3180 Nubes
878 3124 1153 3194 accipiunt
1183 3125 1419 3194 pluviam
1452 3125 1521 3182 de
1552 3111 1724 3196 mare,

1824 1915 1940 1969 cus,
1967 1901 2207 1984 gentilis,
2231 1918 2363 1973 gens
2387 1918 2510 1970 cum
2535 1905 2782 1975 perﬁdia.
2819 1906 2924 1975 Per
2943 1918 3296 1984 monumenta,
3321 1909 3427 1965 hoc

1823 1999 1951 2055 sunt
1996 1980 2272 2062 corpora:
2320 2010 2416 2066 per
2455 1994 2598 2050 viam
2639 2012 2749 2052 non
2794 1997 3018 2066 transit,
3060 1980 3126 2053 id.
3163 2008 3278 2068 est,
3327 2015 3426 2071 per

1822 2082 2181 2153 gentilitatem
2219 2083 2288 2138 ad
2321 2099 2568 2156 regnum.
2619 2086 2761 2144 Grex
2805 2104 3093 2160 porcorum
3131 2091 3426 2148 ostendunt

1825 2175 2075 2230 homines
2097 2185 2225 2232 ante
2246 2179 2661 2252 conversionem
2686 2197 2701 2236 :
2734 2181 2945 2238 tlitnersi
2969 2183 3022 2238 in
3046 2200 3208 2253 mare,
3236 2184 3288 2239 id
3312 2193 3422 2252 est,

1825 2267 1877 2322 in
1902 2253 2250 2340 prelundum.
2280 2268 2385 2324 Per
2407 2278 2683 2344 pastorem
2707 2273 2947 2328 ostendit
2973 2264 3348 2346 pltilOSOphos.

1900 2349 2182 2417 Surrexit:
2215 2363 2266 2436 id
2302 2374 2383 2436 est
2407 2406 2422 2432 ,
2450 2375 2672 2436 curatus
2698 2378 2781 2436 est
2809 2384 2822 2421 :
2861 2385 3094 2442 reversus
3126 2371 3182 2436 in
3214 2373 3426 2426 domum

1826 2473 1995 2534 suam,
2021 2457 2074 2512 id
2104 2466 2208 2538 est,
2236 2458 2302 2528 ad
2331 2459 2561 2538 primam
2585 2449 2946 2538 creationem.
2973 2464 3242 2535 Sponsus,
3269 2464 3428 2538 Chri-

1827 2559 1944 2604 stus
1967 2556 2050 2620 cst
2072 2566 2086 2604 ;
2107 2535 2327 2620 sponsa,
2353 2535 2595 2626 Ecclesia
2621 2571 2634 2608 :
2659 2535 2752 2608 lilii
2778 2556 2984 2632 sponsi,
3003 2539 3250 2630 Apostoli
3278 2535 3424 2615 sunt.

1828 2637 1998 2698 Rudis
2018 2643 2229 2711 pannis,
2259 2642 2502 2710 doctrina
2533 2633 2845 2716 Evangelii:
2877 2650 3066 2714 scissis
3089 2651 3306 2726 pannis,
3327 2653 3430 2724 hoc

1828 2742 1954 2788 sunt
1981 2734 2230 2814 homines
2257 2746 2494 2804 veteres.
2529 2737 2726 2796 Vinum
2759 2757 2978 2813 novum,
3016 2756 3070 2799 et
3102 2754 3251 2810 utres
3280 2756 3430 2814 vetc-

1826 2843 1949 2907 res,
1987 2843 2124 2884 nova
2156 2830 2474 2900 praadicatio
2501 2817 2586 2888 ad'
2614 2819 2862 2898 homines
2891 2847 3128 2912 veteres.
3163 2841 3426 2915 Princeps

1829 2921 2057 3006 ﬁguram
2114 2933 2264 2980 tenet
2321 2929 2708 2996 prophetarum
2742 2971 2757 2997 ,
2817 2931 2906 2990 vel
2963 2934 3426 3008 patriarcharum.

1829 3015 2015 3072 Puella
2049 3017 2163 3074 lucc
2189 3029 2276 3074 est
2301 3035 2594 3104 synagOga.
2631 3024 2830 3082 Tenuit
2853 3025 3012 3086 Jesus
3041 3044 3257 3088 manum
3280 3031 3431 3102 ejus-

1830 3107 1954 3163 dem
1995 3109 2223 3180 puellze,
2275 3111 2326 3168 id
2367 3124 2482 3181 cst,
2523 3116 2788 3174 auxilium
2828 3117 2882 3175 ei
2919 3121 3198 3192 praestitit.
3244 3121 3432 3180 Messis

166 3215 364 3276 heretici
398 3217 655 3294 doctrina
697 3218 765 3274 de
795 3217 1018 3276 mundo.
1055 3219 1122 3272 Et
1164 3236 1266 3274 non
1296 3221 1482 3275 cecidit
1518 3221 1722 3289 domus,
1754 3201 1800 3294 C
1830 3205 2015 3272 multa.
2041 3205 2094 3260 id
2117 3214 2224 3290 est,
2245 3207 2410 3278 corda
2435 3219 2619 3284 parata
2646 3228 2658 3264 =
2688 3226 2986 3286 messores.
3009 3201 3283 3280 domares.
3309 3216 3437 3273 Non

173 3307 310 3380 idest,
340 3328 460 3368 non
490 3311 660 3381 cadit,
692 3312 783 3383 qui
816 3327 985 3379 super
1011 3311 1169 3367 ﬁdem
1199 3321 1304 3366 stat
1336 3313 1386 3366 in
1413 3310 1654 3370 Christo.

230 3399 279 3456 Et
301 3389 461 3468 mnis
493 3405 583 3476 qui
608 3406 756 3478 audit
785 3404 935 3458 verba
967 3421 1109 3470 mea,
1142 3413 1190 3457 et
1222 3421 1322 3459 non
1361 3405 1516 3478 faciet
1546 3423 1627 3461 ea.
1672 3405 1729 3460 ld

176 3503 256 3570 est,
278 3512 378 3570 mos
411 3497 519 3552 fuit
548 3500 599 3551 in
628 3495 774 3570 Lege
815 3496 959 3568 quod
1001 3512 1111 3551 non
1154 3504 1300 3553 esset
1329 3498 1382 3551 in
1410 3498 1610 3570 populo
1637 3499 1729 3568 qui

174 3604 253 3643 non
270 3599 405 3650 esset
435 3575 785 3658 munduspet
806 3588 851 3643 si
881 3591 1168 3644 sanitatem
1196 3577 1519 3666 accepisset,
1548 3600 1731 3660 osten-

162 3678 297 3737 disset
329 3700 397 3738 se
428 3679 706 3758 sacerdoti
740 3696 755 3734 :
798 3689 854 3736 et
892 3680 1225 3758 ollerebatur
1263 3697 1362 3750 pro
1393 3696 1458 3742 eo
1490 3697 1729 3737 munus:

156 3771 258 3828 deos
277 3757 532 3846 turtures,
568 3780 660 3827 aut
681 3773 813 3827 duos
845 3772 1020 3843 pullos
1051 3773 1426 3826 columbarum.
1462 3773 1529 3829 Et
1558 3773 1732 3828 fuerat

154 3879 249 3920 cum
274 3865 353 3923 eis
387 3866 546 3937 juxta
575 3865 687 3922 hoc
714 3880 876 3937 opus,
909 3865 1112 3938 lignum
1147 3865 1438 3936 hysopum,
1468 3875 1525 3922 et
1554 3867 1729 3923 cocci-

153 3974 253 4015 num
287 3976 426 4034 erga
466 3976 730 4040 cacumen
777 3959 951 4036 ipsius
1000 3960 1165 4030 ligni,
1211 3970 1266 4016 et
1316 3959 1733 4031 dispergebatur

150 4055 340 4124 sanguis
379 4054 608 4111 alterius
638 4054 752 4108 avis
778 4068 942 4126 super
969 4053 1112 4130 istud
1144 4051 1346 4125 lignum
1376 4061 1580 4126 :‘super
1599 4053 1729 4109 alte.

147 4160 245 4200 rum
267 4162 456 4213 avem,
485 4156 538 4201 et
563 4133 681 4216 ipse
701 4131 1076 4201 dimittehatur
1097 4146 1150 4200 in
1170 4161 1318 4201 aere.
1346 4145 1574 4216 Lignum
1600 4164 1731 4203 crux

145 4235 382 4306 Christi;
439 4235 772 4303 coccinum,
833 4237 1015 4308 passio
1073 4237 1210 4308 ejus.
1274 4237 1341 4302 Et
1388 4229 1609 4309 oportet
1659 4239 1727 4296 ad

146 4336 450 4408 martyrium
493 4335 607 4398 ire,
654 4349 750 4404 per
787 4333 1098 4406 passionem
1141 4333 1382 4412 Christi,
1419 4343 1475 4389 et
1513 4336 1731 4404 sanguis

148 4438 309 4484 noster
338 4415 836 4500 spargatur-super
866 4439 1084 4481 crucem
1119 4425 1268 4497 ejus,
1305 4441 1431 4480 nam
1473 4427 1733 4482 ascendat

150 4518 200 4572 ad
245 4517 552 4578 Ecclesium
581 4561 596 4587 ,
628 4526 772 4596 ipost
817 4518 1126 4594 passionem
1167 4518 1414 4588 corporis
1457 4518 1630 4574 nostri
1678 4520 1730 4575 in

152 4615 420 4688 martyrio.

206 4703 266 4758 In
301 4704 604 4761 testimonio
627 4701 755 4759 illis.
789 4702 849 4758 1d
878 4711 993 4773 est,
1029 4712 1084 4758 ut
1107 4718 1216 4758 non
1244 4702 1501 4760 solvisset
1528 4703 1736 4774 legem,

150 4796 215 4851 vel
259 4799 534 4853 vidissent
573 4796 720 4868 quod
773 4804 930 4850 natus
984 4807 1130 4852 esset
1173 4812 1203 4849 a
1256 4797 1426 4866 lepra.
1481 4798 1739 4852 Centurio

149 4875 334 4960 ﬁgurat
359 4892 643 4954 doctores,
677 4904 813 4960 puer
841 4890 1174 4962 paralyticos
1200 4899 1541 4958 contractus,
1575 4889 1742 4961 signi-

148 4982 255 5034 ticat
275 4998 454 5054 genus
477 4981 799 5046 humanum,
828 4981 880 5036 in
905 4982 1143 5052 peccatis
1171 4983 1508 5038 conclusum.
1533 4981 1743 5038 Invenit

145 5072 375 5129 lesusin
408 5075 733 5130 centurione
767 5075 906 5128 trina
939 5074 1195 5146 mysteria
1218 5116 1232 5140 ,
1268 5075 1496 5146 primam
1530 5075 1742 5129 humili-

147 5149 323 5232 tatem,
357 5167 450 5221 ubi
477 5169 551 5221 ait
578 5184 590 5220 :
622 5165 863 5231 Domine,
889 5183 991 5221 non
1019 5185 1129 5221 sum
1157 5167 1371 5238 dignus,
1397 5177 1452 5222 ut
1481 5168 1640 5222 intres
1654 5167 1744 5221 sub

146 5265 323 5311 tectum
355 5273 570 5313 meum:
603 5258 838 5312 secunda
871 5257 1026 5320 ﬁdes,
1053 5257 1140 5313 ubi
1165 5263 1261 5328 ait,
1297 5267 1498 5312 tantum
1529 5258 1613 5310 dic
1635 5275 1746 5312 vcr~

147 5352 279 5420 bum,
312 5363 364 5409 et
396 5353 668 5408 sanabitur
699 5341 934 5419 :itertia,
971 5352 1020 5408 id
1054 5361 1160 5419 est,
1193 5352 1503 5423 prudentia,
1537 5353 1626 5408 ubi
1659 5353 1743 5408 di—

149 5449 234 5514 xit,
268 5450 428 5502 homo
456 5448 551 5503 sub
583 5456 853 5520 potestate.
880 5446 1108 5502 Miratur
1135 5445 1295 5503 Iesus
1323 5449 1374 5502 in
1400 5447 1743 5516 centurione,

147 5548 192 5600 id
217 5560 323 5606 est.
350 5548 558 5604 invenit
582 5549 634 5603 in
659 5563 725 5602 eo
747 5546 1088 5618 sapientiam,
1115 5563 1218 5617 qua
1243 5545 1420 5602 fuerat
1440 5546 1631 5601 doctus
1651 5561 1749 5616 per

148 5641 593 5708 praedicationem
624 5639 890 5695 divinam.
923 5639 999 5694 Ab
1032 5639 1227 5694 oriente
1254 5641 1515 5707 conrersi,
1551 5639 1602 5693 id
1635 5646 1751 5704 est,

149 5735 211 5787 ab
237 5733 505 5802 infantia;
537 5735 601 5788 ab
631 5735 912 5802 occidente,
944 5733 996 5788 id
1030 5743 1142 5804 est,
1174 5749 1202 5788 a
1233 5743 1552 5797 senectute;
1587 5751 1617 5790 a
1649 5751 1755 5787 me-

149 5827 313 5899 ridie,
346 5843 381 5882 a
416 5829 734 5900 iuventute;
767 5827 830 5884 ab
858 5827 1134 5900 aquilone,
1165 5827 1220 5886 id
1249 5837 1364 5900 est,
1396 5829 1465 5887 de
1493 5837 1759 5900 potestate

1831 3297 1960 3352 duas
1992 3299 2219 3374 tunicas,
2257 3299 2450 3370 idest,
2485 3318 2590 3360 non
2639 3301 2803 3376 dupla
2836 3318 3020 3362 mente
3049 3299 3151 3366 nec
3181 3310 3343 3380 dupla
3373 3311 3435 3364 ﬁ-

1828 3391 2016 3457 ducia,
2054 3393 2105 3446 in
2143 3408 2339 3460 novum
2363 3439 2378 3464 ,
2423 3404 2516 3450 aut
2555 3395 2608 3456 in
2648 3406 2804 3452 vetus
2835 3396 3274 3472 Testamentum.
3311 3403 3434 3458 Non

1829 3487 2258 3556 calciamentum,
2303 3487 2356 3541 id
2395 3497 2516 3554 est,
2562 3477 2670 3558 non
2712 3493 3086 3552 testimonium
3119 3479 3385 3561 malorum
3417 3513 3431 3551 :

1831 3594 1993 3642 neque
2023 3578 2237 3647 virgam,
2266 3577 2319 3632 id
2358 3588 2473 3646 est,
2508 3597 2613 3636 non
2645 3581 3016 3654 fortitudinem
3037 3630 3050 3654 ,
3081 3563 3303 3664 scd'pctf
3339 3602 3438 3660 pa-

1831 3665 2099 3723 tientiam.
2147 3668 2258 3723 Pax
2289 3685 2534 3738 reversa,
2568 3671 2618 3727 id
2648 3683 2753 3744 est,
2799 3690 3010 3731 merces
3041 3661 3259 3749 recepta
3287 3695 3302 3735 :
3337 3696 3436 3752 per

1833 3762 2148 3832 pulverem,
2194 3763 2686 3840 inquinamentum.
2733 3767 2848 3844 Hoc
2888 3781 3040 3837 sunt,
3084 3773 3211 3844 quia
3255 3775 3434 3845 pulvis

1831 3853 2013 3908 tribus
2043 3853 2218 3910 modis
2250 3855 2495 3940 impedit,
2519 3875 2742 3930 gressus
2769 3860 2997 3933 obligat,
3025 3851 3211 3920 oculos
3234 3865 3431 3922 obscu—

1831 3959 1938 4032 rat,
1963 3951 2284 4008 vestimenta
2320 3939 2591 4023 inquinat.
2615 3953 2853 4026 Serpens
2873 3962 3112 4028 cruciata
3146 3961 3436 4019 abscondit

1832 4052 1996 4116 caput
2024 4060 2205 4114 suum,
2247 4046 2298 4100 id
2337 4057 2440 4115 est,
2483 4049 2715 4122 apostoli
2744 4051 2994 4124 cruciati,
3034 4037 3140 4132 non
3171 4068 3434 4129 negantes

1833 4134 2130 4191 Christum.
2160 4137 2596 4206 l’ersecutioncs,
2629 4140 2732 4197 hoc
2755 4151 2881 4198 sunt
2909 4143 3175 4216 lmreses,
3210 4149 3282 4203 De
3306 4150 3434 4206 civi-

1835 4237 1937 4281 tate
1959 4229 2008 4281 in
2022 4228 2202 4296 aliam,
2227 4229 2278 4284 id
2298 4239 2403 4296 est,
2423 4247 2518 4304 per
2537 4232 2775 4305 singulas
2794 4221 3125 4310 quaestiones
3144 4239 3427 4299 librorum.

1908 4319 2064 4375 Nihil
2088 4329 2327 4396 opertum
2350 4325 2489 4393 quod
2520 4342 2624 4380 non
2670 4327 2922 4381 reveletur
2954 4346 2973 4383 :
3004 4328 3058 4384 id
3087 4341 3202 4399 est,
3252 4339 3435 4406 passio

1834 4415 2036 4471 Chriii
2067 4426 2120 4472 et
2143 4418 2383 4473 omnium
2417 4419 2726 4475 doctorum.
2766 4423 2917 4488 Quod
2944 4425 3061 4479 dico
3100 4428 3150 4480 in
3191 4430 3432 4501 tenebris,

1837 4511 1888 4565 id
1912 4521 2016 4578 est,
2041 4510 2107 4566 ad
2129 4511 2366 4579 Judmos,
2395 4514 2552 4566 dicite
2570 4514 2621 4567 in
2645 4514 2857 4584 lumine,
2881 4517 2936 4571 id
2956 4527 3061 4588 est,
3085 4520 3139 4575 in
3164 4519 3435 4584 Ecclesia.

1761 4594 1814 4660 D
1841 4603 1954 4659 Duo
1986 4619 2254 4674 passeres,
2287 4605 2338 4660 id
2366 4614 2472 4671 est,
2499 4622 2699 4680 corpus
2722 4617 2776 4662 et
2800 4610 3006 4678 anima,
3040 4629 3135 4669 seu
3164 4616 3435 4690 Christus,

1841 4707 1894 4753 et
1924 4697 2223 4752 Barabbas.
2265 4699 2412 4765 Asse,
2447 4698 2498 4753 id
2529 4705 2612 4754 est
2635 4741 2651 4768 ,
2697 4700 2835 4756 ﬁdes
2870 4719 2884 4759 :
2914 4721 3007 4776 per
3035 4705 3294 4784 gladium,
3333 4711 3439 4767 hoc

1844 4802 1969 4847 sunt
2007 4791 2228 4847 verbum
2263 4791 2693 4866 praedicationis.
2741 4794 2932 4857 Aliter,
2968 4798 3071 4852 duo
3098 4819 3352 4872 passeres,
3388 4805 3442 4862 id

1845 4897 1949 4952 est,
1982 4885 2088 4940 duo
2119 4885 2492 4953 Testamenta.
2525 4883 2671 4949 Asse,
2702 4885 2805 4942 hoc
2831 4899 2936 4955 est,
2967 4891 3241 4966 Christus.
3271 4897 3441 4966 Sepa-

1847 4997 1962 5035 rare
1997 4989 2195 5052 patrem
2224 4997 2255 5032 a
2286 4979 2433 5050 ﬁlio,
2469 4979 2570 5035 hoc
2611 4989 2726 5046 est,
2775 4979 2964 5040 ﬁdeles
3001 4986 3070 5041 ab
3113 4987 3442 5049 inﬁdelibus.

1847 5077 2058 5147 Accipit
2080 5091 2320 5143 crucem,
2347 5076 2399 5132 id
2425 5086 2530 5143 est,
2561 5079 2748 5134 crucia
2779 5082 3034 5154 teipsum.
3064 5085 3446 5148 Scandalizare

1848 5171 1901 5226 in
1933 5171 2173 5248 Christo,
2205 5170 2256 5226 id
2281 5179 2366 5226 est
2396 5187 2595 5244 negare
2624 5170 2925 5233 Christum.
2956 5179 3276 5236 Arundinem
3301 5198 3450 5242 vento

1848 5266 2120 5336 agitatam.
2153 5263 2254 5320 hoc
2278 5271 2405 5319 sunt
2434 5264 2682 5344 homines
2707 5268 3019 5325 adulatores
3053 5289 3062 5323 :
3099 5289 3298 5334 vacuos
3324 5281 3446 5339 sine

1847 5347 2046 5418 fructu.
2093 5357 2331 5430 Regnum
2361 5361 2603 5415 calorum
2630 5361 2730 5415 vim
2763 5364 2981 5432 patitur,
3027 5363 3131 5432 hoc
3168 5383 3279 5440 est,
3323 5379 3448 5450 quia

1850 5467 1948 5522 per
1976 5451 2338 5508 crucialiones
2366 5453 2548 5508 carnis
2576 5462 2630 5524 et
2652 5455 3009 5524 parnitentize,
3037 5468 3352 5530 pervenitur
3381 5470 3448 5526 ad

1851 5560 2076 5616 regnum
2108 5544 2225 5599 Dei.
2257 5544 2383 5618 Ipse
2411 5556 2486 5601 est
2525 5544 2707 5616 Elius,
2740 5548 2828 5616 qui
2861 5548 3136 5620 Joannes,
3176 5562 3296 5631 quia
3334 5564 3449 5636 ipse

1854 5639 2077 5709 Spiritus
2120 5645 2239 5693 erat
2289 5635 2343 5694 in
2388 5639 2502 5693 Elia
2547 5640 2600 5693 in
2643 5641 2885 5722 secundo
2930 5649 3208 5718 adventu,
3262 5656 3350 5726 qui
3395 5659 3450 5718 in

1857 5731 2067 5787 Joanne
2097 5729 2195 5786 luit
2217 5730 2269 5786 in
2289 5725 2465 5803 primo
2488 5729 2748 5789 adventu.
2772 5734 2929 5793 Pueri
2956 5741 3209 5804 sedentes
3233 5725 3291 5804 in
3309 5750 3454 5832 foro,

1862 5824 1967 5883 hoc
1995 5833 2122 5884 sunt
2149 5824 2453 5897 prophetae.
2477 5820 2811 5885 Cantat'imus
2836 5831 2997 5902 vobis,
3024 5845 3072 5891 et
3097 5854 3195 5894 non
3225 5843 3426 5903 saltasti
