3970 6304
555 280 657 350 331

1588 289 1649 347 S.
1694 283 2072 349 lllERONYMl
2106 280 2391 348 OPERUM
2428 280 2792 349 MANTISSA.
3056 298 3059 301 λ
3677 287 3761 357 532

552 409 727 478 tibias,
777 408 829 466 id
858 416 970 475 est,
1009 401 1378 464 nuntiavimus
1416 406 1575 464 vobis
1603 408 1898 464 adventum
1919 451 1934 477 ,
1964 418 2021 465 et
2048 425 2156 464 non
2184 409 2239 470 Α
2263 417 2384 480 pter
2406 408 2628 465 divitias
2657 408 2886 464 suﬁ‘ocat
2914 403 3044 464 illud
3075 426 3088 463 :
3114 403 3175 464 in:
3202 413 3382 464 terram
3406 402 3589 479 bonam,
3613 412 3659 470 id
3681 427 3763 487 est,

551 502 885 561 credidistis.
910 502 1357 569 Lamentavimus,
1392 509 1440 556 et
1471 517 1574 556 non
1602 500 1909 573 planxistis,
1941 518 2150 557 annun-

550 598 807 653 tiavimus
836 597 989 651 vobis
1023 597 1395 667 pmnitentiam
1422 639 1436 664 ,
1465 595 1764 665 eXpavistis
1795 595 2144 651 confessioni.

549 689 793 759 Quatuor
815 688 992 744 modis
1013 697 1140 744 sunt
1160 688 1505 744 laudationes
1532 706 1545 741 :
1571 686 1868 756 Conﬁtebor
1895 688 2007 755 tibi,
2032 687 2147 743 Do-

548 783 707 848 mine,
753 780 917 836 Pater
957 780 1072 836 caeli
1095 798 1116 848 ;
1159 780 1315 849 ﬁdei,
1368 778 1534 836 Credo
1574 781 1629 834 in
1673 779 1843 835 Deum
1880 778 2098 837 Patrem
2128 796 2148 835 :

547 882 850 945 martyrum
894 889 907 926 :
960 871 1062 940 Qui
1104 873 1386 942 conﬁtetur
1435 887 1515 925 me
1567 888 1747 925 coram
1795 872 2087 925 hominibus
2129 888 2149 927 :

549 977 901 1038 peccatorum
942 984 956 1021 :
1009 965 1344 1035 Conﬁtemini
1388 963 1611 1019 Domino
1660 964 1905 1035 quoniam
1950 963 2146 1032 bonus,

550 1063 882 1119 Abscondisti
912 1081 944 1118 a
968 1064 1311 1137 sapientibus,
1344 1064 1399 1119 id
1426 1073 1541 1135 est,
1571 1064 1663 1135 qui
1695 1061 1961 1134 sapientia
1989 1059 2149 1129 hujus

549 1159 739 1216 mundi
770 1169 1033 1223 utuntur;
1066 1159 1307 1214 revelasti
1333 1160 1583 1228 parvulis,
1621 1158 1673 1214 id
1703 1168 1810 1224 est,
1842 1154 2143 1224 discipulis.

549 1249 779 1309 Vocatio
805 1262 1039 1324 quatuor
1067 1252 1247 1307 modis
1276 1252 1417 1307 laeta
1445 1260 1531 1308 est
1566 1252 1619 1307 in
1649 1266 1790 1306 novo
1818 1267 1831 1303 :
1872 1248 2053 1303 Venite
2080 1246 2148 1301 ad

546 1364 630 1401 me
654 1363 850 1415 omnes,
882 1348 971 1418 qui
1000 1345 1273 1401 laboratis.
1308 1345 1367 1400 in
1396 1355 1584 1401 vetere
1609 1364 1622 1399 :
1658 1344 1863 1412 Venite,
1891 1342 2013 1413 ﬁlii,
2045 1357 2147 1394 au-

551 1441 658 1496 dite
686 1457 806 1495 me:
838 1441 889 1496 in
924 1439 1128 1507 futuro,
1157 1438 1367 1507 Venite,
1399 1438 1671 1493 benedicti.

622 1534 850 1606 Jugum,
880 1532 935 1588 id
976 1542 1079 1599 est,
1114 1532 1366 1587 doctrina
1394 1532 1529 1586 levis
1557 1540 1644 1586 est
1666 1528 2001 1593 volentibus,
2025 1541 2150 1597 gra-

551 1625 634 1682 vis
656 1625 971 1681 nolentibus
992 1640 1134 1680 eam.
1160 1623 1430 1680 Perlectio
1454 1624 1586 1679 treis
1606 1621 1783 1678 modis
1803 1620 2145 1691 intelligitur,

550 1720 606 1777 id
637 1729 743 1787 est,
789 1719 1205 1789 discipulorum,
1251 1732 1347 1788 per
1376 1717 1702 1788 baptismum
1730 1733 1742 1767 :
1775 1723 2145 1785 peccatorum,

2251 501 2343 573 qui
2373 501 2522 556 audit
2553 511 2608 556 et
2648 500 2924 571 intelligit.
2968 498 3037 555 Et
3074 501 3203 570 facit
3242 505 3456 572 fructum
3488 504 3766 577 tricesimum,

2251 594 2490 650 ostendit
2513 594 2761 649 ordinem
2785 593 3224 665 coniugatorum,
3257 598 3569 665 sequentium
3591 600 3769 655 manda-

2252 699 2363 745 tum
2398 690 2528 756 Dei;
2573 689 2779 745 fructus
2816 688 3194 760 sexagesimus
3234 688 3468 745 ordinem
3506 690 3765 762 viduarum,

2251 783 2719 855 perseverantium
2751 783 2804 837 in
2830 780 3089 847 Domino;
3121 780 3327 837 fructus
3352 782 3667 850 centesimus,
3690 784 3772 840 hoc

2249 888 2377 954 sunt
2397 876 2617 932 ordines
2648 883 2970 948 martyrum,
3001 878 3411 945 monachorum,
3430 876 3510 933 vel
3533 878 3770 948 virginum.

2254 970 2355 1036 Qui
2383 969 2533 1023 habet
2561 970 2769 1024 dabitur
2798 970 2863 1039 ei,
2899 970 3141 1025 ostendit
3175 970 3446 1041 apostolos
3474 990 3488 1027 :
3515 971 3595 1041 qui
3618 972 3774 1028 habent

2250 1063 2525 1120 Christum
2545 1107 2559 1132 ,
2591 1064 2804 1120 dabitur
2833 1065 2913 1120 eis
2946 1071 3001 1119 et
3032 1065 3360 1119 intellectus.
3391 1062 3459 1117 Et
3485 1064 3565 1136 qui
3590 1082 3677 1120 non
3700 1066 3773 1119 ha-

2252 1144 2371 1227 bet,
2426 1160 2600 1229 ipsum
2651 1158 2788 1230 quod
2834 1158 2987 1213 habet
3036 1162 3300 1230 auferetur
3341 1158 3401 1213 ab
3446 1174 3537 1226 eo,
3588 1158 3778 1214 ostendit

2249 1249 2499 1317 Iudaeos;
2534 1251 2706 1322 ipsam
2738 1251 2935 1321 Legem
2960 1267 3123 1323 quam
3150 1251 3443 1317 habebant,
3469 1250 3714 1308 auferetur
3729 1252 3777 1308 ab

2249 1343 2353 1398 eis.
2395 1340 2641 1397 Videntes
2665 1360 2771 1398 non
2796 1345 3027 1414 uideant,
3062 1343 3165 1399 hoc
3191 1353 3314 1399 sunt
3334 1343 3520 1411 Judaei,
3542 1344 3624 1415 qui
3645 1345 3779 1400 oculis

2249 1434 2496 1492 videntes
2523 1478 2539 1505 ,
2579 1437 2745 1492 corde
2783 1452 2890 1493 non
2929 1436 3260 1503 credebant;
3301 1436 3554 1491 audientes
3594 1452 3683 1489 non
3711 1453 3778 1489 as-

2251 1526 2443 1585 dianr:
2482 1530 2724 1587 ostendit
2751 1545 2912 1587 curas
2948 1533 3197 1602 corporis
3244 1550 3258 1587 :
3294 1531 3572 1587 audiebant
3597 1542 3644 1586 et
3667 1531 3778 1585 duris

2249 1624 2508 1680 cordibus
2548 1642 2656 1681 non
2690 1624 3082 1696 intelligebant.
3126 1625 3311 1681 Simile
3338 1633 3411 1679 est
3447 1641 3643 1696 regnum
3667 1626 3781 1678 calo-

2250 1732 2369 1769 rum
2403 1716 2596 1771 homini
2630 1719 2719 1788 qui
2747 1718 3018 1772 seminavit
3046 1734 3218 1772 semen
3245 1718 3431 1772 bonum
3460 1718 3513 1772 in
3539 1733 3652 1789 agro
3677 1731 3781 1781 suo;

550 1829 649 1885 per
672 1813 1050 1869 remissionem
1074 1830 1087 1866 :
1112 1812 1447 1878 Judmorum,
1474 1824 1572 1881 per
1592 1808 1999 1865 renovationem
2024 1805 2149 1861 novi
2180 1809 2226 1871 Β
2253 1810 2344 1880 qui
2372 1812 2615 1881 seminat
2650 1810 2796 1866 ﬁlius
2826 1811 3061 1868 hominis
3089 1820 3178 1868 est
3204 1829 3219 1865 :
3268 1827 3452 1869 semen
3486 1812 3685 1868 verbum
3711 1809 3782 1866 Dei

544 1904 905 1963 Testatnenti.
938 1905 1043 1960 Per
1071 1916 1207 1971 sata,
1235 1903 1290 1959 id
1316 1913 1420 1971 est,
1449 1902 1665 1968 messis,
1698 1899 1845 1971 quod
1874 1900 2147 1971 signiﬁcat

549 2002 751 2073 Legem
775 2012 1039 2057 veterem.
1062 1999 1362 2055 Sabbatum
1385 1996 1605 2068 requies
1626 1994 1755 2052 novi
1775 1993 2147 2060 Testatnenti;

548 2095 799 2165 discipuli
817 2095 1079 2151 vellentes
1101 2091 1301 2162 spicas,
1326 2088 1381 2146 id
1402 2100 1507 2156 est,
1531 2091 1813 2144 trahentes
1835 2086 2145 2144 testimonia

550 2187 618 2245 de
660 2185 863 2253 veteri,
901 2186 969 2242 ad
1007 2182 1439 2241 conﬁrmandum
1487 2196 1686 2236 novum
1718 2199 1731 2235 :
1778 2178 2147 2235 confricantes

548 2279 832 2350 manibus,
862 2279 915 2334 id
945 2289 1061 2346 est,
1091 2277 1459 2347 exprimentes
1490 2275 1546 2329 in
1575 2289 1793 2329 sensum
1820 2272 2141 2343 Spiritalem.

550 2372 727 2431 llomo
773 2387 993 2428 manum
1031 2370 1239 2425 aridam
1280 2368 1510 2434 habens,
1556 2366 1796 2423 ostendit
1837 2364 2142 2433 avaritiam,

549 2466 645 2540 qui
673 2464 901 2538 cupidus
935 2473 1021 2520 est
1058 2464 1113 2518 in
1146 2461 1523 2532 accipiendum
1544 2502 1560 2528 ,
1593 2474 1788 2516 avarus
1819 2459 1884 2515 ad
1914 2459 2148 2529 largien-

551 2559 704 2616 dum.
747 2557 852 2626 Qui
897 2555 1108 2611 solebat
1144 2568 1367 2625 rapere,
1410 2552 1587 2607 discat
1634 2551 1854 2621 largire.
1899 2550 2146 2605 Extendit

551 2667 785 2721 manum,
818 2650 871 2707 id
898 2658 1003 2719 est,
1036 2657 1264 2720 purgato
1291 2648 1477 2717 corde,
1507 2648 1761 2705 restituta
1787 2658 1909 2714 est;
1941 2646 2147 2719 signiﬁ-

546 2760 636 2806 cat
658 2747 1073 2805 conversionem
1093 2746 1159 2801 ad
1192 2744 1373 2801 ﬁdem.
1398 2744 1624 2819 Ltgnum
1644 2744 1927 2818 fumigans,
1959 2743 2010 2799 id
2037 2756 2140 2814 est,

547 2842 713 2898 corda
742 2841 985 2911 gentium
1016 2846 1203 2909 parata
1232 2838 1297 2891 ad
1330 2835 1519 2892 ﬁdem.
1548 2834 1827 2890 Hominem
1857 2835 2143 2891 daemonia-

546 2951 683 3003 cum,
714 2943 915 2988 mutum
937 2942 986 2987 et
1012 2948 1221 3000 ctccum,
1246 2930 1517 3000 significat
1539 2929 1836 2985 humanum
1858 2945 2047 3001 genus.
2076 2928 2144 2983 In

550 3028 704 3082 domo
735 3024 969 3096 alligavit
1001 3027 1186 3095 fortem
1206 3064 1222 3091 ,
1252 3022 1302 3078 id
1336 3031 1448 3090 est,
1480 3021 1735 3079 Christus
1762 3021 2001 3093 alligavit
2029 3022 2144 3078 dia-

547 3123 756 3181 bolum.
789 3120 931 3175 Vasa
947 3121 1082 3191 ejus,
1106 3119 1211 3174 hoc
1238 3127 1366 3173 sunt
1385 3118 1548 3174 corda
1570 3119 1834 3188 gentium.
1857 3114 2143 3189 Progenies

2253 1904 2307 1958 in
2341 1905 2505 1961 corda
2536 1904 2880 1961 credentium
2914 1922 2929 1961 :
2967 1906 3021 1960 in
3052 1920 3205 1978 agro,
3238 1905 3295 1962 id
3324 1915 3430 1974 est,
3454 1906 3503 1962 in
3531 1905 3781 1960 mundum:

2252 2000 2484 2069 zizania,
2509 2001 2602 2057 ﬁlii
2632 2019 2885 2073 nequam,
2920 2002 2973 2059 id
3004 2012 3091 2060 est
3115 2003 3357 2075 operarii
3383 2003 3677 2075 iniquitatis.
3699 2000 3783 2057 lai~

2251 2097 2425 2151 micus
2454 2097 2544 2166 qui
2571 2098 2885 2165 seminavit,
2920 2096 2974 2153 id
2998 2105 3116 2165 εει,
3145 2096 3416 2153 diabolus.
3453 2096 3662 2164 Messis,
3688 2111 3787 2151 con-

2250 2189 2544 2244 summatio
2587 2188 2772 2244 smculi
2804 2200 2889 2246 est
2930 2206 2945 2247 :
2988 2205 3264 2247 messores
3289 2237 3304 2262 ,
3346 2190 3516 2263 angeli
3552 2196 3680 2245 sunt.
3709 2189 3786 2243 Pro

2251 2282 2378 2352 quid
2409 2281 2697 2339 fasciculus
2740 2284 2980 2339 dicitur?
3020 2285 3142 2355 quia
3191 2301 3300 2341 non
3339 2298 3523 2341 omnes
3557 2281 3787 2354 aequaliter

2245 2373 2579 2444 iudicantur,
2627 2377 2723 2431 sed
2766 2377 2999 2433 adulteri
3040 2392 3165 2433 rum
3207 2377 3509 2446 adulteris,
3554 2384 3605 2433 et
3637 2388 3788 2430 omnes

2248 2485 2409 2539 pares
2428 2471 2731 2542 aequaliter.
2750 2469 2990 2526 Granum
3008 2472 3229 2543 sinapis,
3255 2472 3522 2544 signiﬁcat
3536 2471 3784 2526 Christum:

2249 2563 2411 2618 homo
2442 2564 2743 2631 seminans,
2786 2564 2931 2621 Deus
2961 2564 3125 2620 Pater
3150 2575 3271 2621 est:
3305 2566 3359 2621 in
3386 2581 3527 2637 agro,
3565 2563 3613 2618 id
3638 2571 3721 2628 est,
3748 2562 3787 2615 in

2248 2657 2471 2714 mundo.
2501 2657 2778 2712 Minimum
2802 2657 3038 2713 omnibus
3058 2659 3342 2714 seminibus
3364 2674 3385 2714 :
3406 2656 3653 2730 signiﬁcat
3668 2652 3789 2708 Chri-

2247 2759 2412 2817 stum,
2441 2752 2732 2807 refutatum
2755 2767 2784 2806 a
2806 2750 3030 2807 Iudaeis.
3061 2752 3188 2807 Cum
3211 2761 3387 2807 autem
3408 2750 3626 2815 creverit,
3648 2746 3693 2802 id
3710 2753 3787 2811 est,

2247 2847 2567 2912 surrexerit,
2616 2847 2679 2917 ﬁt
2721 2848 2899 2914 arbor,
2947 2845 3001 2902 id
3046 2856 3151 2914 est,
3199 2846 3450 2903 ascendit
3495 2844 3557 2899 ad
3600 2842 3786 2903 coelum;

2245 2942 2379 2995 rami
2403 2941 2540 3011 ejus,
2576 2940 2679 2995 hoc
2706 2950 2836 2997 sunt
2873 2942 3105 3011 apostoli
3132 2958 3145 3006 ;
3179 2940 3417 2996 volucres
3445 2940 3495 2994 in
3524 2939 3666 2992 ramis
3687 2934 3788 3003 eius,

2249 3034 2301 3091 id
2327 3046 2452 3090 sunt
2479 3036 2676 3103 sancti,
2709 3035 2801 3106 qui
2834 3045 3048 3091 terrena
3079 3035 3410 3105 despiciunt,
3444 3030 3667 3089 ctelestia
3688 3040 3790 3081 con-

2248 3133 2553 3200 cupiscunt.
2608 3127 2782 3184 Aliter
2831 3143 3058 3199 granum
3118 3127 3371 3199 sinapis,
3432 3140 3606 3183 sermo
3652 3116 3789 3176 sancti

547 3219 884 3289 viperarum,
938 3214 1198 3287 quomodo
1242 3215 1460 3287 potestis
1504 3214 1645 3285 loqui
1693 3213 1825 3269 bona
1876 3230 1993 3268 cum
2033 3214 2141 3268 sitis

2249 3224 2525 3296 Evangelii
2554 3240 2569 3279 :
2596 3223 2759 3279 homo
2783 3225 3084 3291 seminans,
3108 3221 3365 3279 Christus
3391 3230 3496 3292 εει,
3525 3223 3574 3276 in
3602 3232 3729 3288 agro,
3748 3213 3789 3267 in

549 3311 715 3365 mali?
746 3325 839 3380 per
869 3307 1113 3380 viperam
1142 3307 1382 3363 ostendit
1421 3322 1749 3379 synagogam
1784 3324 1797 3360 :
1835 3307 2143 3379 progenies,

548 3404 602 3459 id
632 3410 761 3459 sunt
794 3401 967 3459 Judaei
993 3419 1008 3470 ;
1055 3401 1199 3456 sicut
1225 3400 1429 3457 occidit
1458 3400 1600 3456 illius
1641 3402 1885 3471 viperam
1914 3412 2145 3456 matrem

549 3512 722 3561 suam,
748 3497 825 3551 sic
853 3495 1029 3552 Judaei
1058 3492 1358 3561 Christum,
1387 3494 1478 3567 qui
1503 3503 1589 3550 est
1616 3496 2144 3571 sapientiaomnium

551 3600 746 3647 mater.
779 3587 1057 3645 Generatio
1088 3589 1229 3643 mala
1260 3600 1306 3645 et
1336 3588 1595 3660 adultera,
1629 3591 1800 3662 idem,
1829 3588 2143 3649 deserentes

550 3680 860 3750 Dominum,
888 3682 1230 3739 adhaerentes
1260 3683 1441 3739 idolis.

623 3777 825 3849 Regina
851 3776 1026 3833 Austri
1054 3777 1190 3832 venit
1220 3793 1252 3830 α
1280 3776 1469 3847 ﬁnibus
1499 3787 1649 3834 terra:
1678 3797 1689 3833 :
1719 3777 1984 3849 signiﬁcat
2009 3794 2143 3849 gen-

549 3884 667 3931 tes:
702 3874 884 3928 audire
908 3873 1218 3943 sapientiam
1250 3871 1580 3940 Salomonis,
1614 3872 1668 3928 id
1696 3884 1806 3939 est,
1838 3872 2142 3930 doetrinam

546 3966 770 4023 Christi.
802 3964 1114 4022 Immundas
1145 3966 1360 4037 spiritus
1391 3968 1495 4020 exit
1525 3966 1590 4019 ab
1621 3966 1847 4036 homine,
1881 3966 1935 4021 id
1962 3976 2083 4034 est,
2111 3984 2142 4023 a

548 4060 790 4126 ludatis;
822 4059 951 4113 abiit
979 4074 1070 4131 per
1097 4057 1250 4112 arida
1279 4057 1419 4126 loca,
1453 4057 1506 4113 id
1538 4067 1642 4123 est,
1676 4075 1775 4130 per
1804 4070 2031 4131 gentes;
2063 4076 2143 4115 re-

547 4157 692 4212 vertit
718 4156 774 4209 in
804 4154 1033 4223 domum,
1065 4153 1120 4208 id
1151 4163 1257 4221 est,
1290 4154 1359 4209 ad
1386 4153 1637 4221 Judreos;
1666 4155 1860 4209 invenit
1888 4172 2002 4209 eam
2027 4171 2143 4209 sco»

546 4249 628 4321 pis
678 4246 1012 4312 mandatam,
1062 4244 1116 4300 id
1166 4253 1284 4314 est,
1338 4246 1696 4304 traditionum
1751 4258 2136 4319 paternarum;

546 4338 825 4406 assumpsit
866 4354 1039 4392 secum
1076 4347 1269 4409 septem
1305 4338 1516 4411 spiritus
1556 4342 1847 4412 nequiores,
1879 4340 1981 4397 hoc
2014 4353 2140 4397 sunt

545 4446 738 4489 omnes
766 4431 884 4487 dies
912 4447 1103 4487 eorum
1128 4432 1182 4487 in
1216 4432 1360 4488 malo
1385 4449 1553 4504 opere
1584 4435 1727 4491 versi
1756 4452 1771 4501 ;
1803 4437 2057 4491 intrantes
2086 4437 2138 4490 in

546 4528 776 4594 domum,
810 4526 863 4582 id
911 4536 1017 4598 est,
1051 4528 1105 4582 in
1146 4526 1310 4583 corda
1341 4539 1768 4600 persecutor-um,
1815 4529 1937 4601 quia
1981 4527 2139 4584 Chri-

2249 3319 2471 3375 mundo.
2503 3317 2779 3372 Minimum
2810 3318 3060 3387 omnium,
3096 3316 3148 3371 id
3177 3327 3297 3382 est,
3332 3326 3599 3372 servatum
3627 3311 3673 3365 in
3693 3320 3787 3363 cor-

2248 3410 2407 3468 dibus
2434 3410 2675 3467 ﬁdelium
2696 3451 2711 3479 ,
2744 3419 2967 3482 propter
2998 3409 3328 3480 sapientiam
3360 3403 3783 3479 philosophorum;

2247 3505 2306 3576 ﬁt
2345 3504 2519 3571 arbor,
2556 3503 2608 3559 id
2647 3514 2732 3559 est
2772 3503 3017 3559 ascendit
3062 3517 3229 3573 super
3273 3516 3493 3559 omnem
3524 3490 3783 3568 sapientiam

2247 3598 2610 3664 mundanam;
2643 3613 2813 3651 ramos
2844 3596 2977 3663 eius,
3011 3594 3257 3650 ostendit
3286 3590 3680 3664 explanationes
3701 3582 3778 3637 sin-

2245 3692 2492 3764 gulorum
2519 3690 2834 3751 doctorum:
2866 3689 3122 3756 volucres,
3146 3687 3198 3743 id
3232 3698 3343 3757 est,
3372 3692 3635 3742 amatores
3654 3676 3777 3734 scien-

2246 3787 2333 3841 tia:
2359 3830 2373 3856 ,
2417 3786 2486 3841 de
2524 3795 2768 3842 semente
2809 3792 3069 3855 accepto,
3109 3782 3162 3839 id
3204 3792 3335 3852 est,
3370 3779 3611 3837 doctrina
3647 3773 3779 3830 Evan-

2244 3880 2391 3953 gelii.

2319 3972 2531 4043 Mulier,
2580 3974 2633 4031 id
2663 3984 2778 4041 est,
2809 3974 3108 4045 sapientia,
3143 3973 3424 4030 abscondit
3462 3972 3515 4028 in
3544 3958 3717 4042 farina,
3749 3954 3787 4014 id

2244 4080 2357 4140 est,
2391 4071 2444 4125 in
2482 4070 2644 4126 corda
2676 4068 2918 4124 ﬁdelium
2940 4111 2956 4136 ,
2982 4078 3097 4123 sata
3125 4070 3252 4137 tria,
3290 4066 3533 4125 ostendit
3560 4075 3659 4119 tres
3684 4055 3790 4112 ﬁlios

2242 4164 2396 4230 Noe;
2427 4165 2588 4218 donec
2618 4163 2978 4234 fermentatum
3005 4174 3081 4219 est
3107 4173 3295 4236 totum,
3330 4162 3386 4218 id
3408 4171 3509 4229 est,
3542 4160 3656 4215 dum
3683 4164 3789 4224 pra!-

2243 4253 2485 4310 dicatum
2507 4254 2604 4325 fest
2637 4255 2991 4326 Evangelium
3030 4257 3082 4311 in
3118 4265 3291 4311 totum
3327 4255 3606 4311 mundum.
3648 4241 3793 4304 Simile

2243 4361 2318 4404 est
2357 4366 2571 4421 regnum
2602 4348 2845 4405 caelorum
2885 4350 3126 4405 thesauro
3153 4350 3485 4415 abscondito,
3529 4346 3791 4401 thesaurus,

2241 4442 2295 4498 id
2318 4454 2421 4510 est,
2444 4442 2694 4498 Christus
2715 4444 2801 4499 vel
2824 4444 3123 4515 sapientia:
3146 4445 3199 4497 in
3223 4461 3377 4515 agro,
3402 4442 3453 4497 id
3471 4449 3554 4497 est
3572 4429 3793 4493 Ecclesia.

2245 4536 2362 4591 sive
2407 4537 2460 4591 in
2496 4536 2792 4608 Scripturis
2830 4536 3048 4592 divinis.
3102 4535 3356 4591 Vendidit
3400 4534 3588 4598 omnia,
3628 4526 3676 4584 id
3713 4529 3792 4585 est.

545 4634 687 4681 stum
716 4623 986 4694 persecuti
1012 4631 1136 4677 sunt
1158 4632 1210 4678 et
1241 4623 1552 4694 prephetas.
1585 4622 1754 4679 Mater
1779 4632 1823 4678 et
1847 4627 2051 4697 fratres,
2085 4625 2136 4681 id
2163 4614 2217 4675 D
2244 4628 2467 4700 reliquit
2497 4629 2654 4699 vilia,
2687 4646 2783 4686 seu
2814 4645 2904 4686 res
2935 4640 3213 4687 terrenas:
3246 4630 3371 4684 emit
3401 4643 3613 4700 agrum,
3643 4620 3690 4677 id
3713 4622 3792 4676 est.

544 4730 650 4785 est,
680 4733 949 4791 synagoga
988 4728 1043 4773 et
1086 4717 1256 4774 Judaei
1284 4737 1299 4785 ;
1331 4716 1471 4789 foras
1510 4729 1722 4786 stantes,
1764 4719 1815 4775 id
1846 4732 1947 4789 est,
1982 4730 2135 4777 extra

543 4809 885 4878 Ecclesiam;
918 4821 1203 4883 quterentes
1233 4812 1466 4886 colloqui
1498 4824 1685 4882 tecum,
1707 4816 1941 4871 ostendit
1972 4817 2021 4870 in
2054 4817 2135 4871 lu-

542 4915 664 4962 turo
693 4904 1112 4962 conversionem
1140 4904 1449 4962 Judaeorum
1478 4906 1545 4961 ad
1587 4906 1768 4962 ﬁdem‘.
1802 4905 1949 4961 Eriit
1978 4906 2134 4965 Iesus

541 5000 608 5054 de
635 5001 817 5069 domo;
840 5000 1041 5057 sedebat
1069 4999 1137 5054 ad
1160 5015 1322 5067 mare,
1354 4997 1567 5053 duobus
1592 5001 1765 5055 modis
1790 5001 2130 5070 intelligitur,

540 5090 595 5146 id
623 5103 739 5157 est,
790 5091 857 5147 de
896 5091 1037 5148 ctelo
1078 5092 1131 5146 in
1162 5089 1423 5146 mundum
1445 5132 1459 5156 ,
1492 5089 1559 5145 de
1590 5089 1791 5147 ludatis
1816 5091 1884 5146 ad
1922 5102 2127 5164 gentes.

542 5181 785 5237 Ascendit
818 5183 873 5237 in
902 5182 1053 5247 naui,
1097 5183 1149 5237 id
1182 5191 1297 5249 est,
1332 5182 1383 5237 in
1414 5184 1585 5238 caelos
1612 5199 1626 5249 ;
1667 5185 1839 5238 turbas
1869 5185 1937 5238 ad
1963 5186 2129 5255 littus,

538 5275 875 5346 signiﬁcatur
916 5293 1160 5347 praisens
1199 5277 1327 5331 vita.
1374 5274 1442 5330 In
1478 5277 1896 5347 similitudinem,
1939 5279 2040 5334 hoc
2077 5280 2132 5336 in

541 5367 814 5439 parabolis
838 5385 854 5435 ;
883 5369 1100 5424 seminat
1121 5369 1231 5440 ipse
1252 5372 1344 5440 qui
1364 5370 1612 5441 prtedicat
1632 5386 1653 5425 :
1675 5371 1929 5439 seminat,
1950 5370 2003 5426 id
2026 5381 2131 5440 est,

536 5463 761 5518 verbum
796 5461 897 5519 Dei
927 5479 941 5517 :
974 5479 1121 5518 secus
1151 5463 1315 5529 viam,
1348 5461 1403 5518 id
1432 5472 1551 5532 est,
1597 5462 1692 5535 qui
1729 5462 1877 5521 audit
1906 5464 2129 5521 verbum

540 5556 677 5625 Dei,
709 5565 764 5613 et
792 5571 898 5612 non
930 5556 1183 5627 intelligit
1210 5574 1223 5611 :
1256 5558 1311 5611 in
1340 5568 1571 5628 petrosa,
1603 5556 1657 5613 id
1688 5566 1808 5627 est,
1852 5557 1944 5629 qui
1979 5558 2132 5613 audit

538 5650 761 5707 verbum
777 5650 899 5719 Dei,
924 5658 979 5705 et
994 5647 1206 5719 accepit
1228 5649 1400 5717 illum,
1422 5659 1477 5706 et
1495 5649 1786 5706 accedente
1805 5649 2123 5720 tentatione,

538 5754 699 5817 negat
724 5742 917 5809 illum;
948 5743 1004 5797 in
1032 5742 1216 5815 spinis,
1241 5743 1293 5798 id
1323 5753 1428 5813 est,
1461 5743 1610 5800 audit
1636 5743 1882 5813 verbum,
1919 5754 1971 5799 et
2002 5760 2127 5814 pro-

2244 4736 2469 4793 regnum
2496 4722 2781 4777 caelorum.
2819 4722 2992 4776 Homo
3026 4722 3318 4792 negotians
3339 4767 3354 4791 ,
3390 4721 3479 4792 qui
3510 4713 3691 4788 quaerit
3717 4710 3794 4763 d0-

2243 4817 2475 4872 ctrinatn
2507 4817 2773 4884 divinam,
2809 4817 3011 4872 invenit
3035 4832 3197 4871 unam
3227 4814 3610 4888 margaritam,
3639 4805 3685 4863 id
3713 4808 3793 4863 est,

2241 4908 2563 4979 sapientiam
2596 4909 2832 4976 Christi;
2882 4909 3123 4965 vendidit
3158 4910 3377 4977 omnia,
3422 4907 3476 4963 id
3520 4912 3634 4967 est,
3672 4896 3795 4953 vitia.

2243 5003 2426 5059 Simile
2464 5013 2537 5058 est
2575 5020 2791 5076 regnum
2829 5005 3071 5059 caelorum
3111 5019 3319 5073 sugente
3354 5007 3529 5055 misste
3564 4997 3616 5050 in
3652 5002 3794 5049 mm.

2238 5110 2336 5165 per
2369 5111 2621 5167 sagenam
2649 5138 2664 5163 ,
2697 5096 2924 5152 verbum
2963 5094 3373 5166 praedicationis
3408 5089 3723 5148 ostenditur;
3756 5078 3797 5131 ἱη

2238 5206 2399 5257 mare,
2432 5188 2483 5244 id
2510 5198 2616 5255 est,
2642 5189 2696 5243 in
2725 5189 2961 5255 mundo;
2996 5205 3060 5243 ea:
3086 5188 3224 5243 omni
3254 5202 3443 5262 genere
3467 5182 3676 5257 piscium
3698 5186 3798 5226 con-

2235 5284 2491 5353 greganti,
2537 5282 2587 5336 id
2621 5293 2732 5347 est,
2760 5299 2924 5338 omne
2950 5298 3121 5352 genus
3149 5282 3473 5337 humanum.
3517 5273 3670 5333 Audit
3697 5280 3799 5321 ver-

2235 5378 2362 5433 bum
2403 5377 2500 5433 Dei
2529 5392 2687 5432 secus
2726 5376 2901 5444 littus,
2950 5377 3001 5432 id
3043 5386 3156 5445 est,
3188 5390 3361 5447 prope
3397 5375 3557 5428 tinem
3597 5358 3795 5424 mundi:

2235 5469 2644 5540 paterfamilias,
2673 5469 2924 5526 Christus
2952 5479 3055 5540 est,
3087 5469 3282 5525 scriba:
3309 5468 3565 5523 doctores
3590 5449 3794 5531 apostoli

2233 5571 2360 5616 sunt
2392 5579 2405 5615 :
2439 5563 2572 5616 venit
2603 5562 2656 5616 in
2682 5563 2907 5635 patriam
2936 5580 3081 5618 suam
3100 5604 3116 5632 ,
3148 5562 3200 5617 id
3230 5572 3319 5617 est
3345 5559 3415 5616 ad
3453 5556 3680 5614 Judaeos.
3711 5547 3795 5601 Te“

2233 5654 2472 5719 trarcha,
2507 5655 2558 5709 id
2588 5665 2693 5723 est,
2726 5665 2753 5693 ι
2784 5666 2972 5726 quarta
3001 5671 3125 5726 pars
3158 5655 3333 5724 regni.

2302 5748 2549 5822 Alligavit
2592 5747 2847 5805 Joannem
2891 5760 2937 5805 et
2972 5749 3109 5805 misit
3156 5749 3211 5802 in
3248 5758 3502 5802 carcerem
3534 5760 3551 5798 :
3583 5729 3793 5795 ostendit

610 5864 637 5898 α
663 5856 932 5929 Scriptum
965 5866 1087 5915 erat
1120 5858 1270 5926 inita,
1303 5856 1534 5917 fortasse
1554 5872 1653 5929 pro
1673 5858 1878 5931 quinta,
1914 5860 2125 5919 tametsi
2168 5858 2223 5921 id
2250 5876 2466 5934 quoque
2500 5861 2663 5922 falso.
2702 5861 2813 5923 Nos
2858 5871 3043 5935 quarta
3082 5858 3497 5932 rescripsimus,
3529 5863 3587 5914 ut
3618 5851 3690 5910 rei
3717 5858 3792 5904 vc-
