3970 6304
239 326 339 390 553

950 322 1318 384 EXPOSITIO
1352 320 1690 396 QUATUOR
1724 314 2295 381 EVANGELIORUM.
2334 318 2762 379 MATTHJEUS.

3410 317 3517 376 554

240 444 516 502 terminum
546 440 707 515 Legis
736 440 961 499 veteris.
984 440 1322 498 Herodiades
1357 440 1627 512 signiﬁcat
1661 455 1823 513 syna—
1851 443 1903 500 Α
1930 452 2044 492 oves
2070 453 2188 508 qua:
2218 437 2481 508 perierunt
2510 437 2692 492 domus
2723 433 2919 503 Israel,
2952 434 3193 491 ostendit
3220 435 3521 507 corporali-

234 555 452 611 gogam;
482 538 665 610 puella
711 536 931 593 saltavit
958 536 1014 591 in
1052 536 1326 603 convivio,
1354 535 1594 591 ostendit
1634 543 1822 606 gentes

232 633 489 690 saltantes
512 641 640 688 ante
663 631 837 687 idola:
862 638 1019 698 caput
1043 629 1267 684 Joannis
1295 630 1347 683 in
1368 628 1535 695 disco,
1557 626 1826 698 signiﬁcat

232 740 427 796 corpus
444 724 652 781 Christi
676 724 732 779 in
747 725 921 780 altare
936 768 951 793 ,
968 723 1286 791 caputillius
1300 722 1354 777 in
1378 721 1542 778 corde
1560 720 1822 787 ﬁdelium;

231 820 407 873 datum
433 829 511 873 est
536 818 746 891 puellae,
781 818 833 873 id
860 826 967 886 est,
1001 817 1266 873 Ecclesia:
1285 832 1352 874 ex
1372 817 1656 889 gentibus;
1683 824 1830 871 attu-

232 910 293 966 lit
320 914 480 966 matri
509 927 634 979 sure,
670 910 911 967 ostendit
948 911 1364 966 conversionem
1402 909 1740 975 Judaeorum,
1772 907 1830 963 in

231 1002 511 1067 futurum;
549 1012 751 1057 secuta:
795 994 1051 1075 ostendit
1077 1001 1391 1073 pedestres;
1430 1000 1692 1066 ostendit,
1720 1015 1830 1057 non

230 1107 357 1148 cum
386 1094 634 1162 pecuniis
657 1093 931 1165 auteguis,
963 1094 1061 1150 sed
1096 1109 1221 1150 cum
1255 1094 1476 1165 proprio
1514 1094 1699 1149 labore
1732 1093 1831 1150 de-

232 1184 324 1242 bet
353 1186 523 1243 homo
548 1187 703 1259 sequi
723 1186 915 1242 Deum.
941 1186 1150 1241 Curavit
1170 1187 1426 1257 inﬁrmos,
1457 1186 1509 1241 id
1538 1194 1643 1252 est,
1666 1186 1837 1241 abluit

234 1281 476 1349 peccatis
503 1289 560 1336 et
588 1280 656 1335 ab
686 1280 871 1335 idolis.
902 1278 1055 1335 Hora
1073 1283 1192 1351 jam
1220 1280 1493 1352 praeteriit,
1526 1279 1582 1334 id
1610 1288 1714 1345 est,
1748 1278 1837 1334 lit-

240 1381 354 1432 teca
384 1374 554 1445 legis;
571 1375 798 1445 quinque
812 1391 993 1445 panes,
1020 1374 1075 1430 id
1095 1383 1200 1439 est,
1224 1375 1463 1445 quinque
1484 1373 1610 1430 libri
1633 1374 1836 1444 Moysi;

251 1467 350 1522 duo
382 1470 567 1539 pisces,
612 1468 666 1523 id
692 1479 796 1534 εει,
830 1468 941 1524 duo
987 1468 1362 1534 Testamenta,
1409 1469 1524 1524 sive
1561 1468 1668 1523 duo
1696 1468 1843 1523 ordi-

259 1577 372 1629 nes,
400 1563 450 1617 id
476 1572 580 1629 est,
606 1562 951 1619 sacerdotum
977 1569 1034 1617 et
1061 1561 1474 1632 prophetarum,
1506 1562 1620 1616 sive
1648 1562 1758 1616 duo
1782 1561 1845 1615 li-

266 1655 344 1712 bri
369 1656 563 1713 Josuae.
592 1655 770 1732 Turba
810 1656 1167 1710 discumbebat
1202 1671 1358 1727 super
1400 1656 1599 1725 fenum,
1646 1652 1701 1709 id
1738 1662 1842 1719 est,

275 1764 422 1820 super
444 1751 591 1807 arida
618 1752 807 1818 corda,
837 1753 953 1807 sive
992 1765 1156 1820 super
1185 1750 1313 1805 vitia
1347 1750 1743 1805 discumbebat.
1780 1749 1845 1803 Et

1927 541 2014 590 ter
2053 534 2123 589 ad
2169 534 2422 599 Judaeos;
2468 534 2655 600 aliter,
2706 532 2832 603 quia
2884 546 3077 587 omnes
3121 530 3414 587 credentes
3464 532 3523 586 in

1928 627 2100 684 Deum
2129 628 2295 683 Israel
2326 638 2608 684 vocantur.
2632 628 2849 684 Sumere
2877 643 3087 699 panem,
3111 625 3165 681 id
3194 625 3525 694 est,doctri-

1931 741 2093 791 nam;
2128 726 2384 794 ﬁliorum,
2418 724 2471 779 id
2500 733 2607 791 est,
2650 722 2996 789 Iudaeorum;
3028 722 3146 776 duri
3190 722 3427 789 canibus,
3470 720 3527 776 id

1932 828 2038 887 est,
2073 819 2352 890 gentibus.
2379 818 2567 874 Catelli
2591 819 2769 885 edunt,
2800 818 2853 873 id
2881 828 2986 888 est,
3011 826 3236 888 gentes;
3262 818 3528 889 accipiunt

1934 917 1997 970 de
2026 917 2192 981 micis,
2226 917 2278 971 id
2304 923 2409 980 est,
2442 915 2510 971 de
2542 914 2847 969 minoribus
2874 912 3169 968 mandatis.

2009 1006 2262 1063 Misereor
2291 1008 2453 1062 turba:
2483 1024 2501 1061 :
2534 1007 2778 1063 ostendit
2799 1007 2923 1078 quia
2949 1007 3095 1062 Deus
3126 1016 3273 1063 totus
3305 1007 3524 1062 miseri-

1937 1114 2061 1155 cors
2089 1110 2209 1167 est;
2240 1100 2475 1155 triduum
2503 1101 2791 1170 perdurant
2830 1117 3049 1168 mecum,
3093 1100 3338 1156 ostendit
3362 1100 3528 1157 ﬁdem

1939 1197 2255 1263 Trinitatis;
2289 1214 2394 1251 non
2439 1197 2628 1251 habent
2670 1197 2797 1269 quid
2827 1197 3158 1262 ntarzducent,
3199 1196 3253 1250 id
3288 1204 3394 1264 est,
3421 1211 3535 1251 non

1940 1288 2144 1344 habent
2169 1289 2394 1344 verbum
2423 1289 2864 1358 praedicationis;
2898 1289 3035 1343 Nolo
3064 1306 3149 1344 eos
3176 1290 3435 1345 dimittere
3450 1292 3537 1360 je-

1934 1384 2118 1455 junos,
2147 1399 2211 1435 ne
2239 1382 2484 1452 deficiant
2509 1383 2564 1436 in
2594 1383 2701 1450 via,
2748 1382 2799 1437 id
2829 1391 2935 1449 est,
2983 1398 3053 1437 ne
3094 1393 3321 1452 pereant
3368 1384 3423 1438 in
3448 1386 3534 1439 via

1944 1475 2149 1531 erroris
2166 1476 2221 1530 in
2250 1484 2525 1545 prresente
2546 1476 2682 1541 vita,
2709 1476 2832 1547 quia
2859 1476 2987 1545 ﬁdes
3008 1478 3118 1531 sine
3139 1477 3377 1544 operibus
3401 1494 3539 1532 mor-

1948 1578 2039 1623 tua
2064 1578 2160 1623 est.
2208 1570 2313 1624 Per
2341 1578 2551 1639 septem
2580 1585 2751 1639 panes
2793 1571 3029 1625 ostendit
3073 1573 3393 1642 eptaticum,
3442 1590 3540 1645 per

1951 1678 2153 1731 paucos
2198 1664 2374 1733 pisces
2417 1664 2657 1721 ostendit
2698 1664 2945 1720 ordinem
2997 1669 3411 1736 prophetarum,
3460 1671 3544 1725 vel

1952 1757 2321 1812 sacerdotum.
2356 1756 2526 1830 Super
2557 1768 2749 1812 terram
2772 1760 3121 1825 discumbens,
3152 1763 3392 1817 ostendit
3425 1779 3550 1833 per-

275 1846 469 1917 scceptis
497 1846 721 1918 panibus
743 1888 758 1913 ,
782 1848 994 1900 intuens
1030 1846 1085 1899 in
1115 1842 1322 1913 ctelum,
1358 1844 1412 1898 id
1443 1854 1550 1909 est,
1579 1844 1849 1898 abstraxit
1874 1839 1924 1903 C
1958 1847 2213 1904 fectiores
2244 1850 2356 1918 jam
2398 1852 2636 1905 calcasse
2675 1851 2802 1905 vitia
2849 1868 2943 1907 sua
2976 1871 2987 1905 :
3019 1868 3115 1922 per
3144 1865 3356 1922 septem
3386 1872 3550 1925 spor-

283 1951 500 2005 sensum;
545 1941 723 2012 fregit,
759 1939 811 1993 id
843 1948 949 2008 est,
986 1938 1267 1992 historiam
1315 1937 1447 2007 legis
1490 1938 1756 2007 expressit
1794 1937 1849 1991 in

284 2030 546 2099 spiritalem
574 2048 820 2099 sensum,
847 2041 903 2088 et
928 2034 1179 2103 apparuit
1197 2034 1533 2099 intellectus;
1567 2031 1849 2100 benedixit,

286 2122 335 2177 id
354 2134 450 2193 est,
479 2123 879 2195 multiplicavit.
904 2124 1197 2181 Duodecim
1223 2128 1419 2196 cofinos
1438 2127 1639 2197 plenos,
1668 2124 1722 2179 id
1744 2135 1852 2192 est,

291 2215 347 2271 de
382 2216 617 2275 doctrina
664 2229 853 2273 sancta
904 2218 1195 2275 duodecim
1240 2218 1557 2290 apostolos,
1600 2233 1699 2289 pro
1749 2233 1855 2289 qua

295 2322 426 2365 ausa
469 2326 577 2367 non
624 2319 1011 2382 computantur
1046 2312 1304 2369 mulieres
1344 2320 1402 2367 et
1450 2311 1663 2381 parvuli
1714 2311 1859 2365 sicut

295 2403 394 2467 viri,
415 2403 535 2474 quia
564 2404 777 2473 parvuli
803 2420 916 2461 non
942 2406 1127 2461 valent
1166 2420 1472 2475 repugnare
1498 2417 1687 2459 contra
1727 2402 1855 2459 vitia

297 2498 400 2561 sua;
423 2495 498 2552 sic
514 2506 572 2552 et
591 2497 868 2563 mulieres,
889 2499 1012 2569 quia
1036 2498 1391 2569 imperfectus
1415 2513 1580 2555 sexus
1601 2507 1705 2554 est.
1736 2496 1863 2552 Jus-

298 2591 351 2643 sit
370 2589 631 2646 ascendere
656 2592 713 2645 in
732 2592 1049 2659 naviculam,
1081 2592 1135 2647 id
1154 2604 1260 2657 est,
1293 2594 1347 2647 in
1366 2593 1700 2659 Ecclesium;
1728 2608 1862 2663 prte-

298 2684 450 2738 cedere
465 2694 611 2739 trans
635 2685 849 2756 fretum,
877 2685 932 2741 id
954 2695 1058 2751 est,
1078 2685 1147 2741 de
1165 2685 1371 2741 Judazis
1396 2686 1463 2740 ad
1486 2695 1704 2756 gentes.
1728 2684 1866 2752 Qua-

301 2783 403 2830 tuor
426 2776 601 2833 modis
625 2787 853 2833 vocatur
881 2795 896 2832 :
928 2778 1101 2848 prima
1124 2786 1318 2832 natura
1348 2794 1361 2830 :
1389 2776 1631 2832 secunda
1662 2790 1868 2845 cogna—

293 2868 418 2925 tione
450 2889 465 2925 :
496 2870 656 2927 tertia
687 2879 848 2942 gente
879 2889 892 2924 :
926 2881 1122 2940 quarta
1160 2869 1382 2925 aﬁ'ectu.
1417 2869 1665 2936 Quatuor
1692 2868 1867 2924 modis

286 2959 472 3018 dicitur
499 2963 701 3030 homo;
740 2962 871 3034 quid
913 2963 1132 3029 dicitur,
1176 2962 1231 3018 id
1275 2972 1380 3029 est,
1430 2963 1657 3029 bonum,
1705 2962 1867 3029 bene,

278 3056 628 3127 ptcnitentiam
655 3057 812 3127 agite,
842 3063 899 3112 et
934 3055 1178 3127 reliqua;
1210 3056 1416 3110 malum
1445 3054 1610 3125 male,
1660 3056 1872 3125 sanguis

276 3154 379 3222 ejus
424 3165 589 3221 super
617 3165 715 3203 nos
728 3164 749 3214 ;
780 3149 982 3204 bonum
1025 3149 1190 3218 male,
1230 3149 1325 3204 ubi
1364 3149 1561 3205 dicitur
1597 3147 1667 3205 de
1696 3163 1867 3217 caaco,

1956 1950 2061 2006 tas,
2095 1952 2303 2011 septem
2354 1944 2614 1998 doctores
2644 1945 2885 2013 Spiritus
2916 1947 3113 2000 sancti.
3147 1946 3433 2017 Pharismi,
3466 1951 3551 2003 di-

1952 2034 2070 2101 visi,
2099 2034 2654 2107 Saduezei,justiﬁcati
2686 2052 2702 2088 :
2727 2038 2924 2093 ctelnm
2943 2054 3223 2107 serenum,
3254 2041 3305 2096 id
3331 2051 3435 2109 est,
3462 2059 3553 2098 re-

1958 2127 2228 2182 surrectio
2253 2125 2459 2182 Christi
2495 2147 2508 2182 :
2541 2129 2737 2183 cmlum
2784 2130 3171 2199 rubicundum,
3204 2133 3397 2187 eli‘usio
3424 2150 3557 2190 san-

1958 2217 2140 2289 guinis
2175 2235 2190 2271 :
2223 2219 2423 2274 cmlum
2452 2220 2631 2285 triste,
2676 2221 2987 2291 passionem
3018 2221 3222 2278 Christi
3261 2226 3503 2282 ostendit
3536 2245 3551 2281 :

1960 2319 2257 2380 tempestas
2278 2310 2509 2365 rutilans
2531 2311 2810 2381 signiﬁcat
2834 2314 3297 2383 persecutionem.
3323 2316 3507 2373 Cavete
3527 2336 3561 2374 a

1963 2401 2219 2471 fermento
2249 2400 2663 2469 Pharisaeorum,
2692 2404 2747 2458 id
2775 2413 2880 2473 est,
2906 2421 2935 2460 a
2960 2406 3207 2462 doctrina
3238 2424 3448 2464 eorum.
3480 2410 3563 2467 Si-

1964 2512 2109 2561 mon,
2139 2496 2192 2551 id
2225 2507 2328 2563 est,
2361 2497 2621 2566 obediens,
2658 2496 2712 2551 id
2744 2507 2849 2568 est,
2879 2499 3023 2568 ﬁlius
3053 2497 3214 2565 Iona,
3250 2502 3303 2555 id
3335 2512 3440 2570 est,
3473 2521 3562 2558 co-

1966 2588 2165 2656 lumba,
2195 2588 2338 2659 quod
2382 2588 2776 2659 interpretatur
2808 2590 3047 2659 Spiritus
3074 2603 3294 2647 sanctus
3323 2611 3336 2646 :
3368 2612 3490 2650 caro
3520 2606 3568 2649 et

1969 2681 2181 2751 sanguis
2204 2698 2309 2735 non
2338 2682 2576 2735 reuelauit
2604 2682 2717 2746 tibi,
2750 2682 2802 2736 id
2834 2692 2937 2747 est,
2971 2693 3127 2753 pater
3155 2694 3210 2740 et
3249 2696 3425 2742 mater
3456 2704 3564 2743 non

1972 2771 2218 2826 ostendit
2244 2770 2363 2825 tibi.
2395 2771 2575 2827 Porta:
2607 2772 2803 2829 inferni
2831 2784 2957 2828 sunt
2983 2786 3203 2845 peccata
3230 2776 3513 2834 hominum
3549 2799 3563 2835 :

1974 2864 2158 2921 claves
2196 2866 2350 2935 regni
2374 2865 2666 2933 caelorum,
2712 2877 2955 2937 potestas
2986 2879 3069 2925 est
3107 2869 3304 2940 ligandi
3351 2884 3409 2929 et
3453 2876 3563 2930 sol-

1974 2960 2165 3029 vendi,
2191 2960 2244 3015 id
2264 2970 2369 3027 est,
2394 2977 2493 3031 per
2514 2961 2889 3031 pmnitentiam
2912 2964 3244 3033 aperientur.
3265 2965 3435 3022 Multa
3457 2972 3569 3043 pati

1977 3070 2012 3107 a
2040 3054 2325 3108 senioribus
2366 3063 2414 3107 et
2452 3054 2662 3117 scribis,
2711 3055 2828 3110 lucc
2876 3055 3064 3111 dicens
3113 3058 3274 3116 Jesus
3328 3065 3571 3119 ostendit

1979 3145 2289 3213 passionem
2310 3153 2365 3201 et
2387 3146 2866 3202 resurrectionem.
2895 3147 3032 3203 Dicit
3050 3151 3118 3203 ad
3147 3149 3385 3219 Petrum,
3423 3155 3570 3211 Vade

276 3256 328 3299 ιιι
346 3244 499 3300 solus
528 3244 823 3313 discipulus
847 3248 962 3317 ejus
987 3246 1078 3299 es?
1104 3243 1280 3299 malus
1310 3244 1471 3310 bene,
1508 3242 1599 3299 ubi
1636 3245 1874 3314 Aposto—
1903 3237 1950 3301 C
1980 3247 2100 3309 post
2120 3255 2217 3306 me,
2253 3237 2495 3294 ostendit
2521 3239 2697 3309 ipsum
2718 3238 3058 3296 cruciﬁxum.
3085 3241 3214 3297 Post
3242 3262 3320 3299 me
3349 3247 3566 3319 abneget

281 3338 485 3407 insait,
519 3339 719 3394 tradidi
759 3338 1062 3411 hujusmodi
1087 3336 1347 3392 hominem
1388 3338 1446 3391 in
1480 3338 1745 3392 interitum
1776 3336 1880 3391 Sa-

287 3442 431 3505 tm,
450 3445 511 3490 ut
528 3434 745 3507 spiritus
765 3434 937 3489 salvus
956 3434 1070 3503 ﬁat.
1094 3432 1317 3504 Vespere
1344 3442 1518 3489 autem
1541 3434 1703 3503 facta,
1732 3433 1878 3485 solus

285 3535 422 3595 erat,
469 3524 724 3582 ostendit
767 3523 933 3581 ﬁnem
963 3522 1180 3580 mundi.
1222 3522 1384 3580 Solus
1413 3522 1563 3580 venit
1608 3523 1879 3579 redimere

277 3620 584 3677 humanum
615 3633 810 3690 genus.

343 3711 524 3768 Navis
549 3711 606 3765 in
635 3710 805 3765 medio
851 3727 994 3767 mare
1020 3727 1041 3766 :
1087 3710 1142 3766 id
1187 3719 1292 3778 est,
1330 3710 1579 3767 Ecclesia
1605 3711 1657 3766 in
1699 3708 1882 3766 medio

273 3805 506 3862 mundi:
525 3806 830 3877 jactabatur
854 3806 1121 3875 ﬂuctibus,
1146 3805 1200 3861 id
1222 3814 1327 3871 est,
1352 3804 1765 3876 persecutiones
1788 3820 1885 3874 pa-

274 3903 557 3967 tiebatur;
588 3910 783 3957 ventus
804 3901 1134 3971 contrarius,
1166 3900 1219 3956 id
1245 3909 1354 3967 est,
1376 3900 1659 3966 diabolus;
1689 3908 1884 3971 quarta

278 3996 467 4067 vigilia
508 3995 692 4050 noctis
718 3994 870 4050 venit
905 3994 1088 4061 Jesus,
1128 3994 1369 4050 ostendit
1409 3993 1465 4048 in
1514 4001 1707 4063 quarta
1740 3993 1880 4062 lege,

286 4089 341 4145 id
360 4100 469 4157 est,
490 4088 803 4160 Evangelii.
826 4088 1114 4144 Ambulans
1135 4088 1168 4143 J
1174 4105 1291 4144 esus
1321 4106 1477 4161 super
1504 4105 1667 4156 mare,
1703 4087 1755 4142 id
1776 4097 1882 4155 est,

295 4185 510 4240 calcans
540 4182 939 4240 amaritudines
971 4184 1189 4251 saeculi;
1221 4184 1521 4241 ambulavit
1554 4184 1748 4239 Petrus
1787 4198 1883 4238 su-

297 4293 393 4349 per
428 4294 625 4349 aquas,
671 4292 836 4348 super
876 4279 1293 4348 amaritudines,
1339 4279 1459 4335 sive
1487 4280 1705 4335 calcans
1755 4279 1885 4334 vitia

300 4380 667 4440 peccatorum.
690 4371 854 4426 Petro
882 4382 1163 4441 mergente
1187 4373 1242 4426 in
1272 4388 1443 4437 mare,
1478 4372 1530 4427 id
1561 4381 1662 4441 est,
1697 4372 1887 4428 dubie-

304 4468 407 4518 tate
432 4462 592 4529 ﬁdei;
621 4462 701 4517 sic
725 4461 904 4517 omnis
945 4462 1040 4533 qui
1079 4462 1296 4519 dubitat
1336 4465 1391 4519 in
1434 4463 1563 4535 ﬁde,
1609 4465 1805 4535 mergit
1831 4465 1886 4519 in

304 4566 603 4625 peccatum.
631 4555 881 4611 Extendit
906 4572 1117 4611 manum
1145 4555 1323 4627 Iesus,
1352 4556 1713 4627 apprehendit
1734 4572 1880 4621 eum,

1979 3331 2333 3401 semetipsum,
2376 3329 2431 3384 id
2470 3338 2593 3397 est,
2632 3340 2950 3387 contemnat
2995 3333 3329 3403 voluptatem
3363 3339 3562 3396 carnis.

1985 3425 2087 3493 Qui
2136 3436 2298 3496 amat,
2359 3427 2716 3495 voluptatem,
2764 3430 3034 3499 prapriam
3076 3434 3306 3488 animam
3350 3438 3571 3509 perdit:

1980 3518 2160 3573 anima
2184 3519 2292 3586 hic,
2322 3536 2423 3589 pro
2446 3520 2724 3590 voluptate
2750 3522 2973 3591 ponitur
3007 3541 3018 3575 :
3042 3526 3131 3594 qui
3155 3529 3325 3595 perdit
3345 3531 3575 3585 animam

1981 3629 2150 3681 suam,
2196 3615 2420 3669 inveniet
2454 3632 2587 3670 eam.
2632 3616 2851 3672 Duobus
2896 3618 3073 3674 modis
3115 3622 3352 3677 animam
3396 3626 3579 3695 perdit

1983 3707 2173 3777 homo,
2204 3725 2300 3780 per
2329 3711 2678 3783 martyrium,
2725 3721 2780 3768 et
2810 3712 3228 3784 abnegationem
3253 3720 3523 3788 scorporis
3557 3738 3569 3773 :

1984 3800 2229 3858 inveniet
2258 3819 2401 3872 eam,
2434 3804 2486 3859 id
2518 3814 2625 3869 est,
2658 3806 2713 3860 in
2747 3819 2975 3876 regnum
3017 3807 3111 3863 Dei
3145 3827 3155 3862 :
3186 3814 3572 3869 commutatio-

1985 3909 2112 3950 nem
2138 3895 2229 3952 dat
2255 3911 2355 3968 pro
2394 3894 2593 3965 anima,
2625 3898 2715 3969 qui
2762 3914 2983 3955 carnem
3033 3916 3187 3956 suam
3237 3906 3463 3973 cruciat,
3520 3917 3576 3962 et

1986 3989 2223 4044 animam
2256 3992 2446 4045 nutrit.

1982 4122 1985 4123 ν
2061 4079 2191 4136 Post
2242 4100 2332 4137 sea:
2373 4084 2501 4152 dies,
2532 4083 2644 4154 jam
2691 4083 2747 4139 in
2795 4085 3050 4156 septimo,
3102 4087 3341 4143 ostendit
3389 4100 3577 4149 aetates

1987 4175 2199 4243 mundi,
2228 4176 2455 4247 septima
2482 4192 2603 4247 qum
2619 4178 2837 4247 requies
2862 4178 3202 4250 intelligitur.
3224 4180 3459 4255 Petrum,
3482 4184 3581 4241 Ja-

1989 4270 2173 4325 cobum
2211 4281 2259 4325 et
2301 4270 2583 4340 Joannem,
2630 4272 2720 4327 hic
2762 4272 3005 4328 ostendit
3034 4282 3200 4329 totam
3246 4275 3579 4347 Ecclesium;

1990 4363 2133 4418 ducit
2160 4364 2279 4419 illos
2308 4366 2362 4418 in
2391 4375 2631 4435 montem,
2667 4365 2718 4421 id
2742 4374 2846 4435 est,
2877 4368 2931 4422 in
2964 4384 3191 4438 regnum
3237 4368 3355 4426 Dei.
3388 4372 3584 4443 Splen-

1992 4456 2105 4511 duit
2131 4458 2289 4529 facies
2320 4459 2433 4526 eius
2457 4459 2590 4512 sicut
2623 4459 2725 4529 sol,
2760 4459 2813 4513 id
2841 4468 2943 4527 est,
2976 4462 3152 4516 sancti
3187 4462 3241 4517 in
3282 4465 3452 4533 gloria
3480 4466 3584 4521 Pa-

1993 4550 2130 4605 tris:
2159 4552 2317 4606 aliter
2344 4560 2506 4607 velus
2526 4551 2935 4607 Testamentum
2962 4553 3243 4623 splenduit
3266 4557 3317 4610 in
3352 4557 3585 4615 Novum.

306 4648 355 4704 id
380 4660 481 4718 est,
524 4649 676 4707 dedit
702 4651 753 4705 ei
793 4649 1123 4721 adiutorium
1150 4626 1456 4707 ﬁdei.ll:ec
1483 4661 1612 4707 sunt
1650 4662 1884 4722 quatuor
1908 4626 1963 4689 Ῑ)
2002 4644 2319 4701 Vestimenta
2338 4647 2456 4700 alba
2476 4647 2609 4699 sicut
2629 4646 2743 4714 nix,
2768 4645 2821 4701 id
2839 4656 2943 4713 est,
2970 4650 3320 4719 congregatio
3342 4654 3585 4709 omnium

308 4739 447 4812 leges
476 4761 489 4797 :
514 4742 688 4813 prima
716 4744 772 4800 in
798 4755 1033 4800 natura:
1062 4744 1299 4801 secunda
1331 4744 1416 4799 lex
1461 4745 1648 4801 littera
1682 4764 1696 4801 :
1728 4745 1889 4801 tertia

307 4835 736 4905 prophetarum:
769 4847 967 4908 quarta
1012 4838 1496 4910 evangelistarum.
1543 4838 1671 4893 Cum
1720 4848 1891 4893 trans—

315 4924 576 4995 fretasset,
622 4928 677 4984 id
725 4939 842 4997 est,
890 4944 1014 4986 cum
1051 4931 1368 4996 transisset;
1400 4941 1646 4986 venerunt
1676 4932 1729 4985 in
1754 4942 1891 4987 terra

317 5016 556 5090 Genesar,
592 5021 647 5078 id
679 5031 786 5091 est,
816 5021 886 5080 de
915 5023 1120 5080 Judzeis
1149 5024 1218 5080 ad
1248 5007 1469 5095 gentes;
1517 5024 1817 5081 obtulerunt
1844 5028 1894 5081 ei

315 5113 443 5169 male
471 5116 734 5181 habentes,
769 5116 822 5170 id
853 5128 960 5184 εει,
990 5116 1155 5172 idolis
1188 5118 1516 5174 servientes.

385 5204 582 5262 Mulier
626 5205 922 5263 Chananaea
974 5226 993 5263 :
1047 5210 1292 5267 ostendit
1334 5209 1666 5281 primitivam
1711 5210 1898 5269 Eccle-

321 5298 449 5355 siam
474 5317 491 5358 :
522 5300 637 5357 ﬁlia
663 5301 782 5373 ejus
822 5317 854 5356 a
880 5302 1154 5359 daemonio
1183 5313 1398 5373 vexata,
1435 5303 1491 5359 id
1523 5313 1627 5371 est,
1656 5304 1899 5361 Ecclesia

322 5394 581 5461 gentium,
613 5395 682 5451 ab
703 5396 865 5451 idolis
894 5406 1172 5467 corrupta.
1210 5398 1411 5453 Sanata
1434 5407 1508 5453 est
1530 5398 1704 5470 puella
1728 5415 1788 5454 ex
1809 5400 1903 5455 illa

325 5484 463 5553 ltora,
508 5487 747 5544 ostendit
786 5489 1206 5546 conversionem
1243 5493 1507 5563 gentium,
1540 5507 1608 5548 ex
1651 5493 1742 5547 illa
1770 5493 1903 5548 hora

326 5592 425 5651 qua
462 5580 687 5640 Christo
727 5582 1099 5641 crediderunt.
1155 5583 1278 5640 Non
1318 5602 1433 5641 sum
1477 5588 1667 5643 missus
1706 5588 1807 5643 nisi
1838 5588 1903 5641 ad

333 5788 459 5873 ritas
487 5799 720 5873 constet_.
752 5793 1335 5873 Caeteruminnumera
1370 5801 1495 5865 alia,
1524 5816 1643 5871 qua:
1675 5804 1912 5873 singula-

335 5867 431 5921 tim
451 5876 637 5926 notare
657 5867 828 5940 piget,
850 5868 1205 5925 emendamus
1223 5882 1337 5930 toto
1354 5867 1636 5945 contentu,
1660 5882 1721 5933 ut
1743 5867 1921 5935 iiullus

698 6038 703 6039 ν
736 5958 1013 6024 Panos.
1061 5958 1286 6029 XXX.

2000 4738 2263 4794 ﬁdelium.
2308 4738 2411 4794 Per
2436 4738 2657 4809 Moysen
2701 4739 2940 4794 ostendit
2978 4739 3219 4797 litteram
3256 4743 3416 4814 Legis
3448 4764 3459 4797 :
3496 4762 3594 4816 per

2000 4832 2201 4901 Etiam,
2247 4832 2496 4890 ordinem
2527 4832 2940 4903 prophetarum.
2977 4832 3229 4891 Christus
3270 4854 3398 4892 cum
3430 4838 3593 4895 disci-

2001 4925 2145 4995 pulis
2193 4924 2434 4981 ostendit
2479 4938 2680 4980 novum
2731 4924 3166 4982 Testamentum.
3200 4926 3384 4984 Nubes
3432 4939 3594 4996 tetra,

2004 5017 2060 5073 id
2103 5026 2207 5088 est,
2238 5018 2400 5090 Legis
2446 5020 2650 5076 littera.
2696 5018 2878 5077 Nubes
2920 5022 3174 5094 candida,
3209 5022 3261 5077 id
3304 5030 3409 5087 est,
3460 5040 3601 5095 prae-

2007 5114 2207 5171 dicatio
2230 5114 2534 5187 Evangelii.
2554 5115 2736 5171 Nubes
2760 5116 3028 5186 pluvialis,
3062 5118 3115 5171 id
3144 5124 3249 5185 est,
3284 5117 3600 5187 prtedicatio

2007 5209 2423 5280 apostolorum,
2478 5210 2569 5281 qui
2620 5210 2890 5267 faciebant
2932 5211 3166 5267 fructum
3220 5213 3596 5285 paenitentiae,

2006 5311 2130 5373 post
2151 5304 2525 5360 ascensionem
2557 5300 2782 5360 Christi.

2083 5400 2209 5455 Cum
2239 5400 2456 5455 venisset
2495 5401 2565 5453 ad
2594 5399 2791 5467 turbas,
2836 5397 2889 5455 id
2920 5406 3022 5465 est,
3073 5413 3197 5454 cum
3236 5400 3607 5458 descendisset

2009 5491 2063 5549 in
2094 5491 2380 5547 mundum.
2412 5489 2588 5545 Homo
2616 5491 2830 5563 genibus
2858 5490 3185 5560 provolutus,
3230 5495 3472 5549 ostendit
3517 5510 3607 5549 or-

2014 5590 2195 5648 dinem
2224 5589 2639 5660 prophetarum,
2670 5590 2759 5660 qui
2792 5588 3024 5660 rogabat
3072 5607 3172 5661 pro
3203 5608 3282 5659 se,
3314 5592 3467 5662 quasi
3499 5593 3606 5648 Ec-

2022 5802 2137 5858 fere
2166 5817 2361 5864 versus
2388 5802 2481 5872 sit,
2511 5797 2598 5858 cui
2628 5798 2894 5859 medicam
2964 5815 3182 5855 manum
3225 5815 3335 5857 non
3376 5800 3635 5861 adhibue-

2028 5876 2222 5936 rimus.

3071 5962 3148 6032 18

3608 1120 3621 1145 \
