3970 6304
496 283 524 318 κ

492 283 599 340 555
1276 283 1282 292 ’
1537 275 1600 333 S.
1643 272 2027 334 lllERONYﬂl
2065 273 2351 332 OPERUM
2390 273 2757 342 MANTISSA.

3675 269 3780 328 556

488 401 654 458 clesia
692 417 705 454 :
739 399 883 458 ﬁlius
915 397 1035 468 eius
1059 395 1348 461 lunaticus,
1380 391 1618 449 ostendit
1652 392 1907 462 populum
1949 407 2083 462 gen-
2113 393 2160 453 Α
2193 391 2321 460 tacti
2352 400 2478 446 sunt
2499 390 2804 446 novissimi.
2832 387 2923 444 Sic
2947 387 3016 444 de
3045 387 3214 444 Petro
3239 395 3294 444 et
3323 387 3534 444 latrone
3570 402 3583 440 :
3612 387 3692 441 sic
3717 388 3783 444 de

495 507 652 554 tium,
688 493 983 549 adorantes
1009 489 1170 548 idola.
1199 486 1353 548 Cadit
1380 488 1438 547 iu
1467 487 1659 556 ignem,
1689 485 1744 543 id
1771 495 1876 546 est,
1908 486 1961 542 in
1995 501 2090 544 cu-

491 587 778 657 piditatem
810 602 823 637 ε
850 583 1027 644 crebro
1053 582 1109 638 in
1139 597 1350 650 aquam,
1382 580 1434 635 id
1463 588 1570 645 est,
1601 579 1657 639 in
1689 579 1978 638 luxuriam.

564 679 753 734 Transi
780 676 925 744 hinc,
957 675 1027 734 de
1052 674 1259 734 Judaeis
1285 673 1355 736 ad
1382 682 1571 744 gentes
1601 691 1612 726 :
1655 671 1798 734 Vade
1822 671 1892 744 ad
1924 688 2086 737 mare,

488 773 538 836 id
562 781 664 832 est.
686 770 750 832 ad
773 779 983 846 gentes.
1011 767 1063 836 Μ
1074 768 1165 822 itte
1182 768 1412 831 hamum.
1438 766 1490 826 id
1513 774 1619 835 est,
1636 764 1861 820 verbum
1888 763 2084 833 praedi-

492 864 742 918 t-ationis.
779 861 950 928 Piscis
966 863 1056 934 qui
1074 863 1300 934 primum
1317 858 1550 924 ascendit
1568 859 1622 914 in
1643 858 1833 926 alium,
1854 856 2089 916 ostendit

492 969 517 1012 ξι
548 959 886 1025 cernentium
914 958 994 1012 :in
1016 973 1104 1016 ore
1123 958 1237 1025 ejus
1250 957 1476 1020 invenies
1487 964 1754 1025 stateram,
1770 959 1822 1015 id
1838 967 1942 1022 est,
1958 972 2088 1013 con-

489 1052 781 1120 fessionem
817 1037 967 1118 ﬁdei.
1002 1051 1396 1114 humanitatem
1427 1062 1484 1110 et
1516 1051 1878 1116 divinitatem.
1913 1051 2086 1107 Dacis

484 1163 578 1218 pro
606 1161 685 1200 me
709 1155 756 1198 et
778 1161 874 1216 pro
906 1154 974 1212 te,
1005 1143 1055 1200 id
1081 1154 1188 1210 est,
1214 1159 1313 1213 pro
1339 1159 1448 1211 me,
1473 1144 1662 1214 ﬁderit,
1689 1155 1743 1206 at
1768 1162 1868 1216 pro
1892 1155 1966 1216 te,
1991 1161 2087 1202 ex-

490 1239 850 1296 cusationem.
873 1237 1144 1302 Parvulas
1164 1239 1326 1293 intrat
1338 1239 1392 1298 in
1402 1255 1617 1310 regnum
1632 1239 1894 1303 calorum,
1911 1239 1964 1294 id
1979 1248 2084 1305 est,

487 1347 591 1386 non
617 1340 777 1387 aetate
802 1344 1019 1400 parvus,
1041 1330 1138 1388 sed
1156 1337 1338 1390 mente
1360 1346 1529 1400 purus
1561 1349 1572 1386 :
1600 1333 1744 1388 unde
1761 1333 1837 1389 ait
1858 1333 2086 1402 Aposto-

487 1422 590 1487 lus,
608 1421 789 1478 Estote
803 1423 1008 1492 parvuli
1029 1422 1083 1478 in
1109 1423 1330 1490 malitia.
1350 1422 1450 1488 Qui
1463 1423 1899 1483 seandalizaverit
1919 1440 2083 1482 unum

484 1537 549 1573 ex
570 1517 673 1580 his,
692 1516 745 1572 id
768 1526 872 1580 est,
897 1518 1012 1573 sive
1027 1517 1224 1587 injuria
1241 1517 1530 1587 corporali,
1550 1518 1664 1578 sive
1684 1519 1734 1578 in
1758 1518 2084 1576 adversione

485 1612 626 1666 lilci.
655 1612 1021 1683 Suspendatur
1036 1612 1195 1680 mola,
1215 1610 1269 1666 id
1282 1622 1390 1680 est,
1407 1626 1559 1679 cura,
1586 1612 1703 1668 sive
1716 1612 1976 1671 circuitus
1990 1611 2081 1666 hu-

475 1707 562 1772 ]‹ις
584 1705 765 1760 sreculi
794 1724 806 1759 :
832 1705 889 1760 in
915 1706 1050 1759 collo
1074 1707 1210 1776 ejus,
1238 1706 1290 1761 in
1312 1707 1502 1762 labore
1522 1706 1710 1766 saeculi
1733 1707 2081 1779 :dimergatur

2193 485 2402 542 infante
2436 494 2493 542 et
2531 487 2747 546 seniore
2775 500 2791 539 :
2821 482 3208 553 Roterfamilias
3235 482 3485 538 conduxit
3518 483 3786 554 apem-ias

2191 575 2247 630 in
2275 577 2478 632 uincam
2527 593 2710 646 want,
2759 584 2915 646 pater
2951 574 3206 632 Christus
3251 584 3336 631 est
3363 591 3379 632 :
3409 576 3580 647 prima
3617 591 3781 640 mane,

2192 668 2429 738 ostendit
2459 669 2671 725 initium
2714 668 2900 724 mundi
2933 685 2945 720 :
2979 669 3265 740 operarios,
3298 667 3539 723 cultores
3567 667 3786 722 manda-

2191 769 2371 822 torum
2401 761 2500 816 Dei
2533 779 2546 814 :
2573 761 2738 825 vinea,
2769 760 2824 818 id
2858 769 2948 815 est
2976 760 3220 816 Ecclesia
3255 778 3270 814 :
3300 761 3353 814 in
3390 767 3582 816 vetere
3611 759 3783 823 vinea,

2191 855 2302 920 lex,
2335 855 2449 911 sive
2477 869 2750 926 synagoga
2783 873 2794 908 :
2824 855 3105 910 denarium
3133 854 3409 924 diurnum,
3429 855 3600 910 vitam
3624 863 3779 908 teter-

2189 964 2337 1006 nam.
2371 947 2428 1004 lu
2475 947 2620 1015 foro,
2653 948 2705 1003 id
2750 957 2854 1013 est,
2902 946 3212 1004 inmundo.
3244 946 3424 1002 Prima
3465 947 3601 1004 hora
3648 946 3790 1003 venit

2188 1042 2324 1097 Abel
2353 1057 2370 1098 :
2405 1042 2561 1097 tertia
2598 1043 2726 1095 hora
2751 1041 2887 1104 Noe,
2917 1048 2975 1096 et
3001 1040 3099 1096 ﬁlii
3120 1041 3240 1110 ejus
3265 1059 3278 1095 :
3305 1051 3456 1096 sexta
3483 1041 3619 1095 hora
3644 1042 3789 1096 venit

2185 1132 2466 1189 Abraham
2504 1151 2517 1187 :
2549 1148 2692 1190 noua
2720 1133 2853 1188 hora
2885 1134 3032 1187 venit
3055 1133 3270 1203 Moyses
3298 1143 3354 1188 et
3377 1133 3547 1192 David
3582 1152 3596 1187 :
3629 1135 3791 1189 unde-

2187 1229 2334 1283 cinia
2361 1227 2494 1282 hora
2519 1227 2670 1282 venit
2691 1227 2919 1297 populus
2947 1227 3206 1296 gentium.
3233 1227 3352 1280 Alio
3395 1226 3588 1290 modo,
3623 1227 3787 1296 prima

2186 1319 2341 1387 hora,
2373 1320 2424 1376 id
2458 1327 2564 1388 est,
2600 1320 2822 1375 infantia
2871 1335 2887 1374 :
2931 1317 3165 1378 secunda
3207 1319 3335 1373 hora
3375 1319 3785 1376 adolescentia:

2185 1425 2336 1470 sexta
2365 1416 2620 1484 juventus
2653 1432 2668 1472 :
2701 1429 2841 1470 nona
2870 1422 3122 1470 senectus
3153 1431 3166 1467 :
3201 1413 3486 1471 undecima
3517 1410 3788 1483 decrepita

2185 1520 2340 1565 tetas.
2365 1509 2715 1578 Quacumque
2738 1508 2867 1566 hora
2890 1522 3186 1573 conversus
3206 1509 3525 1578 ingemuerit
3547 1508 3712 1563 homo
3729 1524 3791 1563 ex

2196 1610 2311 1659 toto
2335 1599 2498 1656 corde
2517 1601 2710 1670 accipit
2737 1583 3016 1656 denarium
3040 1600 3313 1655 diurnum.
3341 1600 3474 1656 Sero
3492 1602 3707 1668 factum,
3743 1602 3791 1654 id

2185 1704 2289 1760 est,
2314 1695 2421 1748 line
2445 1694 2651 1750 mundi.
2678 1695 3005 1750 Procurator
3019 1695 3211 1761 vinea},
3234 1693 3510 1759 Christus;
3536 1697 3628 1766 qui
3649 1711 3794 1750 niur-

479 1802 531 1852 ἱη
573 1815 729 1861 mare,
764 1798 816 1852 it]
843 1809 930 1853 est,
955 1801 1006 1852 iu
1049 1799 1330 1853 saeculum,
1364 1797 1554 1854 Manus
1601 1811 1711 1865 tua,
1744 1800 1796 1861 id
1839 1811 1945 1866 est,
1981 1816 2075 1868 pa-
2109 1787 2154 1853 Β
2185 1796 2537 1844 muraveruut
2565 1785 2738 1842 Ιιιιιωί
2768 1796 2925 1854 sunt,
2957 1788 3201 1842 dicentes
3230 1787 3558 1842 Portavimus
3588 1788 3793 1859 pondus

480 1907 607 1946 rens
631 1902 753 1947 tuus
788 1909 799 1944 :
834 1891 1008 1960 pedes,
1041 1890 1094 1944 id
1139 1899 1244 1954 est,
1273 1891 1522 1948 minister
1555 1909 1569 1944 :
1615 1893 1816 1959 oculus,
1871 1891 1928 1948 id
1969 1901 2074 1959 est,

479 1988 772 2055 episcopus
811 1993 958 2052 tuus,
988 1993 1082 2038 aut
1109 1984 1390 2054 sacerdos,
1421 2000 1518 2042 seu
1557 1985 1752 2042 doctor
1787 1994 1845 2042 et
1867 1987 2075 2044 senior.

484 2079 594 2132 Νσιτ
622 2079 964 2134 contemnatis
987 2093 1149 2132 unum
1179 2094 1244 2132 ex
1273 2079 1373 2144 Itis,
1400 2094 1467 2136 ne
1497 2086 1692 2138 contra
1709 2094 1898 2137 eorum
1921 2081 2078 2136 inno-

478 2174 731 2230 centiam.
748 2173 878 2228 Ovis
896 2188 1019 2243 qute
1042 2173 1266 2238 erravit,
1290 2174 1529 2230 ostendit
1548 2175 1842 2230 humanum
1865 2190 2035 2245 genus
2060 2193 2072 2230 :

479 2276 684 2338 pastor,
712 2265 961 2322 Christus
980 2272 1093 2329 est;
1121 2280 1251 2322 oves
1269 2264 1475 2322 relict-.e
1500 2265 1551 2320 in
1572 2266 1866 2330 montibus,
1890 2276 2078 2324 osten-

480 2360 555 2413 dit
587 2357 807 2413 ordines
830 2355 1169 2426 angelorum,
1203 2357 1292 2424 qui
1321 2357 1626 2414 consistunt
1653 2357 1708 2411 in
1740 2356 2074 2412 cmlestibus.

550 2454 610 2506 Si
639 2452 921 2522 peccaret-it
953 2452 1115 2518 frater
1162 2459 1299 2512 tuus,
1344 2450 1548 2518 corripe
1597 2467 1714 2505 eum
1760 2452 1898 2504 inter
1944 2459 1992 2504 te
2027 2460 2076 2505 et

475 2548 688 2607 ipsiun:
722 2555 778 2598 ut
807 2543 1046 2598 detectio
1071 2541 1278 2610 peccati
1305 2556 1412 2596 non
1440 2541 1554 2614 ﬁat,
1588 2550 1646 2597 et
1683 2541 2073 2610 imprOperium

476 2637 631 2698 tmtri
663 2652 769 2694 non
803 2647 1086 2704 nascatur;
1123 2634 1207 2690 dic
1240 2632 1512 2700 Ecclesim,
1549 2634 1601 2688 id
1633 2647 1740 2701 eat,
1771 2650 2077 2704 congrega-

475 2734 610 2796 tioni
639 2731 915 2799 ﬁdelium;
941 2728 1206 2794 ethnicus,
1239 2727 1294 2783 id
1320 2736 1427 2796 est,
1477 2729 1718 2798 gentilis,
1751 2738 1805 2784 et
1833 2730 2075 2800 publica-

479 2844 576 2881 nis
605 2833 708 2892 est,
738 2824 830 2894 qui
863 2822 1082 2894 publice
1113 2830 1323 2891 peccat.
1375 2821 1492 2878 Non
1541 2821 1719 2892 imago
1767 2838 1956 2878 eorum
2003 2823 2075 2877 sit

477 2918 574 2974 lilii
605 2918 657 2971 in
682 2915 831 2981 odio,
863 2914 964 2970 sed
991 2927 1157 2983 opera
1196 2929 1410 2973 eorum.
1457 2914 1518 2970 Si
1567 2913 1670 2969 duo
1698 2915 2071 2977 consenserint,

477 3011 528 3063 id
562 3018 668 3072 est,
698 3022 825 3062 caro
851 3015 908 3062 et
936 3007 1133 3062 anima.
1178 3005 1236 3061 Si
1270 3021 1400 3061 caro
1445 3006 1789 3065 consenserit
1829 3007 2022 3061 ani-inte
2059 3024 2073 3060 :

477 3101 568 3174 qui
599 3101 754 3174 petit,
779 3113 874 3172 per
899 3097 1058 3154 ﬁdem
1091 3098 1321 3166 accepit.

2184 1877 2310 1946 diei,
2344 1878 2395 1933 id
2420 1887 2524 1944 est,
2556 1888 2832 1949 portantes
2859 1880 3034 1950 legem
3065 1889 3120 1949 et
3146 1880 3456 1950 prophetas.

2251 1970 2483 2038 Jericlto,
2509 1973 2898 2043 interpretatur
2930 1971 3056 2026 luna
3078 1989 3098 2025 :
3123 1969 3384 2041 signiﬁcat
3416 1971 3786 2034 deiectionem

2180 2064 2388 2134 populi.
2443 2064 2560 2119 Duo
2587 2066 2716 2122 caeci
2763 2063 3070 2135 signiﬁcant
3101 2064 3324 2121 Judteos
3354 2074 3408 2120 et
3437 2073 3628 2136 gentes
3654 2082 3670 2130 ;
3704 2082 3795 2119 se-

2181 2159 2357 2214 dentes
2381 2175 2527 2214 secus
2558 2160 2712 2227 viam,
2744 2160 2798 2215 id
2828 2166 2933 2226 est,
2980 2174 3222 2230 praesens
3247 2159 3355 2214 vita
3385 2159 3540 2229 juxta
3568 2159 3742 2215 ﬁnem
3773 2179 3789 2213 :

2185 2252 2406 2308 transire
2431 2249 2631 2316 Jesum,
2661 2253 2715 2308 id
2745 2261 2852 2318 est,
2884 2267 2981 2322 per
3010 2251 3441 2308 incarnationem
3463 2259 3520 2307 et
3541 2251 3798 2306 humani-

2195 2353 2360 2404 tatem
2393 2346 2644 2404 transivit
2679 2362 2775 2414 per
2801 2345 3096 2411 mundum;
3129 2356 3274 2401 stare
3299 2343 3508 2410 Jesum,
3535 2343 3794 2400 divinita-

2183 2451 2291 2498 tem
2337 2442 2593 2500 ostendit.
2645 2440 2774 2497 Cum
2819 2442 3285 2514 appropinquasset
3320 2427 3686 2512 Jerosolyma,
3739 2441 3795 2496 id

2183 2545 2266 2592 εει
2296 2575 2311 2600 ,
2342 2549 2466 2590 cum
2493 2533 2732 2592 venisset
2758 2537 2810 2588 in
2844 2535 3127 2588 mundum.
3160 2533 3441 2604 Bethlage,
3473 2533 3524 2588 id
3556 2543 3660 2596 est,
3694 2534 3796 2587 do-

2178 2643 2294 2686 mus
2318 2627 2504 2690 buceta,
2522 2627 2608 2682 vel
2637 2626 2901 2682 maxillas:
2924 2626 3075 2683 Mons
3099 2627 3316 2692 Oliveti,
3349 2626 3402 2680 id
3435 2635 3553 2692 est,
3583 2642 3788 2683 nomen

2183 2722 2344 2776 trium
2389 2721 2684 2785 luminum,
2731 2721 2783 2776 id
2813 2732 2930 2789 est,
2964 2721 3190 2776 reiectio
3219 2719 3447 2788 laboris,
3478 2721 3792 2775 consolatio

2179 2814 2383 2883 operis,
2416 2813 2606 2869 notitia
2636 2813 2752 2869 veri
2805 2813 3047 2868 luminis.
3091 2811 3376 2877 Castellum
3415 2813 3555 2882 quod
3605 2819 3792 2867 contra

2180 2923 2270 2962 vos
2297 2917 2394 2975 est,
2423 2907 2476 2964 id
2507 2907 2953 2973 est,.lerusalem,
2978 2923 3101 2979 quae
3119 2917 3310 2962 contra
3339 2907 3513 2977 legem
3542 2909 3794 2978 Evange-

2179 2999 2237 3056 lii
2271 3000 2622 3069 rcpugnabat.
2650 2999 2846 3055 Solvite
2875 3011 2923 3055 et
2947 2999 3195 3054 adducite
3217 2998 3363 3069 mihi,
3389 3001 3631 3056 ostendit
3651 3017 3786 3056 con-

2185 3095 2496 3151 versionem
2533 3093 2869 3160 Judaeortnu,
2903 3095 3019 3151 sive
3059 3096 3324 3166 gentium,
3373 3111 3470 3162 per
3517 3095 3792 3165 prtedica-

554 3191 738 3250 Simile
773 3201 846 3245 est
877 3205 1090 3261 regnum
1119 3190 1366 3246 oculorum
1397 3189 1592 3246 homini
1621 3191 1754 3262 regi,
1793 3190 1883 3261 qui
1915 3191 2074 3245 voluit
2101 3185 2148 3250 C
2182 3190 2385 3246 tionem
2413 3191 2804 3260 apostolorum.
2832 3190 3086 3246 Dominus
3129 3206 3256 3262 opus
3306 3189 3473 3253 habet,
3499 3205 3608 3244 non
3639 3190 3791 3246 aliud

476 3288 730 3364 rationein
771 3300 958 3354 ponere
1000 3299 1117 3340 cum
1160 3283 1315 3342 servis
1345 3284 1474 3336 suis.
1521 3283 1622 3349 Qui
1662 3284 1851 3340 decem
1900 3283 2070 3339 millia

479 3381 699 3446 talunla,
730 3386 815 3434 est
841 3378 930 3448 qui
963 3384 1151 3446 peccat
1185 3375 1239 3432 in
1278 3374 1469 3436 Deum.
1514 3374 1617 3443 Qui
1655 3375 1817 3436 debet
1854 3385 2068 3434 centum

479 3474 758 3538 denarios,
800 3483 881 3526 est
921 3469 1012 3538 qui
1044 3477 1231 3538 peccat
1269 3469 1320 3524 in
1351 3467 1568 3524 fratrem
1599 3483 1785 3533 suum;
1818 3468 2072 3524 conservi

477 3567 568 3636 qui
595 3566 990 3637 iudicaverunt,
1023 3560 1198 3633 angeli
1225 3570 1377 3616 sunt.
1399 3559 1530 3616 Cum
1551 3573 1957 3621 consummasset
1981 3561 2072 3618 Je-

479 3679 565 3716 ws
591 3673 848 3714 sermones
884 3655 1033 3720 istos,
1070 3653 1321 3724 migravit
1364 3653 1430 3709 ad
1472 3652 1776 3722 Galilaeam,
1808 3653 1861 3710 id
1881 3665 1987 3721 est,
2014 3656 2070 3712 in

480 3757 587 3808 line
614 3749 824 3816 mundi,
855 3748 924 3801 de
947 3745 1202 3817 gentibus
1229 3745 1295 3800 ad
1326 3743 1591 3804 Judteam.

550 3844 816 3914 Relinquit
851 3840 1005 3896 homo
1048 3849 1248 3912 patrem
1288 3849 1337 3893 et
1376 3848 1644 3896 matrem‘:
1676 3840 1918 3900 ostendit
1945 3840 2071 3913 quia

478 3940 734 4010 relinquit
759 3937 1009 3992 Christus
1039 3933 1250 3987 Patrem
1287 3933 1338 3985 in
1367 3932 1544 3998 cmlo;
1577 3933 1656 3988 sic
1689 3943 1870 3994 tamen
1903 3935 2070 3992 relin-

476 4037 612 4104 ιιίἰι,
645 4041 708 4086 ut
749 4045 852 4085 non
885 4028 1139 4084 deserat:
1182 4037 1434 4090 matrem,
1471 4026 1525 4082 id
1568 4036 1674 4092 est,
1721 4041 2066 4099 synagogam.

479 4126 771 4183 Adhaerebit
795 4123 946 4177 uxori
970 4137 1100 4188 sum,
1128 4120 1177 4174 id
1197 4130 1301 4188 est,
1320 4120 1569 4177 Christus
1595 4121 1876 4181 Ecclesiae.
1902 4122 2072 4178 Erunt

476 4226 579 4277 duo
601 4224 655 4275 in
691 4235 846 4274 carne
875 4232 999 4282 una,
1043 4214 1282 4268 ostendit
1322 4216 1444 4286 quia
1486 4213 1734 4270 Christus
1778 4226 1860 4270 est
1887 4225 2071 4285 caput,

477 4330 676 4384 (Ὧι-μηδ
701 4327 833 4368 vero
865 4308 1132 4364 Ecclesia.
1161 4306 1311 4362 Uxor
1351 4307 1623 4364 deseritur
1653 4324 1683 4362 a
1716 4309 1854 4378 viro,
1886 4309 1940 4368 id
1967 4322 2070 4372 est.

477 4423 599 4460 (ωτι
637 4401 951 4458 discesserit
990 4399 1111 4469 quis
1155 4413 1184 4454 a
1227 4398 1468 4464 Christo,
1515 4409 1642 4454 tunc
1691 4401 1970 4472 coniungit
2013 4419 2074 4459 se

481 4495 672 4552 heresi
718 4497 772 4548 in
813 4509 920 4547 uno
960 4490 1186 4546 scelere.
1221 4490 1462 4556 Quatuor
1501 4492 1695 4548 anima:
1740 4503 1988 4562 pereunt,
2020 4496 2074 4552 id

2178 3285 2282 3342 nisi
2318 3284 2480 3340 ﬁdem
2511 3304 2524 3339 2
2551 3286 2619 3340 ad
2647 3285 2800 3350 Sion,
2845 3285 2894 3339 id
2925 3295 3029 3352 est,
3064 3282 3273 3358 specula
3300 3300 3320 3339 :
3344 3283 3461 3338 uitta
3495 3284 3607 3352 ﬁlia
3631 3285 3784 3353 Sion,

2177 3381 2230 3436 id
2263 3390 2366 3447 est,
2399 3383 2749 3452 congregatio
2771 3381 3047 3436 ﬁdelium:
3082 3396 3178 3449 per
3207 3379 3555 3448 vestimenta,
3588 3389 3783 3436 osten-

2175 3475 2254 3530 dit
2282 3475 2580 3530 doctrinam
2613 3495 2626 3530 :
2673 3477 2904 3545 fecerunt
2931 3492 3047 3528 enim
3095 3476 3316 3546 desuper
3342 3476 3545 3544 sedere,
3594 3474 3649 3529 id
3677 3484 3775 3541 est,

2175 3564 2425 3621 Christus
2465 3567 2517 3621 in
2545 3567 2709 3621 corda
2760 3567 3045 3629 ﬁdelium;
3079 3576 3368 3620 straverunt
3405 3567 3704 3622 uestimenta
3727 3568 3774 3620 in

2177 3659 2280 3723 via,
2309 3659 2723 3714 conversionem
2753 3659 3074 3714 humilitatis
3095 3657 3354 3713 ostendit.
3381 3656 3575 3711 Remos
3603 3661 3672 3712 de
3697 3674 3769 3712 ar-

2174 3753 2402 3821 boribus,
2435 3751 2489 3808 id
2520 3761 2622 3820 est,
2652 3751 2900 3807 doctrina
2923 3751 3199 3822 gentium:
3231 3750 3386 3804 turba
3413 3765 3538 3818 quae
3570 3764 3774 3819 prace-

2178 3846 2280 3914 dit,
2312 3847 2549 3903 ostendit
2576 3847 2836 3904 Judaeos:
2869 3847 3023 3902 turba
3057 3859 3315 3916 sequens,
3346 3843 3618 3914 signiﬁcat
3644 3859 3776 3915 gen-

2185 3953 2288 3998 tes.
2321 3941 2555 4011 Osanna,
2603 3942 2820 3998 salvum
2860 3955 2948 3995 me
2977 3939 3081 4003 fac,
3121 3940 3237 3993 sive
3285 3935 3529 3992 salviﬁea
3575 3955 3588 3991 :
3644 3939 3781 3998 sicut

2179 4035 2359 4090 sali-as
2388 4035 2640 4103 Judteos,
2683 4036 2827 4090 salva
2856 4045 2910 4090 et
2938 4042 3129 4104 gentes
3163 4050 3178 4086 :
3219 4033 3360 4088 sicut
3399 4031 3578 4086 salvas
3620 4047 3782 4102 auge-

2181 4128 2283 4191 los,
2314 4129 2462 4185 salva
2496 4129 2790 4182 humanum
2821 4141 3013 4196 genus.
3059 4124 3236 4180 Aliter
3279 4139 3448 4178 ramos
3474 4122 3541 4176 de
3576 4123 3784 4178 arbori-

2175 4219 2288 4284 bus,
2331 4219 2383 4274 id
2425 4229 2534 4286 est,
2573 4219 2848 4289 simplices
2878 4218 3152 4283 doctores,
3183 4215 3276 4286 qui
3325 4231 3421 4287 per
3448 4215 3784 4286 simplicita-

2177 4321 2286 4367 tem
2319 4312 2616 4368 doctrinam
2666 4321 2877 4381 patrum
2927 4311 3078 4381 quasi
3127 4308 3380 4365 surculos
3425 4308 3782 4364 abscindunt.

2176 4402 2398 4458 Intravit
2423 4403 2577 4458 Iesus
2604 4406 2659 4458 in
2686 4404 2950 4477 templum,
2983 4403 3036 4459 id
3066 4412 3170 4468 est,
3200 4403 3252 4457 in
3285 4401 3611 4469 Ecclesium,
3647 4401 3780 4474 Eje-

2177 4498 2246 4552 cit
2281 4497 2551 4552 uendentes
2587 4506 2633 4551 et
2663 4505 2902 4560 ementes,
2953 4496 3006 4552 id
3051 4506 3158 4562 est,
3203 4497 3293 4567 qui
3340 4495 3480 4551 dona
3534 4496 3773 4566 Spiritus

482 4603 583 4650 ost,
613 4587 703 4658 qui
729 4584 951 4641 dimittit
977 4597 1204 4638 uxorem
1232 4598 1383 4636 suam
1415 4592 1566 4638 extra
1593 4586 1880 4654 rationem,
1911 4590 2074 4659 etqui
2103 4586 2150 4646 D
2181 4589 2353 4646 sancti
2383 4591 2624 4650 vendunt
2646 4597 2701 4646 et
2723 4599 2932 4655 emunt,
2961 4589 3053 4656 qui
3097 4589 3426 4661 baptismqu
3464 4589 3552 4646 vel
3584 4605 3779 4659 quam-

482 4681 757 4734 dimissam
781 4677 948 4730 ducit.
977 4673 1195 4746 Difficile
1229 4675 1366 4727 dives
1388 4674 1625 4745 intrabit,
1662 4684 1717 4732 ct
1741 4677 1945 4749 reliqua
1976 4679 2076 4736 :de

485 4777 564 4830 his
596 4771 730 4827 dicit
757 4767 851 4841 qui
891 4768 990 4822 sub
1035 4765 1260 4820 avaritia
1309 4766 1619 4836 possident;
1655 4771 1889 4840 foramen
1928 4788 2072 4839 acus,

485 4862 761 4935 pOSICI'llla
780 4859 1080 4915 Jerusalem
1104 4856 1320 4926 dicitur.
1347 4857 1468 4911 Alio
1483 4860 1645 4914 modo
1661 4861 1905 4918 foramen
1921 4880 2071 4933 acus,

478 4956 745 5014 ciul‘cssio
770 4951 922 5018 ﬁdei,
964 4951 1045 5004 vel
1076 4949 1442 5020 paenitentiae:
1473 4951 1668 5008 divites
1688 4953 1858 5010 Judaei
1883 4956 2075 5012 dicun—

480 5067 565 5108 tur
608 5046 894 5106 :CﬂillelllS
927 5042 1156 5113 populus
1195 5044 1457 5112 gentium.
1507 5043 1692 5100 Tertio
1723 5047 1885 5102 modo
1933 5049 2074 5104 lora-

481 5165 600 5201 meu
633 5158 781 5209 acus,
813 5139 1050 5194 ostendit
1093 5136 1400 5208 passionem
1441 5137 1641 5194 Christi
1675 5157 1688 5196 :
1716 5142 1993 5210 camelus,’
2019 5143 2072 5202 id

478 5251 582 5302 t-st,
615 5238 702 5307 qui
737 5245 916 5304 portat
945 5242 1196 5302 pecccata
1240 5232 1456 5299 generis
1496 5232 1742 5294 humani.
1774 5233 1842 5288 1n
1867 5252 2073 5307 regene-

481 5334 701 5390 ra'ione,
736 5327 788 5380 id
819 5335 923 5394 est,
956 5340 1052 5395 per
1080 5324 1561 5379 resurrectionem.

550 5423 718 5479 Erunt
746 5419 1006 5472 novissimi
1043 5417 1197 5490 primi
1223 5434 1238 5470 .·
1264 5426 1310 5471 et
1348 5417 1503 5488 primi
1544 5418 1828 5475 novissimi.
1871 5419 2068 5481 Novis--

473 5519 599 5578 simi
627 5515 848 5572 fuerunt
879 5510 1107 5581 populus
1127 5509 1409 5582 gentium;
1438 5509 1612 5566 Judzci
1643 5509 1863 5570 fuerunt
1889 5516 2069 5586 primi,

543 5751 844 5806 ﬂIFortasse
882 5738 1250 5809 coronarium,
1298 5751 1492 5809 nempe
1531 5752 1722 5809 aurum
1757 5734 1952 5809 :_quod
1983 5736 2077 5790 tri—

473 5822 658 5884 butum
689 5811 1128 5894 imperatoribus,
1181 5807 1296 5868 sive
1342 5807 1747 5883 magistratibus
1789 5807 2065 5867 Romane-

2175 4700 2408 4756 cumque
2451 4686 2837 4742 sacratioucm.
2883 4684 3184 4751 Cathedra,
3233 4685 3287 4740 id
3324 4696 3430 4754 est,
3485 4683 3775 4741 doctrina:

2177 4794 2386 4845 mensa,
2439 4779 2491 4836 id
2533 4789 2637 4847 est,
2687 4781 2936 4836 mandata
2969 4781 3103 4852 legis
3141 4797 3156 4834 :
3202 4797 3386 4849 pueros
3415 4781 3699 4834 clasnantes
3726 4781 3779 4834 in

2177 4872 2387 4941 templo,
2419 4872 2470 4928 id
2503 4883 2583 4928 est
2603 4916 2617 4939 ,
2648 4874 2704 4928 in
2744 4873 3006 4929 Ecclesia.
3055 4872 3270 4928 Relictis
3299 4874 3431 4938 illis,
3454 4871 3581 4926 abiit
3612 4873 3773 4943 foras,

2177 4963 2416 5020 ostendit
2443 4965 2664 5022 relictos
2700 4965 2916 5020 Judteos
2951 4983 2965 5019 :
3007 4965 3140 5021 abiit
3164 4965 3232 5020 ad
3257 4972 3469 5036 gentes.
3497 4963 3776 5027 Bethania,

2183 5055 2238 5110 id
2286 5066 2390 5122 est,
2441 5056 2622 5110 domus
2664 5056 2924 5116 obediens.
2967 5053 3052 5109 Ibi
3081 5056 3298 5121 mansit,
3340 5055 3579 5110 ostendit
3625 5053 3781 5109 Chri-

2181 5159 2327 5205 stum
2358 5149 2411 5202 in
2460 5147 2626 5206 corde
2672 5148 3041 5207 obedientium
3087 5161 3352 5203 manere:
3402 5145 3697 5202 revertitur
3725 5145 3779 5199 in

2181 5241 2483 5303 civitatem,
2511 5240 2752 5296 ostendit
2779 5241 2833 5298 in
2864 5239 3038 5308 primo
3062 5239 3298 5295 adventu
3327 5239 3546 5295 venisse
3589 5238 3659 5293 ad
3685 5237 3778 5294 Ju-

2181 5335 2352 5390 dteos.
2377 5333 2515 5400 Quid
2547 5335 2736 5390 esuriit
2761 5335 2864 5390 nisi
2891 5334 3050 5392 ﬁdem
3078 5332 3429 5391 Iudaeorum?
3459 5332 3640 5390 Arbor
3668 5333 3773 5398 ﬁci,

2180 5425 2234 5480 id
2263 5434 2366 5492 est,
2409 5440 2685 5498 synagoga
2726 5443 2740 5480 :
2773 5442 2923 5482 secus
2959 5427 3116 5490 uiam,
3153 5425 3308 5496 juxta
3337 5425 3592 5480 litteram.
3625 5422 3776 5479 Nihil

2179 5517 2374 5572 inuenit
2415 5518 2469 5572 in
2501 5534 2580 5587 ea,
2635 5518 2735 5574 nisi
2768 5519 2914 5590 folia,
2962 5519 3012 5578 id
3057 5528 3162 5588 est,
3210 5518 3652 5576 substitutionem
3680 5516 3772 5572 Ju-

2185 5752 2304 5808 rum
2337 5736 2632 5806 provincia:
2660 5735 2986 5808 pendebant.
3024 5736 3130 5793 Sed
3172 5733 3432 5808 hariolari
3456 5748 3563 5790 non
3593 5740 3762 5793 vacat.

2179 5807 2410 5869 inferius
2441 5809 2620 5884 plura,
2649 5806 2772 5882 qua
2794 5818 2908 5868 tuto
2935 5809 3109 5882 licuit,
3139 5806 3519 5868 emendantur.
