3970 6304
142 389 223 451 557
828 391 1194 451 EXPOSITIO
1229 390 1560 465 QUATUOR
1602 387 2162 450 EVANGELIORUM.
2210 390 2633 452 MATTHEUS.

3293 352 3400 452 358

140 508 362 576 deorum,
389 517 444 566 et
470 508 844 567 doctrinarum
871 518 1239 580 paternarum.
1268 512 1516 569 Arefacta
1545 509 1696 566 licul-
1721 509 1777 570 Α
1800 517 1904 576 εει,
1951 510 2166 568 Christo
2193 531 2205 567 :
2239 513 2400 567 donec
2444 532 2637 584 ponam
2684 515 2916 574 inimicos
2963 523 3078 569 tuos
3115 513 3402 570 scabellum

147 617 245 669 nea,
287 601 524 658 ostendit
560 617 887 675 synagogam
929 603 1047 660 sine
1075 603 1417 676 poenitentia.
1451 605 1622 675 Mens,
1646 602 1699 659 id

140 707 219 759 est,
246 693 508 753 Christus.
541 695 735 752 Tollite
761 697 902 765 hinc,
937 695 995 753 id
1028 707 1132 767 est,
1162 697 1362 756 ludatis
1387 715 1402 767 ;
1424 699 1620 770 iactate
1646 697 1701 752 in

140 806 272 859 utare,
305 791 353 846 id
387 802 493 857 est,
540 792 592 847 in
619 791 790 850 corda
819 792 1171 849 credentium.

198 880 349 938 Homo
370 885 462 955 qui
493 884 711 940 habebat
740 885 873 940 duos
893 885 1034 954 ﬁlios
1063 901 1082 941 :
1109 885 1273 942 homo
1299 879 1544 943 Christus
1573 892 1657 943 est
1684 903 1699 940 :

142 974 240 1030 duos
262 975 418 1044 ﬁlios,
444 977 670 1034 Judaos
699 989 754 1034 et
787 987 1002 1051 gentes.
1039 978 1168 1046 Quis
1194 995 1259 1034 ea;
1284 980 1355 1035 eis
1385 979 1503 1051 fecit
1523 979 1705 1036 volun-

143 1078 264 1124 tatem
290 1067 494 1138 Patris,
517 1070 608 1142 qui
648 1071 782 1127 dixit
821 1088 900 1140 eo,
935 1080 983 1128 et
1016 1061 1119 1127 non
1146 1061 1309 1143 fecit?
1347 1073 1586 1130 ostendit
1610 1075 1706 1130 Ju-

141 1159 257 1217 dteos
279 1178 293 1217 :
314 1170 360 1216 et
380 1162 471 1234 qui
502 1163 636 1218 dixit
663 1180 768 1218 non
810 1180 891 1228 eo,
919 1173 967 1220 et
993 1164 1110 1238 fecit
1134 1165 1159 1218 ?
1183 1164 1418 1220 ostendit
1445 1165 1704 1236 pupulum

141 1254 346 1322 gentium
371 1254 466 1328 qui
497 1255 630 1312 fecit
659 1272 754 1327 per
779 1255 1177 1350 confessionem
1210 1257 1355 1314 lidei.
1387 1255 1707 1331 Paterfami—

141 1348 211 1400 lias
232 1348 479 1415 plantavit
511 1351 716 1404 vineam
756 1366 773 1404 :
807 1349 971 1406 homo
999 1348 1143 1407 Deus
1165 1349 1327 1406 Pater
1356 1363 1438 1407 est
1474 1369 1489 1409 :
1527 1351 1701 1419 vinea,

143 1457 400 1514 synagoga.
433 1443 570 1514 Sepe
592 1445 951 1511 circumdedit,
1006 1444 1058 1501 id
1085 1455 1186 1514 est,
1218 1445 1460 1502 custodia
1488 1447 1708 1518 angelo-

144 1551 252 1588 rum.
281 1534 562 1607 Torcular,
607 1537 662 1592 id
693 1547 799 1606 est,
844 1537 1104 1610 templum
1136 1540 1487 1611 martyrium;
1519 1549 1708 1594 turrem

144 1628 182 1681 in
199 1629 375 1695 medio,
391 1628 851 1687 ostenditdoctrin
861 1646 946 1686 am
970 1631 1130 1702 Legis
1151 1632 1436 1702 :agricola,
1457 1630 1709 1689 doctores

145 1733 260 1777 sunt.
303 1722 429 1778 Cum
473 1731 646 1778 autem
691 1735 888 1796 tempus
931 1725 1087 1796 fructi
1132 1725 1614 1798 appropinquasset,
1658 1724 1711 1780 id

147 1828 225 1882 est,
263 1818 522 1873 adventus
565 1816 800 1886 Christi;
828 1819 962 1873 serui
991 1819 1169 1888 missi,
1214 1819 1496 1890 prophetat
1541 1826 1710 1873 sunt:

1804 605 1997 676 pedum
2040 615 2268 676 tuorum,
2316 607 2552 662 ostendit
2581 608 2707 679 quia
2738 605 3315 680 humiliavitjludaeos,
3349 618 3406 663 et

1802 705 1994 769 gentes
2023 713 2119 770 per
2147 698 2460 771 patientiam
2491 701 2592 755 sub
2627 702 2854 772 pedibus
2896 701 3031 774 ejus,
3065 710 3123 756 ut
3161 718 3257 774 per
3282 701 3405 756 vin-

1805 789 2006 846 dictam
2054 792 2346 863 puniantur
2376 804 2753 865 persecutores
2791 806 2847 852 et
2885 795 2941 850 in
2984 794 3183 850 futuro.
3236 794 3408 865 Super

1806 884 2107 939 cathedram
2158 884 2350 958 Moysi,
2397 885 2451 942 id
2498 897 2602 953 est,
2648 904 2811 960 super
2855 888 3155 944 doctrinam
3195 887 3406 960 ipsius;

1808 975 2169 1052 phylacteria,
2215 979 2266 1034 id
2294 989 2398 1049 est,
2435 997 2468 1036 χ
2509 981 2677 1036 verba
2706 980 2867 1053 Legis
2906 981 2962 1038 in
2994 982 3238 1038 chartula
3278 967 3412 1038 con;

1807 1071 2006 1142 scripta
2036 1080 2312 1144 portantes
2345 1072 2600 1142 phariscci
2631 1074 2684 1130 in
2717 1075 2915 1132 fronte.

1879 1162 2194 1230 Jerusalem,
2220 1165 2512 1222 Jerusalem
2540 1184 2559 1222 :
2581 1168 2864 1240 geminans
2892 1167 3130 1225 ostendit
3159 1167 3411 1226 allectum

1809 1255 2061 1313 doloris?
2090 1258 2219 1311 sicut
2251 1257 2450 1332 gallina
2473 1270 2752 1333 congregat
2783 1261 2955 1333 pullos
2989 1259 3082 1315 sub
3114 1261 3225 1316 alas
3264 1278 3412 1327 suns,

1810 1348 1865 1405 in
1893 1350 2052 1420 Spiris
2075 1349 2273 1421 pinnis,
2308 1350 2357 1405 id
2384 1358 2488 1417 est,
2513 1351 2807 1408 sublevatis
2837 1353 2962 1420 alis,
2991 1352 3064 1407 ita
3087 1363 3140 1408 et
3164 1351 3412 1408 Christus

1813 1443 2071 1516 expandit
2099 1445 2302 1514 palmas
2332 1445 2383 1500 in
2412 1460 2594 1514 cruce,
2626 1454 2683 1501 ut
2710 1458 3073 1518 congregaret
3097 1446 3237 1502 lilios
3265 1464 3412 1511 suos,

1812 1535 1956 1593 sicut
1985 1537 2256 1592 canticum
2294 1537 2699 1593 lieuteronomii
2731 1540 2927 1595 asserit
2959 1559 2970 1594 :
3016 1537 3280 1612 Expamlit
3305 1543 3417 1594 alas

1816 1644 1964 1693 suas,
1987 1635 2034 1681 et
2061 1629 2340 1700 assumpsit
2367 1645 2452 1684 eos
2477 1647 2630 1702 super
2654 1629 2899 1701 scapulas
2924 1648 3065 1686 suas.
3100 1631 3235 1685 Ecce
3262 1633 3422 1686 relin-

1818 1728 2003 1790 quetur
2029 1721 2214 1775 domus
2244 1731 2410 1776 uestra
2451 1724 2674 1787 deserta,
2719 1723 2965 1779 ostendit
3003 1724 3127 1795 quia
3177 1724 3424 1779 derelieti

1818 1819 1944 1870 su’nt
1973 1832 2001 1868 a
2035 1818 2151 1886 lege
2177 1828 2277 1870 sua
2305 1825 2356 1871 ει
2386 1831 2415 1870 a
2444 1817 2754 1887 prophetia,
2791 1828 2845 1872 et
2869 1834 2896 1870 a
2933 1817 3260 1872 Sacerdotio.
3301 1816 3420 1871 Non

147 1923 279 1978 quem
315 1911 546 1979 primum
589 1910 929 1978 occiderunt,
973 1919 1057 1967 est
1100 1909 1366 1967 Ieremias
1413 1923 1467 1968 et
1490 1911 1658 1968 Isaias
1689 1930 1702 1966 ;
1736 1909 1784 1975 Β
1813 1923 1892 1961 me
1925 1907 2159 1961 videbitis
2186 1907 2349 1962 donec
2379 1907 2600 1962 dicatis:
2627 1907 2937 1964 Bmzedictus
2967 1912 3056 1980 qui
3081 1911 3221 1964 venit
3243 1911 3297 1964 in
3330 1928 3424 1965 no-

146 2015 282 2071 quem
307 2003 698 2072 lapidaverunt,
731 2012 757 2042 ε
784 2012 868 2060 εει
894 2004 1228 2075 Stephanus.
1278 2001 1564 2077 Ejecerunt
1593 2021 1712 2059 eum

145 2103 271 2147 (xtra
296 2095 504 2161 vineam,
556 2096 613 2152 id
643 2105 747 2164 est,
791 2097 1116 2166 Jerusalem,
1160 2099 1214 2153 in
1256 2105 1494 2154 montem
1523 2095 1712 2153 Calva-

146 2185 252 2240 ιίςε.
296 2187 384 2244 llic
417 2190 601 2255 vinea,
651 2198 707 2245 et
747 2189 836 2250 alii
871 2190 1083 2260 coloni,
1129 2191 1369 2247 ostendit
1415 2191 1713 2247 Ecclesium

146 2281 381 2350 gentium,
413 2284 506 2354 qui
534 2283 771 2340 reddunt
800 2283 1056 2351 fructum,
1100 2283 1154 2341 id
1181 2295 1286 2354 est,
1318 2284 1713 2342 confessionem

146 2366 446 2439 pauitantia
475 2385 530 2431 et
560 2375 711 2432 lldei.
751 2377 934 2447 Lapis,
972 2378 1024 2433 id
1053 2387 1158 2445 est,
1205 2377 1495 2435 Christus:
1523 2380 1716 2435 scissus

150 2466 217 2518 de
235 2478 379 2522 monte
396 2471 508 2524 sine
530 2471 786 2536 manibus,
818 2470 870 2525 id
899 2481 1002 2538 est,
1027 2471 1144 2527 sine
1170 2481 1293 2527 actu
1322 2472 1486 2540 virili,
1513 2482 1566 2528 et
1588 2487 1718 2527 con-

146 2557 316 2615 cubitu
343 2577 357 2616 :
387 2560 456 2616 de
489 2571 661 2616 matre
694 2561 814 2617 sine
845 2561 1076 2627 semine,
1124 2563 1193 2618 de
1239 2573 1395 2636 patre
1434 2563 1552 2620 sine
1582 2575 1718 2620 tem-

151 2663 285 2719 pore.
314 2649 498 2707 Factus
525 2655 578 2706 in
609 2665 764 2725 caput
791 2654 997 2727 anguli,
1023 2656 1268 2710 continet
1290 2655 1427 2712 duos
1459 2657 1713 2730 parietes,

155 2744 359 2798 ostendit
397 2761 602 2801 novum
651 2757 705 2802 et
750 2757 904 2803 vetus
953 2748 1383 2812 Testamentum,
1416 2748 1635 2805 Judtcos
1663 2762 1720 2806 et

156 2846 332 2903 gentes.
367 2839 463 2906 Qui
490 2841 730 2896 ceciderit
762 2859 914 2914 super
944 2841 1198 2913 lapidem,
1234 2845 1610 2918 confringatur,
1641 2845 1716 2901 Si-

162 2930 347 2995 gniﬁcat
379 2941 568 3002 gentes
613 2949 780 3004 super
821 2935 1130 3005 Christum,
1166 2935 1237 2992 de
1286 2937 1603 2994 inﬁdelitate
1649 2937 1719 2993 ad

165 3022 711 3098 tittem,eonlringetur
741 3044 928 3099 super,
973 3029 1028 3086 id
1075 3039 1180 3099 est,
1229 3031 1284 3087 in
1328 3033 1715 3089 humilitatem.

169 3115 308 3184 asper
322 3134 459 3187 quem
482 3137 602 3175 rero
625 3122 862 3177 ceciderit
893 3123 1045 3195 lapis,
1073 3132 1297 3180 conteret
1323 3141 1459 3196 eum,
1483 3125 1721 3182 ostendit

172 3205 349 3264 intres
375 3213 803 3284 superstitiosos.

235 3297 368 3357 llam
392 3321 483 3360 rea:
521 3307 614 3377 qui
655 3308 773 3378 fecit
811 3309 1014 3379 nuptias
1056 3309 1166 3380 filio
1217 3327 1334 3366 suo.
1379 3312 1550 3367 llomo
1579 3311 1723 3367 Deus
1752 3303 1798 3369 C

186 3387 318 3448 Pater
336 3411 397 3452 est
427 3416 441 3454 :
480 3415 582 3470 per
625 3403 843 3472 nuptias
870 3403 1107 3458 ostendit
1129 3407 1317 3476 copula
1331 3405 1528 3463 tionem
1557 3405 1720 3463 Chri-

180 3487 236 3539 sti
257 3498 304 3542 et
322 3491 576 3551 Ecclesiae.
614 3495 764 3552 Sicut
795 3497 908 3552 Eva
939 3513 1009 3554 ex
1041 3509 1191 3555 costa
1230 3498 1395 3566 Adae,
1427 3500 1504 3556 sic
1535 3501 1724 3557 Eccle-

169 3579 233 3632 sia
258 3599 312 3638 ex
335 3588 502 3644 latere
532 3587 738 3644 Christi
766 3590 1042 3663 redempta
1073 3601 1156 3648 est
1195 3610 1210 3647 :
1264 3603 1317 3648 et
1348 3593 1488 3648 sicut
1518 3609 1583 3650 ex
1609 3592 1723 3648 vir-

161 3675 266 3742 gine
294 3690 424 3736 terra
456 3685 728 3753 processit
766 3684 935 3738 Adam
985 3701 1000 3738 :
1048 3685 1121 3740 ita
1151 3695 1206 3741 et
1231 3685 1480 3742 Christus
1509 3702 1572 3742 ex
1614 3686 1726 3741 vir-

155 3772 262 3839 gine
294 3775 449 3830 Maria
485 3785 663 3831 natus.
700 3775 843 3830 Misit
885 3793 1057 3832 servos
1083 3795 1227 3846 suos,
1262 3778 1313 3832 id
1355 3789 1462 3848 est,
1496 3779 1723 3848 patriar-

155 3865 262 3919 thas
289 3884 303 3932 ;
333 3871 518 3923 iterum
545 3870 685 3924 misit
716 3870 868 3938 alios,
899 3872 948 3926 id
967 3883 1069 3941 εει,
1094 3873 1404 3943 pr0phetas.
1429 3871 1725 3928 Prandium

152 3972 384 4031 paratam,
419 3964 472 4019 id
508 3974 618 4031 est,
651 3966 986 4034 Scripturatn
1034 3977 1320 4035 sanctam;
1366 3968 1505 4022 tauri
1543 3967 1722 4034 occisi,

149 4060 368 4114 ostendit
392 4059 482 4127 qui
513 4076 608 4129 pro
627 4059 846 4115 Christo
868 4059 1187 4130 sanguinem
1208 4059 1463 4115 fuderunt
1489 4080 1501 4116 :
1526 4058 1719 4125 altilia,

146 4149 186 4202 id
212 4163 311 4220 est,
342 4156 606 4223 saginata.
660 4155 905 4209 Abierant
935 4155 987 4208 in
1016 4155 1218 4222 villam,
1273 4154 1323 4210 id
1355 4167 1456 4222 εει,
1489 4156 1546 4210 in
1575 4155 1725 4224 cupi-

142 4241 341 4302 ditatem
372 4267 386 4300 :
414 4248 507 4302 alii
527 4238 580 4302 in
604 4250 1025 4319 negotiationem,
1053 4248 1108 4303 id
1134 4257 1236 4318 est,
1263 4249 1314 4305 in
1339 4249 1563 4317 mundo,
1587 4250 1726 4305 sicut

142 4337 200 4389 ait
231 4341 527 4411 Apostolus
553 4359 565 4395 :
599 4341 765 4396 Nemo
793 4343 1022 4399 militans
1063 4343 1192 4410 Deo,
1229 4343 1462 4413 implicat
1489 4361 1540 4398 se
1571 4361 1725 4414 nego-

145 4429 210 4482 tiis
231 4434 592 4502 mettlaribus,
622 4445 675 4490 ut
701 4436 901 4506 placeat
929 4438 995 4502 ei,
1030 4440 1114 4491 cui
1154 4455 1208 4492 se
1234 4439 1484 4508 probarit.
1522 4438 1726 4510 Reliqui

145 4531 402 4579 tenuerunt
434 4543 608 4581 servos
639 4531 769 4600 ejus,
805 4527 1040 4584 ostendit
1083 4529 1339 4599 impetum
1393 4531 1726 4600 persecutio-

148 4615 227 4668 nis.
263 4618 356 4673 Ait
398 4621 556 4674 servis
595 4621 721 4686 suis,
757 4620 808 4674 id
835 4631 942 4690 est,
987 4621 1264 4692 apostolis.
1314 4622 1530 4695 Nuptiw
1574 4625 1726 4694 factm

1815 2001 1952 2054 mine
1992 2000 2219 2067 Domini,
2267 2000 2506 2057 ostendit
2534 2002 2661 2068 quia
2696 2002 2747 2056 in
2777 2003 3018 2058 secundo
3047 2001 3310 2070 adventu,
3344 2005 3423 2057 vi-

1816 2092 1952 2147 debit
1984 2109 2100 2147 eum
2126 2094 2295 2148 omnis
2325 2110 2467 2160 caro,
2508 2102 2557 2148 et
2582 2094 2826 2167 plangent
2851 2112 3005 2165 super
3032 2113 3088 2150 se
3120 2112 3297 2151 omnes
3330 2098 3425 2150 tri—

1817 2185 1912 2240 bus
1943 2194 2092 2240 terra:
2117 2185 2205 2256 qui
2242 2196 2572 2258 pupugerunt
2611 2203 2749 2240 eum.
2809 2185 2933 2241 Non
2977 2186 3298 2260 relinquetur
3342 2187 3426 2242 hic

1817 2279 1956 2354 lapis
1997 2297 2154 2351 super
2195 2282 2448 2353 lapidem,
2491 2282 2731 2338 ostendit
2762 2283 3160 2357 dispersionem
3205 2285 3424 2341 Iudico-

1817 2389 1960 2431 rum.
1994 2373 2142 2430 Tunc
2173 2375 2668 2432 scaudalizabuntur
2695 2379 2874 2445 multi,
2907 2380 3146 2435 ostendit
3175 2382 3298 2453 quia
3329 2397 3422 2451 per

1818 2470 2253 2539 magnitudinem
2322 2463 2717 2539 persecutiOnis
2789 2472 3062 2542 negabunt
3118 2472 3424 2530 Christum.

1821 2564 2176 2630 Abominatio,
2209 2565 2448 2620 ostendit
2491 2576 2722 2619 statuam
2757 2566 3062 2622 antichristi
3110 2567 3338 2638 positam
3374 2566 3427 2621 in

1821 2657 2028 2727 templo
2067 2675 2080 2712 :
2123 2658 2400 2724 a'esolatio,
2433 2657 2484 2713 id
2514 2667 2618 2724 εει,
2649 2661 3064 2716 consummatio.
3100 2661 3203 2726 Qui
3229 2671 3349 2714 sunt
3376 2660 3431 2714 in
3488 2693 3490 2696 -

1821 2749 2034 2820 Judwa,
2060 2751 2110 2805 id
2144 2762 2246 2818 est,
2283 2752 2334 2806 in
2365 2752 2710 2807 conlcss‘one
2739 2752 2884 2807 lidei.
2933 2749 3164 2825 Fugiant
3193 2753 3264 2808 ad
3286 2771 3433 2808 mon-

1823 2851 1920 2910 tes,
1949 2844 2005 2899 id
2035 2853 2136 2910 est,
2167 2845 2232 2899 ad
2265 2844 2569 2899 doctrinam
2595 2844 2964 2914 apostolorum
2997 2861 3012 2901 :
3061 2846 3151 2917 qui
3176 2846 3228 2900 in
3267 2854 3422 2911 lecto,

1822 2939 1880 2995 id
1911 2950 2013 3004 est,
2047 2939 2099 2994 in
2133 2939 2553 3010 contemplativa
2585 2941 2690 2995 vita
2737 2959 2750 2994 :
2801 2959 2902 2996 non
2942 2941 3222 2997 descendat
3257 2943 3308 2996 in
3332 2943 3431 2996 clo-

1824 3051 1986 3100 nnmt,
2013 3033 2063 3089 id
2092 3045 2194 3102 est,
2221 3035 2273 3089 in
2307 3035 2476 3090 activa
2502 3032 2609 3088 vita
2651 3052 2664 3088 :
2698 3035 2751 3088 in
2783 3051 2931 3107 agro,
2968 3034 3021 3090 id
3064 3046 3170 3103 εει,
3204 3036 3257 3090 in
3291 3052 3434 3106 pra:-

1825 3125 2100 3182 dicationc
2133 3125 2410 3198 Evangelii
2448 3143 2587 3180 :nou
2619 3125 2766 3180 tollat
2799 3126 3028 3179 tunicam
3052 3143 3221 3193 suam,
3250 3126 3300 3181 id
3327 3136 3434 3194 est,

1825 3233 1934 3275 non
1984 3228 2291 3274 revertatur
2317 3217 2382 3273 ad
2418 3218 2701 3288 pristinam
2749 3219 3227 3274 conversationem
3259 3235 3437 3276 suam.

1908 3309 2001 3364 Va:
2021 3309 2428 3382 prwgnuntibus,
2455 3310 2504 3364 id
2533 3319 2634 3374 est,
2658 3308 3170 3380 concupiscentibus
3196 3327 3284 3365 res
3306 3311 3438 3366 alie-

1831 3417 1972 3460 nas:
2012 3419 2088 3458 va?
2118 3403 2500 3470 nutrientibus,
2540 3403 2591 3456 id
2624 3412 2706 3457 est
2731 3445 2747 3468 ,
2801 3403 2852 3457 in
2900 3418 3066 3473 opere
3115 3413 3435 3474 perpetran-

1831 3497 2016 3560 tibus;
2064 3511 2162 3566 per
2201 3511 2477 3560 eretnum,
2527 3495 2767 3551 ostendit
2817 3497 3291 3566 persecutionem,
3339 3513 3438 3566 per

1829 3588 2118 3644 sabbatum
2147 3587 2307 3644 linem
2337 3586 2543 3644 mundi.
2584 3586 2681 3643 Ubi
2725 3589 2882 3660 fuerit
2918 3604 3127 3661 corpus,
3159 3588 3288 3643 illuc
3316 3606 3439 3644 con-

1831 3681 2187 3756 gregabnntur
2233 3683 2423 3753 aquilae
2468 3700 2487 3736 ε
2537 3697 2734 3752 corpus
2773 3683 3022 3738 Christus
3066 3692 3197 3739 est:
3241 3685 3440 3754 aquila:

1833 3779 2033 3830 anima:
2061 3785 2373 3831 sanctorum
2406 3785 2552 3830 sunt.
2582 3774 2756 3830 Aliter
2787 3775 2840 3829 in
2867 3776 3268 3831 resurrectione
3301 3791 3438 3829 una-

1833 3885 2064 3940 quaeque
2092 3870 2269 3924 anima
2309 3869 2591 3938 proprium
2620 3882 2818 3938 corpus
2845 3875 3027 3922 sumet
3061 3883 3072 3917 :
3107 3881 3204 3934 per
3233 3866 3430 3932 solem,

1833 3961 2077 4017 ostendit
2121 3960 2561 4032 prmdicatioaem
2602 3958 2878 4028 Evangelii
2912 3977 2923 4012 :
2962 3974 3056 4029 per
3084 3957 3288 4021 lunam,
3337 3961 3436 4012 lic-

1834 4055 2062 4111 clesiam
2114 4073 2128 4109 :
2179 4069 2276 4125 per
2327 4053 2512 4109 stellas
2557 4063 2808 4110 sanctos.
2860 4050 2973 4106 sive
3024 4050 3434 4121 praedicatores.

1840 4147 2072 4202 Virtutes
2119 4147 2367 4201 caelorum
2414 4144 2896 4210 commovebuntur,
2948 4141 3054 4198 hoc
3098 4151 3181 4198 εει
3221 4145 3436 4214 agmina

1834 4242 2160 4314 angelorum
2186 4240 2256 4296 ad
2274 4239 2626 4312 iudicandum
2668 4256 2682 4294 :
2727 4237 2927 4308 parebit
2964 4236 3169 4307 signum
3199 4237 3253 4289 in
3282 4236 3433 4303 calo,

1835 4337 1889 4392 id
1924 4346 2027 4404 εει,
2056 4351 2188 4392 crux
2215 4335 2416 4391 Christi
2443 4352 2457 4390 ;
2487 4349 2586 4405 per
2616 4333 2794 4388 tubam
2810 4330 3044 4386 ostendit
3072 4329 3310 4385 sonitum
3342 4345 3435 4384 an~

1833 4432 2103 4503 gelorum.
2144 4429 2316 4484 Erunt
2358 4431 2460 4483 duo
2489 4429 2541 4481 in
2573 4444 2726 4499 agro,
2771 4424 2822 4480 id
2855 4433 2967 4490 est,
3001 4424 3053 4477 in
3090 4422 3433 4492 praedicatio-

1836 4539 1962 4580 nem
1993 4523 2265 4595 Evangelii
2294 4538 2308 4580 :
2333 4539 2468 4577 unus
2498 4527 2812 4584 assumetur,
2848 4516 2900 4570 id
2933 4526 3047 4582 est,
3080 4517 3168 4587 qui
3197 4517 3436 4586 complet

1833 4619 2276 4692 prccdicationem
2310 4621 2362 4673 in
2392 4632 2593 4688 opere:
2627 4613 2762 4668 alius
2790 4611 3124 4679 relinquetur,
3156 4610 3209 4665 id
3242 4624 3346 4676 εει,
3381 4614 3430 4664 in

141 4725 262 4775 sunt,
311 4713 369 4767 id
401 4724 502 4777 est,
535 4714 699 4769 corda
725 4715 1061 4772 credentium
1093 4716 1380 4786 conjuncta
1413 4735 1537 4773 eum
1567 4718 1724 4774 Chri-
1750 4705 1806 4767 Β
1831 4729 2001 4784 opere
2022 4711 2244 4783 justitim
2270 4727 2285 4775 ;
2316 4710 2371 4763 in
2421 4708 2589 4773 mola,
2639 4706 2691 4759 in
2732 4703 2938 4757 mundo
2973 4720 2986 4756 :
3018 4702 3124 4758 duo
3159 4703 3426 4768 tnalentes,

137 4809 211 4852 sto
239 4821 344 4872 pro
373 4821 561 4862 amore
590 4806 891 4862 cltaritatis.
914 4805 993 4862 Ite
1021 4809 1090 4862 ad
1109 4810 1274 4864 exitus
1294 4809 1517 4876 viarum,
1543 4811 1595 4866 id
1619 4820 1724 4880 est,

133 4893 189 4946 ad
215 4912 435 4966 gentes.
479 4897 926 4970 Congregaverunt
969 4900 1128 4956 bonos
1173 4912 1220 4956 et
1251 4903 1443 4968 malos,
1485 4905 1729 4960 ostendit
1814 4913 1820 4920 '

131 5001 455 5055 promentem
511 4993 701 5048 vitam.
767 4992 990 5049 Intravit
1056 5011 1148 5051 rea:
1209 4997 1279 5050 ad
1331 4996 1724 5067 discumbentes,

126 5087 385 5141 ostendit.
400 5088 699 5144 secundum
728 5089 1047 5146 adventum.
1086 5088 1258 5145 Homo
1290 5108 1394 5145 non
1425 5090 1618 5146 habent
1646 5109 1729 5147 ve.-

127 5187 248 5232 stem
271 5181 593 5249 nuptialem,
615 5182 1212 5253 ostenditcharitatem,
1238 5194 1298 5240 ut
1326 5185 1421 5253 ait,
1453 5184 1584 5242 lides
1609 5185 1729 5242 sine

125 5272 403 5328 (baritum
430 5287 642 5330 mortua
669 5285 775 5332 εει.

1832 4804 1893 4860 id
1918 4813 2024 4871 est,
2053 4801 2107 4856 in
2136 4801 2382 4857 Ecclesia
2410 4795 2702 4862 catholica,
2742 4803 2796 4850 et
2827 4792 3228 4849 ltmreticorum.

1904 4894 2091 4952 Simile
2121 4903 2191 4948 est
2209 4908 2423 4965 regnum
2451 4890 2697 4944 caelorum
2726 4887 2900 4940 decem
2956 4883 3263 4956 virginibus,
3314 4899 3430 4953 qua:

1833 4989 2143 5059 accipientes
2176 4985 2444 5057 lampades
2493 4999 2646 5048 suas,
2682 4980 2733 5036 id
2763 4989 2867 5044 est,
2910 4979 2964 5033 in
3009 4976 3430 5041 resurrectione,

1835 5099 2070 5156 corpora
2102 5096 2220 5136 sua.
2255 5077 2508 5149 Virgines
2545 5088 2671 5131 sunt
2716 5089 2784 5129 eo
2812 5072 2954 5145 quod
3007 5071 3276 5125 Christum
3325 5084 3432 5124 non

1841 5187 2198 5251 negaverunt.
2263 5174 2502 5244 Quinque
2550 5169 2858 5242 prudentes,
2905 5180 2973 5223 eo
3019 5163 3162 5233 quod
3216 5173 3438 5232 proliter

1845 5289 2074 5346 regnum
2102 5272 2194 5327 Dei
2228 5269 2613 5323 laboraverunt
2645 5282 2658 5318 :
2696 5263 2923 5336 quinque
2974 5261 3156 5329 future,
3203 5254 3444 5312 ostendit

1846 5369 1940 5440 qui
1969 5381 2068 5436 pro
2098 5362 2459 5420 retributione
2491 5360 2741 5414 humanm
2771 5353 2947 5410 laudis
2966 5360 3273 5422 gesserunt.
3309 5351 3443 5403 Dur-

1855 5462 2074 5529 mitare,
2108 5469 2192 5514 est
2218 5463 2345 5512 ante
2373 5464 2603 5511 mortem
2628 5453 3007 5519 languescere,
3033 5446 3273 5500 dormire
3290 5458 3448 5507 vero,

1850 5555 1909 5610 in
1937 5559 2110 5608 morte
2132 5550 2412 5622 quiescere
2435 5555 2534 5604 εει.
2562 5543 2736 5599 Media
2752 5549 2922 5607 nocte,
2941 5539 2995 5594 id
3017 5548 3122 5605 ost,
3153 5539 3205 5591 in
3236 5550 3442 5599 errore,

1858 5649 1974 5704 sive
2025 5647 2082 5702 in
2128 5643 2416 5700 securitate
2466 5635 2814 5707 negligentes.
2867 5630 3058 5686 Nescio
3103 5645 3218 5694 vos,
3258 5625 3309 5682 id
3351 5633 3457 5691 est,

1861 5745 2047 5804 nescio
2071 5755 2239 5816 opera
2265 5743 2444 5795 vestra
2478 5735 2641 5792 bona.

198 5365 428 5433 Mulier,
455 5367 508 5424 id
541 5380 643 5435 est,
678 5384 969 5442 synagoga,
999 5387 1098 5442 per
1121 5381 1330 5444 septem
1357 5373 1504 5429 viros
1535 5390 1548 5428 :
1579 5383 1734 5444 cpta-

129 5459 292 5514 ticum
345 5462 693 5531 intelligitur.
744 5462 939 5518 Mulier
982 5467 1254 5537 defuncta,
1301 5466 1353 5521 id
1403 5478 1504 5533 est,
1554 5467 1732 5522 littera

127 5553 401 5608 defuncta
449 5557 764 5613 transiendo
790 5557 859 5613 de
887 5561 1052 5615 veteri
1080 5559 1432 5616 Testamento
1471 5560 1525 5615 in
1569 5575 1734 5617 novo.

130 5647 188 5696 In
230 5650 623 5703 resurrectione
653 5648 736 5703 cui
782 5650 927 5704 erit?
971 5650 1023 5706 id
1056 5663 1161 5717 cst,
1208 5651 1466 5708 Ecclesia:
1505 5652 1734 5710 Christi.

130 5736 273 5792 ltuit
310 5738 596 5808 Dominus,
641 5742 694 5798 id
725 5753 828 5810 est,
871 5744 1014 5822 Deus
1045 5745 1225 5812 Pater,
1259 5743 1482 5800 Domino
1513 5763 1654 5818 meo,
1686 5745 1743 5802 id

197 5913 225 5940 ι
271 5898 470 5958 Satius
487 5904 660 5962 visum
682 5913 790 5978 est,
819 5921 1096 5968 removere
1119 5907 1243 5967 hinc
1261 5907 1561 5968 verborum
1591 5913 1866 5983 monstra,
1890 5926 1958 5967 es
1984 5923 2064 5967 me
2089 5903 2249 5974 Bart,
2279 5901 2383 5957 sive
2405 5941 2419 5968 ,
2450 5909 2574 5968 qua
2603 5905 2831 5951 sensum
2855 5885 3299 5959 iutercipicbaut.
