3970 6304
586 358 693 421 559

1627 359 1686 418 S.
1727 352 2112 417 lllERONYMl
2148 352 2437 416 OPERUM
2476 350 2842 417 MANTISSA.
3708 358 3789 421 560

666 480 836 537 Homo
882 475 1236 549 proﬁciscens,
1272 472 1527 533 Christus
1558 484 1671 542 est;
1715 490 1939 545 peregre
1966 474 2186 546 profec-
2213 475 2265 538 Α
2291 490 2408 529 rum
2438 474 2715 530 liberaret.
2748 473 2904 531 Sicut
2926 471 3100 529 Adam
3141 468 3387 528 extendit
3427 471 3636 543 palmam
3669 473 3713 531 in
3735 476 3786 532 li-

594 587 703 645 tus,
737 575 789 629 id
828 582 929 639 est,
975 572 1041 627 de
1081 570 1285 626 mundo
1330 571 1397 625 ad
1440 570 1678 626 Patrem.
1748 568 1963 625 Vocavit
2012 585 2185 624 servos

594 686 733 735 suos,
770 667 822 723 id
850 676 953 731 est,
980 665 1241 721 doctores
1275 684 1289 719 :
1324 665 1464 719 dedit
1504 664 1611 718 illis
1642 664 1774 717 bona
1802 681 1920 725 sua,
1974 662 2027 718 id
2077 672 2184 727 est,

593 765 895 821 doctrinam
926 761 1209 832 Evangelii
1246 779 1257 814 :
1288 762 1512 832 quinque
1540 759 1754 822 talenta,
1806 759 1859 814 id
1889 769 1991 824 est,
2027 759 2189 829 quin-

593 874 700 931 que
744 872 961 925 sensus,
1008 853 1176 922 visus,
1208 853 1444 919 auditus,
1476 852 1755 917 odoratus,
1799 861 1986 922 gustus
2016 859 2071 905 et
2100 858 2185 904 ta-

591 960 711 1006 ctus
744 968 757 1004 :
804 962 945 1021 quos
984 962 1086 1018 per
1131 945 1583 1002 consuetudinem
1612 943 1824 998 solebat
1853 957 2096 1009 movere,
2131 950 2190 996 ut

583 1056 784 1098 causas
811 1039 1149 1096 transitorios
1162 1046 1446 1095 convertat
1467 1037 1533 1092 ad
1557 1044 1838 1091 cateruam.
1862 1036 1954 1092 Sic
1976 1036 2043 1091 de
2063 1034 2188 1090 visu

593 1136 798 1191 dictum
824 1141 929 1198 est,
948 1133 1133 1187 Averte
1154 1131 1328 1186 oculos
1351 1146 1512 1199 meos,
1539 1137 1594 1185 et
1622 1129 1847 1199 reliqua.
1876 1128 1954 1184 De
1973 1127 2183 1195 auditu,

592 1232 737 1304 δωρὶ
785 1246 933 1285 aures
963 1238 1098 1296 tuas,
1129 1245 1223 1282 nec
1241 1228 1457 1282 audiant
1483 1226 1686 1298 linguas
1732 1224 2083 1296 blasphemiae.
2112 1225 2187 1279 De

593 1327 846 1391 odoratu,
878 1322 1053 1377 Bonus
1076 1322 1206 1375 odor
1231 1338 1407 1375 sumus
1432 1318 1632 1386 Deo,in
1660 1320 1739 1372 his
1752 1320 1842 1389 qui
1871 1318 2002 1372 salvi
2023 1328 2143 1371 sunt
2167 1332 2187 1371 :

589 1418 658 1472 de
680 1426 859 1488 gustu,
887 1413 1067 1469 Nolite
1098 1412 1425 1478 maledicere,
1456 1412 1546 1466 sed
1569 1412 1851 1466 benedicite
1876 1425 1893 1464 :
1920 1410 1988 1465 de
2010 1418 2184 1478 tactu,

592 1511 699 1578 Qui
720 1509 995 1580 iurabatur
1031 1511 1149 1579 jam
1180 1524 1284 1560 non
1320 1507 1546 1577 furetur,
1580 1504 1670 1558 sed
1698 1504 1890 1558 laboret
1932 1502 2186 1568 manibus,

592 1604 731 1658 unde
774 1604 956 1656 tribuet
983 1611 1032 1655 et
1062 1599 1336 1674 indigenti.
1371 1598 1501 1653 Ideo
1532 1600 1669 1651 fiunt
1716 1598 1902 1653 decem
1938 1596 2137 1651 talenta
2171 1611 2187 1649 :

593 1699 701 1756 duo
732 1699 955 1765 talenta,
1007 1696 1065 1752 id
1123 1706 1229 1761 est,
1290 1694 1605 1749 intellectus
1653 1702 1707 1748 ει
1754 1690 2035 1761 operatio;
2096 1689 2189 1760 qui

593 1794 759 1849 habet
784 1793 920 1861 hmc,
955 1802 1009 1848 et
1030 1790 1224 1861 implet
1252 1788 1543 1859 exemplis,
1572 1797 1627 1842 et
1654 1786 1838 1842 verbis
1868 1785 2051 1851 docet,
2082 1784 2190 1839 sal-

2287 584 2451 639 gnum
2500 567 2625 623 vitte
2665 587 2681 626 ι
2718 568 2790 623 ita
2840 576 2897 624 et
2942 566 3116 623 Judmi
3160 566 3509 623 extenderunt
3545 567 3719 641 palmas
3750 571 3789 625 in

2287 662 2505 715 Christo
2540 679 2552 714 :
2586 660 2815 732 proinde
2852 671 2906 716 et
2946 658 3197 715 Christus
3246 658 3484 715 extendit
3519 661 3718 730 palmam
3751 662 3791 718 in

2288 755 2491 828 lignum
2532 757 2656 810 vitae
2690 774 2703 810 :
2734 756 2804 811 ita
2844 765 2898 811 et
2944 754 3118 811 δυᾶιεὶ
3160 753 3517 811 extenderunt
3549 753 3723 823 palmas
3752 755 3791 809 iu

2289 848 2435 920 ligno
2464 848 2664 913 crucis,
2691 858 2751 903 ut
2778 862 2883 903 uos
2912 845 2979 902 ab
3006 847 3152 901 omni
3191 846 3411 900 stimulo
3439 844 3688 901 liberaret.
3715 845 3792 901 Per

2287 954 2507 1000 cantum
2539 941 2667 1014 galli
2698 938 2939 998 ostendit
2977 939 3330 996 refectionem
3367 938 3589 1010 Spiritus
3623 939 3791 994 sancti:

2290 1038 2489 1093 vinctus
2535 1036 2761 1106 ductus,
2802 1046 2863 1093 ttt
2900 1035 3119 1092 vincula
3166 1044 3502 1107 peccatorum
3544 1044 3791 1091 nostrorum

2289 1131 2546 1186 solveret.

2362 1227 2603 1283 Corbana
2644 1227 2938 1299 Hebraice,
2980 1226 3383 1301 Gazophylacia
3428 1226 3620 1295 Graece,
3658 1224 3797 1280 Latine

2289 1323 2604 1379 divitiarum
2629 1323 2878 1380 custodia
2904 1323 3126 1380 dicitur.
3150 1323 3256 1379 Per
3294 1320 3600 1378 effusionem
3627 1319 3793 1391 sangui-

2290 1420 2376 1472 nis
2425 1416 2628 1472 Christi
2676 1416 3020 1489 redemptum
3065 1424 3149 1472 est
3192 1415 3487 1470 humanum
3532 1426 3711 1485 genus:
3738 1426 3798 1481 per

2291 1509 2523 1580 pretium
2559 1510 2883 1583 sanguiniSy
2906 1520 3125 1581 emptus
3163 1518 3247 1566 est
3272 1524 3401 1580 ager
3439 1507 3501 1563 ad
3539 1506 3797 1577 sepulturam

2291 1605 2724 1675 peregrinorum.
2762 1604 2938 1676 Hyrus
2966 1601 2997 1642 δ
3026 1603 3320 1674 Pompeius
3348 1611 3453 1668 est,
3480 1600 3717 1656 Barabbas
3737 1598 3803 1654 dte

2291 1706 2409 1752 ctus
2441 1697 2493 1751 in
2527 1696 2827 1763 desertum,
2860 1696 2916 1752 id
2945 1705 3052 1765 est,
3079 1696 3132 1751 in
3163 1694 3438 1751 infernum
3465 1711 3477 1747 :
3510 1691 3637 1748 alter
3663 1693 3801 1746 imme

2290 1789 2455 1856 latus,
2487 1790 2541 1845 id
2571 1800 2673 1861 est,
2705 1790 2953 1846 Christus
2991 1805 3091 1861 pro
3115 1798 3345 1862 peccato
3372 1787 3652 1844 hominum.
3678 1786 3804 1839 Exue-

593 1898 689 1943 vat
714 1889 1089 1959 semetipsum,
1119 1895 1175 1940 et
1221 1882 1360 1939 alios
1402 1883 1640 1938 inStruit.
1700 1880 1832 1935 Ideo
1881 1878 2188 1951 geminatur
2219 1880 2268 1941 B
2294 1892 2423 1939 runt
2444 1881 2740 1950 Christum,
2772 1884 2825 1940 id
2866 1893 2972 1947 est,
3014 1883 3406 1955 exspolialum,
3450 1898 3477 1936 ει
3506 1881 3602 1937 ﬁde
3638 1878 3804 1935 ,1υάωο-

593 1987 855 2042 talentum
880 2002 893 2037 :
923 1999 1090 2039 unum
1124 1981 1392 2036 talentum
1415 1977 1654 2034 ostendit
1678 1976 2041 2032 intellectum.
2061 1974 2191 2028 Abs-

593 2080 770 2134 condit
806 2079 860 2131 in
892 2087 1050 2142 terra,
1095 2073 1149 2129 id
1170 2082 1280 2141 cst,
1308 2073 1399 2143 qui
1423 2071 1862 2143 prmdicationem
1911 2068 2192 2139 Evangelii

592 2186 697 2241 pro
722 2168 958 2226 terrenis
1002 2166 1170 2223 rebus
1196 2164 1361 2219 docet
1391 2181 1405 2217 :
1442 2174 1558 2235 post
1603 2162 1826 2217 multum
1850 2178 1967 2217 vero
2001 2171 2195 2233 tempo-

592 2266 687 2330 ris,
711 2263 765 2320 id
792 2272 892 2330 est,
930 2263 981 2317 in
1009 2262 1119 2316 (ine
1142 2258 1352 2315 mundi.
1387 2256 1443 2311 Μ
1448 2259 1535 2312 etit
1562 2256 1650 2311 ubi
1676 2272 1778 2311 non
1816 2256 2107 2323 seminavit,
2136 2254 2191 2310 id

592 2367 699 2425 est,
756 2356 849 2410 ubi
891 2370 998 2410 non
1050 2352 1152 2407 fuit
1201 2350 1516 2423 prtedicatio
1547 2368 1558 2402 :
1595 2350 1759 2403 tollite
1800 2348 2078 2415 talentum,
2136 2347 2193 2403 id

599 2459 685 2505 est
732 2449 1072 2504 intellectum
1117 2464 1128 2497 :
1189 2444 1317 2499 date
1367 2443 1417 2497 ei
1456 2442 1549 2513 qui
1596 2444 1894 2513 geminavit
1941 2443 1994 2497 in
2050 2442 2194 2497 bono

597 2559 784 2614 Opere.
826 2542 1075 2612 Quinque
1110 2554 1326 2605 sensus,
1357 2536 1496 2593 sicut
1524 2538 1599 2590 ait
1629 2536 1938 2605 Apostolus,
1971 2536 2071 2604 ipsi
2098 2534 2197 2588 sibi

598 2648 718 2695 sunt
749 2637 856 2705 lex,
888 2638 975 2707 qui
1026 2636 1300 2691 ostendunt
1346 2649 1475 2702 apus
1507 2632 1633 2705 legis
1681 2632 1736 2685 in
1778 2630 2018 2685 cordibus
2063 2630 2193 2687 suis.

599 2734 703 2801 Qui
732 2732 899 2788 habet
929 2729 1116 2793 fidem,
1147 2737 1203 2783 et
1247 2724 1564 2781 cltaritatem
1584 2765 1598 2791 ,
1630 2722 1844 2779 dabitur
1871 2724 1922 2779 ei
1951 2722 2197 2778 intellec-

606 2839 713 2892 tus,
770 2834 827 2880 et
876 2823 1123 2895 operatio
1152 2822 1449 2885 virtutum;
1503 2818 1591 2885 qui
1646 2835 1750 2871 non
1796 2815 1981 2885 habet,
2026 2819 2197 2887 ipsum

602 2920 741 2993 quod
764 2918 917 2972 habet
940 2921 1208 2989 auferetur
1237 2918 1297 2967 ab
1325 2930 1406 2978 eo,
1438 2912 1488 2966 id
1527 2919 1631 2978 est,
1660 2911 1752 2982 qui
1798 2909 1962 2966 habet
2011 2910 2193 2977 ﬁdem,

600 3022 659 3069 et
688 3028 795 3069 non
827 3011 988 3067 habet
1018 3009 1363 3073 charitatem,
1421 3006 1535 3074 ipsa
1572 3004 1707 3059 ﬁdes
1737 3008 2000 3060 ruorietur
2022 3005 2075 3059 in
2104 3018 2192 3059 eo.

602 3106 955 3177 Majestatem,
982 3101 1037 3158 id
1062 3111 1169 3169 εει,
1202 3107 1542 3171 potestatem,
1579 3098 1914 3169 dignitatem.
1940 3106 1965 3134 τι
2001 3095 2195 3152 Hredos

603 3198 821 3257 Judmos
854 3209 1027 3252 :oves
1052 3208 1186 3250 vero
1235 3191 1467 3263 populos
1511 3190 1775 3261 gentium.
1823 3190 2105 3255 Dextrum,
2145 3189 2197 3244 id

2295 1990 2438 2029 rum.
2464 1974 2767 2031 lnduerunt
2787 1976 3075 2049 chlamyde
3096 1977 3380 2043 coccineo,
3404 1974 3456 2031 id
3477 1984 3575 2042 est,
3597 1972 3807 2028 Christum

2305 2070 2557 2125 indutum
2597 2070 2704 2127 ﬁde
2744 2070 2986 2142 gentium
3014 2088 3027 2123 :
3060 2070 3221 2126 aliter
3250 2087 3352 2142 per
3386 2070 3672 2126 coccineum
3704 2066 3809 2121 chlao

2296 2164 2513 2236 mydem
2558 2164 2798 2220 ostendit
2844 2162 3165 2221 effusionem
3206 2163 3487 2236 sanguinis
3530 2162 3699 2233 ipsius,
3731 2158 3811 2213 sive

2297 2257 2639 2327 martyrium.
2686 2256 2958 2313 Exuerunt
2996 2274 3116 2313 eum
3164 2257 3470 2329 chlamyde,
3514 2264 3557 2310 et
3597 2254 3812 2309 induerunt

2299 2366 2415 2405 eum
2445 2350 2759 2406 vestimentis
2789 2351 2898 2405 suis
2927 2390 2943 2416 ,
2975 2350 3213 2408 ostendit
3233 2350 3294 2406 in
3324 2351 3429 2407 line
3455 2349 3625 2406 mundi
3648 2358 3815 2403 conver-

2298 2444 2509 2500 sionem
2540 2443 2875 2502 Iudaeorum.

2373 2537 2568 2593 Milites
2614 2538 2711 2594 sibi
2753 2539 3035 2595 diviserunt
3087 2539 3403 2595 vestimenta
3452 2540 3557 2612 ejus
3592 2552 3608 2594 :
3646 2534 3813 2605 ﬁguram

2301 2637 2451 2684 tenet
2477 2630 2782 2702 Evangelii,
2824 2632 2917 2703 qui
2944 2633 3247 2688 diviserunt
3304 2634 3444 2688 inter
3485 2646 3542 2687 se
3580 2625 3814 2683 doctrinam

2302 2722 2523 2779 Christi.
2582 2724 2685 2779 Per
2734 2726 3057 2782 scissionem
3122 2726 3224 2782 veli
3287 2725 3525 2783 ostendit
3572 2720 3819 2777 scissionem

2301 2818 2455 2889 regni
2485 2817 2821 2875 Judaaorum.
2848 2820 2971 2875 Alio
2993 2818 3176 2886 modo,
3208 2820 3383 2874 velum
3425 2819 3623 2873 scissum
3646 2823 3723 2875 est,
3760 2823 3820 2862 0:"

2304 2912 2477 2967 tendit
2500 2912 2817 2967 scissionem
2845 2912 3006 2984 Legis
3029 2913 3225 2968 littera:
3255 2928 3359 2983 per
3379 2910 3725 2967 revelationem
3740 2899 3822 2971 Spi-

2303 3005 2442 3059 ritus
2470 3004 2670 3066 sancti,
2704 3004 2789 3059 vel
2819 3020 2916 3075 per
2946 3005 3334 3061 ascensionem
3364 3002 3561 3062 Christi
3590 2998 3720 3057 scissi
3739 3001 3822 3050 sunt

2304 3096 2430 3152 coeli
2462 3096 2700 3152 humano
2722 3099 2931 3168 generi.
2984 3097 3148 3153 Terra
3190 3111 3374 3166 mala,
3416 3093 3639 3153 ostendit
3659 3089 3821 3163 gratiam

2313 3188 2442 3256 Dei,
2485 3200 2753 3245 commota
2798 3189 2866 3245 de
2906 3189 3109 3246 Judaeis
3138 3190 3207 3245 ad
3253 3200 3483 3262 gentes;
3512 3197 3654 3260 petra:
3686 3183 3821 3239 scissa.

604 3304 711 3361 est,
738 3305 1083 3363 prosperum,
1113 3288 1228 3343 sive
1250 3297 1459 3342 rectum
1492 3302 1505 3338 :
1540 3285 1844 3350 sinistrum,
1889 3284 2198 3354 adversum,
2229 3275 2276 3341 C
2321 3280 2426 3335 hoc
2454 3293 2579 3336 sunt
2609 3281 2773 3338 corda
2793 3282 3032 3354 gentium
3058 3283 3229 3338 scissa
3254 3284 3326 3339 ad
3356 3282 3547 3348 fidem;
3575 3280 3824 3335 monumenta

606 3389 722 3444 sive
743 3384 982 3457 pmnale,
1002 3384 1126 3455 quia
1155 3380 1299 3453 apud
1329 3380 1499 3435 Deum
1543 3378 1677 3434 nihil
1706 3387 1790 3435 est
1824 3377 2130 3434 sinistrum.

680 3500 813 3556 Cum
834 3509 1006 3554 autem
1042 3505 1171 3551 esset
1192 3495 1247 3550 in
1274 3492 1553 3563 Bethania,
1578 3491 1632 3547 id
1658 3500 1766 3559 est,
1815 3490 1870 3545 in
1907 3490 2061 3544 domo
2092 3489 2207 3544 obe-

610 3594 864 3652 dientire:
895 3592 982 3647 hic
1009 3589 1205 3646 domus
1234 3604 1333 3659 pro
1363 3585 1566 3641 mundo
1593 3584 1833 3655 ponitur.
1884 3582 2099 3649 Mulier,
2155 3583 2209 3638 id

612 3700 716 3754 est,
757 3688 935 3742 futura
958 3682 1198 3739 Ecclesia
1232 3698 1246 3735 :
1288 3677 1630 3745 alabastrum,
1661 3676 1715 3732 id
1742 3684 1849 3742 est,
1874 3689 2075 3745 corpus
2109 3674 2210 3729 ho-

615 3780 777 3838 minis
803 3796 817 3833 :
851 3793 948 3849 per
972 3782 1335 3845 unguentum,
1365 3769 1605 3827 ostendit
1630 3768 1789 3825 tidem
1811 3768 2205 3825 confessionis:

615 3881 779 3944 caput
802 3869 1007 3926 Christi
1038 3868 1183 3922 Deus
1207 3866 1386 3928 Pater,
1410 3862 1718 3929 recumbes,
1770 3863 1915 3917 idem
1960 3860 2211 3917 Christus

616 3981 780 4038 super
798 3960 1100 4020 Ecclesiam
1132 3977 1145 4014 :
1190 3958 1459 4030 Pauperes
1490 3972 1691 4027 semper
1718 3954 1989 4022 habebitis,
2022 3956 2073 4010 id
2103 3965 2209 4024 εει,

618 4057 975 4130 spiritualiter
1002 4053 1093 4123 qui
1123 4051 1370 4121 indigent
1402 4050 1724 4118 doctrinam,
1779 4048 1894 4104 sive
1915 4049 2213 4119 corporali-

625 4164 709 4208 ter
736 4150 827 4222 qui
857 4150 1009 4204 cibos
1034 4146 1296 4216 indigent.
1332 4142 1419 4198 Me
1446 4154 1619 4199 autent
1646 4159 1747 4198 non
1778 4159 1977 4213 semper
2004 4141 2215 4199 habebi-

550 4299 555 4307 _
625 4246 713 4308 tis.
744 4239 983 4299 ostendit
1008 4238 1305 4295 secundum
1328 4253 1568 4293 carnem.
1614 4236 1821 4307 Joseph
1846 4236 2105 4292 venditur
2156 4238 2212 4292 in

554 4352 557 4353 '
621 4336 921 4408 Egyptum
947 4348 1017 4388 xx
1043 4328 1338 4402 argenteis,
1368 4338 1425 4383 ut
1448 4329 1671 4385 satiaret
1702 4327 1898 4384 famem
1929 4329 2211 4400 corporis;

623 4428 875 4485 Christus
916 4424 1172 4482 venditus
1200 4438 1311 4477 xxx
1352 4422 1645 4493 argenteis,
1693 4437 1791 4493 pro
1838 4424 2078 4491 peccatis
2124 4422 2215 4477 ho-

626 4524 857 4591 minum,
886 4529 941 4576 et
968 4519 1111 4575 fame
1140 4516 1289 4571 fidei.
1324 4514 1739 4586 Opportunitas,
1786 4515 1840 4569 id
1871 4523 1972 4583 est,
2001 4523 2215 4585 tempus

625 4628 1088 4686 congruum;per
1138 4625 1386 4681 azymam
1434 4608 1788 4674 sinceritatis,
1839 4608 2211 4665 sinceritatem

618 4683 822 4771 men—tis
851 4707 1105 4764 ostendit.
1130 4704 1317 4760 Bibam
1348 4704 1480 4758 illud
1522 4704 1577 4757 in
1618 4718 1834 4775 regnum
1880 4701 2058 4757 Patris
2109 4704 2215 4758 mei
2240 4683 2296 4744 D

614 4805 900 4866 vobiscum,
939 4799 995 4856 id
1031 4806 1135 4866 est,
1166 4795 1424 4853 membris
1451 4794 1605 4851 suis:
1662 4795 1718 4849 in
1746 4810 1983 4867 regnum,
2021 4794 2080 4849 id
2101 4806 2206 4863 est,

616 4900 676 4955 in
704 4895 968 4953 Ecclesia.
1001 4890 1300 4946 Percutiam
1325 4896 1604 4960 pastorem,
1638 4886 1691 4941 id
1717 4893 1804 4941 est
1830 4883 2033 4941 Christi
2060 4904 2073 4940 :
2099 4888 2207 4942 dis-

614 4997 893 5064 pergentur
918 5000 1057 5051 oues,
1086 4982 1139 5037 id
1192 4990 1318 5037 sunt
1358 4980 1614 5052 apostoli.
1660 4978 1965 5035 Prwcedam
2008 4995 2095 5035 vos
2148 4982 2205 5036 in

619 5084 894 5139 Galilaeam
918 5096 937 5135 :
968 5078 1071 5134 hoc
1097 5084 1201 5143 est,
1232 5073 1442 5130 relictis
1468 5072 1695 5144 Judteis,
1728 5074 1861 5129 abiit
1888 5074 1955 5129 ad
1990 5084 2199 5146 gentes.

691 5176 755 5232 Si
778 5173 1016 5244 possibile
1035 5179 1132 5237 est,
1165 5175 1395 5222 transeat
1421 5183 1453 5219 a
1472 5182 1553 5220 me
1572 5166 1711 5220 calix
1731 5166 1849 5235 iste,
1875 5165 1927 5220 id
1950 5176 2057 5235 est,
2081 5183 2209 5239 pas-

618 5269 703 5326 sio
735 5288 747 5323 :
778 5268 886 5325 hoc
915 5266 1058 5323 dixit
1089 5278 1191 5335 pro
1222 5269 1377 5333 parte
1402 5262 1616 5328 carnis;
1646 5276 1744 5331 per
1762 5260 2001 5331 gladium
2032 5273 2213 5319 osten-

613 5361 697 5417 dit
724 5360 953 5416 verbum
1000 5358 1271 5415 divinutn.
1316 5354 1620 5427 Amputavit
1664 5353 1979 5419 auriculam,
2013 5353 2065 5409 id
2099 5365 2205 5426 est,

615 5461 958 5525 amputatum
998 5450 1240 5506 auditum
1269 5446 1615 5513 Judaeorum;
1649 5446 2043 5503 immunditiam
2072 5462 2205 5518 pur-

619 5554 779 5620 garet
810 5561 824 5600 :
856 5540 1161 5616 ﬂagellatus
1189 5539 1385 5607 tenuit,
1409 5548 1580 5596 utnos
1610 5537 1920 5610 deﬂagellis
1952 5547 2202 5609 peccato-

678 5742 704 5769 ι
747 5731 946 5786 Deerat
975 5723 1198 5781 verbum
1226 5723 1405 5779 hazdos
1429 5766 1444 5791 ,
1485 5721 1587 5779 sed
1626 5731 1679 5776 et
1709 5721 1813 5777 alia
1845 5719 2074 5776 inferius
2112 5719 2201 5776 in-

600 5803 962 5860 terciderunt.
992 5813 1113 5868 qua:
1139 5797 1475 5867 supplentur.
1495 5865 1505 5868 _
1522 5793 1732 5849 Caetera
1754 5802 2187 5868 quaatotocon-

599 5884 751 5937 textu
789 5863 1183 5939 emendantur,
1208 5863 1546 5928 adnotanda
1586 5880 1684 5937 per
1722 5864 1966 5938 singulos
2010 5863 2183 5923 ferme

2313 3386 2519 3445 aperta,
2554 3375 2606 3429 id
2635 3386 2739 3442 est,
2772 3376 2937 3431 corda
2958 3376 3025 3431 ad
3057 3376 3240 3431 fidem.

2386 3464 2805 3537 Monumentum,
2857 3468 2911 3523 id
2951 3478 3056 3537 est,
3086 3469 3339 3526 Ecclesia
3379 3485 3449 3527 ex
3488 3464 3822 3540 gentibusztw‘

2311 3576 2449 3626 vum,
2481 3561 2742 3628 ostendit,
2792 3563 2918 3632 quia
2948 3577 3055 3617 non
3099 3562 3202 3618 fuit
3237 3573 3371 3617 ante
3408 3561 3720 3633 praedicatum
3740 3564 3821 3603 rer-

2311 3655 2442 3709 bum
2470 3654 2566 3709 Dei
2618 3656 2904 3726 gentibus;
2955 3657 3181 3711 excisum
3224 3664 3615 3712 monumentum
3639 3653 3677 3705 in
3704 3653 3814 3718 pelta.

2313 3750 2557 3803 ostendit
2586 3749 2893 3806 Ecclesium
2921 3754 3152 3806 scissam
3191 3750 3263 3806 de
3311 3751 3513 3806 duritia
3556 3737 3815 3821 gentilitatis;

2315 3842 2541 3910 lapidem
2568 3841 2799 3896 volutum
2824 3842 2893 3897 ad
2919 3845 3110 3898 ostium
3135 3844 3485 3913 monumenti,
3512 3825 3823 3899 ostenditduti-

2316 3934 2451 3989 tiam
2481 3936 2533 3989 itt
2566 3933 2729 3990 corda
2763 3934 3098 3991 Judteorum.

2394 4025 2588 4095 Vesper
2609 4027 2806 4082 sabbati
2832 4043 2853 4082 :
2880 4026 2935 4082 id
2965 4037 3068 4094 est,
3104 4029 3211 4084 line
3237 4028 3464 4097 mundi;
3497 4011 3828 4101 primordialis

2317 4121 2557 4177 ostendit
2586 4120 2731 4177 diem
2758 4124 3213 4186 resurrectionis;
3243 4124 3483 4179 reuoluto
3516 4119 3693 4192 lapide,
3722 4105 3829 4178 538')"

2318 4215 2447 4271 fleat
2476 4216 2783 4271 revolutam
2805 4217 3067 4271 duritiam
3095 4216 3418 4273 Judteorum
3439 4218 3493 4272 in
3519 4215 3751 4269 futurum;
3773 4210 3825 4269 Ρετ

2319 4306 2587 4377 fulgorem
2632 4310 2876 4364 ostendit
2924 4319 3226 4365 terrorem:
3283 4327 3385 4380 per
3428 4307 3703 4366 candorem
3724 4290 3832 4351 vwi'

2320 4403 2489 4455 menti
2519 4400 2760 4457 ostendit
2787 4402 3225 4458 consolationem
3246 4398 3687 4460 recorrectionis;
3708 4393 3748 4444 in
3767 4383 3834 4438 Ga-

2323 4491 2484 4563 lilaza,
2516 4494 2572 4548 in
2601 4504 2796 4561 monte,
2841 4494 3082 4551 ostendit
3123 4495 3192 4551 de
3242 4496 3453 4567 populo
3496 4492 3764 4551 Judteortttu
3794 4470 3836 4529 3d

2320 4596 2531 4656 gentes.

2466 4677 2535 4736 IN
2564 4666 3015 4738 EVANGELIUM
3047 4679 3428 4739 SECUNDUM
3461 4668 3741 4736 MARCUM.

2394 4789 2616 4850 Initium
2645 4793 2919 4869 Evangelii
2938 4794 3066 4851 Iesu
3096 4796 3295 4851 Christi
3316 4794 3454 4850 Filii
3477 4793 3590 4858 Dei,
3613 4783 3735 4860 quod
3752 4774 3841 4833 dicit

2320 4888 2445 4948 Filii
2472 4890 2598 4960 Dei,
2655 4891 2893 4946 ostendit
2932 4890 3283 4946 nativitatem
3320 4888 3619 4945 secundum
3656 4874 3843 4935 divinitas

2319 4996 2430 5041 tem
2464 5004 2477 5041 :
2509 4985 2813 5042 secundum
2839 5000 3061 5040 carnem
3084 4984 3345 5051 ostendit,
3394 4983 3523 5039 dum
3565 4977 3684 5034 dicit
3714 4970 3840 5051 16535:

2321 5080 2459 5135 Ecce
2497 5082 2667 5147 mitto,
2698 5078 2751 5133 id
2780 5087 2895 5145 est,
2943 5092 3046 5134 vox
3078 5076 3255 5133 Patris
3288 5096 3303 5132 :
3343 5076 3597 5150 Angelum
3637 5076 3788 5123 nicum.
3809 5050 3844 5106 id

2319 5184 2425 5242 est,
2459 5173 2725 5230 Joannem
2756 5189 2770 5226 :
2801 5180 2920 5227 ante
2950 5172 3137 5242 faciem
3164 5180 3331 5236 tuam,
3386 5170 3443 5225 id
3471 5175 3572 5232 est,
3604 5160 3843 5247 PratcurS‘f‘

2319 5282 2442 5322 rem
2471 5266 2698 5333 Christi,
2732 5264 2983 5320 notitiam
3012 5264 3132 5331 ejus
3178 5262 3496 5318 facientem.
3546 5257 3651 5313 Vox
3677 5249 3843 5333 luantus

2319 5368 2409 5414 est
2438 5332 2701 5425 clamans,
2729 5354 2983 5412 Christus
3011 5364 3118 5412 est.
3152 5353 3223 5410 In
3255 5356 3485 5418 deserto,
3525 5342 3764 5420 signiﬁcat
3783 5332 3844 5388 ειυ-

2318 5448 2498 5517 dmos,
2538 5466 2568 5504 a
2599 5450 2765 5521 Lege,
2811 5464 2843 5504 a
2888 5465 3081 5522 regno,
3109 5458 3164 5505 et
3191 5464 3221 5503 a
3248 5445 3562 5503 sacerdotio
3585 5433 3844 5526 derelictos;

2318 5552 2500 5615 parate
2530 5543 2688 5614 viam,
2742 5541 2795 5599 id
2816 5553 2931 5613 est,
2976 5541 3164 5610 corda,
3194 5542 3311 5599 sive
3340 5552 3538 5612 opera;
3564 5540 3713 5589 recta!
3736 5524 3849 5595 im“

2320 5738 2516 5781 versus
2553 5734 2760 5783 essent.
3708 5782 3716 5784 Α
3757 5778 3767 5784 .
3823 5772 3831 5784 .

2376 5778 2848 5870 ii‘uéc'ééid'q‘um
2878 5796 3055 5857 isthuc
3095 5796 3174 5856 rei
3202 5798 3295 5866 sit,
3335 5809 3438 5855 nec
3469 5793 3596 5853 libet
3618 5778 3848 5847 hariolari.
