3970 6304
168 350 255 409 56!
976 345 1332 405 EXPOSlTlO
1369 346 1705 417 QUATUOR
1745 347 2307 407 EVANGELIORUM.
2352 351 2657 410 MARCUS.

3347 357 3454 417 562

161 470 263 541 ejus
290 469 528 537 semitas,
580 467 636 525 id
666 474 753 525 est
796 466 1159 538 cogitationes
1200 467 1382 522 cordis
1424 468 1610 523 vestri.
1649 467 1753 522 Per
1779 476 1831 533 Α
1859 469 2335 539 philosophorum.
2362 472 2455 528 Sic
2484 482 2537 529 et
2566 472 2740 529 Judrci
2770 471 3176 545 disrumpcntes
3212 474 3452 530 litteram

157 563 489 633 baptismum
515 578 694 634 aqum,
744 560 983 617 ostendit
1031 560 1366 615 ablutionem
1408 560 1651 630 corporis
1700 570 1755 614 et

156 658 351 713 animae
376 675 393 713 :
427 658 761 728 baptismum
790 653 1155 727 paenitentiae,
1183 653 1433 708 remissio
1452 661 1540 708 est
1566 666 1757 723 pecca-

157 758 355 803 torum.
399 748 556 804 Venit
580 751 633 803 in
663 750 873 803 domum
902 746 1133 803 Simonis
1172 746 1412 809 Andrew,
1459 744 1511 799 id
1550 753 1656 809 est,
1686 744 1754 799 ad

157 841 407 908 ludzeos;
442 841 677 896 diluculo
704 840 853 895 valde
886 857 1124 910 surgens,
1174 838 1415 893 ostendit
1456 837 1755 892 adventum

160 934 379 999 Christi,
431 945 485 990 et
528 935 743 990 initium
775 932 899 988 novi
939 930 1302 995 Testamenti;
1344 931 1469 983 abiit
1498 931 1552 983 in
1584 929 1757 983 deser-

166 1042 264 1084 tum
294 1030 496 1095 locum,
524 1029 577 1084 id
608 1037 711 1097 est,
745 1027 815 1083 ad
852 1025 1101 1091 Iudaeos;
1132 1025 1302 1095 ibique
1333 1022 1534 1089 orabat,
1569 1022 1621 1076 id
1651 1030 1755 1089 est,

170 1123 229 1177 ibi
258 1121 623 1191 praedicabat.

230 1213 355 1268 Non
386 1223 561 1286 posset
590 1214 646 1266 in
674 1212 932 1267 civitatem
961 1210 1197 1265 introire.
1246 1208 1361 1263 Iloc
1396 1216 1621 1279 propter
1650 1206 1760 1261 frc-

176 1306 693 1379 quentiam‘pOpuli;
740 1322 835 1377 per
886 1306 1246 1377 paralyticum
1285 1303 1524 1359 ostendit
1568 1303 1761 1356 huma-

183 1417 292 1455 num
316 1415 534 1470 genus:
566 1399 912 1469 perlectum,
952 1412 1177 1468 corpus.
1224 1396 1271 1452 A
1319 1406 1550 1467 quatuor
1579 1406 1764 1466 porta-

186 1493 349 1560 batur,
391 1491 498 1549 boc
528 1502 657 1548 sunt
679 1501 913 1563 quatuor
946 1492 1220 1548 elementa
1256 1506 1355 1561 per
1395 1506 1517 1561 quae
1550 1500 1770 1549 constat

190 1583 352 1651 homo,
389 1595 485 1639 aut
527 1593 760 1655 quatuor
785 1584 1007 1639 ordines
1046 1584 1352 1654 Evangelii,
1394 1594 1491 1650 aut
1534 1592 1768 1653 quatuor

194 1679 401 1735 virtutes
430 1679 650 1746 animm,
683 1679 736 1734 id
762 1687 848 1734 est
878 1697 891 1732 :
936 1678 1221 1745 fortitudo,
1260 1679 1496 1748 juSIitia,
1531 1679 1767 1749 pruden-

198 1773 281 1836 tia,
318 1782 371 1826 et
407 1771 792 1841 temperantia.
838 1771 1128 1826 Fortitudo
1172 1781 1256 1826 est
1305 1785 1546 1841 pugnare
1575 1781 1767 1825 contra

1858 560 2042 630 Legis,
2077 562 2192 617 sive
2220 563 2584 633 prophetiam.
2616 566 2855 621 Concidit
2884 567 3177 639 lapidibus,
3207 567 3451 624 ostendit

1858 654 2114 722 populum
2146 656 2393 725 gentium
2426 655 2743 712 adorantem
2777 656 3007 727 lapides.

1931 745 2107 801 Homo
2156 747 2374 811 sedens,
2410 750 2640 801 vestitus
2685 748 2751 801 ad
2801 748 2965 803 ﬁdem
3008 748 3162 815 Jesu,
3217 746 3458 803 ostendit

1859 838 2115 893 vestitum
2140 839 2267 903 fide,
2297 838 2672 907 etcharitate;
2707 856 2838 895 sana
2864 850 3067 908 mente,
3099 842 3151 896 id
3179 850 3285 908 est,
3318 858 3453 911 pura

1860 941 2021 1002 atque
2042 934 2253 988 sincera
2277 945 2478 990 mente.
2511 934 2832 1006 Erogaverat
2864 938 3203 992 substantiam
3224 954 3372 992 suam
3400 939 3449 993 in

1860 1028 2092 1091 medicis,
2128 1028 2179 1082 id
2198 1038 2302 1093 est,
2328 1028 2451 1098 quia
2476 1038 2644 1084 totam
2670 1029 2853 1096 ﬁdem,
2883 1040 2939 1085 et
2964 1032 3455 1087 conversationem.

1862 1132 1917 1176 et
1946 1137 2100 1191 spem
2131 1136 2283 1177 suam
2332 1123 2387 1176 in
2423 1122 2765 1193 philosophis
2793 1134 3070 1194 posuerat.
3106 1124 3254 1178 Misit
3291 1124 3458 1189 binos,

1864 1216 2103 1272 ostendit
2144 1217 2253 1271 duo
2283 1216 2653 1282 TeStamenta,
2704 1227 2763 1272 ut
2799 1218 2994 1273 eadem
3028 1218 3225 1288 ubique
3256 1218 3460 1288 pracdi—

1864 1320 1990 1365 cent
2014 1328 2027 1363 :
2050 1310 2299 1365 similiter
2324 1318 2381 1365 et
2400 1311 2524 1381 quia
2555 1311 2796 1367 charitas
2827 1313 2881 1365 in
2910 1312 3090 1366 minus
3118 1311 3331 1367 duobus
3352 1328 3461 1367 non

1865 1404 2134 1460 consistit.
2169 1403 2274 1459 Per
2300 1404 2530 1474 virgam,
2562 1404 3019 1470 consolationem,
3062 1404 3178 1460 sive
3217 1405 3463 1475 discipli-

1868 1512 1990 1551 nam
2020 1496 2281 1564 ostendit,
2312 1506 2371 1550 ut
2390 1496 2591 1551 Paulus
2621 1497 2696 1551 ait
2721 1514 2735 1551 :
2774 1495 2916 1564 Quid
2942 1498 3095 1551 vultis
3131 1498 3183 1551 in
3210 1498 3355 1569 virga
3382 1515 3467 1552 oc-

1866 1591 2009 1643 m'am
2040 1590 2108 1642 ad
2136 1606 2244 1655 vos,
2273 1606 2339 1643 an
2365 1591 2419 1643 in
2449 1591 2633 1659 spiritu
2663 1591 3097 1658 mansuetudinis,
3139 1600 3187 1644 et
3227 1593 3466 1645 consola-

1869 1682 2059 1735 tionis?
2080 1680 2301 1736 Calciati
2331 1681 2657 1748 sandalibus,
2682 1698 2782 1753 pro
2812 1683 2990 1738 tribus
3016 1683 3221 1750 causis,
3244 1695 3469 1754 propter

1870 1772 2079 1839 Spinas,
2113 1771 2165 1826 id
2198 1784 2304 1839 est,
2336 1789 2435 1843 pro
2466 1774 2796 1843 obligatione
2825 1774 3163 1843 divitiarum,
3196 1776 3281 1831 vel
3311 1776 3465 1830 solli-

202 1866 305 1921 vitia
333 1884 346 1921 :
374 1865 582 1935 justitia
616 1872 704 1921 est
744 1865 974 1935 diligere
1007 1867 1174 1919 Deum
1223 1874 1315 1919 ex'
1340 1875 1453 1918 toto
1495 1862 1682 1929 corde,
1711 1872 1766 1917 et
1796 1862 1843 1922 Β
1872 1865 2114 1920 citudine
2138 1867 2323 1920 saeculi
2358 1886 2369 1919 :
2396 1878 2617 1937 propter
2648 1869 2836 1938 frigus,
2883 1868 2937 1922 id
2968 1877 3075 1935 est,
3128 1884 3226 1939 pro
3255 1868 3463 1939 cupidi-

206 1958 481 2027 proximum
526 1958 666 2011 sicut
704 1957 989 2025 seipsum:
1031 1954 1316 2026 prudentia
1362 1965 1446 2009 est
1481 1954 1766 2022 providere

211 2050 352 2105 futura
382 2067 397 2105 :
422 2051 781 2121 temperantia
810 2057 895 2105 est
920 2051 1065 2103 omni
1092 2050 1185 2103 ira:
1213 2050 1495 2117 imponere
1519 2046 1762 2099 modum.

218 2140 522 2197 Nadarcrunt
562 2150 778 2208 tectum,
824 2140 878 2197 id
911 2151 1017 2206 est,
1052 2140 1339 2196 historiam
1368 2138 1529 2209 Legis
1558 2137 1765 2207 patefa-

216 2235 416 2301 cientes;
443 2235 790 2289 submiserunt
812 2232 1144 2305 grabbatum,
1177 2231 1420 2287 ostendit
1439 2230 1766 2285 denudatam

217 2326 409 2385 litteram
435 2329 621 2400 Legis,
650 2329 1002 2383 manifestum
1033 2341 1254 2382 sensum
1284 2324 1587 2395 Evangelii.

271 2420 504 2494 Prterepit
533 2422 628 2486 eis,
661 2433 718 2475 ut
746 2423 806 2476 in
831 2420 1075 2475 navicula
1102 2420 1199 2474 sibi
1229 2420 1561 2487 deseruirent,
1587 2417 1639 2473 id
1658 2425 1767 2483 est,

221 2514 414 2571 Ecclesia
444 2515 832 2586 prmdicarent.
857 2512 1099 2569 Ascendit
1134 2514 1190 2567 in
1217 2522 1465 2576 montem,
1495 2510 1769 2581 significat

222 2609 549 2664 ascensionem
581 2606 703 2677 ejus
745 2622 871 2663 cum
929 2620 1099 2661 carne
1153 2605 1208 2659 in
1262 2605 1496 2669 caelum;
1548 2613 1767 2669 tonans,

216 2700 422 2757 Christus
462 2710 579 2767 est;
624 2700 718 2756 ﬁlii
764 2700 987 2755 tonitrui
1016 2741 1032 2767 ,
1084 2698 1319 2769 apostoli
1362 2708 1518 2760 sunt;
1564 2698 1765 2765 nubes,

213 2792 481 2863 prophetae;
509 2792 710 2863 pluvia,
739 2791 1051 2862 prmdicatio
1070 2798 1175 2845 est.
1197 2787 1432 2841 Lucerna
1453 2786 1546 2841 sub
1569 2786 1766 2852 modio,

206 2884 245 2940 id
279 2896 373 2952 cst,
426 2885 521 2955 qui
551 2900 653 2955 pro
679 2885 981 2957 cupiditate
1024 2881 1212 2939 szeculi
1238 2881 1439 2937 docet:
1472 2880 1573 2935 sub
1600 2880 1765 2947 lecto,

202 2978 242 3034 id
264 2988 360 3045 est,
389 2978 726 3055 obscuritate
756 2977 1209 3048 delinquentium.
1236 2973 1362 3029 Non
1391 2984 1467 3027 est
1498 2971 1774 3026 abscondi-

195 3080 304 3134 ιω,
326 3070 471 3142 quod
494 3086 601 3124 non
627 3070 1025 3142 manifestetur;
1050 3066 1265 3123 occulta
1289 3066 1410 3137 lege
1435 3064 1769 3131 Judteorum,

193 3181 293 3237 qua
318 3164 673 3221 manifestata
702 3172 786 3219 est
811 3162 1084 3235 gentibus.
1133 3161 1310 3217 Homo
1340 3159 1432 3230 qui
1460 3157 1771 3223 seminavit,

1870 1966 1979 2012 tate
2029 1961 2225 2013 mentis
2272 1971 2368 2013 aut
2400 1961 2720 2015 infidelitate
2754 1980 2766 2013 :
2800 1972 3021 2031 propter
3052 1975 3362 2030 serpentes,
3414 1962 3468 2018 id

1871 2060 1975 2113 est,
2008 2063 2106 2118 pro
2136 2050 2434 2117 cupiditate
2462 2050 2663 2104 mentis
2705 2061 2798 2104 aut
2841 2051 3168 2107 infidelitate
3202 2070 3216 2105 :
3246 2064 3469 2124 propter

1869 2145 2178 2208 serpentes,
2215 2138 2266 2191 id
2300 2148 2408 2205 est,
2450 2149 2676 2209 prepter
2707 2140 3010 2195 doctrinam
3057 2142 3468 2199 bmreticorum.

1872 2231 1997 2285 Non
2022 2232 2223 2285 duabus
2253 2232 2467 2299 tunicis,
2514 2232 2567 2287 id
2599 2240 2704 2298 est,
2757 2249 2864 2288 non
2909 2234 3074 2305 dupla
3124 2246 3329 2299 mente,
3366 2254 3468 2291 nec

1872 2326 2149 2381 dubietate
2182 2328 2325 2378 inter
2360 2325 2545 2392 ﬁdem,
2603 2336 2658 2379 et
2698 2326 3095 2395 inﬁdelitatem,
3141 2345 3250 2382 non
3299 2328 3466 2399 dupla

1871 2418 2070 2474 fiducia
2096 2420 2147 2472 in
2177 2433 2317 2473 novo
2344 2430 2435 2473 aut
2464 2418 2518 2473 in
2542 2421 2738 2476 veteri.
2778 2420 2898 2478 Non
2925 2423 3067 2477 sicut
3093 2423 3464 2495 simulatores,

1872 2510 1964 2581 qui
1990 2512 2059 2566 ab
2084 2509 2392 2565 hominibus
2418 2510 2632 2567 Iaudem
2648 2523 2927 2583 qumrunt;
2954 2530 3050 2585 per
3070 2531 3285 2573 ccenam
3302 2532 3467 2587 quam

1872 2618 1981 2656 non
2032 2602 2382 2673 subsequitur
2427 2592 2755 2673 prandium,
2808 2609 3207 2663 consummatio
3256 2608 3465 2675 surculi,

1872 2696 2017 2767 quod
2048 2698 2301 2752 veniente
2327 2696 2548 2752 Christo
2577 2700 3102 2755 consummationem
3125 2714 3282 2756 suam
3310 2700 3470 2755 vidit.

1871 2788 1995 2842 1am
2014 2790 2260 2860 prazteriit
2289 2787 2441 2858 hora,
2490 2790 2542 2845 id
2582 2800 2687 2857 est,
2721 2790 2905 2847 littera
2954 2793 3141 2863 Legis,
3195 2792 3339 2848 unde
3371 2792 3467 2858 ait,

1872 2889 2044 2933 vetera
2075 2882 2419 2950 transierunt,
2443 2889 2491 2935 et
2510 2898 2626 2936 ecce
2648 2884 2789 2954 facta
2817 2894 2938 2938 sunt
2968 2901 3120 2941 nora.

1948 2970 2123 3025 Naves
2148 2973 2208 3025 in
2236 2973 2408 3025 medio
2435 2974 2617 3038 maris,
2651 2973 2703 3028 id
2733 2984 2835 3042 est,
2868 2974 3115 3031 Ecclesia
3145 2976 3197 3031 in
3239 2976 3470 3032 ﬂuctua-

1875 3062 2025 3118 tione
2056 3063 2260 3118 mundi.
2308 3064 2471 3119 Jesus
2512 3066 2741 3120 solusin
2786 3082 2959 3136 mare,
3005 3068 3276 3139 significat
3320 3070 3470 3126 solus

1878 3164 2035 3211 natus
2070 3157 2124 3210 in
2157 3164 2301 3211 terra
2328 3156 2448 3211 sine
2479 3166 2658 3225 tactu;
2686 3171 2882 3215 ventus
2912 3161 3242 3230 contrarius,
3283 3172 3472 3217 osten-

193 3260 412 3316 ostendit
438 3258 767 3314 doctorem:
799 3257 944 3328 quod
974 3254 1291 3320 seminavit,
1323 3252 1374 3308 id
1408 3260 1512 3318 est,
1543 3252 1769 3307 verbum
1797 3257 1840 3315 ς
1873 3250 1951 3305 dit
1982 3249 2417 3320 persecutionem
2457 3251 2658 3307 diaboli
2689 3265 2807 3324 post
2847 3255 3225 3311 ascensionem
3262 3255 3468 3311 Christi

198 3352 451 3417 divinum;
488 3351 545 3405 in
569 3360 738 3415 terra,
769 3351 821 3404 in
843 3347 1013 3405 corde
1041 3345 1357 3407 hominum;
1380 3343 1765 3410 dormientem,

199 3443 247 3499 id
269 3454 358 3507 est.
384 3444 762 3508 nescientem;
796 3456 893 3511 per
923 3451 1140 3496 noctem
1161 3480 1177 3504 ,
1216 3438 1622 3504 adversitatem,
1656 3437 1771 3491 sive

194 3534 547 3605 ignorantiam
577 3533 847 3599 ostendit;
881 3548 978 3603 per
999 3532 1149 3588 diem
1175 3545 1307 3586 vero
1328 3530 1769 3601 prosperitatem,

188 3632 291 3685 sive
318 3628 695 3702 ignorantiam
724 3627 1003 3693 ostendit;
1038 3642 1133 3696 per
1162 3625 1305 3682 diem
1335 3639 1467 3680 vero
1495 3622 1773 3694 prosperi-

184 3732 340 3779 tatem
367 3764 385 3789 ,
430 3722 556 3777 sive
584 3720 871 3775 scientiam
905 3717 1179 3783 ostendit;
1215 3732 1311 3787 per
1332 3730 1575 3786 germen,
1621 3729 1772 3771 com-

180 3814 533 3887 ponctionem
551 3810 733 3869 cordis
754 3852 770 3877 ,
804 3826 901 3884 per
929 3809 1179 3876 herbam,
1208 3809 1371 3865 ﬁdem
1397 3824 1656 3879 operum;
1681 3824 1775 3876 per

177 3908 410 3980 spicam,
441 3905 842 3978 perfectionem
874 3902 1241 3975 operationis;
1278 3902 1497 3971 plenum
1539 3900 1774 3955 fructum

181 4000 233 4055 in
281 4002 465 4072 spica,
511 3995 750 4053 ostendit
795 3992 1324 4051 consummationem
1368 4007 1633 4063 operum:
1681 4006 1777 4062 per

184 4092 403 4159 falcem,
429 4088 733 4160 amputatio
779 4088 1070 4160 prmsentis
1090 4087 1263 4158 _vit:e,
1294 4094 1351 4140 et
1378 4083 1776 4139 consummatio

186 4185 393 4241 saeculi.

256 4277 536 4332 Dimittens
557 4275 760 4330 turbam
775 4272 1104 4340 Iudaeorum,
1132 4271 1258 4325 abiit
1282 4271 1339 4324 in
1365 4285 1566 4336 navem,
1593 4267 1646 4324 id
1670 4276 1775 4337 est,

193 4369 244 4425 in
288 4369 592 4427 Ecclesium
644 4382 711 4423 ex
762 4365 1038 4437 gentibus.
1090 4364 1229 4419 Aliae
1274 4378 1441 4419 naves
1470 4371 1778 4419 erantcum

1874 3342 1933 3398 in
1962 3342 2259 3412 apostolos.
2295 3342 2476 3397 Voluit
2504 3350 2770 3413 prteterire
2812 3363 2920 3413 eos,
2950 3347 3191 3403 ostendit
3236 3347 3305 3403 ad
3337 3364 3467 3419 pro-

1874 3435 2086 3491 bandos
2114 3450 2233 3490 eos.
2274 3434 2608 3490 Genesareth
2655 3446 2868 3507 portum
2918 3448 3103 3509 aptum
3146 3440 3472 3510 interpreta-

1875 3534 1985 3582 tur.
2019 3525 2156 3580 Abiit
2185 3526 2241 3579 in
2264 3535 2436 3596 partes
2466 3526 2593 3598 Tyri
2620 3538 2669 3583 et
2701 3528 2950 3601 Sydonis,
2987 3532 3039 3586 id
3078 3541 3182 3600 est,
3222 3534 3291 3589 ad
3333 3548 3469 3605 gen-

1878 3629 1992 3685 tes;
2014 3619 2275 3688 ingressus
2300 3620 2354 3673 in
2380 3621 2554 3688 domo,
2589 3622 2642 3676 id
2674 3635 2777 3692 est,
2810 3625 2864 3680 in
2893 3625 3175 3681 mundum.

1952 3710 2225 3766 Neminem
2247 3712 2407 3766 voluit
2434 3715 2585 3781 scire,
2635 3717 2875 3773 ostendit
2918 3718 3299 3774 humilitatem.
3345 3718 3471 3774 Non

1876 3804 2048 3877 potuit
2076 3802 2260 3875 latere,
2296 3803 2350 3859 id
2379 3816 2481 3873 est,
2513 3807 2638 3877 quia
2668 3823 2831 3879 opera
2873 3810 2992 3879 ejus
3030 3810 3313 3865 manifesta
3343 3823 3472 3866 sunt

1878 3913 2119 3967 semper.
2152 3896 2256 3952 Per
2282 3898 2563 3953 mulierem
2595 3899 2909 3970 intelligitur
2954 3901 3229 3971 primitiva
3276 3903 3473 3959 Eccle-

1878 3991 1979 4045 sia.
2030 3988 2271 4043 Procidit
2317 3998 2437 4044 ante
2480 3991 2635 4062 pedes
2680 3989 2831 4059 Iesu,
2885 3993 3117 4063 apostoli
3164 4004 3313 4063 sunt,
3363 3997 3475 4049 sine

1881 4082 2025 4152 prius
2070 4089 2309 4136 saturare
2356 4082 2516 4149 ﬁlios,
2571 4082 2623 4137 id
2654 4093 2758 4153 est,
2790 4083 3030 4153 Judaaos,
3085 4095 3144 4140 ut
3171 4087 3474 4158 percipiant

1878 4172 2137 4230 mandata
2167 4174 2307 4247 legis
2344 4174 2663 4245 Evangelii:
2694 4185 2751 4229 et
2778 4176 2824 4231 si
2849 4175 3074 4247 indigne
3109 4176 3475 4247 iudicaverint

1881 4282 2113 4339 regnum
2161 4267 2293 4333 Dei,
2339 4275 2468 4321 tunc
2515 4266 2789 4337 accipiant
2830 4277 3023 4339 gentes
3052 4269 3212 4325 illud.
3266 4268 3475 4324 Invenit

1882 4358 2386 4431 puellamjucentem
2433 4375 2595 4429 super
2619 4360 2831 4427 lectum,
2862 4360 2919 4416 id
2962 4368 3065 4429 est,
3115 4362 3321 4419 invenit
3350 4376 3474 4418 eam

199 4464 307 4531 illo,
336 4466 388 4521 id
417 4473 525 4533 est,
546 4462 781 4519 diversm
804 4460 1068 4516 Ecclesim
1092 4458 1468 4515 haereticorum
1501 4475 1514 4513 :
1540 4472 1636 4527 per
1657 4471 1782 4527 pro-
1882 4456 1939 4511 in
1976 4454 2208 4526 pristino
2238 4462 2265 4491 ι
2297 4455 2547 4525 corporis
2590 4455 2696 4509 sui.
2729 4455 2837 4510 Per
2873 4453 3097 4511 surdum
3141 4467 3197 4512 et
3242 4464 3473 4525 mutum,

205 4560 386 4614 cellam
416 4558 586 4626 venti,
615 4555 859 4612 ostendit
900 4553 1306 4625 persecutiones
1335 4560 1526 4606 contra
1557 4548 1774 4614 ﬁdeles;

1891 4548 2135 4604 ostendit
2160 4550 2460 4603 humanum
2482 4561 2690 4619 genus;
2721 4547 2918 4603 surdus
2944 4558 3063 4604 erat
3100 4550 3192 4621 qui
3233 4565 3342 4606 non
3382 4566 3481 4607 au-

209 4651 394 4709 ﬁuctns
418 4652 682 4719 mittebat,
718 4658 778 4706 ut
800 4648 1123 4719 impleretur
1153 4644 1336 4714 navis,
1378 4642 1617 4698 ostendit
1659 4656 1783 4712 per-
1808 4650 1864 4712 ι)
1887 4642 2071 4698 diebat
2099 4642 2355 4696 mandata
2378 4642 2507 4707 Dei;
2540 4655 2642 4697 nec
2668 4641 2853 4697 dicere
2877 4641 3097 4698 valebat
3122 4652 3326 4710 mutus,
3354 4644 3481 4715 quia

212 4748 531 4803 secutionem
552 4744 892 4808 Antichristi,
926 4757 1024 4797 seu
1047 4738 1422 4802 saevissimam,
1439 4745 1499 4791 ut
1519 4750 1691 4806 prope
1712 4735 1779 4790 ad

212 4842 536 4910 negationem
566 4838 787 4894 veniant
816 4833 973 4891 multi
1002 4852 1016 4888 :
1050 4833 1228 4887 dilecti
1269 4849 1300 4885 a
1339 4829 1485 4897 Deo,
1529 4843 1784 4900 perseve-

212 4942 325 4987 rant
355 4933 409 4988 in
434 4933 560 4989 ﬁde.
615 4930 867 4987 Dormire
913 4928 1190 4983 Christum
1223 4926 1274 4980 in
1306 4939 1507 4995 puppe,
1553 4922 1787 4977 ostendit

209 5029 573 5097 probationem
593 5026 834 5083 ﬁdelium
857 5025 911 5081 in
944 5024 1346 5095 persecutione.
1376 5020 1624 5075 Excitant
1646 5035 1785 5087 eum,

206 5118 259 5173 id
287 5131 391 5187 est,
423 5122 674 5177 invocant
702 5134 826 5175 eum
857 5118 909 5173 in
952 5115 1351 5188 persecutione,
1378 5114 1432 5169 in
1455 5112 1785 5182 adjutorium

203 5211 327 5268 sibi.
365 5210 529 5269 Facta
558 5220 634 5268 est
674 5209 1025 5282 tranquillitas
1055 5225 1269 5282 magna,
1304 5206 1356 5262 id
1383 5214 1486 5274 est,
1519 5215 1641 5275 post
1667 5218 1789 5275 per-

202 5308 533 5362 secutionem
565 5304 910 5371 Antichristi,
943 5312 999 5360 et
1027 5310 1153 5374 post
1174 5299 1649 5357 resurrectionem.
1683 5296 1791 5352 Ho-

205 5413 295 5453 mo
323 5399 531 5457 habens
566 5398 820 5469 spiritum
869 5396 1230 5461 immundum,
1286 5393 1557 5465 signiﬁcat
1602 5391 1794 5445 huma-

204 5504 334 5547 num
383 5506 586 5565 genus;
620 5500 848 5562 _catenas
901 5489 1251 5561 disrumpens,
1308 5484 1551 5542 ostendit
1600 5492 1793 5556 gentes

204 5590 627 5656 pravaricantes
670 5586 849 5657 legem
892 5592 1105 5641 natura
1152 5597 1268 5641 suae
1298 5598 1314 5639 :
1343 5582 1459 5639 sive
1489 5578 1790 5637 doctrinam

1887 4733 2284 4793 confessionem
2316 4734 2491 4789 laudis
2540 4732 2774 4789 reddere
2812 4747 2923 4789 non
2970 4733 3211 4805 valebat,
3265 4744 3321 4792 et
3350 4749 3483 4791 con-

1888 4836 2183 4893 fessionem
2211 4834 2338 4890 ﬁdei
2364 4850 2475 4889 non
2512 4833 2764 4889 habebat.
2809 4832 3004 4891 Educit
3031 4852 3148 4892 eum
3186 4845 3332 4893 castra
3375 4847 3487 4891 tur-

1891 4939 2029 5007 bam,
2078 4936 2317 4993 ostendit
2342 4945 2609 4992 remotam
2651 4936 2845 5004 vitam,
2901 4936 3029 5009 quia
3077 4937 3131 4993 in
3179 4935 3485 4993 remotione

1891 5058 2111 5114 semper
2153 5042 2438 5112 cognoscit
2471 5040 2635 5095 homo
2685 5040 2985 5096 caecitatem
3017 5048 3360 5111 peccatorum
3414 5038 3487 5094 ad

1892 5147 2176 5218 pristinam
2206 5142 2676 5198 conversationem
2706 5141 2865 5197 bona:
2893 5148 3121 5197 naturae.
3171 5136 3317 5194 Misit
3354 5138 3491 5212 digi-

1899 5259 1976 5307 tos
2000 5252 2055 5305 in
2081 5265 2257 5315 aures,
2277 5247 2457 5304 cordis
2479 5246 2598 5318 ejus
2628 5263 2641 5300 :
2665 5254 2716 5300 et
2759 5244 2962 5315 aperuit
2990 5259 3045 5297 os
3070 5241 3209 5317 ejus,
3256 5239 3314 5297 in
3359 5256 3493 5299 con-

1898 5357 2135 5413 fcssione
2166 5354 2315 5411 ﬁdei.
2346 5352 2649 5426 Suspiciens
2678 5350 2731 5404 in
2761 5347 2912 5416 cmlo,
2952 5345 3193 5404 ostendit
3218 5356 3278 5405 ut
3305 5360 3496 5405 omnes

1903 5459 2093 5519 laudes
2123 5458 2237 5514 Deo
2261 5456 2533 5513 referrent
2558 5470 2571 5507 :
2602 5452 2868 5524 ingemuit,
2894 5447 2947 5504 id
2976 5457 3083 5521 est,
3128 5463 3229 5521 pro
3258 5450 3499 5523 peccatis

1904 5566 2122 5641 generis
2148 5563 2406 5631 humani,
2437 5576 2559 5633 qua:
2586 5560 2640 5616 in
2670 5553 2876 5615 mundo
2918 5554 3251 5613 eminebant.
3301 5553 3497 5622 Aliter,

277 5801 309 5830 ι
350 5790 509 5851 Nullo
544 5788 772 5863 negotio
796 5787 1052 5863 suppleas
1081 5794 1255 5854 statu,
1286 5792 1381 5843 aut
1412 5781 1543 5856 quid
1584 5779 1783 5840 simile.
1815 5774 1982 5839 Nobis
2002 5774 2147 5849 quod
2184 5772 2409 5832 vacabat
2447 5771 2502 5830 in
2544 5767 2797 5844 originali
2834 5766 3100 5841 spatium,
3138 5760 3358 5835 explere
3396 5774 3506 5823 non

205 5860 393 5922 libuit.

3175 5974 3191 6007 Ι
