3970 6304
550 280 663 343 563

1598 271 1655 329 S.
1700 266 2081 326 ilIERONYMl
2121 264 2405 323 OPERUM
2444 262 2805 326 MANTISSA.

3680 280 3757 342 ὅθι

556 407 617 455 ιιι
645 395 953 466 exemplum
981 394 1137 450 daret
1172 391 1350 461 ηοδίεν
1403 398 1465 446 ιη
1513 403 1636 445 cum
1667 384 2157 459 ευβριίοθιίοηίδυε
2186 388 2230 446 Α
2262 402 2323 462 et
2357 405 2447 461 alii
2478 421 2507 460 a
2535 422 2707 477 regno
2731 404 3195 471 Dei,disturbent.
3236 406 3333 465 Per
3359 424 3551 469 vermes
3575 420 3761 476 ostendit

566 503 823 561 rogemus
850 487 1039 541 Deum.

635 584 740 639 Per
782 596 989 635 caecum
1040 594 1213 650 genus
1265 580 1559 633 humanum
1609 574 1892 633 ostendit:
1930 574 2021 646 qui
2064 573 2162 626 ad-

565 678 831 729 duxerunt
861 689 981 727 eum
1025 673 1094 727 ad
1123 673 1323 736 Iesum,
1373 669 1612 726 ostendit
1639 669 1911 725 doctores.
1963 667 2163 738 Appro-

566 770 725 821 [tensa
753 784 931 833 ntauu,
966 764 1018 819 id
1048 773 1154 830 est,
1196 763 1345 820 dedit
1373 762 1767 833 Operationem.
1801 758 2002 812 Eduau't
2043 773 2160 810 eum

568 872 713 916 extra
742 862 929 925 vicum,
984 859 1226 913 ostendit
1274 859 1636 913 remotionem
1683 850 2161 921 contemplationis

568 956 714 1019 vitm,
745 955 861 1009 sive
889 962 1040 1009 extra
1068 954 1352 1024 pristinam
1368 949 1864 1007 conversationem.
1887 946 2160 1018 Exspuens

565 1048 618 1100 in
643 1044 843 1113 oculos,
901 1062 995 1115 per
1023 1055 1262 1117 sputum,
1294 1042 1714 1100 incarnationem
1739 1038 1940 1094 Christi
1980 1046 2161 1092 osten-

563 1140 662 1205 dit,
692 1155 787 1210 per
812 1154 973 1210 quam
1008 1138 1341 1194 illuminatus
1368 1146 1451 1192 est
1477 1150 1648 1206 genus
1678 1133 1969 1188 humanum
2000 1146 2016 1185 :
2058 1131 2160 1184 im-

563 1233 746 1299 positis
795 1230 1063 1299 manibus,
1127 1229 1179 1285 id
1235 1237 1349 1294 est,
1411 1225 1560 1283 dedit
1596 1223 1926 1296 adjutorium
1972 1236 2164 1293 opera-

562 1325 747 1380 tionis.

643 1417 805 1471 Video
833 1417 1065 1471 homines
1108 1415 1242 1470 velut
1283 1415 1525 1480 arbores,
1566 1410 1655 1467 hic
1693 1407 1932 1465 ostendit
1971 1420 2163 1461 exem-

560 1511 709 1582 plum
742 1510 1085 1579 humilitatis,
1120 1518 1179 1564 ut
1204 1509 1383 1563 nullus
1408 1505 1700 1563 extollatur
1730 1502 1799 1559 de
1820 1500 2111 1556 virtutibus
2142 1538 2158 1562 ,

560 1608 659 1664 sed
692 1607 962 1662 minorem
992 1616 1047 1662 et
1080 1605 1397 1661 inferiorem
1452 1617 1513 1658 se
1565 1601 1841 1657 existimet
1885 1595 2160 1677 omnibus.

561 1698 761 1755 lterum
794 1701 1040 1772 imposuit
1070 1714 1253 1753 manus
1296 1712 1450 1765 super
1492 1695 1666 1749 oculos
1695 1710 1714 1748 :
1744 1702 1792 1749 et
1814 1693 1981 1764 aperti
2006 1700 2123 1744 sunt
2145 1730 2161 1755 ,

2271 512 2395 553 sero
2434 497 2797 567 pmnitentes,
2846 512 3063 569 semper
3093 498 3328 554 comedit
3367 500 3500 555 illum
3541 504 3585 557 in
3611 521 3759 575 pretia,

2269 592 2393 660 quia
2439 590 2566 645 dum
2613 592 2849 660 spatium
2895 590 3086 645 habuit
3132 606 3237 646 non
3288 594 3584 651 emendavit.
3620 598 3763 656 Omnis

2266 684 2391 753 igne
2412 684 2638 739 salietur
2668 703 2679 736 :
2707 699 2803 753 per
2828 684 3006 754 ignem
3036 687 3284 740 accensio
3306 686 3519 756 Spiritus
3540 692 3681 745 sancti
3704 694 3764 747 iu-

2268 776 2554 845 telligitur,
2591 776 2717 846 quia
2742 778 2883 831 sicut
2913 779 3093 831 omnis
3124 793 3251 831 caro
3280 780 3427 847 periit
3452 780 3554 834 sine
3571 784 3688 839 sale.
3714 787 3766 839 ita

2266 878 2322 922 et
2361 869 2537 923 omnis
2580 868 2745 922 homo
2792 869 2913 924 sine
2951 869 3182 923 scicntia
3222 871 3363 925 verbi
3394 871 3480 925 Dei
3515 872 3759 930 infatuetur.

2268 962 2464 1017 llabete
2491 964 2651 1017 salem
2679 964 2733 1017 in
2762 964 2900 1017 vobis
2918 1004 2932 1027 ,
2960 962 3013 1017 id
3044 971 3161 1028 est,
3187 963 3377 1019 habete
3402 964 3682 1033 sapientiam
3697 968 3765 1024 Dei

2268 1055 2320 1108 in
2352 1055 2527 1109 vobis.
2572 1054 2792 1108 Veniunt
2828 1055 2878 1108 in
2906 1054 3095 1124 ﬁnibus
3125 1052 3313 1121 ludar,
3342 1055 3561 1111 ostendit
3584 1056 3629 1111 in
3657 1058 3763 1113 lutu-

2264 1162 2383 1203 rum
2413 1162 2733 1203 reversuros
2766 1147 2832 1201 ad
2866 1146 3025 1202 iidem
3054 1146 3257 1202 Christi
3290 1145 3521 1202 Jud’mos.

2342 1239 2496 1308 Ultra
2522 1238 2828 1304 Iordanem,
2863 1238 2914 1293 id
2940 1248 3057 1305 est,
3100 1238 3167 1292 ad
3197 1239 3416 1309 gratiam
3444 1238 3682 1309 baptismi.
3702 1241 3768 1294 Si-

2266 1334 2372 1389 nite
2404 1332 2645 1401 parvulos
2682 1335 2855 1387 venire
2884 1334 2953 1386 ad
2982 1348 3096 1396 me,
3131 1331 3219 1386 hic
3257 1332 3455 1403 parvuli
3501 1334 3775 1401 tenentligu-

2267 1441 2383 1481 ram
2429 1426 2670 1497 gentium
2720 1425 3030 1495 :discipuli
3054 1424 3147 1495 qui
3179 1424 3561 1496 prohibebant,
3603 1425 3773 1496 ﬁguram

2269 1528 2459 1575 tenent
2498 1519 2831 1573 Judaeorum.
2875 1516 3125 1572 Camelos
3163 1532 3262 1588 per
3302 1516 3533 1572 foramen
3571 1531 3680 1571 acus
3702 1532 3775 1570 non

2268 1626 2431 1682 posse
2456 1612 2708 1677 transire,
2740 1610 2843 1665 nisi
2872 1609 3134 1679 depositis
3162 1609 3416 1665 oneribus
3439 1608 3541 1662 :sic
3560 1618 3609 1663 et
3629 1606 3772 1669 Judazi,

2269 1706 2373 1760 nisi
2391 1705 2636 1775 deposito
2655 1719 2822 1761 onere
2836 1712 3202 1775 peccatorum,
3225 1702 3336 1759 sive
3352 1703 3565 1770 divitiis,
3586 1719 3674 1757 non
3690 1719 3777 1773 pus-

568 1792 807 1849 ostendit
838 1794 961 1863 quia
992 1792 1204 1861 aperuit
1233 1789 1398 1845 corda
1440 1786 1722 1843 hominum
1756 1826 1771 1851 ,
1818 1794 1875 1840 ut
1913 1783 2164 1840 viderent
2195 1780 2243 1842 Β
2268 1806 2397 1854 sum
2424 1798 2628 1853 intrare
2661 1800 2714 1851 in
2766 1812 2991 1866 regnum
3037 1796 3155 1851 Dei,
3190 1796 3331 1864 Quid
3372 1796 3613 1866 relinquit
3637 1796 3780 1851 penus

566 1886 854 1941 scientiam
881 1884 981 1939 Dei
1008 1884 1179 1950 clare,
1204 1892 1261 1938 et
1282 1882 1400 1937 sine
1421 1881 1588 1935 dubio
1615 1877 1907 1934 crederent
1949 1894 1965 1931 :
2016 1876 2164 1930 resti-

566 1988 705 2034 tutus
734 1988 829 2041 est.
862 1978 915 2033 id
939 1987 1045 2045 est,
1078 1978 1133 2033 in
1163 1975 1327 2032 bonis
1353 1974 1630 2045 operibus.

642 2070 787 2127 Misit
820 2072 967 2126 illum
994 2072 1049 2124 in
1080 2071 1291 2124 domum
1321 2086 1492 2133 suam,
1524 2068 1575 2123 id
1610 2076 1694 2121 est
1725 2108 1740 2132 ,
1789 2064 2066 2121 revocavit
2096 2064 2162 2118 il-

574 2167 683 2221 lum
742 2165 811 2221 ad
864 2166 1157 2236 pristinum
1213 2162 1501 2218 mundanae
1565 2173 1816 2217 naturae:
1874 2157 2163 2215 descensio

564 2259 767 2315 ChriSti
793 2259 860 2314 de
891 2268 1100 2326 monte,
1126 2256 1371 2312 ostendit
1396 2256 1515 2325 ejus
1536 2253 1948 2310 descensionem
1991 2267 2023 2306 e
2053 2266 2164 2307 caa-

567 2353 658 2407 lis.
688 2352 787 2407 Hic
817 2352 1071 2422 discipuli
1102 2350 1351 2406 ordinem
1395 2358 1587 2405 tenent
1634 2348 2030 2417 prophetarum
2069 2346 2162 2403 vel

567 2444 1025 2515 patriarcharum.
1064 2444 1107 2498 Τ
1112 2444 1251 2498 urbm
1278 2442 1591 2513 inquirentes
1620 2443 1685 2495 ab
1713 2442 1786 2495 eis
1811 2482 1826 2507 ,
1868 2440 2163 2495 adventum

567 2537 764 2593 Christi
789 2538 1027 2592 ostendit
1074 2554 1086 2588 :
1122 2536 1264 2606 quod
1310 2535 1483 2589 turbae
1512 2534 1685 2603 legem
1725 2548 1757 2587 a
1802 2531 2080 2602 prophetis
2109 2542 2164 2586 et

567 2631 898 2701 patriarchis
924 2628 1338 2701 conquirebant.
1369 2627 1682 2683 Salutabunt
1707 2642 1821 2679 eum
1848 2666 1863 2689 ,
1903 2625 1991 2680 hic
2011 2625 2163 2681 salu-

568 2735 677 2780 tem
707 2740 806 2795 pro
837 2725 1140 2780 humilitate
1168 2722 1443 2793 intelligit.
1472 2723 1573 2790 Qui
1599 2720 1772 2775 attulit
1793 2722 1963 2789 ﬁlium
1982 2737 2158 2787 suum,

567 2819 813 2873 ordinem
840 2828 990 2875 tenet
1017 2818 1501 2890 patriarcharum:
1548 2818 1692 2872 Illius
1737 2831 1910 2886 genus
1962 2815 2158 2871 buma-

565 2929 697 2983 num
729 2913 970 2969 ostendit
1010 2931 1024 2967 :
1067 2928 1163 2983 per
1206 2928 1457 2982 spumam
1506 2912 1817 2981 superbiam
1873 2910 2155 2967 ostendit:

572 3023 671 3079 per
711 3008 1001 3063 stridorem
1050 3007 1293 3063 dentium
1323 3047 1339 3069 .
1396 3023 1492 3076 per
1530 3022 1785 3062 arescere
1812 3048 1828 3073 ,
1874 3006 2160 3061 avaritiam

564 3100 823 3154 ostendit.
858 3099 1121 3171 Discipuli
1151 3117 1251 3154 non
1281 3108 1559 3171 potuerunt
1585 3114 1770 3153 curare
1801 3099 1835 3154 :‘
1868 3097 1959 3153 hic
1998 3098 2161 3154 disci-

2268 1890 2361 1961 qui
2404 1888 2581 1955 dixit,
2631 1888 2745 1943 Nos
2808 1891 2980 1943 omnia
3021 1887 3407 1958 relinquimus?
3440 1886 3650 1942 ostendit
3693 1887 3781 1955 quia

2267 1981 2497 2038 multum
2529 1980 2789 2051 relinquit
2819 1981 3015 2045 homo,
3038 1983 3129 2052 qui
3159 1982 3509 2051 semetipsum
3548 1980 3781 2048 postponit.

2272 2075 2545 2132 Prwcedat
2575 2093 2678 2143 eos,
2711 2074 2765 2130 id
2792 2083 2904 2141 est,
2935 2074 3210 2146 praecedat
3239 2090 3367 2129 oves
3394 2088 3515 2129 suas
3540 2073 3782 2141 exemplis:

2270 2185 2369 2241 per
2397 2169 2665 2235 calicem,
2707 2168 2950 2224 ostendit
2998 2168 3349 2238 passionem;
3381 2182 3473 2237 per
3498 2165 3783 2233 baptismum,

2270 2263 2769 2323 mortiﬁcationem.
2800 2261 2914 2317 sive
2944 2260 3388 2317 dormitationem
3410 2257 3658 2315 Ecclesiae.
3676 2255 3787 2312 Sicut

2269 2354 2441 2410 Adam
2473 2368 2572 2424 per
2603 2354 2704 2409 tria
2736 2356 3002 2424 peccavit,
3034 2352 3087 2408 id
3112 2364 3218 2419 est,
3244 2352 3561 2422 concupivit,
3591 2348 3788 2419 prevari-

2268 2450 2430 2515 cavit,
2464 2448 2700 2519 superbe
2728 2449 2840 2519 egit
2872 2465 2887 2503 :
2920 2449 2997 2503 ita
3025 2458 3081 2503 et
3112 2448 3365 2503 Christus
3401 2457 3506 2501 tres
3532 2444 3636 2498 dies
3651 2442 3729 2496 fuit
3749 2441 3786 2493 in

2269 2544 2523 2615 sepulcro
2557 2562 2570 2598 :
2618 2543 2876 2599 similiter
2916 2553 2973 2597 et
3018 2542 3254 2612 proinde
3297 2554 3377 2595 ter
3406 2540 3644 2608 mergitur
3668 2537 3788 2589 homo

2267 2637 2370 2692 sub
2399 2636 2544 2692 unda
2567 2637 2824 2707 baptismi
2859 2654 2872 2690 :
2907 2636 3052 2690 unde
3083 2636 3157 2689 ait
3187 2636 3481 2703 Apostolus
3508 2652 3521 2686 :
3553 2630 3789 2700 Consepttlti

2267 2730 2404 2783 enim
2446 2745 2625 2783 suntus
2668 2745 2785 2782 cum
2813 2726 3020 2782 Christo
3071 2743 3162 2798 per
3210 2728 3554 2794 baptismum;
3587 2724 3635 2777 in
3670 2731 3790 2775 morte

2265 2821 2401 2875 enim
2429 2822 2593 2891 ipsius
2618 2822 2865 2887 baptizati
2891 2836 3087 2875 sumus.
3113 2821 3219 2888 Qui
3249 2820 3463 2875 voluerit
3496 2818 3546 2871 in
3570 2816 3688 2871 uobis
3708 2814 3789 2883 pri-

2264 2932 2380 2970 mus
2408 2932 2537 2981 esse,
2567 2917 2665 2970 erit
2695 2916 2925 2969 omnium
2952 2930 3125 2969 servus
3157 2930 3175 2969 :
3210 2914 3301 2970 hic
3340 2911 3569 2969 ostendit
3594 2910 3791 2964 ductores

2265 3006 2530 3062 Ecclesia:
2570 3024 2583 3060 :
2631 3020 2810 3063 caecus
2856 3018 3005 3062 tenet
3047 3007 3279 3076 figuram
3324 3006 3575 3078 gentium.
3622 3002 3791 3057 Sedebit:

2256 3101 2417 3171 juxta
2444 3100 2601 3170 uiam,
2631 3099 2685 3155 id
2716 3108 2823 3166 est,
2846 3098 2999 3170 juxta
3025 3099 3209 3155 fidem.

566 3192 684 3263 puli
714 3192 945 3262 ﬁguram
978 3201 1166 3247 tenent
1198 3190 1653 3260 patriarcharum,
1684 3192 1809 3262 quia
1833 3206 2009 3262 neque
2038 3204 2163 3261 pro-
2188 3174 2233 3237 Ο
2336 3191 2607 3247 Clamabat
2628 3194 2695 3247 ad
2722 3192 2923 3258 Jesum,
2955 3194 3204 3249 Miserere
3242 3196 3363 3248 mei.
3399 3192 3604 3249 Moralis
3621 3202 3789 3246 sensus:

565 3285 747 3355 pheta:
764 3299 943 3354 neque
972 3284 1295 3355 patriarchae
1318 3292 1613 3354 potuerunt
1640 3292 1833 3337 curare
1862 3282 2158 3337 humanum

573 3394 773 3449 genus,
806 3378 908 3433 nisi
940 3379 1168 3433 veniens
1198 3378 1451 3432 Christus
1482 3391 1582 3431 suo
1616 3376 1881 3445 sanguine
1932 3375 2162 3429 redemit

570 3473 720 3527 illum
739 3514 753 3539 ,
780 3479 838 3524 ut
867 3471 945 3525 ait
975 3471 1262 3540 pr0pheta,
1287 3471 1448 3540 frater
1486 3484 1590 3522 non
1618 3468 1837 3521 redemit
1862 3512 1876 3535 ,
1929 3467 1982 3522 id
2031 3477 2114 3523 est
2142 3512 2158 3537 ,

565 3562 785 3635 Moyses
813 3578 908 3631 per
936 3563 1156 3633 Legem,
1189 3570 1215 3598 ει
1242 3560 1449 3615 redimit
1472 3560 1649 3628 homo,
1673 3559 1726 3614 id
1751 3570 1852 3625 est,
1884 3558 2159 3615 Christus.

565 3656 651 3711 Ab
676 3655 925 3723 infantia,
958 3655 1010 3709 id
1039 3665 1151 3720 est,
1206 3653 1384 3723 prima
1430 3660 1589 3708 aetate
1637 3651 1857 3722 generis
1889 3652 2107 3706 humani
2143 3667 2157 3705 :

568 3749 725 3815 dixit,
771 3757 925 3818 pater
976 3747 1205 3810 infanti,
1256 3745 1459 3814 Credo,
1508 3748 1702 3815 adjuva
1749 3744 2162 3798 incredulitatem

569 3860 756 3909 meam,
787 3841 1023 3897 ostendit
1054 3840 1281 3907 dixisse,
1305 3841 1350 3895 si
1379 3840 1530 3895 deest
1556 3838 1710 3905 ﬁdes,
1741 3839 1971 3908 adauge.
2021 3836 2163 3892 Hui-

566 3947 675 3992 tum
698 3938 993 4005 discerpens
1013 3954 1128 3991 eum
1153 3953 1172 3991 :
1203 3935 1462 3997 ostendit,
1486 3935 1613 4005 quia
1634 3933 1850 4004 quando
1878 3934 2011 3988 vidit
2047 3933 2162 3988 dia-

570 4030 750 4084 bolum
776 4044 1063 4084 evasurum
1094 4030 1164 4085 de
1194 4040 1339 4084 terra
1365 4029 1417 4082 in
1443 4029 1547 4082 line
1581 4027 1768 4081 mundi
1799 4044 1812 4080 :
1846 4037 1975 4087 tunc
2002 4027 2163 4083 datur

565 4121 643 4175 illi
674 4130 934 4191 potestas,
961 4129 1020 4174 ut
1051 4120 1212 4175 faciat
1239 4131 1499 4190 quantum
1529 4118 1646 4172 vult
1690 4128 1912 4189 propter
1956 4118 2163 4173 electos

470 4282 473 4285 ἢ
570 4216 665 4271 Dei
702 4233 714 4268 :
740 4231 860 4270 cum
889 4214 1021 4269 vidit
1047 4229 1108 4270 se
1132 4215 1201 4270 de
1226 4229 1554 4285 unoquoque
1580 4213 1803 4269 homine
1825 4228 1922 4283 per
1942 4216 2161 4269 contes-

565 4312 777 4367 sionem
799 4352 813 4375 ,
838 4320 892 4367 et
916 4311 1300 4381 pmuiteutiam
1324 4310 1521 4379 expelli
1554 4353 1569 4376 ,
1626 4319 1751 4363 tunc
1798 4319 1989 4364 contra
2036 4310 2161 4365 illos

569 4407 694 4474 plus
719 4408 1001 4461 suscitavit
1017 4405 1168 4471 vitia,
1195 4414 1252 4459 et
1271 4403 1685 4459 crudelissimas
1704 4402 2159 4473 impugnationes.

569 4497 769 4553 Factus
799 4510 870 4552 est
900 4500 1035 4553 velut
1074 4506 1340 4562 mortuus,
1392 4496 1480 4550 hic
1513 4496 1821 4565 exemplum
1870 4496 2112 4551 ostendit
2140 4512 2154 4548 :

569 4600 858 4661 purgatum
886 4590 1183 4655 hominem,
1208 4590 1263 4645 id
1285 4600 1391 4655 est,
1414 4590 1507 4660 qui
1541 4604 1636 4658 per
1676 4587 2072 4645 confessioiieui
2105 4598 2160 4645 et

568 4682 967 4750 paenitentiam,
993 4682 1284 4738 mortiﬁcat
1304 4681 1674 4751 semetipsum.
1696 4680 1795 4736 Hie
1818 4680 2032 4736 videtur
2049 4682 2158 4737 duo

568 4776 833 4832 miracula
876 4777 1067 4832 iecisse
1112 4776 1291 4846 Jesus,
1324 4792 1353 4830 a
1375 4775 1649 4831 daemonio
1678 4776 1908 4841 curavit,
1936 4786 1993 4833 et
2021 4794 2157 4846 qua-

565 4870 610 4924 si
635 4878 909 4926 mortuum
957 4870 1282 4924 suscitavit:
1326 4868 1703 4925 sicsuscitavit
1744 4884 1918 4939 genus
1964 4869 2155 4925 huma-

562 4979 690 5018 num
724 4982 750 5016 a
787 4973 962 5019 morte
1008 4973 1383 5033 peccatorum,
1434 4973 1489 5018 ct
1520 4962 1771 5018 liberavit
1808 4978 1837 5016 a
1886 4964 2154 5021 dxmonio

564 5056 870 5121 servitutis;
919 5071 1017 5125 per
1044 5054 1267 5119 uiolant,
1299 5055 1559 5110 circuitus
1585 5055 1771 5112 saeculi
1799 5056 2105 5113 ostenditur
2137 5076 2149 5112 :

562 5166 659 5219 per
704 5153 915 5206 asinum
949 5149 1290 5205 innuunditia
1316 5160 1685 5220 peccatorum.

633 5242 867 5313 Mergere
892 5245 943 5297 in
968 5260 1144 5309 mare,
1179 5236 1232 5297 id
1262 5251 1368 5309 est,
1401 5240 1693 5297 humiliare
1729 5258 1787 5297 se
1835 5243 1887 5297 in
1927 5245 2144 5302 sacculo

558 5350 660 5407 per
711 5338 1106 5404 paenitentiam,
1150 5334 1231 5392 vel
1281 5336 1461 5405 perire
1504 5337 1557 5390 in
1604 5337 1829 5407 proprio
1872 5348 2091 5405 peccato
2128 5359 2140 5394 :

556 5431 682 5501 quia
715 5430 887 5485 levius
918 5442 1001 5487 est
1034 5449 1129 5501 pro
1160 5446 1219 5488 se
1247 5430 1364 5486 solo
1396 5444 1613 5501 pmuam
1646 5431 1945 5501 sustinere,
1978 5447 2139 5503 quam

617 5600 643 5627 τι
667 5591 953 5663 Contraria
983 5605 1146 5645 sensu
1179 5603 1317 5656 erat,
1350 5591 1556 5663 Moyses
1579 5609 1666 5661 per
1700 5592 1858 5663 legem
1872 5592 2114 5663 redemit.

536 5662 672 5717 Tum
698 5662 944 5717 inchoata
973 5662 1076 5716 alia
1106 5650 1366 5729 seetion'e,
1405 5650 1605 5727 li'omo',
1635 5665 1690 5716 id
1718 5650 1817 5730 cit,
1852 5662 2112 5718 Christus.

532 5736 813 5787 Clarushat
834 5749 921 5788 res
950 5735 1065 5799 ipsa
1091 5734 1302 5787 restitui
1338 5738 1513 5788 locum
1544 5735 1801 5789 continua
1830 5736 2072 5788 oratione
2096 5779 2109 5801 ,

533 5814 590 5858 ut
611 5806 855 5870 iecimus,
887 5806 1070 5875 frater,
1094 5821 1195 5861 non
1214 5806 1438 5873 redimit,
1462 5805 1515 5861 id
1540 5814 1642 5873 est,
1674 5806 1885 5876 Moyses
1912 5819 2007 5875 per
2030 5806 2105 5864 le-

2266 3298 2387 3340 cunt
2420 3286 2788 3341 incumbimus
2818 3288 2870 3341 in
2900 3286 3173 3353 oratione,
3199 3297 3332 3343 tunc
3354 3288 3537 3354 turba,
3564 3284 3789 3343 iantasnm,

2266 3387 2481 3433 mentes
2509 3377 2749 3432 ﬁdelium
2780 3379 3096 3449 increpant,
3141 3388 3203 3435 ut
3229 3389 3480 3445 taceant,
3514 3378 3628 3432 dum
3653 3376 3788 3429 volunt

2264 3484 2365 3525 nos
2407 3470 2700 3526 excludere
2744 3473 2813 3526 ab
2859 3473 3110 3527 oratione
3165 3471 3627 3542 perseverantibus
3660 3465 3785 3522 nobis.

2264 3561 2413 3616 Tunc
2436 3561 2590 3617 Jesus
2630 3573 2795 3631 stans,
2841 3578 2999 3619 secus
3028 3580 3129 3618 nos
3154 3582 3169 3619 :
3199 3574 3351 3621 stare
3378 3565 3523 3619 enim
3558 3556 3783 3617 divinitatis

2261 3665 2370 3721 est,
2404 3656 2642 3711 transire
2670 3671 2802 3711 vero
2829 3656 3183 3712 humanitatis
3204 3666 3294 3714 est
3323 3676 3337 3711 :
3361 3657 3597 3729 prerupit
3615 3654 3703 3709 illo:
3721 3663 3781 3701 t0-

2263 3762 2402 3814 care,
2438 3746 2492 3801 id
2523 3757 2625 3813 est,
2658 3763 2755 3818 per
2784 3749 3230 3819 praedicationem
3259 3752 3621 3822 apostolorum
3641 3764 3652 3799 :
3673 3746 3781 3796 vocat

2264 3852 2458 3913 gentes
2490 3843 2557 3898 ad
2579 3842 2759 3899 ﬁdem.
2804 3843 3035 3914 Projeeit
3059 3845 3364 3899 uestimenta
3390 3858 3508 3909 sua,
3534 3842 3584 3898 id
3604 3848 3690 3903 est,
3708 3836 3787 3906 pri-

2264 3936 2462 3991 stinam
2498 3935 2971 3991 conversationem
3014 3951 3163 3989 suam
3190 3955 3204 3990 :
3229 3938 3477 3991 exsiliens
3499 3977 3513 3999 ,
3561 3934 3608 3988 id
3630 3940 3718 3989 est.
3747 3925 3793 3978 de

2266 4030 2566 4101 ignorantia
2612 4031 2681 4084 ad
2725 4031 3028 4097 scientiam,
3085 4032 3153 4085 de
3203 4032 3524 4087 inﬁdelitate
3552 4028 3613 4082 ad
3657 4024 3792 4078 (idem.

2266 4131 2540 4187 Invenietis
2569 4131 2769 4201 pullum
2791 4130 3087 4203 alligatum,
3114 4133 3352 4187 ostendit
3377 4141 3563 4202 gentes
3584 4126 3794 4194 alligatas.

2262 4250 2384 4290 cum
2412 4235 2570 4304 culpa
2600 4243 2946 4304 peccatorum
2982 4250 2995 4286 :
3042 4249 3198 4301 super
3223 4248 3375 4302 quem
3418 4246 3564 4284 nemo
3599 4224 3736 4285 sedit,
3762 4218 3798 4271 id

2262 4338 2365 4400 est,
2393 4330 2481 4386 ubi
2523 4330 2702 4385 nullus
2733 4329 2922 4384 doctor
2954 4327 3309 4398 prtedicavit:
3342 4326 3555 4392 Solvite,
3597 4332 3640 4376 et
3671 4316 3799 4372 addu-

2262 4438 2356 4492 cite
2384 4437 2451 4491 ad
2478 4451 2581 4504 me,
2621 4434 2673 4490 id
2718 4444 2824 4501 est,
2884 4451 2979 4506 per
3013 4426 3455 4505 praedicationem
3505 4424 3730 4485 adducite
3752 4415 3799 4473 ad

2189 4563 2239 4623 υ
2266 4531 2446 4587 fidem.

2345 4645 2487 4700 Vidit
2522 4645 2759 4700 arborem
2786 4645 2893 4715 fici,
2928 4644 3166 4699 ostendit
3202 4643 3329 4715 quia
3373 4642 3532 4712 longe
3572 4643 3677 4693 erat
3700 4628 3801 4686 title;

2264 4748 2573 4805 Iudaeorum
2626 4763 2657 4802 a
2703 4746 2940 4802 Christo.
2985 4744 3111 4799 Non
3149 4755 3261 4799 erat
3292 4756 3491 4816 tempus
3516 4726 3798 4811 ficorum,”

2262 4863 2365 4919 est,
2400 4867 2504 4908 non
2534 4860 2651 4907 erat
2678 4860 2888 4921 tempus
2915 4848 3248 4915 Judazorum,
3282 4860 3341 4906 ut
3368 4848 3666 4907 crederent,
3690 4831 3798 4907 quod

2261 4968 2321 5009 se
2364 4953 2579 5024 indigne
2604 4951 2986 5023 iudicaverunt
3014 4965 3266 5022 regnum.
3308 4950 3435 5005 Non
3476 4940 3703 5004 sinebatb
3736 4950 3798 4989 rm

2258 5059 2543 5126 transferre
2568 5070 2657 5123 per
2685 5054 2933 5125 templum
2951 5094 2966 5117 ,
3006 5052 3059 5107 id
3087 5060 3172 5107 est
3190 5094 3205 5117 ,
3240 5051 3410 5108 corda
3438 5048 3680 5105 ﬁdelium.
3709 5038 3798 5096 NOII

2254 5154 2644 5212 vultChristns
2666 5153 2807 5207 aliud
2841 5152 2958 5207 ﬁeri
2987 5166 3123 5223 opus
3144 5197 3157 5220 ,
3189 5151 3280 5207 vel
3313 5152 3542 5206 transire
3573 5146 3666 5202 nisi
3685 5136 3798 5211 quad

2252 5258 2501 5304 sanctum
2532 5246 2649 5315 esti:
2680 5246 2817 5299 tradi
2848 5260 2960 5299 eam
2984 5246 3201 5311 colonis,
3228 5244 3280 5299 id
3305 5253 3411 5310 est,
3442 5239 3700 5299 Custodire
3718 5234 3798 5288 Le-

2255 5358 2375 5412 gem
2406 5357 2419 5395 :
2451 5339 2699 5406 torcular,
2734 5338 2841 5393 hoc
2881 5350 2967 5393 est
2992 5340 3253 5408 templum
3294 5336 3626 5397 Salomonis;
3666 5327 3797 5382 alilef

2260 5432 2501 5489 ostendit
2534 5432 2875 5503 martyrium.
2910 5430 3061 5486 Venit
3098 5432 3166 5485 ud
3205 5444 3543 5502 synagogam,
3573 5430 3802 5497 synagoga

2231 5608 2354 5665 gem
2387 5611 2400 5647 :
2433 5593 2646 5647 redimet
2671 5592 2857 5660 homo,
2891 5591 2944 5647 id
2973 5600 3087 5661 est,
3121 5589 3398 5647 Christus.
3432 5589 3697 5644 lnnumera
3718 5579 3801 5633 alia

2230 5666 2380 5720 taciti
2413 5665 2766 5733 castigamus.
3095 5730 3103 5735 Α
3564 5731 3573 5735 _
3681 5725 3691 5735 ,
3742 5720 3771 5735 ,.

2300 5737 2323 5773 ιι
2354 5721 2587 5791 Μενωιῆ-
2617 5736 2759 5790 refer
2773 5736 2839 5796 ri,
2868 5740 2924 5789 ut
2952 5743 3067 5809 erat
3092 5730 3240 5791 locus
3266 5735 3370 5787 iste
3397 5770 3413 5798 ,
3442 5731 3573 5801 quod
3597 5738 3648 5781 se
3664 5721 3793 5809 fudi:

2222 5819 2500 5877 caverunt,
2535 5824 2771 5879 regnum,
2805 5823 2910 5863 non
2938 5808 3127 5863 sciebat
3158 5822 3246 5861 eas
3278 5809 3572 5875 transferre,
3602 5808 3797 5871 (μισοτ-
