3970 6304
215 341 314 402 565

1017 337 1383 397 EXPOSITIO
1421 335 1752 406 QUATUOR
1788 335 2360 395 EYKNGELIORUM.
2401 333 2699 392 MARCUS.

3394 329 3505 387 εδδ

203 470 355 531 πρε
381 460 637 517 custodia
659 458 976 531 angelorum
998 477 1009 511 :
1028 470 1248 524 turrem,
1280 459 1381 514 hoc
1409 468 1495 514 est
1521 456 1678 527 Lesz
1703 460 1808 527 eje-
1829 457 1884 519 Α
1910 454 2303 525 amplectitudo
2335 452 2606 508 Ecclesia:
2632 449 2960 507 ostenditur.
2997 451 3212 518 Agnum
3252 447 3503 504 immola-

208 567 388 610 εει-ιω
418 570 536 609 eum
565 563 712 609 extra
741 554 964 619 vineam,
1004 551 1063 607 id
1092 560 1206 620 est,
1245 552 1313 607 de
1348 551 1550 607 Judaeis
1578 551 1644 605 ad
1673 564 1803 620 gen-

204 658 312 705 tes.
347 648 525 704 Aliter
562 647 633 702 de
669 646 893 701 civitate
920 644 1263 716 Jerosolyma
1308 646 1362 699 in
1412 651 1651 699 montem
1680 640 1805 697 Cal-

198 755 394 795 variae.
1334 784 1339 787 .

284 832 461 886 Vidua
486 831 627 886 misit
653 832 784 885 duos
810 846 1069 895 nummos,
1094 828 1239 901 quod
1264 837 1369 895 est,
1395 826 1688 899 quadrans,
1710 834 1804 893 per

203 944 344 1000 quos
370 927 628 997 intelligit
655 925 931 980 hominem
958 924 1339 995 quadrantem,
1365 922 1454 992 qui
1482 936 1543 975 se
1563 920 1686 997 Deo
1706 918 1805 971 ob-

204 1024 349 1077 tulit.
376 1022 725 1088 Quacumque
745 1021 1016 1089 petieritis,
1041 1020 1303 1072 credentes
1327 1019 1377 1070 in
1405 1017 1657 1079 oratione,
1683 1014 1803 1082 ﬁent

202 1116 343 1171 vobis
371 1132 392 1171 :
417 1114 699 1186 quomodo
720 1115 799 1167 sic
828 1122 1054 1167 sanctus
1085 1111 1287 1165 Paulus
1315 1109 1448 1163 dicit
1478 1126 1493 1163 :
1529 1107 1627 1161 Ter
1646 1122 1805 1176 roga-

204 1213 251 1265 vi
276 1210 563 1265 Dominum
587 1223 682 1277 pro
712 1204 947 1273 stinmio,
978 1217 1027 1259 et
1052 1220 1157 1259 non
1180 1204 1393 1258 recessit
1414 1220 1446 1255 a
1472 1218 1576 1257 mc.
1608 1199 1804 1255 Diabo~

207 1306 287 1359 lus
318 1302 499 1374 petiit,
544 1310 604 1356 ut
644 1307 889 1356 tentaret
920 1298 1023 1354 Job
1045 1338 1061 1363 ,
1095 1309 1152 1352 et
1198 1296 1451 1367 permisit
1479 1310 1602 1349 eum
1638 1294 1799 1349 Deus.

209 1397 400 1452 Paulus
437 1411 547 1451 non
579 1406 661 1451 est
700 1394 1031 1459 exauditus,
1068 1403 1129 1445 ut
1166 1405 1264 1461 per
1304 1391 1481 1458 ipsum
1521 1389 1804 1444 stimulum

206 1501 561 1546 coronaretur
585 1506 599 1544 :
623 1488 878 1543 diabolus
897 1486 1191 1541 exauditus
1212 1493 1317 1547 est,
1346 1490 1403 1536 ut
1422 1498 1525 1553 per
1545 1482 1664 1550 ejus
1684 1489 1804 1536 ten-

214 1587 438 1641 tationes
455 1583 561 1639 Job
574 1591 948 1639 coronaretur.
975 1578 1208 1634 Proinde
1229 1577 1520 1647 Apostolus
1539 1576 1640 1641 ait,
1665 1574 1797 1629 Nes-

216 1683 367 1736 cimus
406 1681 536 1753 quid
578 1678 984 1752 petamus,.nisi
1030 1675 1313 1744 Christus,
1357 1673 1449 1744 qui
1485 1672 1804 1741 interpellat

222 1792 308 1845 pro
334 1776 513 1830 nobis.
547 1773 683 1829 Gens
715 1773 956 1827 adversus
982 1778 1205 1841 gentem,
1240 1766 1295 1821 id
1330 1774 1437 1833 est,
1461 1771 1795 1836 paganorum

1909 562 2021 607 tum
2048 551 2101 604 in
2126 549 2364 622 Egypto
2390 566 2403 602 :
2434 548 2677 604 ostendit
2706 545 3042 601 immolatum
3066 546 3119 598 in
3148 556 3291 599 novo
3318 544 3506 599 Testa-

1907 654 2090 698 mento
2120 644 2441 715 mysterium
2461 642 2712 713 corporis
2742 649 2796 695 et
2826 636 3136 708 sanguinis;
3168 636 3312 704 quod
3343 647 3502 691 vetus

1898 735 2232 791 sacriﬁcium
2261 735 2574 790 Judazorum
2592 731 2841 800 recessit,
2868 730 2922 784 id
2945 737 3049 795 est,
3080 728 3301 797 sanguis
3327 727 3504 780 hirco-

1904 840 2025 883 rum
2047 839 2101 883 et
2123 838 2415 882 tauromm
2446 843 2459 877 :
2493 840 2617 879 nam
2665 834 2911 877 neStrnm
2940 819 3278 875 sacriﬁcium
3312 864 3323 885 ,
3360 819 3502 887 quod

1902 921 2089 976 vinum
2117 921 2316 975 dicitur
2349 915 2772 981 Melchisedech,
2798 914 3041 969 oblatum
3066 921 3169 978 est,
3194 918 3505 967 revertentc

1906 1012 2181 1067 Abraham
2226 1010 2294 1066 de
2348 1010 2521 1064 caede.
2566 1008 2673 1061 Pro
2698 1004 2826 1075 quid
2879 1002 3153 1073 sigillatim
3195 1000 3503 1070 interroga-

1891 1108 2057 1171 bant,
2090 1103 2327 1160 ostendit
2352 1113 2410 1155 ut
2432 1101 2618 1156 nullus
2644 1096 2883 1155 conﬁdat
2923 1096 2991 1148 de
3019 1092 3350 1147 conscientia
3382 1107 3502 1146 sua.

1903 1196 2113 1252 Relicto
2143 1195 2400 1267 syndone,
2433 1192 2587 1263 fugiit
2617 1191 2788 1244 nudus
2821 1187 2882 1239 ob
2911 1187 2984 1239 eis
3010 1228 3023 1253 ,
3059 1180 3292 1237 ostendit
3320 1178 3506 1237 relicta

1902 1278 2106 1345 {malitia
2138 1288 2453 1345 Judteorum
2477 1302 2493 1345 ;
2516 1287 2689 1340 nudus
2721 1274 2899 1352 fugiit,
2931 1276 3169 1334 ostendit
3192 1277 3332 1347 quod
3358 1280 3503 1346 Apo-

1904 1385 2030 1440 stoli
2054 1382 2184 1439 nudi
2216 1398 2246 1437 a
2292 1377 2773 1450 superstitionibus
2801 1374 3115 1431 Judaaorum
3162 1369 3411 1425 abierunt
3437 1370 3502 1421 ad

1906 1486 2117 1551 gentes.
2143 1471 2494 1551 Calefaciebat
2521 1488 2573 1524 se
2611 1469 2803 1524 Petrus
2825 1467 2893 1520 ad
2917 1467 3111 1537 ignem,
3132 1461 3401 1533 signiﬁcat
3434 1466 3503 1515 te-

1902 1546 2191 1641 piditatem
2220 1550 2617 1637 apostOlorum,
2647 1572 2703 1617 et
2733 1574 2887 1615 suam
2920 1556 3265 1628 negationem
3289 1567 3341 1611 et
3381 1546 3503 1607 inli-

1906 1662 2184 1717 delitatem
2208 1657 2545 1715 Judaeorum.

1984 1753 2242 1809 Videbunt
2271 1751 2447 1819 ﬁlium
2474 1732 2697 1803 hominis
2722 1728 2986 1799 sedentem
3010 1759 3040 1795 α
3064 1740 3261 1795 dextris
3282 1734 3504 1803 virtutis,

223 1822 472 1924 ξανθῇ-ωε
516 1866 955 1923 christianum“),
982 1822 1299 1918 "Mor-aliter
1350 1822 1486 1915 caro
1532 1822 1800 1912 ξάνωεῃε
1824 1862 1877 1922 Β
1904 1844 2147 1902 ostendit
2173 1844 2297 1914 quia
2329 1841 2461 1896 vidit
2495 1840 2647 1893 illum
2672 1831 3016 1907 Stephanus:
3050 1828 3187 1887 vidit
3209 1839 3264 1886 et
3282 1822 3506 1891 Saulus,

225 1962 439 2016 animam
460 1978 474 2014 :
494 1974 725 2032 regnum
754 1956 959 2014 diaboli
981 1967 1169 2011 contra
1198 1964 1423 2025 regnum
1450 1950 1653 2005 Christi
1685 1968 1698 2003 :
1724 1948 1801 2002 vi-

225 2056 288 2107 tia
313 2056 487 2110 carnis
510 2052 775 2109 adversm
800 2050 1055 2122 spiritum
1087 2048 1246 2103 bonae
1273 2043 1630 2116 operationis.
1665 2042 1800 2097 Ten-

226 2163 291 2203 ra:
313 2159 482 2203 motus
503 2189 519 2211 .
573 2148 627 2203 id
667 2156 772 2215 est,
819 2146 889 2201 de
930 2144 1253 2200 inﬁdelitate
1284 2141 1353 2197 ad
1391 2139 1577 2204 ﬁdem,
1606 2138 1657 2193 id
1689 2147 1795 2205 est,

224 2252 401 2312 corpus
425 2244 543 2299 sive
571 2242 754 2297 animo
794 2239 1055 2296 audiendi
1101 2238 1326 2293 verbum
1370 2234 1481 2289 Dei.
1534 2231 1800 2288 Staatibus

227 2346 409 2407 propter
454 2354 533 2391 me
562 2338 616 2391 in
649 2337 939 2392 testimonia
974 2334 1102 2398 illis,
1151 2332 1206 2387 id
1236 2341 1341 2396 est,
1388 2329 1435 2384 si
1468 2326 1802 2382 crediderim

229 2429 572 2483 testimonium
608 2439 847 2483 vestrum
873 2443 887 2481 :
918 2426 1025 2482 erit
1052 2426 1160 2481 illis
1184 2424 1258 2479 ad
1281 2424 1447 2478 vitam
1486 2438 1500 2475 :
1530 2430 1585 2477 et
1614 2420 1662 2477 si
1691 2420 1800 2473 non

230 2521 556 2587 crediderint,
591 2522 699 2575 erit
723 2520 833 2575 illis
861 2519 930 2574 ad
958 2532 1201 2588 poenam.

289 2610 355 2665 De
387 2612 469 2667 die
498 2623 549 2666 et
576 2610 709 2665 hora
744 2627 893 2664 nemo
922 2611 1039 2676 scit,
1074 2610 1174 2662 nisi
1224 2606 1407 2671 Pater,
1431 2604 1675 2660 ostendit
1702 2617 1803 2673 pro

237 2714 356 2770 parte
398 2704 687 2774 corporis,
738 2703 861 2773 quia
906 2715 1107 2771 corpus
1149 2699 1351 2757 Christi
1402 2698 1649 2753 Ecclesia
1694 2705 1799 2751 est.

237 2794 359 2860 Quod
405 2796 540 2852 dicit
570 2794 794 2849 nescitis
833 2801 1083 2863 tempus,
1129 2791 1181 2844 id
1214 2799 1330 2853 est,
1382 2788 1584 2843 exitum
1616 2788 1805 2842 unius-

238 2888 487 2959 cujusque,
521 2889 640 2943 sivc
662 2887 1189 2941 consummationem
1212 2881 1423 2937 saeculi.

289 2979 443 3035 Homo
491 2995 706 3050 peregre
744 2978 1008 3049 profectus
1060 2984 1152 3041 est,
1197 2975 1249 3030 id
1294 2984 1413 3043 est,
1442 2972 1696 3027 Christus
1735 2971 1803 3027 de

234 3076 404 3129 mundo
431 3088 559 3129 cum
581 3088 749 3129 carne
776 3073 844 3129 ad
873 3073 1073 3129 cmlum
1105 3091 1120 3126 :
1156 3070 1359 3141 reliquit
1388 3068 1601 3122 domum
1629 3080 1800 3135 suam,

233 3167 383 3231 idest,
416 3168 724 3223 Ecclesiam
757 3184 773 3223 :
806 3165 1121 3221 doctoribus
1144 3163 1571 3232 uniuscujusque
1595 3162 1799 3231 operis,

1903 1939 2120 2011 quando
2145 1944 2449 2007 prostratus
2483 1932 2585 1988 fuit
2610 1933 2662 1986 in
2692 1929 2776 1984 via
2812 1949 2824 1983 :
2855 1922 3133 1994 viderunt,
3169 1935 3223 1980 et
3253 1923 3352 1977 alii
3383 1922 3504 1992 plu-

1903 2048 2013 2089 res.
2042 2030 2247 2085 Pilatus
2278 2030 2672 2097 interpretatur
2694 2041 2750 2078 os
2772 2022 3093 2076 malleator‘is
3121 2036 3138 2074 :
3170 2019 3258 2090 qui
3284 2018 3500 2083 format,

1904 2142 2011 2182 non
2038 2126 2306 2179 formauir
2334 2140 2347 2174 :
2379 2121 2453 2173 ita
2485 2128 2540 2175 et
2571 2126 2954 2189 persecutores
3004 2108 3245 2166 formant
3298 2108 3506 2164 animas

1896 2218 2165 2288 justorum
2190 2216 2257 2268 ad
2284 2228 2515 2283 regnum
2540 2210 2802 2266 caelorum
2829 2224 2843 2273 ;
2871 2204 2973 2277 ipsi
3002 2204 3264 2259 informes
3288 2218 3503 2257 reman-

1904 2320 2097 2366 serunt
2116 2325 2145 2362 a
2173 2307 2344 2379 gratia
2373 2304 2490 2359 Dei.
2517 2304 2773 2373 Spineam
2796 2310 3052 2355 coronam
3079 2294 3340 2351 Dominus
3367 2296 3418 2349 in
3446 2311 3503 2348 se,

1906 2406 2166 2473 suscepit,
2202 2411 2258 2456 ut
2280 2400 2465 2469 spinas
2492 2384 2843 2467 peccatorum
2870 2400 3179 2448 nostrorum
3211 2386 3455 2443 ablueret
3488 2404 3503 2441 :

1908 2497 2052 2551 unde
2080 2495 2282 2550 dictum
2306 2502 2389 2547 est
2417 2490 2586 2544 Attat:
2620 2486 2802 2558 Spinte
2841 2495 2889 2540 et
2940 2484 3117 2537 tribuli
3152 2487 3500 2554 germincntur

1909 2590 2043 2643 tibi:
2071 2584 2138 2643 de
2168 2588 2326 2641 tertia
2351 2568 2489 2638 hora
2520 2582 2661 2652 quod
2705 2576 2841 2634 dicit
2890 2577 3077 2633 desum
3133 2572 3451 2632 cruciﬁxum
3484 2616 3498 2639 ,

1907 2681 2145 2738 ostendit
2201 2694 2323 2733 eum
2376 2676 2705 2745 judicatum,
2746 2685 2805 2728 ut
2859 2671 3311 2741 cruciﬁgeretur:
3347 2680 3501 2722 sexta

1910 2781 2040 2829 hora
2070 2774 2280 2827 leratos
2309 2779 2396 2825 est
2420 2770 2473 2822 in
2504 2774 2691 2823 cruce.
2729 2765 2836 2828 Eli,
2870 2764 2959 2818 Eli
2988 2764 3181 2816 lainmo
3210 2763 3500 2824 sabactmn',

1906 2868 2044 2939 quod
2066 2877 2159 2933 est,
2181 2865 2340 2929 Deus,
2359 2862 2498 2916 Deus
2509 2877 2675 2926 meus,
2688 2875 2843 2929 quare
2858 2874 2939 2911 me
2961 2855 3303 2926 dereliquisti,
3318 2864 3502 2909 osten-

1900 2964 1984 3017 dit
2007 2974 2106 3031 pro
2127 2970 2285 3029 parte
2310 2955 2513 3019 carnis,
2554 2968 2668 3007 non
2694 2950 2995 3006 secundum
3024 2949 3369 3005 divinitatem
3406 2962 3503 2999 re-

1898 3055 2098 3127 linqui,
2130 3054 2253 3122 quia
2288 3051 2469 3105 unitas
2499 3058 2585 3103 est
2628 3045 2935 3117 potestatis.
2991 3042 3233 3111 Reliquit
3280 3050 3503 3094 carnem

1907 3149 2002 3204 ﬁlii
2029 3149 2095 3202 ad
2124 3148 2312 3202 horam
2346 3145 2396 3198 in
2430 3145 2687 3213 passione
2714 3183 2727 3208 ,
2762 3148 2820 3193 ut
2869 3152 2966 3208 per
3006 3138 3288 3207 proprium
3336 3135 3501 3189 ﬁlium

233 3260 272 3313 id
296 3270 398 3325 est,
434 3260 871 3329 uniuscujusque
910 3258 1104 3327 gratim
1136 3231 1407 3309 virtutis:
1444 3269 1542 3325 per
1582 3255 1797 3323 genito-
1822 3257 1871 3319 ρ
1906 3245 2188 3313 adoptatus
2212 3240 2356 3295 ﬁlios
2385 3237 2633 3292 haberet.
2666 3234 2819 3289 Sicut
2845 3234 3073 3303 spongia
3107 3231 3267 3300 plena
3306 3244 3499 3283 caver-

235 3369 341 3420 rem,
370 3356 693 3424 episcopum
717 3353 981 3419 ostendit,
1015 3351 1130 3406 sive
1157 3352 1458 3406 doctorem.
1487 3355 1513 3385 ⁸
1545 3348 1686 3403 Sero
1710 3354 1799 3401 su-

232 3463 315 3518 per
332 3450 624 3505 Sodomam
657 3447 797 3517 pluit
823 3447 987 3517 ignis,
1024 3454 1081 3500 et
1109 3444 1338 3513 sulphur
1364 3444 1435 3498 de
1455 3442 1594 3498 creto
1626 3458 1641 3495 :
1680 3448 1799 3495 tue-

225 3541 300 3594 dia
347 3553 511 3596 nocte
563 3550 821 3609 percussa
882 3550 969 3595 est
1015 3538 1284 3611 Egyptus
1331 3539 1382 3592 in
1421 3535 1800 3606 'primogcnitis

215 3633 315 3687 suis
340 3652 354 3687 :
384 3648 556 3689 mane
586 3632 853 3687 subversa
880 3641 959 3687 est
985 3632 1243 3695 Sodoma,
1270 3641 1323 3684 et
1349 3627 1595 3682 ascendit
1620 3626 1798 3681 {ovilla

210 3727 314 3795 ejus
369 3742 547 3797 usque
571 3725 640 3779 ad
671 3726 891 3781 coelum.
924 3723 1037 3779 fNe
1076 3725 1247 3778 veniat
1286 3730 1492 3793 repente
1515 3761 1530 3783 ,
1576 3721 1801 3773 inveniat

212 3834 288 3872 eos
307 3819 649 3883 dormientes,
686 3817 737 3872 id
762 3825 869 3885 est,
904 3815 957 3870 in
999 3813 1328 3886 ignorantia,
1380 3827 1474 3867 seu
1504 3812 1560 3866 in
1587 3810 1799 3866 securi-

216 3921 311 3965 tate
341 3910 719 3981 negligentior.

282 4004 461 4078 Fregit
508 4004 850 4066 alabastrum,
907 4002 1181 4074 signiﬁcat
1214 4012 1417 4071 corpus
1443 3994 1646 4052 Christi
1687 3996 1802 4051 vul-

225 4109 454 4153 neratum
509 4099 561 4153 in
606 4112 772 4152 cruce
816 4115 828 4149 :
872 4112 969 4165 per
1008 4104 1347 4165 unguentum
1382 4092 1654 4147 confessio
1680 4090 1803 4145 ﬁdei

229 4192 520 4245 ostenditur
550 4206 565 4242 :
598 4197 760 4259 caput
787 4189 991 4244 Christi
1024 4187 1168 4242 Deus
1200 4185 1359 4241 Pater
1387 4193 1494 4239 est.
1530 4182 1801 4251 Quwrebat

232 4293 512 4353 opportune,
548 4293 607 4336 ut
639 4282 863 4337 traderet
894 4297 1031 4343 cuin,
1063 4278 1308 4334 ostendit
1334 4279 1456 4346 quia
1496 4288 1802 4343 opportune

236 4383 421 4443 tempus
452 4375 754 4430 advenerat
792 4374 858 4428 ad
901 4373 1265 4444 perditionem
1302 4371 1647 4437 Judaaorum,
1686 4370 1802 4423 sive

233 4464 430 4531 Joitzeae,
459 4478 514 4523 et
536 4467 920 4536 opportunitas
948 4465 1341 4534 redemptionis
1368 4464 1647 4519 Ecclesim.
1680 4462 1803 4516 Pri-

240 4572 304 4610 mo
330 4560 408 4613 die
435 4575 756 4631 azymorum,
782 4558 837 4613 id
867 4569 969 4621 est,
984 4558 1072 4612 die
1094 4557 1275 4621 iovis;
1300 4570 1489 4626 azyma
1520 4555 1803 4609 sincerita-

1904 3351 2000 3389 nas
2031 3342 2213 3388 aceto:
2241 3334 2310 3385 ita
2343 3338 2398 3385 et
2423 3328 2593 3383 .ludmi
2622 3328 2769 3396 pleni
2800 3335 2959 3380 erant
2987 3321 3495 3393 superstitionibus,

1902 3440 1957 3485 et
2006 3426 2201 3481 acerba
2229 3423 2500 3478 doctrina.
2555 3420 2757 3489 Joscph
2814 3419 3040 3488 ﬁguram
3091 3425 3242 3471 tenet
3272 3413 3505 3483 primiti-

1902 3538 1983 3579 vac
2016 3522 2275 3579 Ecelesim
2299 3535 2364 3574 ex
2389 3517 2661 3589 gentibus.
2690 3513 2952 3568 Mereatur:
2977 3518 3052 3566 est
3076 3509 3383 3581 syndonem,
3402 3522 3499 3576 per

1903 3616 2135 3685 pretium
2166 3612 2429 3683 syudonis
2455 3608 2691 3664 ostendit
2720 3605 3122 3662 confessionem
3154 3601 3281 3657 ﬁdei
3339 3617 3352 3654 :
3406 3615 3505 3669 per

1902 3712 2202 3783 syndouem
2236 3705 2475 3762 ostendit
2502 3700 2979 3758 mortiﬁcationem
3027 3696 3287 3752 Ecclesiae
3314 3738 3328 3759 ,
3389 3693 3504 3748 sive

1902 3806 2126 3876 gratiam
2153 3802 2551 3871 baptisatorum
2576 3812 2589 3848 :
2615 3793 2907 3848 involutum
2929 3807 3116 3860 corpus
3142 3787 3270 3842 Jesu
3298 3787 3349 3839 in
3381 3801 3502 3854 syn-

1904 3902 2037 3953 done
2062 3912 2211 3959 noro,
2242 3895 2296 3949 id
2326 3904 2433 3957 est,
2456 3888 2797 3946 circumdato
2817 3886 3021 3941 Christi
3051 3884 3318 3945 Ecclesia,
3350 3890 3403 3935 et
3424 3896 3507 3934 re-

1904 3982 2711 4056 vocationem'regenerationis
2764 4000 2777 4033 :
2834 3995 2930 4049 per
2987 3986 3400 4031 monumentum
3452 3982 3508 4029 et

1904 4080 2226 4156 syndonetn,
2258 4078 2496 4134 ostendit
2522 4078 2696 4131 altare
2723 4076 2774 4128 in
2806 4089 2916 4143 quo
2948 4087 3150 4141 corpus
3169 4069 3374 4124 Christi
3403 4084 3503 4138 po-

1908 4182 2071 4233 nitur.
2107 4177 2280 4231 Aliter
2310 4173 2572 4235 Eeelesia,
2616 4170 2707 4240 qui
2748 4179 3075 4238 receperunt
3100 4164 3378 4219 Christum
3406 4177 3503 4231 per

1907 4276 2065 4331 ﬁdem
2091 4276 2142 4329 in
2174 4272 2429 4327 cordibus
2451 4270 2562 4323 suis
2592 4282 2609 4323 :
2650 4268 2769 4322 'sive
2823 4262 3257 4319 manducandum
3300 4275 3498 4329 corpus

1908 4368 2073 4433 illius,
2121 4376 2177 4421 et
2220 4363 2547 4420 Sumendum
2584 4358 2902 4430 sanguinem
2956 4356 3094 4426 ejus.
3136 4354 3299 4409 Petra
3346 4352 3504 4406 Chri-

1905 4476 2023 4519 SlllS
2051 4473 2153 4519 ρει.

1980 4555 2377 4611 Monumentum
2428 4553 2643 4606 scissum
2690 4556 2859 4620 petra,
2914 4545 3153 4600 ostendit
3194 4544 3504 4600 Ecclesium

241 4650 293 4703 tis
318 4650 449 4707 iacta
479 4662 564 4708 est
591 4652 861 4707 Ecclesia.
890 4650 1177 4706 'l‘ransitus
1203 4658 1438 4719 quatuor
1463 4649 1639 4702 modis
1666 4647 1801 4701 dici—
1826 4650 1878 4710 AD
1904 4650 2227 4705 aediﬁcatam
2269 4647 2337 4701 de
2390 4645 2564 4700 latere
2614 4642 2838 4697 Christi.
2890 4638 3129 4693 Adooivit
3178 4638 3405 4709 lapidem
3436 4634 3505 4687 ad

240 4750 328 4806 tur,
356 4742 406 4798 id
433 4756 539 4812 est,
565 4743 634 4798 de
665 4744 867 4799 mundo
897 4742 963 4797 ad
998 4743 1233 4807 Patrem,
1263 4741 1333 4796 de
1358 4739 1563 4795 iudicis
1582 4740 1801 4809 adigen-

241 4842 324 4899 tes,
351 4846 405 4892 et
427 4854 527 4893 nos
560 4838 628 4893 de
661 4837 984 4892 inﬁdelitate
1014 4836 1081 4891 ad
1112 4835 1297 4902 ﬁdem,
1330 4834 1396 4889 de
1423 4844 1599 4889 morte
1628 4834 1696 4887 ad
1727 4833 1805 4887 vi-

241 4936 349 4985 tam.

298 5022 455 5081 Homo
482 5026 799 5099 (atquetiam
830 5040 979 5095 aquae
1025 5023 1265 5095 bajulans
1298 5064 1313 5090 ,
1375 5023 1603 5092 ﬁguram
1658 5030 1809 5078 tenet

232 5122 603 5187 apostolorum,
624 5119 741 5175 sive
766 5132 1155 5175 successorum
1178 5127 1232 5173 et
1261 5118 1678 5185 baptizatorum,
1708 5131 1807 5185 per

232 5222 351 5278 quos
376 5213 704 5283 baptismum
734 5212 974 5269 efﬁcitur
1004 5231 1017 5268 :
1050 5212 1316 5283 lauguena
1354 5210 1657 5281 baptismus
1679 5212 1803 5265 Tri—

232 5303 398 5359 nitatis
418 5304 710 5376 signiﬁcat.
767 5303 978 5358 Pascha
1023 5304 1337 5357 manducare
1382 5320 1499 5357 cum
1531 5301 1804 5371 discipulis

232 5396 347 5457 suis,
370 5398 605 5456 ostendit
651 5412 711 5452 se
759 5412 883 5453 cum
912 5397 1195 5466 discipulis
1236 5396 1303 5450 ad
1354 5396 1571 5451 inda-os
1605 5414 1617 5449 :
1651 5395 1808 5451 aliter

237 5489 507 5545 manducet
529 5491 580 5545 in
612 5490 875 5546 membris
904 5490 1021 5544 suis
1047 5491 1137 5559 qui
1166 5500 1252 5545 est
1284 5490 1548 5544 Ecclesia.
1571 5489 1673 5545 Per
1692 5504 1808 5545 cm-

235 5583 467 5639 mculutn
491 5584 657 5638 altior
678 5585 763 5637 via
793 5582 1097 5640 ostenditur
1130 5601 1142 5636 :
1174 5598 1271 5652 per
1290 5592 1521 5638 stratum
1553 5598 1809 5654 magnum

237 5718 296 5798 dc
319 5721 545 5803 ﬁdelium
762 5725 891 5803 uult,
914 5736 1021 5779 etc.
1054 5723 1343 5803 iiaudscio
1368 5740 1492 5779 nunt
1511 5724 1662 5793 plura
1676 5740 1813 5794 pau-

242 5794 456 5847 cioriluts
479 5796 663 5850 verbis
686 5795 809 5849 tilia
835 5796 1223 5859 comprehendi
1256 5805 1525 5865 poterant.

301 5874 321 5898 ³
362 5868 531 5936 Atque
574 5867 662 5921 hic
710 5867 977 5923 excidisse
1008 5867 1221 5923 videtur
1260 5869 1399 5923 sacri
1439 5880 1614 5925 tostus
1652 5870 1815 5938 parti-

1907 4744 2093 4797 ostium
2117 4741 2435 4794 monumenti
2468 4757 2483 4797 ;
2512 4736 2753 4792 ostendit
2778 4735 3105 4789 absconsum
3138 4730 3413 4787 Christum
3442 4733 3498 4785 in

1908 4838 2027 4905 lege
2070 4846 2126 4890 et
2153 4832 2472 4903 praphetia;
2517 4847 2611 4901 per
2636 4832 2934 4884 revolutum
2978 4828 3236 4898 lapidem,
3268 4826 3508 4882 ostendit

1912 4938 2155 4998 apertam
2190 4926 2476 4980 historiam
2513 4924 2670 4995 legis,
2716 4922 3024 4989 Christum,
3071 4923 3123 4975 in
3154 4936 3297 4976 novo
3322 4922 3509 4974 Testa-

1915 5036 2116 5079 mento.
2149 5021 2268 5076 Non
2291 5031 2363 5075 est
2392 5022 2494 5089 hic,
2524 5020 2700 5086 idest,
2730 5034 2836 5075 non
2860 5030 2943 5075 est
2971 5019 3115 5090 apud
3139 5018 3379 5081 intimos,
3409 5017 3506 5071 sed

1914 5117 2054 5188 apud
2088 5114 2432 5185 gentes.’ltc,
2458 5115 2617 5167 dicit:
2640 5113 2912 5184 discipulis
2944 5122 2989 5165 et
3020 5110 3177 5165 Petro
3212 5126 3230 5163 :
3262 5109 3507 5174 nominat.

1914 5227 2014 5280 pro
2046 5210 2357 5280 negatione,
2388 5216 2445 5262 ut
2474 5212 2581 5263 non
2610 5205 2951 5277 desperaret,
2990 5212 3045 5259 et
3070 5218 3169 5273 pro
3200 5204 3507 5273 principatu

1912 5303 2272 5374 apostolatus.

1985 5394 2157 5448 Maria
2187 5395 2253 5447 de
2276 5409 2379 5464 qua
2406 5396 2622 5464 ejecerat
2653 5401 2844 5463 septem
2864 5390 3137 5443 dre-monia.
3161 5388 3266 5445 Per
3291 5397 3500 5457 septem

1911 5486 2180 5542 dmmonia
2210 5486 2452 5540 ostendit
2493 5494 2660 5540 totam
2714 5485 2875 5536 vitam
2924 5480 3071 5533 illius
3121 5482 3492 5551 inquinatam,

1910 5582 2038 5652 quia
2068 5594 2166 5651 per
2204 5586 2412 5651 septem
2457 5578 2575 5634 dies
2629 5576 2881 5630 volvitur.
2944 5572 3230 5627 Prmdicatc
3260 5571 3491 5642 Evange-

1919 5724 2061 5789 cula,
2095 5738 2255 5792 quam
2285 5721 2526 5790 exponit,
2560 5717 2893 5792 siveipsum
2926 5716 3147 5792 verbum
3177 5728 3309 5792 sero.
3358 5711 3512 5792 initio

1920 5782 2304 5863 Sttbs’eq'uculis
2326 5782 2605 5849 sectionis,
2653 5782 2990 5863 tibillicitilr
3023 5832 3036 5853 ,
3086 5782 3262 5856 Fregit
3314 5782 3499 5837 alaba-

1930 5856 2120 5935 strum,
2144 5867 2403 5936 scriptum
2428 5875 2583 5916 antra
2616 5873 2731 5916 erat
2762 5856 2969 5925 Fretus,
3004 5869 3109 5911 (τις.
