3970 6304
573 279 691 341 567

1622 285 1684 345 S.
1723 286 1977 347 HIERON
1986 287 2101 347 YMI
2137 287 2424 351 OPERUM
2460 290 2831 355 MANTISSA.

3706 316 3779 381 568

590 401 723 456 lium
754 399 897 457 omni
920 407 1194 470 creaturas,
1221 400 1275 457 id
1295 407 1401 470 est,
1428 400 1580 459 omni
1606 402 1812 459 homini
1837 423 1851 461 :
1875 405 1998 476 quia
2027 406 2189 464 homo
2212 419 2271 482 Α
2294 419 2381 463 tur
2402 450 2419 479 ,
2468 409 2791 469 adveniente
2816 410 3058 472 Christo.
3086 416 3357 475 Exaudita
3379 426 3450 478 est
3476 421 3619 483 oratio
3639 435 3722 500 tua,
3744 435 3781 494 id

583 502 800 566 partem
831 495 1141 570 habetcum
1164 494 1270 550 alia
1301 503 1572 565 creatura,
1606 512 1728 552 cum
1754 498 1957 569 angelis
1983 499 2184 556 intelli-

587 604 741 660 gere,
776 589 866 645 vel
898 589 1235 661 discernere,
1268 605 1392 645 cum
1421 590 1686 661 jumentis
1732 593 1920 649 videre
1968 604 2023 651 et
2067 610 2186 652 sene

584 682 716 749 tire,
749 697 871 736 cum
903 681 1193 738 arboribus
1220 683 1411 740 vivere
1445 703 1456 738 :
1488 685 1696 756 lignum
1742 686 1875 742 vivit
1901 704 1967 744 ex
1995 690 2185 746 viridi-

584 782 699 829 tate
721 816 737 841 ,
790 774 870 830 sic
896 783 949 829 et
980 773 1145 830 homo
1188 790 1285 845 per
1331 775 1670 846 iuventutem
1697 795 1711 833 :
1742 793 1865 834 cum
1912 780 2184 849 lapidibus

584 881 749 936 esse,
790 866 918 937 quia
972 867 1120 922 sicut
1171 867 1418 939 lapides,
1474 877 1602 925 sunt
1653 879 1711 927 et
1764 870 2015 929 homines
2064 889 2183 933 cre-

583 961 801 1018 dentes.

655 1074 932 1131 Dtemonia
958 1076 1167 1149 ejicient
1192 1092 1212 1131 :
1241 1077 1359 1133 sive
1395 1078 1740 1149 spiritaliter,
1772 1080 1888 1137 sive
1917 1097 2180 1154 corpora-

580 1171 745 1236 liter;
782 1171 975 1242 linguis
1004 1171 1149 1226 novis
1177 1171 1470 1243 loquentur,
1504 1173 1622 1229 sive
1670 1173 1904 1231 diversis
1943 1177 2176 1249 linguis;

578 1280 725 1321 nova
755 1266 942 1336 lingua
975 1264 1288 1335 praedicatio
1310 1266 1591 1336 Evangelii
1617 1278 1701 1323 est
1731 1286 1745 1323 :
1779 1279 2041 1342 serpentes
2074 1273 2177 1328 tol-

579 1358 708 1427 lent,
743 1358 799 1412 id
826 1366 930 1424 est,
966 1372 1236 1413 venenum
1270 1359 1667 1429 serpentinum,
1717 1360 1831 1417 sive
1873 1364 2179 1422 doctrinam

580 1450 1000 1516 hazreticorum;
1035 1451 1079 1503 si
1109 1450 1430 1520 mortiferum
1455 1450 1692 1521 biberint,
1724 1470 1827 1508 non
1858 1456 1932 1509 eis
1957 1456 2173 1525 nocebit,

578 1558 681 1598 nec
720 1542 970 1597 doctrina
1008 1541 1424 1608 hmreticorum;
1462 1560 1615 1616 super
1656 1562 1824 1616 cegros
1869 1564 2089 1617 manus,
2122 1550 2179 1607 id

577 1647 681 1704 est,
715 1635 831 1693 sive
875 1638 1154 1709 corporis,
1200 1637 1316 1692 sive
1364 1637 1582 1693 animae.
1623 1638 1759 1694 Tres
1787 1640 2021 1711 legimus
2053 1658 2177 1701 cum

575 1743 808 1800 corpore
838 1730 906 1785 dc
936 1730 1139 1784 mundo
1180 1738 1495 1801 assumptos
1536 1731 1592 1785 in
1639 1731 1841 1788 coelum
1872 1751 1885 1787 :
1914 1734 2178 1794 Dominus

2286 509 2393 569 est,
2424 503 2597 574 magis
2625 519 2785 576 quam
2811 508 2995 575 petisti
3022 526 3037 565 :
3067 512 3272 582 rogasti
3295 529 3390 583 pro
3417 516 3689 580 liberatione
3703 526 3781 596 ple-

2285 594 2391 661 bis,
2423 605 2482 651 et
2507 596 2740 655 donatus
2769 612 2855 656 est
2886 602 2981 658 tibi
3010 603 3349 663 Praecursor.
3386 609 3453 664 Et
3480 614 3608 668 multi
3625 616 3667 671 in
3687 594 3784 675 tau.

2284 688 2441 745 vitate
2467 692 2580 763 ejus
2610 694 2930 765 gaudebunt,
2977 698 3104 770 quia
3139 710 3263 773 post
3287 704 3614 774 perditionem
3638 714 3784 784 gaude—

2283 782 2419 839 bunt
2442 785 2496 840 in
2523 787 2689 843 vitam
2712 798 2993 847 aeternam.
3552 856 3561 875 κ

2358 877 2494 945 Quia
2516 880 2628 950 ipse
2647 881 2801 951 dixit,
2827 900 2941 940 ecce
2960 902 3127 958 agnus
3149 888 3268 960 Dei,
3291 900 3345 948 et
3368 876 3784 968 reliquazpraecedit

2283 966 2582 1037 Christum,
2626 983 2752 1031 ante
2774 974 3106 1045 baptizatur,
3137 988 3193 1036 et
3220 984 3540 1053 praedicavit,
3578 966 3682 1048 ante
3696 1008 3785 1050 eon-

2280 1073 2522 1135 spectus,
2555 1076 2684 1123 ante
2726 1079 2903 1140 natus,
2934 1080 2987 1127 et
3017 1080 3263 1131 mortuus
3293 1093 3308 1130 :
3336 1093 3429 1133 sex
3458 1094 3663 1153 causas,
3697 1088 3784 1156 quia

2281 1169 2379 1212 sex
2410 1173 2625 1215 menses
2653 1161 2797 1217 inter
2821 1178 2915 1219 eos
2941 1177 3118 1223 erant.
3148 1167 3267 1242 Ego
3294 1189 3407 1227 sum
3428 1171 3634 1244 Gabriel,
3657 1177 3785 1248 idest,

2282 1248 2538 1319 fortitudo
2567 1251 2687 1306 Dei.
2737 1252 2981 1327 Concepit
3009 1257 3314 1331 Elisabeth,
3348 1281 3451 1321 non
3489 1266 3610 1323 dixit
3649 1268 3703 1326 de
3720 1272 3787 1327 Za-

2282 1338 2469 1395 charia
2498 1358 2513 1395 :
2540 1347 2775 1413 cognovit
2814 1364 3029 1404 uxorem
3074 1369 3221 1407 suam
3247 1372 3268 1410 :
3298 1359 3422 1426 quia
3461 1358 3638 1416 deiecit
3661 1364 3714 1419 ab
3733 1367 3788 1420 eis

2281 1434 2535 1493 voluntas
2561 1439 2827 1496 desiderii
2861 1460 2873 1495 :
2904 1454 2953 1498 et
2979 1448 3271 1504 occultabat
3296 1469 3371 1522 se,
3412 1467 3614 1526 propter
3636 1460 3789 1529 pudici-

2282 1526 2409 1585 tiam
2441 1547 2456 1585 :
2487 1542 2546 1587 ut
2589 1534 2845 1604 probaret
2874 1542 3020 1609 quod
3051 1556 3399 1615 conceperat,
3432 1551 3476 1604 si
3516 1526 3675 1608 verum
3699 1554 3789 1610 luis-

2279 1634 2365 1680 set
2395 1642 2411 1686 :
2442 1629 2700 1684 mensibus
2740 1633 2990 1705 quinque,
3031 1636 3089 1692 id
3117 1649 3221 1709 est,
3262 1657 3297 1697 v
3326 1643 3490 1700 millia
3514 1648 3692 1715 saeculi,
3711 1649 3789 1706 sive

2282 1719 2521 1791 quinque
2550 1722 2673 1779 libri
2701 1725 2927 1799 Moysis.

577 1825 822 1880 elevatus
867 1833 955 1879 est
983 1840 1014 1879 a
1045 1839 1144 1879 sua
1172 1825 1393 1890 virtute,
1418 1824 1543 1894 quia
1574 1839 1675 1880 nec
1697 1840 1798 1895 per
1822 1830 2158 1885 concubitum

2345 1814 2567 1887 Auferre
2590 1821 2927 1891 approbrium
2969 1842 3158 1897 meum,
3190 1828 3243 1885 id
3272 1840 3399 1900 est,
3447 1836 3711 1893 sterilitatis
3726 1852 3793 1909 0p-

576 1918 817 1990 genitus,
862 1932 963 1972 nec
1011 1933 1110 1988 per
1138 1917 1488 1971 concubitum
1516 1932 1810 1987 generans,
1842 1920 1939 1975 sed
1960 1936 2030 1977 ex
2059 1923 2173 1977 vir-

578 2011 708 2080 gine
736 2016 894 2064 natus
934 2021 1017 2064 est
1047 2026 1062 2064 :
1094 2009 1282 2064 Enoch
1311 2009 1523 2064 ablatus
1552 2016 1657 2075 est,
1685 2012 1812 2081 quia
1849 2027 1944 2081 per
1973 2027 2175 2070 concu-

575 2099 749 2154 bitum
783 2115 1055 2171 generans
1090 2117 1103 2152 :
1134 2099 1281 2154 Elias
1328 2114 1451 2154 cum
1483 2115 1649 2155 curru
1691 2112 1880 2172 raptus
1915 2112 2019 2174 est,
2048 2105 2174 2177 quia

576 2210 676 2266 per
696 2193 1044 2250 concubitum
1072 2193 1287 2263 genitus
1312 2201 1417 2261 est,
1447 2209 1556 2250 non
1590 2209 1686 2265 per
1706 2196 2056 2253 concubitum
2081 2214 2174 2270 ge-

574 2300 798 2354 nerans,
832 2284 957 2355 quia
996 2285 1149 2355 virgo
1177 2286 1499 2355 permansit.

739 2509 811 2567 IN
849 2508 1307 2569 EVANGELIUM
1343 2509 1718 2573 SECUNDUM
1757 2514 2013 2575 LUCAM.

644 2708 844 2780 Lucas,
876 2711 988 2782 ipse
1015 2726 1347 2783 consurgens,
1384 2712 1554 2786 Syrus
1583 2716 1808 2773 natione
1835 2719 2168 2778 Antiochen-

572 2802 671 2869 sis,
702 2811 822 2858 arte
860 2804 1103 2859 medicus
1128 2849 1143 2874 ,
1189 2804 1496 2875 discipulus
1524 2809 1918 2878 apostolorum,
1950 2824 2166 2870 secutus

574 2902 659 2950 est
698 2894 960 2963 Paulum,
1010 2895 1257 2951 serviens
1294 2896 1408 2953 Deo
1435 2897 1554 2955 sine
1582 2902 1834 2971 crimine,
1869 2920 2166 2976 numquam

573 2987 785 3043 habens
808 3004 1061 3056 uxorem,
1094 3006 1301 3045 Lxxxut
1344 3006 1611 3048 annorum
1642 2995 1776 3050 obiit
1803 2996 1857 3050 in
1888 2997 2161 3070 Bithynia,

570 3082 769 3152 plenus
795 3081 1002 3152 Spiritu
1041 3093 1231 3138 sancto
1252 3125 1267 3149 ,
1288 3116 1291 3119 »
1314 3085 1558 3153 sepultus
1586 3087 1640 3141 in
1671 3088 2161 3162 Constantinopoli.

568 3173 630 3228 ln
652 3173 879 3240 Achaia,
907 3174 1095 3230 Graeca
1127 3175 1309 3245 lingua
1341 3175 1693 3247 Evangelium
1732 3182 1950 3252 scripsit
1983 3199 1996 3236 :
2028 3185 2163 3241 Mat-

571 3267 746 3322 thaeus
776 3234 995 3338 scripsit
1024 3234 1237 3323 Judaei;
1256 3234 1553 3326 ﬁdelibus":
1600 3234 1812 3329 Marcus
1840 3234 2159 3346 pmnitenti-
2191 3234 2236 3300 C

571 3361 675 3417 bus
708 3380 721 3413 :
753 3360 993 3418 Joannes
1020 3362 1277 3433 perfectis
1311 3380 1324 3417 :
1356 3363 1533 3420 Lucas
1562 3364 1769 3422 Graecis
1791 3368 2059 3426 ﬁdelibus.

641 3440 772 3509 Fuit
813 3457 869 3508 in
913 3455 1089 3509 diebus
1119 3454 1371 3525 Herodis,
1406 3466 1462 3512 et
1490 3458 1721 3529 reliqua.
1771 3458 1869 3514 llic
1912 3460 2162 3533 implevit

569 3548 840 3619 ordinem,
886 3549 1023 3605 dixit
1049 3566 1235 3620 regem
1268 3560 1321 3606 et
1348 3552 1624 3622 regionem
1669 3554 1722 3609 in
1771 3569 1876 3625 qua
1904 3553 2030 3623 fuit,
2065 3573 2156 3613 sa-

568 3643 870 3710 cerdotem,
903 3652 959 3698 et
987 3653 1205 3713 gentem
1233 3643 1371 3714 ejus,
1405 3653 1460 3699 et
1482 3661 1705 3701 uxorem
1734 3648 1902 3717 ipsius
1926 3648 2154 3705 indicat:

569 3737 632 3791 de
654 3738 759 3790 vice
782 3737 938 3803 Abia,
979 3738 1032 3792 id
1058 3746 1164 3804 est,
1202 3737 1257 3792 in
1296 3737 1489 3793 diebus
1534 3740 1767 3795 Domini.
1817 3741 2115 3799 Zacharias
2141 3786 2156 3813 ,

564 3847 760 3885 memor
799 3830 1010 3885 Domini
1060 3829 1451 3901 interpretatur
1484 3849 1497 3885 :
1529 3834 1616 3887 cui
1653 3835 1900 3903 apparuit
1943 3838 2157 3907 angelus

564 3923 780 3981 Domini
809 3942 855 3991 ,α
882 3924 1078 3979 dextris
1106 3925 1313 3991 altaris,
1357 3925 1597 3982 ostendit
1617 3926 1763 3997 quod
1790 3929 1842 3983 ei
1885 3930 2009 3998 quia
2036 3947 2155 3986 me-

562 4033 686 4073 mor
707 4017 924 4073 Domini
950 4027 1055 4084 est,
1086 4017 1490 4074 demonstratur
1509 4022 1827 4093 mysterium
1851 4021 1971 4078 Dei.
1995 4023 2150 4094 Abia,

562 4118 714 4181 pater
735 4109 970 4176 Domini,
1004 4112 1395 4180 interpretatur
1420 4129 1433 4164 :
1463 4121 1650 4183 aptum
1677 4113 1799 4183 fuit,
1830 4124 1891 4169 ut
1920 4116 1972 4170 in
2010 4126 2153 4173 tem-

560 4215 699 4270 pore
749 4196 919 4255 ofﬁcii
950 4243 965 4268 ,
1019 4203 1195 4270 patris
1241 4202 1459 4257 Domini
1486 4213 1695 4275 coeptus
1725 4214 1875 4261 esset
1903 4208 2025 4275 iste,
2058 4209 2154 4279 qui

561 4291 781 4347 Patrem
815 4291 1105 4346 Dominum
1139 4293 1513 4363 praedicasset.
1564 4296 1877 4364 Elisabeth,
1925 4298 2023 4353 Dei
2052 4303 2151 4354 mei

562 4387 825 4452 saturitas,
860 4386 1254 4457 interpretatur
1282 4407 1295 4445 :
1320 4388 1547 4459 ﬁguram
1592 4390 1776 4446 Maria:
1801 4403 1999 4462 portat,
2028 4409 2151 4465 quas

560 4479 724 4548 plena
754 4479 869 4536 Deo
899 4478 1038 4547 fuit;
1066 4491 1115 4534 et
1162 4481 1312 4536 ambo
1342 4484 1470 4550 iusti
1514 4499 1693 4538 coram
1739 4486 1986 4557 Domino,
2038 4505 2148 4547 non

540 4578 747 4626 “coram
777 4570 1110 4642 hominibus,
1159 4577 1284 4645 quia
1310 4575 1439 4630 olim
1481 4576 1684 4631 sterilis
1722 4577 1779 4633 in
1832 4579 1950 4649 lege
1978 4582 2147 4638 male-

556 4662 761 4718 dictum
791 4661 930 4717 fuit:
962 4665 1253 4720 incedentes
1280 4667 1336 4720 in
1364 4668 1598 4722 omnibus
1643 4670 1923 4739 mandatis,
1965 4673 2019 4727 id
2039 4680 2144 4743 est,

553 4767 726 4814 totam
758 4757 934 4827 legem
960 4760 1270 4815 servabant.

627 4850 756 4906 Non
805 4862 918 4904 erat
960 4850 1067 4905 illis
1111 4851 1280 4921 filius,
1327 4855 1456 4922 quia
1498 4854 1775 4913 Elisabeth
1826 4858 2066 4916 sterilis;
2095 4870 2145 4915 et

551 4943 704 4998 ambo
722 4942 1111 5015 perseverabant
1132 4945 1185 4997 in
1210 4945 1388 5001 diebus
1413 4950 1543 5003 suis.
1569 4949 1696 5005 ldeo
1718 4950 1803 5007 hac
1823 4953 1945 5007 dua:
1962 4968 2142 5010 causa:

553 5046 580 5073 ἰ
611 5046 984 5093 memorantur
1018 5054 1032 5090 :
1065 5038 1436 5095 testimonium
1489 5044 1664 5113 majus
1714 5044 1907 5100 fuisset
1945 5047 2137 5102 virtus.

543 5131 818 5203 Ingressus
864 5132 1151 5188 Zacharias
1191 5133 1246 5187 in
1268 5137 1542 5205 templum,
1578 5138 1632 5194 id
1656 5150 1761 5209 est,
1790 5140 2041 5197 Christus
2081 5142 2137 5196 in

547 5224 770 5281 Mariam
798 5245 810 5280 :
843 5228 1073 5298 populus
1106 5239 1245 5298 orat,
1278 5229 1419 5283 idem
1464 5232 1697 5301 primum
1718 5242 1886 5304 _rogat
1934 5233 2137 5289 Zacha-

546 5321 685 5374 riam
716 5320 974 5389 populus,
1007 5322 1061 5377 id
1084 5332 1187 5390 est,
1220 5321 1525 5379 libertatem
1555 5326 1624 5380 de
1644 5329 2003 5397 captivitate:
2032 5349 2132 5416 ap-

543 5414 721 5488 parui,
749 5413 795 5466 εί
824 5416 1060 5481 angelus,
1090 5431 1200 5471 non
1224 5414 1381 5487 dixit,
1414 5421 1591 5488 venit,
1610 5425 1733 5493 quia
1762 5428 1836 5484 ibi
1860 5443 1984 5491 ante
2010 5413 2129 5499 fuit.

539 5507 827 5567 Zacharias
854 5506 1084 5561 turbatus
1110 5519 1223 5579 est,
1274 5511 1327 5566 id
1350 5523 1456 5581 est,
1478 5515 1604 5584 quia
1631 5518 1806 5576 Judaei
1836 5528 2130 5591 turbabun-

608 5672 931 5749 QScriptum
952 5682 1091 5741 erat,
1120 5676 1238 5732 duae
1267 5696 1458 5749 causae,
1490 5693 1743 5738 memorat
1770 5686 2111 5742 testimonium

535 5748 704 5815 major
730 5746 942 5813 fuisset,
974 5756 1080 5802 etc.

600 5819 628 5857 δ
654 5816 806 5886 Erat,
824 5815 900 5871 1E
902 5828 1117 5891 ggptum
1129 5822 1192 5878 de
1212 5825 1350 5894 fame
1362 5828 1466 5882 sive
1492 5824 1687 5895 Maria,
1709 5829 1985 5899 benedixit,
2003 5841 2109 5889 etc.

2279 1907 2581 1978 probrium,
2611 1918 2669 1967 et
2692 1917 3067 1987 conceptionis
3099 1921 3153 1975 in
3183 1934 3466 1983 senecmte
3492 1945 3504 1981 :
3535 1930 3650 1984 inter
3675 1907 3793 1984 Itoni-

2278 2015 2391 2068 nes,
2421 2002 2546 2073 quia
2594 2018 2701 2059 non
2731 2005 2834 2061 fuit
2857 2011 3210 2080 opprobrium
3238 2017 3383 2087 apud
3415 2018 3595 2075 Deum.
3618 2022 3736 2077 Sicut
3757 2024 3792 2077 in

2277 2103 2434 2151 sexto
2462 2112 2651 2154 mense
2675 2100 2878 2157 missus
2904 2114 2989 2159 est
3020 2104 3241 2165 Gabriel
3271 2125 3302 2166 a
3334 2112 3558 2169 Domino
3579 2114 3628 2171 in
3651 2117 3791 2171 civita-

2276 2195 2427 2243 tem:
2457 2189 2529 2244 ita
2576 2192 2629 2247 in
2677 2204 2832 2250 sexto
2863 2197 3119 2255 milliario
3152 2204 3341 2260 mundi
3373 2208 3562 2265 missus
3587 2221 3660 2265 est
3680 2210 3794 2266 Chri-

2276 2288 2413 2335 stus.
2455 2281 2679 2355 Joseph,
2730 2289 2977 2352 salvator,
3028 2291 3456 2366 interpretatur,
3506 2302 3590 2373 qui
3628 2302 3796 2359 salvavit

2274 2371 2571 2444 Egyptum
2597 2377 2665 2433 de
2695 2379 2834 2437 fame
2868 2400 2881 2437 :
2914 2384 3029 2439 sive
3059 2384 3088 2423 ιι
3117 2387 3285 2444 Maria
3308 2371 3585 2459 benedicta,
3606 2395 3652 2450 id
3675 2405 3752 2461 est,
3774 2412 3795 2450 a

2275 2481 2438 2523 carne
2461 2468 2665 2528 Christi
2691 2490 2706 2529 :
2733 2477 2943 2532 turbata
2962 2488 3146 2537 autem
3172 2484 3299 2554 quia
3326 2488 3614 2554 nesciebat,
3640 2488 3677 2543 si
3699 2503 3795 2558 pra:-

2272 2558 2459 2628 terito,
2482 2576 2551 2617 an
2580 2562 2764 2620 futuro
2781 2569 2925 2637 quod
2948 2574 3171 2642 angelus
3198 2575 3336 2631 dixit
3365 2595 3379 2631 :
3407 2578 3623 2650 Spiritus
3642 2590 3797 2636 sanctus

2272 2652 2405 2705 venit
2423 2654 2479 2708 in
2502 2666 2588 2710 te:
2620 2656 2858 2728 Spiritus
2885 2678 3083 2720 nomen
3108 2676 3191 2723 est
3210 2672 3394 2727 omnis
3415 2674 3612 2743 gratiae,
3629 2674 3792 2744 quando

2271 2743 2589 2816 inspiratur,
2620 2755 2896 2822 quomodo
2924 2761 3143 2829 agnovit
3185 2762 3356 2818 Maria
3378 2807 3393 2832 ,
3424 2767 3560 2837 quod
3587 2743 3702 2823 disit
3731 2783 3797 2821 an-

2270 2839 2442 2907 gelus,
2474 2842 2560 2896 vel
2588 2842 2716 2899 dum
2753 2848 2907 2915 plena
2941 2860 3059 2905 erat
3088 2854 3309 2922 spiritu,
3360 2858 3560 2914 sciebat
3587 2858 3706 2930 quod
3731 2874 3797 2912 an-

2268 2930 2421 2998 gelus
2447 2931 2658 2989 locutus
2680 2946 2765 2992 est
2793 2941 2865 2995 ei.
2910 2941 3085 2996 Virtus
3112 2944 3373 3003 Altissimi
3402 2950 3693 3007 obumbrabit
3709 2951 3790 3015 tibi,

2269 3020 2323 3076 id
2351 3032 2456 3091 est,
2498 3025 2785 3084 abscondit
2826 3042 2876 3087 te
2931 3033 2986 3087 in
3029 3034 3266 3107 .IEgypto
3311 3039 3585 3112 fugiendo.
3611 3042 3794 3114 Cognata

2268 3124 2379 3186 tua,
2409 3119 2532 3175 ideo
2561 3121 2778 3190 dicitur,
2810 3127 2939 3195 quia
2966 3128 3246 3185 Elisabeth
3274 3132 3347 3189 de
3376 3136 3519 3192 tribu
3562 3134 3675 3193 Levi
3710 3134 3794 3197 fuit.

2268 3208 2321 3264 id
2351 3221 2468 3279 est,
2516 3214 2584 3269 de
2613 3216 2758 3271 tribu
2798 3217 2895 3274 Dei
2928 3236 2943 3275 :
2975 3237 3091 3275 ecce
3119 3224 3319 3280 ancilla
3350 3226 3581 3299 Domini,
3611 3238 3661 3284 ut
3682 3227 3795 3289 dicit,

2265 3302 2415 3360 ﬁlius
2444 3308 2654 3364 ancilla:
2685 3317 2813 3366 tuae.

2336 3400 2475 3455 Abiit
2494 3404 2549 3457 in
2574 3416 2796 3461 montem
2815 3423 2931 3463 cum
2953 3411 3285 3481 festinatione
3310 3430 3333 3468 :
3363 3414 3493 3487 quia
3513 3414 3671 3471 omnis
3694 3425 3711 3453 ο
3731 3428 3794 3466 v0-

2264 3491 2527 3550 luntatem
2556 3496 2651 3552 Dei
2705 3497 2953 3570 implere,
3008 3502 3265 3560 festinare
3316 3506 3507 3563 debet.
3560 3504 3791 3562 Exsultarit

2260 3587 2437 3656 infans
2462 3590 2516 3643 in
2545 3599 2690 3647 utero
2729 3595 2914 3649 matris
2942 3598 3075 3669 ejus,
3110 3597 3164 3652 id
3204 3608 3318 3670 est,
3374 3601 3651 3657 honoravit
3691 3599 3787 3653 ﬁlius

2261 3680 2456 3751 ﬁlium,
2485 3684 2628 3740 sicut
2646 3685 2936 3744 honoravit
2964 3690 3160 3746 mulier
3186 3693 3502 3751 mulierem.
3532 3690 3784 3750 Exclamavit

2260 3790 2378 3830 voce
2429 3792 2637 3852 magna.
2688 3784 2890 3853 Aptum
2941 3783 3061 3853 fuit,
3116 3788 3241 3858 quia
3282 3787 3357 3845 de
3404 3790 3611 3846 Joanne
3644 3789 3791 3844 dictum

2260 3876 2363 3937 est,
2389 3886 2487 3926 vos:
2508 3870 2784 3929 clamantis
2804 3878 2858 3930 in
2883 3876 3107 3933 deserto.
3125 3879 3369 3939 Joannes
3398 3895 3473 3940 est
3500 3901 3671 3940 nomen
3692 3885 3794 3956 ejus;

2259 3978 2355 4018 cur
2376 3979 2483 4019 non
2510 3966 2648 4022 dixit
2667 3968 2935 4027 Joannes:
2962 3972 3101 4028 erit?
3124 3975 3249 4046 quia
3267 3978 3332 4031 ab
3348 3980 3533 4053 angelo
3557 3982 3797 4034 vocatum!

2258 4064 2533 4126 antequam
2561 4061 2935 4133 conciperetur.
2968 4064 3038 4118 Et
3068 4067 3244 4123 mirati
3262 4080 3406 4136 sunt,
3443 4071 3495 4127 id
3523 4084 3625 4137 est,
3645 4080 3799 4126 conve-

2256 4149 2463 4206 nientia
2493 4152 2635 4210 inter
2655 4165 2861 4225 patrem
2887 4166 2944 4215 et
2968 4162 3562 4222 matrem.’Benedictus
3596 4166 3801 4221 Dominus

2254 4252 2426 4297 noster
2452 4244 2749 4303 bonitatem
2781 4250 2876 4307 Dei
2903 4252 3031 4308 dum
3059 4256 3266 4326 rogavit
3306 4258 3605 4315 Zacharias
3631 4271 3716 4329 pro
3750 4255 3799 4308 Ii-

2252 4334 2535 4394 beratione
2564 4338 2761 4409 plebis,
2804 4342 2881 4398 illi
2914 4345 3233 4404 Praecursor
3268 4349 3512 4408 donatus
3536 4362 3631 4408 est.
3654 4348 3799 4404 Erexit

2253 4445 2413 4485 cornu
2456 4432 2663 4501 salutis,
2712 4434 2767 4490 id
2797 4444 2903 4502 est,
2933 4437 3185 4496 Christus
3215 4442 3344 4513 quia
3378 4461 3548 4502 cornu
3579 4458 3670 4501 nec
3702 4453 3800 4498 caro

2251 4532 2335 4579 est
2375 4540 2475 4580 nec
2501 4541 2698 4586 ossus:
2732 4528 2809 4585 sic
2835 4539 2891 4585 et
2916 4529 3188 4601 Christus,
3221 4551 3325 4592 nec
3357 4552 3549 4607 ossus,
3577 4551 3670 4594 nec
3704 4547 3801 4591 caro

2172 4631 2228 4695 Β
2251 4621 2335 4668 est
2359 4632 2374 4670 :
2404 4624 2607 4672 tantum
2635 4618 2909 4676 divinitas.
2936 4621 3079 4677 Puer
3091 4626 3375 4695 crescebat,
3392 4629 3448 4684 id
3464 4638 3567 4694 est,
3591 4638 3797 4698 corpori»

2249 4705 2381 4761 Herc
2402 4707 2680 4778 descriptio
2702 4713 2871 4781 prima
2892 4714 3033 4785 facta
3057 4725 3153 4785 est,
3180 4717 3233 4773 id
3260 4728 3371 4790 est,
3414 4720 3683 4789 Romanis,
3703 4715 3800 4789 quia

2248 4797 2423 4855 Julius
2470 4803 2680 4873 primus
2726 4807 2974 4877 regnavit
3020 4808 3303 4879 Romanis,
3356 4815 3455 4870 sed
3512 4829 3616 4869 non
3662 4807 3802 4866 tenuit

2248 4894 2557 4951 universum
2586 4899 2844 4954 mundum
2864 4919 2878 4956 :
2899 4910 2953 4956 et
2975 4911 3098 4972 post
3113 4919 3235 4960 eum
3258 4908 3515 4977 regnavit
3536 4910 3799 4978 Augustus:

2244 4998 2370 5057 post
2399 4991 2695 5060 Augustum
2727 4993 2995 5051 Tiberius.
3028 4996 3087 5051 ln
3131 5005 3382 5070 tempore
3410 4999 3637 5073 Augusti
3663 5006 3712 5053 et
3732 4993 3801 5048 Ti-

2245 5079 2383 5136 berii
2424 5090 2635 5154 tempus
2676 5085 2879 5142 Christi
2906 5090 3213 5160 completur
3255 5093 3591 5165 baptismum
3633 5104 3797 5149 suum:

2244 5175 2367 5245 quia
2399 5193 2467 5231 xv
2492 5192 2635 5234 anno
2659 5180 2727 5236 de
2750 5196 2919 5253 regno
2941 5187 3171 5256 Augusti
3193 5198 3469 5245 venerunt
3496 5190 3550 5245 in
3579 5203 3679 5243 uno
3697 5199 3798 5241 cur-

2240 5282 2306 5323 ro
2334 5268 2401 5323 ad
2450 5271 2725 5329 civitatem
2771 5289 2922 5331 suam
2956 5280 3228 5349 Augustus
3255 5290 3309 5337 et
3353 5281 3505 5338 [ilius
3532 5283 3644 5355 ejus
3669 5279 3802 5336 Tibec

2240 5360 2373 5416 rius.
2411 5363 2541 5420 Post
2578 5382 2738 5435 quam
2787 5368 3086 5426 adsuerunt
3115 5388 3311 5444 agnum
3349 5377 3567 5443 mundi,
3597 5371 3800 5431 ostendit

2236 5456 2380 5524 quod
2409 5458 2462 5512 in
2501 5474 2669 5530 regno
2696 5461 2814 5532 ejus
2836 5476 3156 5522 nasceretur
3204 5469 3338 5538 ipse,
3374 5471 3469 5541 qui
3502 5476 3738 5541 regnaret
3754 5465 3797 5519 in

2233 5546 2489 5605 universo
2518 5552 2744 5621 mundo,
2777 5567 2834 5610 et
2855 5566 3010 5627 pater
3035 5559 3300 5616 unitatem
3326 5560 3427 5616 lilii
3457 5563 3541 5617 sui
3572 5561 3796 5617 volunta-

2295 5700 2317 5727 ο
2350 5688 2553 5761 Supple
2589 5697 2682 5763 qui
2718 5698 2847 5762 vult,
2877 5708 2971 5754 aut
3011 5699 3143 5771 quid
3188 5698 3385 5771 simile.
3432 5701 3655 5758 inferius
3689 5710 3793 5771 gn;

2222 5760 2385 5889 vittirzltl
2405 5760 2718 5891 odccurrunt,
2744 5760 2865 5841 quae
2886 5786 2952 5827 ex
2978 5760 3137 5844 parte
3161 5770 3509 5844 castigamus.
3536 5760 3789 5848 Ejusmodi

2223 5848 2280 5890 es
2328 5849 2345 5888 ι
2391 5851 2423 5889 u
2466 5870 2487 5891 .

2223 5848 2308 5890 εει
2328 5848 2487 5892 ιιιυα.
