3970 6304
317 308 404 368 569

1123 308 1488 369 EXPOSITIO
1524 310 1857 380 QUATUOR
1896 310 2469 374 EVANGELlORUM.
2511 314 2757 387 LUCAS.

3474 311 3584 373 570

309 438 423 485 tem.
459 425 585 500 Ipso
626 435 869 501 tempore
894 429 1143 501 apparuit
1169 430 1404 487 circulus
1444 446 1622 488 aereus
1649 446 1776 503 erga
1798 446 1888 488 so-
1911 434 1966 496 Α
1992 430 2115 485 bant
2137 448 2274 496 eum,
2299 448 2395 502 per
2421 442 2533 489 tres
2558 432 2730 504 Leges
2766 450 2779 489 :
2804 437 2849 487 et
2868 446 2969 486 non
2991 429 3290 488 invenerunt
3312 444 3447 494 eum,
3472 426 3581 483 nisi

301 528 421 593 lem,
452 526 694 583 ostendit
718 526 862 599 quod
909 528 1151 583 nascitur
1180 526 1233 581 in
1277 536 1525 598 tempore
1549 525 1887 598 ejus,'cujus
1988 538 2087 593 per
2117 524 2484 593 Evangelium.
2512 524 2580 578 Et
2601 534 2706 578 erat
2732 526 2838 579 illis
2870 524 3127 589 subditus,
3160 520 3396 578 ostendit
3431 519 3576 591 quod

298 626 533 691 potestas
561 626 619 673 et
648 618 1019 689 pulchritudo,
1042 628 1098 675 et
1120 619 1233 688 lux,
1268 626 1325 675 et
1352 619 1619 689 sapientia
1652 619 1886 674 circum-

295 710 531 769 dedisset
552 726 773 770 omnem
796 714 1096 784 potentiam
1118 712 1379 784 :primam
1400 712 1879 783 pulchritudinem,

290 803 465 859 lucem
496 812 553 860 et
571 805 917 876 sapientiam.
942 805 1065 876 Ipso
1104 814 1350 876 tempore
1379 804 1533 862 ﬁnxit
1558 805 1683 861 fons
1699 804 1880 861 oleum

288 908 318 949 a
345 894 574 952 taberna
601 895 883 953 meritoria
912 904 1023 952 tota
1052 896 1166 963 die,
1210 912 1385 968 usque
1431 897 1501 953 ad
1544 911 1876 969 vesperum:

283 987 685 1058 ostenditquod
716 989 958 1043 nascitur
984 987 1039 1043 in
1065 996 1316 1060 tempore
1336 988 1477 1059 ejus,
1500 1002 1532 1045 a
1560 1003 1669 1060 quo
1695 987 1881 1044 ﬂuxis-

278 1088 365 1137 set
404 1080 532 1137 fons
582 1080 727 1149 olei,
775 1080 828 1137 id
856 1090 962 1148 est,
1016 1081 1285 1153 spiritalis
1329 1081 1514 1138 unctio
1553 1096 1653 1154 per
1701 1091 1877 1145 totum

278 1173 832 1246 Evangelium’usque
853 1175 909 1231 in
938 1176 1103 1232 ﬁnem
1131 1175 1339 1233 mundi.
1364 1178 1639 1249 Augustus
1664 1186 1875 1249 patrem

277 1265 498 1337 ﬁgurat.
531 1267 787 1325 Tiberius
816 1268 1010 1324 ﬁlium.
1054 1268 1349 1341 Propterea
1387 1285 1585 1328 census
1605 1271 1785 1340 datur,
1817 1280 1875 1328 ut

275 1360 442 1415 sciret
481 1374 581 1417 rex
622 1376 910 1417 numerum
936 1360 1220 1417 hominum
1261 1370 1318 1418 et
1346 1362 1794 1434 magnitudinem.
1841 1372 1870 1403 α

273 1452 318 1505 Α
346 1453 573 1520 ρηεείάε
620 1453 812 1526 Syriae,
855 1454 1099 1511 ostendit
1145 1457 1325 1512 locum
1372 1456 1441 1513 de
1485 1472 1593 1529 quo
1618 1458 1870 1515 Christus

269 1544 370 1599 fuit
395 1562 408 1597 :
435 1554 496 1600 ut
515 1546 818 1619 proﬁterent
839 1548 1034 1619 singuli
1058 1548 1113 1602 in
1130 1564 1280 1603 suam
1301 1550 1581 1619 civitatem,
1604 1550 1865 1619 ostendit,

265 1648 324 1692 ut
353 1639 546 1695 nullus
568 1649 723 1697 extra
756 1640 1305 1714 Ecclesiamgcensum
1338 1644 1454 1699 Deo
1474 1643 1687 1701 reddat.
1710 1644 1865 1700 Posi-

266 1738 347 1784 ωε
380 1732 439 1785 in
462 1735 737 1805 prtesepio,
766 1733 819 1789 id
846 1743 952 1801 est,
993 1749 1191 1805 corpus
1217 1735 1422 1792 Christi
1453 1751 1624 1807 super
1650 1737 1859 1793 altare:

1986 616 2127 672 ﬁlius
2159 616 2395 672 hominis
2432 633 2537 672 non
2579 618 2724 672 venit
2754 618 3070 686 ministrari,
3104 616 3196 671 sed
3244 616 3573 670 ministrare.

2058 710 2131 764 Ab
2159 728 2298 765 anno
2318 712 2497 783 quinto
2528 710 2725 766 decimo
2748 711 2937 766 Tiberii
2957 710 3200 775 Caesaris,
3226 711 3436 782 primus
3455 724 3569 775 rex,

1982 804 2189 875 primus
2219 820 2421 875 przeses
2460 805 2516 860 in
2549 806 2832 863 nativitate
2862 806 3061 862 Christi
3094 814 3488 870 memorantur,
3517 804 3571 859 id

1981 905 2082 963 est,
2118 897 2247 952 dum
2281 913 2394 953 non
2446 908 2726 969 cteperant
2775 900 3000 967 docere;
3054 914 3195 954 nunc
3242 907 3423 954 autem
3470 910 3570 952 rex

1978 996 2209 1058 quartus
2240 988 2515 1045 tetrarcha
2542 1000 3021 1057 commemoratur,
3046 990 3172 1046 dum
3204 989 3268 1044 ad
3302 986 3569 1058 prmdica-

1978 1084 2181 1139 tionem
2212 1091 2268 1139 et
2297 1083 2365 1139 ad
2393 1084 2723 1155 baptismum
2750 1085 2916 1140 venit.
2959 1085 3072 1140 Rex
3116 1084 3381 1155 signiﬁcat
3410 1080 3568 1138 Chri-

1976 1184 2141 1242 stum,
2161 1182 2468 1246 etquatuor
2491 1177 2781 1233 tetrarcha:
2802 1176 3099 1233 ostendunt
3123 1186 3357 1249 quatuor
3387 1175 3567 1229 Evan-

1973 1268 2109 1339 gelia
2144 1286 2158 1322 :
2190 1267 2297 1323 duo
2325 1268 2729 1339 sacerdotes,id
2758 1270 3015 1338 est,duas
3040 1272 3220 1342 leges:
3242 1284 3338 1340 per
3370 1283 3561 1324 senum

1974 1377 2283 1431 numerum,
2314 1362 2489 1419 factus
2520 1372 2603 1419 est
2650 1364 2906 1420 mundus.
2941 1364 3151 1419 Primus
3202 1379 3298 1419 rex
3348 1361 3417 1417 de
3453 1361 3563 1416 Ro-

1972 1456 2170 1523 manis,
2236 1456 2479 1512 ostendit
2528 1456 2790 1513 unitatem
2842 1458 2994 1528 regni
3044 1456 3446 1521 Romanorum,
3504 1461 3563 1509 et

1970 1556 2199 1619 quartus
2228 1546 2499 1605 tetrarcha
2526 1565 2689 1621 super
2716 1549 2955 1616 Judmos,
2973 1547 3210 1605 ostendit
3239 1548 3557 1603 divisionem

1967 1640 2127 1712 regni
2165 1641 2499 1709 Judteorum,
2534 1641 2753 1697 Factum
2793 1651 2867 1697 est
2912 1641 3121 1696 verbum
3164 1640 3374 1694 Domini
3402 1652 3558 1704 super

1966 1732 2243 1805 Joannem,
2279 1736 2406 1791 vade
2442 1745 2493 1790 et
2530 1736 2758 1804 prwdica
2793 1736 3140 1813 baptismum:
3182 1732 3349 1787 Vallis
3374 1729 3559 1801 imple-

262 1820 363 1877 bos
384 1831 444 1879 et
469 1824 657 1880 asinus
683 1826 736 1880 in
759 1827 1027 1897 praesepio
1065 1826 1269 1883 Christi
1311 1828 1550 1884 ostendit
1588 1839 1779 1901 gentes
1808 1839 1864 1888 et
1891 1824 1939 1885 B
1967 1826 2125 1897 bitur,
2155 1827 2209 1881 id
2232 1837 2335 1893 est,
2368 1827 2541 1884 Judaei
2568 1838 2621 1882 et
2652 1836 2840 1898 gentes
2874 1837 3102 1881 :montes
3122 1835 3171 1880 et
3195 1825 3351 1879 colles
3382 1824 3557 1876 humi-

262 1912 482 1971 Judaeos
501 1918 914 1974 communicare
941 1934 1106 1990 super
1135 1921 1307 1977 altare
1339 1938 1352 1974 :
1382 1919 1527 1976 locus
1548 1921 1604 1974 in
1628 1922 1859 1977 diverso-

260 2010 365 2075 rio,
401 2010 456 2065 id
487 2020 596 2077 est,
642 2010 838 2069 domus
868 2013 1011 2069 inter
1037 2013 1177 2070 duos
1224 2030 1410 2071 muros
1434 2054 1449 2079 ,
1495 2014 1630 2071 duas
1667 2016 1861 2086 januas

260 2101 425 2160 habet
457 2121 473 2161 :
506 2104 740 2176 ﬁguram
764 2106 1043 2173 Ecclesiae,
1073 2108 1217 2163 inter
1243 2108 1579 2179 paradisum,
1611 2118 1667 2165 et
1695 2126 1857 2165 mun-

258 2197 414 2251 dum.
449 2198 740 2254 Exercitus
778 2200 1014 2255 militum
1064 2201 1305 2256 ostendit
1342 2201 1538 2257 ducem
1584 2200 1859 2257 Christum

258 2292 437 2363 sequi.
488 2291 1093 2367 Pastores’Joquebantur
1112 2337 1127 2362 ,
1160 2306 1346 2367 aptum
1377 2296 1506 2364 fuit,
1536 2304 1594 2352 ut
1614 2302 1860 2367 pastores

259 2384 666 2456 loquerentur:
697 2394 883 2457 aptum
928 2387 1048 2453 fuit,
1090 2396 1151 2443 ut
1192 2398 1441 2456 pastores
1487 2388 1857 2444 testimonium

257 2476 454 2533 darent
481 2476 557 2534 de
581 2493 715 2535 vero
743 2494 905 2550 agno.
940 2478 1283 2535 Transeamus
1325 2481 1379 2535 in
1408 2478 1739 2549 Bethleliem,
1768 2495 1860 2538 os-

258 2569 436 2625 tendit
460 2570 625 2627 nobis
654 2585 761 2627 non
813 2572 1059 2644 aspicere
1089 2584 1239 2629 retro
1264 2615 1280 2640 ,
1332 2588 1436 2629 nec
1481 2574 1547 2628 ad
1586 2574 1857 2643 dextram,

258 2678 357 2719 nec
375 2664 448 2719 ad
477 2664 695 2732 laevam,
721 2664 825 2721 nisi
846 2665 914 2721 ad
940 2664 1237 2722 Christum.
1263 2664 1581 2721 Invenerunt
1607 2666 1856 2735 Mariam,

256 2755 453 2828 Ioseph
485 2769 538 2812 et
568 2758 842 2827 infantem,
869 2774 967 2831 per
990 2759 1092 2814 hos
1116 2769 1228 2815 tres
1245 2767 1467 2815 sanatus
1494 2768 1579 2816 est
1602 2760 1856 2817 mundus.

322 2849 514 2905 Maria
552 2854 887 2908 conservabat
937 2854 1114 2907 omnia
1153 2851 1308 2909 verba
1338 2852 1468 2921 hare,
1501 2851 1557 2909 id
1585 2862 1690 2921 est,
1714 2852 1858 2925 quod

256 2946 492 3017 angelus
542 2947 593 3002 ei
635 2947 794 3002 dixit.
840 2947 1129 3019 Postquam
1179 2948 1527 3004 consummati
1580 2958 1698 3003 sunt
1748 2948 1858 3004 dies

258 3049 392 3101 octo,
424 3048 487 3092 ut
535 3039 993 3095 circumcideretur
1029 3057 1049 3094 :
1083 3048 1139 3095 et
1185 3041 1239 3095 in
1289 3048 1480 3096 octava
1517 3039 1859 3098 beatitudine

257 3132 498 3187 ostendit
537 3133 846 3203 passionem
874 3132 1077 3189 Christi
1129 3132 1259 3188 dum
1305 3132 1502 3189 dicitur
1534 3150 1547 3186 :
1580 3131 1731 3187 Beati
1766 3134 1857 3203 qui

1966 1922 2255 1991 liabuntur,
2292 1921 2346 1976 id
2374 1932 2479 1988 est,
2512 1922 2603 1991 qui
2646 1936 2705 1977 se
2746 1922 2996 1975 humiliat
3032 1919 3277 1975 exultat:
3321 1926 3367 1971 et
3406 1924 3557 1971 erunt

1964 2029 2124 2084 prava
2152 2014 2205 2067 in
2236 2014 2464 2081 directa,
2500 2013 2552 2068 id
2582 2024 2697 2079 est,
2731 2014 2825 2083 qui
2857 2014 2955 2068 luit
2985 2013 3329 2078 luxuriosus,
3366 2010 3437 2065 sit
3467 2023 3558 2063 ca-

1964 2115 2177 2162 Stuszet
2197 2123 2383 2179 aspera
2408 2108 2462 2162 in
2492 2108 2601 2161 vias
2627 2112 2837 2180 planas,
2868 2106 2921 2162 id
2945 2115 3053 2175 est,
3074 2106 3168 2175 qui
3199 2104 3466 2176 superbus
3490 2104 3559 2159 sit

1962 2197 2204 2254 humilis.
2242 2198 2445 2255 Videbit
2472 2200 2638 2255 omnis
2676 2217 2797 2254 caro
2825 2200 3053 2254 salutare
3081 2195 3203 2268 Dei,
3237 2197 3290 2254 id
3320 2206 3426 2265 est,
3457 2196 3556 2253 Ju-

1962 2294 2065 2350 daei
2088 2305 2141 2351 et
2170 2306 2383 2367 gentes,
2413 2295 2517 2350 viri
2547 2306 2601 2351 et
2628 2296 2888 2351 mulieres
2918 2312 2929 2349 :

2047 2386 2195 2442 Venit
2225 2388 2295 2441 ad
2326 2385 2614 2455 Nasaretlt,
2657 2387 2712 2441 in
2739 2404 2840 2458 qua
2885 2386 3113 2441 nutritus
3150 2394 3244 2453 est,
3292 2382 3552 2448 ostendit,

1964 2480 2268 2537 Ecclesiam
2306 2482 2359 2537 in
2398 2496 2507 2552 qua
2542 2482 2779 2537 nutritus
2828 2481 2918 2547 sit,
2957 2480 3122 2535 homo
3169 2494 3279 2534 non
3330 2476 3557 2532 oblivis-

1961 2582 2148 2640 catur;
2192 2582 2240 2627 et
2274 2574 2501 2628 surrexit
2544 2574 2733 2645 legere,
2770 2573 2859 2628 hic
2894 2572 3150 2639 ostendit,
3201 2570 3247 2625 si
3275 2567 3325 2624 id
3351 2567 3555 2639 jnniori

1960 2665 2260 2723 revelatum
2292 2666 2474 2734 fuerit,
2520 2666 2694 2723 senior
2736 2674 2920 2732 taceat,
2968 2663 3021 2720 id
3052 2671 3157 2730 est,
3203 2660 3553 2733 Evangelista

1961 2768 2017 2815 et
2044 2758 2519 2815 Pentateuchum:
2568 2758 2740 2829 surgit
2783 2768 2838 2813 et
2864 2757 3060 2812 Petrus
3088 2755 3142 2810 in
3176 2753 3359 2809 medio
3387 2751 3553 2808 disci-

1960 2853 2213 2924 pulorum
2244 2868 2259 2906 :
2289 2853 2451 2916 stetit,
2487 2852 2723 2908 ostendit
2747 2849 2890 2923 quod
2917 2864 3022 2905 non
3040 2847 3398 2913 reddendum,
3422 2860 3556 2916 prte-

1961 2946 2252 3003 dicandum
2305 2954 2418 3013 est;
2468 2955 2677 3018 propter
2711 2946 2848 3017 quod
2886 2943 3035 2998 unxit
3082 2958 3181 3007 me,
3227 2940 3280 2995 id
3309 2948 3413 3006 est,
3446 2954 3555 2994 non

1960 3040 2143 3097 oleum
2180 3054 2490 3107 commune,
2535 3038 2631 3093 sed
2661 3037 2937 3108 spiritale:
2970 3034 3319 3107 evangelizare
3361 3048 3559 3103 paupe-

1968 3132 2134 3199 ribus,
2162 3131 2214 3188 id
2242 3140 2348 3203 est,
2379 3141 2438 3187 ut
2462 3130 2603 3186 beati
2626 3145 2891 3201 pauperes
2917 3130 3131 3199 spiritu,
3166 3134 3212 3181 et
3239 3125 3449 3196 captivis
3468 3140 3555 3177 re-

260 3225 667 3291 persecutionem
686 3225 980 3295 patiuntur.
1000 3224 1356 3281 Circumcisio
1370 3222 1576 3279 Christi
1597 3223 1688 3280 die
1707 3232 1856 3280 octa-
1885 3212 1930 3277 C
1962 3224 2330 3295 demptionem,
2354 3223 2408 3279 id
2438 3234 2544 3291 est,
2569 3221 2774 3279 Judaeis
2803 3220 2871 3276 de
2894 3219 3195 3286 Pharaone,
3222 3225 3277 3273 et
3304 3215 3553 3287 gentibus

264 3330 344 3384 vo,
377 3316 627 3373 ostendit
653 3318 971 3388 sanguinem
1002 3328 1304 3389 martyrum
1326 3360 1342 3386 ,
1390 3330 1561 3388 usque
1608 3316 1663 3372 in
1710 3318 1854 3373 diem

265 3407 439 3478 indicii
474 3427 490 3462 :
524 3409 641 3465 sive
670 3411 795 3481 quia
835 3410 1083 3483 implevit
1128 3411 1301 3482 legem
1327 3452 1343 3479 ,
1397 3420 1452 3467 et
1502 3427 1609 3467 non
1665 3412 1850 3470 solvit.

264 3499 547 3575 Postquam
589 3504 790 3573 impleti
830 3514 950 3558 sunt
981 3503 1089 3559 dies
1116 3505 1443 3577 purgationis
1482 3506 1615 3575 ejus,
1646 3504 1699 3560 id
1742 3513 1848 3576 εει,

254 3594 545 3651 duodecim
573 3595 690 3651 dies
719 3596 786 3651 de
815 3611 1014 3666 puero,
1047 3596 1115 3653 de
1143 3598 1325 3668 puella
1364 3597 1672 3668 trigintain
1709 3597 1852 3669 Lege

248 3687 373 3756 fuit,
401 3698 467 3744 ut
492 3689 691 3744 mulier
714 3705 823 3745 non
848 3690 1015 3745 intret
1054 3690 1110 3745 in
1138 3690 1399 3746 Ecclesia.
1426 3689 1540 3744 Par
1571 3699 1847 3757 turturum,

245 3793 334 3837 aut
369 3782 504 3835 duos
556 3780 726 3849 pullos
752 3780 1108 3837 columbarum
1133 3824 1149 3848 ,
1185 3798 1284 3854 per
1313 3784 1584 3839 saevitiam
1620 3784 1851 3839 turturis

245 3873 493 3929 ostendit
521 3888 644 3929 esse
675 3873 1018 3943 prudentiam
1034 3875 1174 3930 sicut
1202 3875 1499 3946 serpentis,
1520 3890 1617 3947 per
1638 3876 1851 3930 colum-

243 3966 375 4021 bam
402 3966 685 4037 simplices
705 3981 829 4022 esse
854 3984 869 4021 :
903 3984 1021 4037 par,
1037 3966 1297 4036 ostendit,
1322 3978 1381 4023 ut
1404 3976 1575 4023 totum
1598 3982 1660 4024 se
1684 3967 1849 4024 homo

241 4062 446 4119 offerat
490 4062 622 4118 Deo.
671 4062 1057 4117 Revelationem
1081 4064 1331 4133 gentium,
1380 4061 1434 4117 id
1480 4070 1586 4129 est,
1615 4062 1845 4134 gloriam

242 4155 394 4211 ﬁdei.
424 4152 562 4209 Ecce
583 4154 783 4225 positus
812 4156 867 4208 in
894 4155 1123 4222 ruinam,
1150 4153 1205 4210 id
1223 4162 1327 4217 est,
1354 4154 1441 4208 his
1472 4154 1562 4223 qui
1590 4169 1697 4209 non
1720 4168 1843 4209 cre-

239 4248 416 4313 dunt;
456 4248 510 4303 in
543 4247 1004 4304 resurrectionem
1026 4290 1040 4313 ,
1075 4246 1158 4301 his
1185 4248 1279 4317 qui
1320 4246 1552 4302 credunt
1576 4247 1630 4301 in
1673 4261 1839 4303 eum:

237 4352 283 4394 et
314 4341 547 4411 signum,
586 4338 639 4393 id
678 4347 783 4405 est,
818 4338 1199 4410 Evangelium.
1238 4338 1365 4393 Veni
1393 4354 1639 4411 separare
1676 4336 1843 4392 homi-

1956 3317 2024 3373 de
2053 3316 2276 3373 diabolo
2311 3334 2325 3371 :
2351 3317 2499 3371 cwcis
2527 3317 2714 3383 visum,
2739 3314 2791 3369 id
2812 3323 2918 3381 est,
2949 3311 3152 3368 Jndaeis
3173 3319 3229 3367 et
3259 3309 3550 3381 gentibus:

1953 3409 2213 3464 dimittere
2232 3409 2549 3479 confractus,
2571 3407 2623 3462 id
2642 3414 2747 3472 est,
2760 3405 2997 3471 Judaeos,
3022 3406 3190 3460 lutum
3205 3402 3543 3466 fabricando,

1952 3514 2008 3563 et
2034 3512 2228 3578 gentes
2256 3503 2416 3559 idolis
2444 3503 2801 3575 supplicando
2837 3516 3069 3557 :annum
3100 3497 3336 3558 Domini,
3368 3497 3421 3551 id
3443 3504 3547 3565 εει,

1952 3601 2079 3671 quia
2111 3614 2288 3655 annus
2313 3606 2549 3669 quatuor
2577 3608 2821 3666 tempora
2845 3594 3032 3664 habet,
3057 3594 3297 3650 ostendit
3315 3600 3551 3663 quatuor

1951 3692 2315 3763 evangelistas
2348 3709 2363 3747 :
2397 3699 2451 3746 et
2476 3690 2764 3746 duodecim
2806 3701 3055 3754 menses,
3085 3684 3373 3741 duodecim
3413 3697 3549 3754 apo-

1950 3786 2123 3843 stolos
2153 3786 2427 3843 ostendit:
2451 3795 2498 3841 et
2526 3786 2669 3839 diem
2688 3782 3065 3845 retributionis,
3094 3777 3147 3834 id
3171 3786 3274 3844 est,
3296 3778 3443 3833 diem
3463 3778 3552 3846 ju-

1950 3880 2081 3936 dicii
2113 3899 2126 3934 :
2160 3881 2224 3936 ad
2255 3881 2518 3949 litteram,
2549 3878 2703 3934 hodie
2730 3876 2943 3942 impleta
2966 3882 3040 3929 est
3072 3872 3341 3945 Scriptura
3371 3875 3426 3925 in
3449 3887 3547 3924 au-

1946 3975 2091 4029 ribus
2108 3976 2311 4030 vestris.

2020 4069 2079 4123 Μ
2084 4068 2207 4124 ultre
2226 4069 2403 4125 vidua;
2431 4077 2579 4124 erant
2602 4069 2654 4123 in
2679 4064 2869 4132 Israel,
2899 4061 2953 4119 id
2985 4058 3341 4127 est,Ecclesia
3359 4058 3545 4119 :Elias

1946 4162 2221 4233 signiﬁcat
2245 4159 2523 4216 Christum
2551 4158 2819 4215 :Necman
2841 4157 3012 4227 Syrus
3035 4154 3301 4225 signitlcat
3317 4162 3506 4222 gentes
3527 4172 3541 4205 :

1946 4252 2077 4317 ﬁlia,
2105 4252 2157 4308 id
2187 4261 2292 4318 est,
2324 4266 2599 4324 synagoga
2633 4266 2648 4305 :
2675 4248 2847 4311 Ciezi,
2881 4246 2936 4301 id
2977 4253 3082 4310 est,
3129 4242 3370 4299 Ecclesia
3402 4260 3416 4297 :
3448 4240 3546 4296 ha-

1952 4345 2087 4401 bens
2110 4344 2461 4409 daemonium,
2492 4342 2546 4398 id
2577 4352 2682 4407 est,
2716 4340 2875 4395 idolis
2900 4335 3194 4393 credendo.
3231 4334 3371 4401 Quid
3398 4334 3543 4387 nobis

236 4451 359 4490 sent
392 4434 641 4489 adversus
670 4441 921 4502 matrem,
974 4439 1030 4488 et
1056 4430 1261 4503 reliqua
1290 4447 1305 4489 :
1336 4440 1393 4488 ut
1422 4432 1540 4502 ipse
1562 4432 1638 4487 ait
1666 4448 1681 4488 :
1713 4431 1842 4497 Qua:
1943 4446 1992 4492 et
2024 4436 2155 4491 tibi?
2192 4437 2244 4493 id
2286 4444 2392 4503 est,
2426 4434 2582 4492 nobis
2627 4441 2917 4498 tormenta,
2957 4428 3054 4484 tibi
3094 4426 3342 4498 gloriam.
3379 4425 3543 4481 Secus

234 4537 315 4583 est
353 4535 522 4581 mater
565 4527 724 4581 mea?
759 4524 955 4580 Beatus
992 4525 1082 4580 ille
1112 4532 1289 4578 venter
1314 4525 1402 4593 qui
1430 4534 1477 4578 te
1512 4524 1755 4595 portavit,
1784 4532 1841 4580 et
1942 4537 2209 4602 stagnum,
2261 4528 2314 4583 id
2354 4536 2475 4593 est,
2508 4541 2668 4581 secus
2691 4525 2865 4595 legem
2902 4539 2914 4575 :
2950 4522 3069 4576 dum
3114 4535 3289 4583 naves,
3334 4517 3387 4575 id
3435 4527 3539 4583 εει,

234 4620 474 4691 reliqua,
504 4618 557 4673 id
585 4627 694 4684 εει,
722 4628 781 4673 ιιι
801 4617 953 4673 multi
972 4617 1143 4672 bonas
1166 4616 1530 4686 cogitationes
1555 4615 1830 4687 cogitent:
1862 4602 1917 4664 D
1941 4624 2077 4679 duas
2122 4622 2399 4679 Ecclesias
2430 4640 2442 4675 ;
2484 4622 2587 4675 duc
2624 4621 2678 4673 in
2705 4620 2893 4686 altum,
2927 4616 2979 4673 id
3009 4624 3111 4681 est,
3148 4616 3423 4671 Christum
3456 4630 3542 4669 as-

233 4714 367 4768 dum
395 4727 508 4769 non
529 4713 644 4769 sola
670 4711 841 4767 Maria
866 4720 1042 4768 mater
1069 4709 1272 4766 Christi
1294 4718 1397 4765 est.

313 4804 382 4860 Et
410 4815 557 4860 tuam
585 4806 747 4875 ipsius
773 4806 1005 4859 animam
1040 4810 1363 4877 pertranseat
1391 4801 1623 4873 gladius,
1644 4801 1698 4857 id
1725 4812 1827 4872 est,

235 4913 421 4955 sermo
445 4897 565 4963 Dei,
596 4898 712 4953 sive
735 4895 919 4967 passio
946 4895 1175 4951 Christi.
1213 4893 1425 4948 Vixerat
1448 4911 1565 4948 cum
1591 4895 1703 4949 viro
1737 4912 1833 4950 suo

234 5008 402 5046 annos
427 5000 645 5059 septem,
679 4990 735 5044 id
764 4998 870 5059 est,
899 5002 1172 5061 synagoga
1202 5001 1327 5044 cum
1351 4988 1586 5057 eptatico
1618 5006 1629 5041 :
1653 4997 1701 5042 et
1728 5003 1831 5043 non

234 5088 531 5141 discedebat
556 5085 621 5139 de
642 5083 856 5157 templo,
893 5082 947 5139 id
974 5092 1077 5148 est,
1112 5082 1236 5151 quia
1265 5097 1374 5137 non
1402 5080 1565 5137 debet
1586 5081 1831 5138 Ecclesia

235 5170 521 5237 discedere
548 5180 616 5235 de
646 5180 809 5236 coelo.
835 5178 976 5234 Puer
1002 5189 1176 5233 autem
1199 5178 1476 5241 crescebat,
1499 5176 1551 5231 id
1577 5184 1683 5246 est,
1709 5192 1832 5232 cor-

237 5290 387 5341 pore.
418 5272 491 5328 Et
510 5272 923 5344 conforlabatur,
958 5270 1007 5325 id
1024 5281 1128 5338 est,
1154 5272 1367 5341 spiritu.
1394 5268 1526 5325 Cum
1547 5280 1675 5324 esset
1699 5270 1829 5323 duo-

236 5368 400 5421 decim
418 5382 698 5434 annorum,
716 5364 765 5419 id
783 5374 889 5431 est,
920 5364 1203 5420 duodecim
1222 5363 1396 5419 tribus
1426 5378 1544 5433 qua:
1560 5373 1829 5419 venerunt

236 5459 303 5513 ad
330 5458 608 5514 Christum
638 5475 653 5513 :
684 5466 799 5530 post
824 5455 1055 5511 triduum
1080 5456 1381 5511 invenerunt
1402 5472 1554 5510 eum:
1581 5464 1750 5525 pater,
1771 5454 1823 5510 id

236 5563 337 5621 est,
372 5554 641 5622 Ecclesia,
662 5563 719 5610 et
746 5563 930 5621 mater,
964 5551 1017 5608 id
1044 5561 1148 5623 est,
1178 5567 1448 5625 synagoga
1474 5570 1488 5607 :
1515 5554 1604 5621 qui
1622 5569 1825 5624 qurere-

312 5764 336 5794 ι
365 5754 600 5812 prmia
630 5753 823 5827 syria,
850 5768 949 5827 pro
978 5772 1012 5809 a
1035 5752 1269 5819 Perside,
1302 5762 1435 5818 etc..
1453 5762 1509 5811 et
1529 5764 1585 5811 ut
1608 5758 1824 5827 proﬁte-

312 5773 336 5794 -
365 5773 600 5812 rrtesiae
630 5773 668 5813 δ
712 5773 823 5823 me,
850 5773 949 5825 pro
978 5773 1012 5809 a
1035 5773 1269 5819 rerstae,
1302 5773 1435 5818 etc..
1453 5773 1509 5811 ει
1529 5773 1585 5811 ut
1608 5773 1820 5827 propte-

238 5838 346 5884 rsnt
371 5827 526 5901 (Leg.
556 5773 952 5902 profiterentur)
976 5826 1196 5897 singuli,
1220 5840 1318 5896 pro
1352 5836 1408 5882 ut
1437 5830 1820 5901 prophitarent,

1941 4715 2267 4785 condentem
2314 4715 2370 4770 in
2401 4714 2601 4770 ctelum
2640 4729 2654 4765 :
2685 4721 2791 4764 tota
2829 4709 2913 4764 die
2940 4708 3256 4775 laborantes,
3296 4708 3429 4762 nihil
3457 4724 3539 4761 ce-

1940 4811 2131 4883 pimus,
2173 4808 2228 4863 id
2270 4817 2372 4875 est,
2406 4822 2501 4879 per
2550 4816 2787 4864 veterem
2816 4804 3016 4877 Legem
3046 4804 3250 4859 nullum
3282 4802 3536 4859 duximus

1940 4905 2007 4958 ad
2039 4903 2224 4956 vitam.
2258 4899 2611 4972 Impleverunt
2638 4899 2817 4952 ambas
2859 4913 3035 4964 naves,
3066 4896 3117 4951 id
3150 4904 3255 4963 est,
3284 4894 3407 4965 quia
3438 4910 3533 4964 per

1942 4994 2249 5050 Ecclesiam
2291 5005 2347 5049 et
2380 5005 2710 5066 synagogam
2760 4989 3032 5047 convertit
3073 5004 3088 5044 :
3128 4990 3199 5043 ita
3236 4995 3291 5040 ut
3338 5002 3534 5055 merge-

1936 5096 2133 5150 rentur,
2165 5085 2217 5141 id
2247 5094 2352 5153 est,
2374 5084 2536 5139 homo
2556 5084 2647 5154 qui
2669 5081 2911 5149 divitias,
2936 5091 2991 5136 et
3016 5085 3391 5149 paupertatem
3421 5094 3529 5133 non

1936 5179 2191 5235 sustinet.
2227 5178 2331 5231 Exi
2367 5194 2399 5231 a
2442 5193 2541 5246 me,
2585 5174 2831 5241 Domine,
2865 5173 2989 5241 quia
3015 5178 3249 5242 peccator
3273 5186 3411 5236 sum,
3443 5186 3533 5226 os-

1937 5274 2131 5342 tendit,
2156 5273 2209 5329 id
2240 5283 2346 5343 est,
2374 5287 2484 5327 non
2518 5270 2689 5327 exivit
2717 5269 2995 5334 Dominus,
3030 5264 3157 5336 quia
3190 5280 3294 5320 non
3326 5264 3533 5322 deserit

1936 5386 2123 5426 veram
2149 5368 2530 5425 humilitatem.

2006 5464 2138 5519 Noli
2167 5466 2363 5531 timere,
2399 5463 2451 5519 id
2476 5471 2578 5530 est,
2604 5474 2710 5516 non
2742 5457 2929 5513 timeat
2950 5465 3203 5528 peccator
3228 5454 3518 5511 medicum.

1932 5556 2243 5614 Ambulabat
2290 5558 2454 5629 magis
2492 5570 2657 5613 sermo
2701 5552 2765 5607 de
2790 5549 2923 5621 illo,
2965 5551 3031 5608 id-
3059 5559 3165 5620 est,
3197 5548 3441 5606 sanitatis
3471 5555 3528 5604 et

1933 5768 2063 5828 etc.,
2098 5773 2274 5832 neque
2317 5759 2461 5816 enim
2488 5760 2677 5816 omnia
2703 5759 2914 5819 referre
2940 5767 3127 5825 vacat;
3157 5766 3397 5832 eratque
3436 5775 3523 5819 re-

1933 5847 2065 5891 vera
2094 5828 2241 5891 totus
2269 5839 2531 5891 tractatus
2550 5847 2658 5892 una
2684 5833 2845 5893 litura
2870 5828 3266 5894 emendandus.
