3970 6304
497 224 595 284 571
1532 245 1589 304 S.
1634 248 2010 309 IllERON‘YMi
2050 250 2339 314 OPERUM
2377 258 2744 319 MANTISSA.
3627 278 3711 337 572

500 347 782 407 doctrinae.
815 352 1041 421 Quando
1071 360 1279 428 orabat,
1302 362 1542 418 ostendit
1567 364 1865 424 theoricam
1889 371 2085 433 vitam:
2115 366 2166 433 Α
2195 373 2359 429 missa
2400 388 2498 445 per
2525 379 2763 449 quinque
2810 392 3001 438 sensus
3042 400 3058 439 :
3102 385 3239 439 alius
3274 386 3632 464 'quintyuaginta,
3664 400 3707 453 id

507 444 725 513 quando
771 448 1025 516 sedebat,
1057 454 1296 508 ostendit
1338 457 1599 513 actuaiem
1645 463 1829 517 vitam.
1884 463 1990 520 Per
2031 476 2100 524 ιε-
2201 476 2303 535 est,
2341 444 2560 539 p'eccata
2612 473 2948 530 Judreorum.
2996 478 3098 532 lsta
3143 481 3338 536 mulier
3378 482 3523 541 Maria
3546 489 3718 561 Magos.

508 536 653 561 -..1--
720 538 768 561 LI
808 550 881 561 --ι
940 558 1031 561 _-,
1099 545 1133 561 ι·
1176 546 1188 557 ο
1237 547 1271 561 ο-
1319 558 1325 561 .
1959 558 1968 561 -

500 536 674 605 gulas,
718 538 771 594 id
801 550 905 608 est,
939 558 1036 612 per
1082 545 1423 603 divinitatem
1467 569 1483 606 :
1540 570 1712 625 surge,
1771 566 1818 609 et
1861 558 2091 627 ambula,
2201 561 2319 616 lena
2343 536 2472 629 luit,
2508 565 2576 620 dc
2608 578 2708 637 qua
2743 569 2915 638 ejecta
2947 582 3069 625 sunt
3101 582 3307 643 septem
3334 574 3593 636 damonis.
3617 536 3719 650 auls

503 633 742 688 ostendit
792 638 1241 695 resurrectionem
1296 642 1558 697 omnium.
1610 646 1779 702 lc‘xivit
1816 650 1870 704 in
1921 662 2091 709 mante
2199 657 2379 725 estqui
2409 668 2619 729 peccata
2642 660 2878 727 dimittit,
2905 662 2957 717 id
2982 673 3086 731 est,
3123 667 3357 732 potentia
3380 669 3543 726 divina
3570 684 3613 728 et
3632 677 3718 729 vir-

508 740 680 791 orare,
710 734 764 783 et
794 726 1073 786 descendit
1103 731 1170 788 ad
1203 726 1404 803 turbas,
1440 737 1680 794 ostendit
1712 728 2089 815 tlieoreticam,
2200 756 2302 803 tus.
2329 726 2433 805 ista
2457 746 2616 806 Maria
2652 748 2846 824 ligarat
2878 756 3197 822 Ecclesium,
3226 760 3295 817 de
3324 776 3422 832 qna
3453 766 3595 834 ejecit
3628 782 3722 840 set»

502 823 558 871 et
584 819 853 875 actualem
875 823 929 877 in
950 840 1137 881 unum.
2197 844 2303 895 tem
2333 844 2479 905 vitia,
2512 846 2655 913 Quod
2686 848 2735 899 in
2765 858 2975 917 septem
3000 850 3119 905 dies
3148 855 3385 921 peccavit
3417 856 3581 910 homo.

575 908 817 977 Quatuor
856 912 1220 975 beatitudines
1251 921 1523 992 leguntur,
1567 925 1688 995 quia
1722 936 1951 997 quatuor
1980 929 2093 985 vir-
2280 928 2368 986 Vir
2389 908 2619 1005 quiddin,
2654 935 2707 991 id
2750 908 2854 1004 εει,
2884 934 3115 1008 populus
3144 908 3382 1013 gentium
3417 946 3723 1018 {temporibus

505 1010 647 1055 tutes
678 1004 992 1063 cardinales
1028 1013 1380 1067 continentur
1410 1032 1420 1068 :
1455 1023 1481 1052 ι
1521 1017 1743 1085 caudes‘,
1787 1020 1975 1076 Latine
2005 1023 2091 1077 di-
2194 1004 2407 1092 multis,
2433 1026 2482 1081 id
2525 1036 2629 1092 εει,
2675 1042 2704 1083 a
2734 1031 3001 1102 principio
3042 1034 3230 1088 mundi
3264 1050 3277 1089 :
3306 1038 3626 1093 vestimentum
3648 1056 3724 1096 non

498 1092 638 1147 citur
664 1096 846 1152 cordis
878 1117 891 1153 :
922 1099 1039 1155 istae
1070 1115 1302 1173 quatuor
1339 1106 1513 1173 lenes,
1555 1110 1913 1167 ostenduntur
1953 1122 2092 1184 qua-
2192 1118 2519 1186 induebatur,
2547 1120 2596 1174 id
2619 1124 2724 1187 est,
2753 1120 2859 1178 llde
2893 1138 3024 1178 :nec
3051 1124 3290 1181 manebat
3317 1129 3370 1182 in
3396 1127 3557 1197 domo,
3576 1131 3622 1187 id
3646 1142 3725 1200 est,

499 1194 621 1242 tuor
683 1178 891 1260 partes
932 1197 1139 1252 mundi.
1202 1200 1331 1254 Item
1399 1210 1522 1257 octo
1584 1204 1649 1259 ad
1707 1206 1829 1263 octo
1883 1210 2091 1265 animas
2195 1210 2245 1262 in
2280 1211 2519 1281 Ecclesia
2560 1215 2697 1266 :sed
2736 1215 2789 1268 in
2826 1219 3199 1287 monumentis,
3232 1219 3286 1273 id
3316 1228 3416 1286 est,
3442 1224 3727 1280 consuetudo

465 1282 756 1349 ,pertinet,
792 1300 909 1352 quae
946 1286 1167 1344 fuerunt
1206 1291 1256 1345 in
1289 1307 1414 1347 arca
1442 1292 1575 1361 Noe,
1603 1306 1700 1366 per
1732 1306 1867 1370 quas
1898 1308 2091 1357 omnes
2193 1304 2449 1372 peccandi
2486 1322 2501 1360 :
2542 1308 2758 1372 catenis,
2793 1316 2841 1361 et
2872 1310 3226 1381 compedibus,
3256 1312 3306 1367 id
3332 1323 3427 1379 cst,
3459 1316 3537 1369 lex
3562 1324 3728 1372 natura

496 1386 667 1440 genus
690 1373 981 1432 humanum
1013 1383 1271 1439 ostendit.
1312 1383 1510 1440 Merces
1540 1397 1710 1442 t-estra
1741 1393 1905 1447 multa
1932 1403 2005 1448 est
2034 1396 2088 1450 in
2194 1406 2247 1448 ct
2280 1396 2478 1450 litterae
2505 1413 2517 1451 :
2552 1398 2824 1464 Sedentes,
2856 1401 2908 1455 id
2932 1412 3037 1470 est,
3067 1404 3116 1456 in
3142 1404 3727 1477 lide,posthaptismum;

499 1466 690 1535 gloria,
738 1470 788 1523 id
839 1481 941 1533 est,
1000 1489 1096 1544 pro
1145 1478 1551 1547 pmdicatiune,
1610 1487 1991 1553 per-securicula
2035 1500 2089 1545 et
2188 1488 2449 1553 vestitum,
2481 1489 2532 1543 id
2565 1501 2669 1555 (tsi,
2712 1492 2765 1546 in
2799 1493 3313 1551 inmortalitatem:
3359 1498 3423 1551 ad
3460 1499 3599 1567 pedes
3623 1504 3727 1573 ejus,

500 1563 777 1628 patientia.
811 1564 1113 1625 Secundum
1142 1573 1251 1627 hare
1277 1577 1539 1646 faciebant
1560 1589 1734 1647 patres
1758 1598 1935 1636 eorum
1962 1600 2085 1655 pro-
2191 1581 2240 1634 id
2274 1595 2380 1647 εει,
2415 1582 2481 1637 ad
2528 1585 2827 1653 apostolos.
2858 1585 3069 1641 Dimisit
3107 1589 3281 1657 illum,
3309 1599 3353 1643 et
3379 1591 3526 1657 dixit,
3556 1590 3667 1645 Redi
3690 1595 3729 1645 in

498 1653 686 1722 phetis,
729 1655 781 1710 id
825 1669 929 1722 est,
975 1661 1250 1733 odiebant,
1288 1669 1689 1738 exprobrabant
1716 1681 1770 1727 et
1799 1653 2087 1743 ejiciebant
2191 1674 2396 1728 domum
2423 1686 2581 1743 tuam,
2612 1678 2841 1733 ostendit
2869 1680 2937 1734 de
2972 1680 3213 1736 theon-ica
3238 1697 3336 1739 nos
3367 1683 3542 1739 venire
3566 1684 3623 1738 ad
3656 1698 3728 1739 ac-

498 1744 713 1798 nomina
744 1763 953 1805 eorum.
974 1750 1002 1789 ι)
1034 1754 1126 1809 Va:
1148 1757 1288 1811 vobis
1310 1760 1580 1815 divitibus!
1601 1763 1724 1833 quia
1746 1765 1937 1821 habetis
1966 1785 2087 1823 con-
2121 1754 2164 1821 B
2196 1768 2358 1823 male.

497 1838 800 1896 solutionem
847 1858 1088 1917 vestram,
1131 1860 1185 1906 et
1225 1867 1331 1909 non
1386 1854 1493 1910 Deo
1538 1858 1739 1928 gratias
1772 1862 1951 1931 agitis,
1982 1880 2065 1919 not

2267 1860 2324 1913 Μ
2329 1859 2482 1928 ulier,
2517 1862 2570 1917 id
2596 1868 2702 1935 est,
2731 1865 2973 1920 Ecclesia
3006 1883 3021 1920 :
3045 1870 3251 1937 ﬂuxum
3277 1869 3552 1941 sanguinis,
3575 1868 3620 1923 id
3644 1879 3724 1930 est,

494 1928 630 1999 Deo,
656 1940 751 1989 sed
778 1934 982 1995 divitiis
1011 1943 1229 1999 vestris.
1271 1942 1360 2000 Vw
1387 1940 1524 2001 robis
1545 1949 1565 2002 !
1590 1966 1707 2005 cum
1738 1950 2089 2009 benedirerint
2193 1955 2276 2009 lex
2312 1966 2517 2011 natura-
2548 1974 2561 2011 :
2610 1959 2673 2011 ab
2702 1963 2853 2013 annis
2881 1961 3174 2029 duodecim,
3219 1962 3272 2016 id
3295 1970 3401 2030 est,
3429 1963 3540 2016 dine
3562 1974 3727 2017 relatas.

497 2019 746 2091 homines,
797 2028 847 2083 id
900 2039 1004 2099 est,
1055 2035 1286 2092 inimicis
1340 2039 1554 2095 reStris.
1610 2041 1765 2098 Nihil
1804 2046 1927 2101 inde
1973 2066 2089 2121 spea
2196 2048 2382 2121 Tangit
2431 2051 2689 2120 ﬁmbriam
2736 2056 3021 2107 vestimenti
3060 2058 3193 2125 ejus,
3230 2055 3283 2109 id
3330 2068 3427 2120 est,
3459 2055 3659 2109 credidit
3694 2057 3729 2108 in

494 2126 688 2186 rantes,
716 2122 856 2189 quod
894 2140 988 2179 vos
1020 2127 1232 2185 habetis
1255 2131 1401 2203 date,
1440 2142 1499 2189 ut
1528 2135 1579 2190 in
1611 2137 1783 2208 gloria
1818 2143 2088 2212 recipiatis
2192 2143 2475 2198 minimum
2507 2146 2816 2199 mandatum
2836 2145 3066 2201 Christi.
3097 2148 3225 2214 Quis
3252 2156 3349 2213 est,
3378 2150 3461 2217 qui
3488 2165 3559 2201 me
3583 2149 3730 2215 tetigit,

496 2212 802 2269 mercedem
834 2232 864 2270 a
892 2216 1145 2279 Domino.
2192 2236 2244 2289 id
2273 2247 2375 2304 est,
2402 2238 2492 2308 qui
2511 2254 2598 2293 me
2628 2239 2896 2295 credidit:
2926 2242 3166 2295 virtutem
3188 2241 3252 2295 de
3277 2258 3357 2295 me
3385 2243 3560 2306 exisse,
3586 2242 3630 2294 id
3652 2252 3729 2304 est,

570 2303 844 2379 Numquid
863 2322 1027 2380 potest
1048 2330 1212 2372 crocus
1231 2335 1420 2374 C(I‘Cllm
1442 2324 1666 2381 ducere?
1693 2325 1744 2383 id
1768 2338 1869 2396 est,
1892 2328 2088 2387 stultus
2188 2330 2254 2381 ad
2288 2303 2573 2398 probatum
2617 2333 2707 2400 qui
2751 2331 2910 2386 iidem
2955 2332 3165 2388 habuit.
3198 2333 3416 2399 Petrus,
3445 2344 3497 2389 et
3522 2332 3730 2393 Joannes,

494 2397 717 2453 Stultum
748 2401 945 2460 docere
978 2423 992 2460 :
1036 2412 1271 2466 amboin
1318 2414 1515 2483 foveam
1562 2422 1770 2486 cadent,
1804 2419 1856 2476 id
1886 2432 1990 2489 est,
2031 2425 2084 2479 in
2188 2428 2242 2477 et
2261 2397 2520 2487 Jacobus,
2565 2397 2769 2487 idem,
2806 2423 2959 2489 lides,
3005 2439 3154 2493 spes,
3184 2426 3426 2479 Charitas
3468 2442 3480 2477 :
3521 2432 3667 2494 pater,
3693 2424 3730 2476 id

495 2490 880 2557 perditionem.
924 2495 1043 2553 Ibat
1080 2502 1133 2555 in
1165 2505 1419 2561 civitatem
1465 2513 1606 2581 quod
1653 2512 1842 2568 dicitur
1880 2515 2083 2586 Naum,
2187 2526 2292 2583 est,
2333 2518 2622 2586 episcopus
2658 2534 2670 2570 :
2708 2527 2898 2586 mater,
2952 2519 3195 2574 Ecclesia
3228 2536 3243 2577 :
3297 2518 3511 2574 castella
3551 2527 3599 2573 et
3634 2517 3733 2570 citi-

497 2584 737 2639 ostendit
789 2598 912 2656 post
964 2604 1209 2652 sanatum
1262 2598 1557 2672 inlirtnum,
1615 2608 1755 2676 quod
1806 2610 2058 2669 suscitari

2188 2584 2443 2675 tates,_id
2473 2584 2578 2674 est,
2625 2604 2794 2677 servi,
2838 2620 2893 2665 ct
2928 2610 3155 2665 domini.
3203 2611 3552 2666 Narraverunt
3588 2612 3627 2663 ei
3650 2625 3732 2677 qua

500 2682 797 2743 mortuum,
833 2683 957 2751 quia
1001 2684 1289 2745 inlirmitas
1326 2692 1584 2762 praeCedit
1622 2711 1871 2756 mortem.
1910 2700 2083 2760 Filius
2186 2702 2435 2774 fecerant.
2470 2702 2596 2757 Dies
2621 2704 2770 2774 erepit
2810 2704 3092 2770 declinare,
3123 2705 3175 2759 id
3206 2716 3317 2771 est,
3358 2705 3471 2761 ﬁeri
3518 2716 3628 2759 nox.
3662 2702 3734 2755 Di-

496 2771 681 2826 unicus
706 2776 905 2846 matris,
941 2778 991 2834 id
1020 2794 1125 2851 est,
1157 2783 1330 2841 Adam
1358 2788 1424 2845 de
1454 2800 1593 2846 terra
1626 2805 1871 2863 portatur
1893 2814 1919 2851 a
1950 2816 2083 2868 qua-
2184 2771 2328 2847 inille
2356 2796 2581 2861 turbam,
2611 2794 2852 2850 Judmos.
2904 2796 3009 2850 νοτ
3050 2798 3174 2850 date
3216 2798 3329 2853 illis
3360 2798 3664 2861 ηιαηάιιεανεν
3692 2795 3731 2847 id

493 2871 636 2927 tuor,
665 2865 715 2921 id
740 2879 844 2935 est,
881 2886 910 2925 a
937 2885 1171 2943 quatuor
1218 2880 1522 2949 elementis,
1567 2886 1710 2942 unde
1766 2889 1929 2944 homo
1979 2900 2060 2947 est

2182 2897 2286 2954 est,
2327 2889 2615 2955 praedicate
2643 2889 2915 2959 gentibus.
2965 2888 3265 2960 Benedixit,
3312 2892 3367 2947 id
3402 2901 3502 2958 est,
3530 2891 3731 2958 Evange-

495 2955 756 3028 Tangitur
783 2962 936 3018 locus
983 2970 1009 3018 a
1062 2968 1197 3038 Deo,
1250 2972 1303 3026 id
1344 2985 1447 3041 est,
1492 2975 1692 3047 lignum
1725 2982 1921 3051 crucis,
1954 2986 2081 3051 quia
2186 2982 2317 3036 lium
2343 3000 2357 3037 :
2388 2983 2560 3053 fregit,
2597 2983 2649 3037 id
2676 2993 2780 3050 est,
2807 2984 2871 3038 ad
2908 2985 3168 3039 litteram.
3220 2984 3458 3057 Oportet,
3482 2985 3626 3054 ﬁlium
3662 2981 3733 3032 lto-

491 3052 651 3120 periit
682 3055 855 3111 Adam
902 3075 999 3129 per
1053 3062 1281 3135 lignum.
1331 3067 1505 3125 Homo
1552 3087 1581 3126 a
1634 3080 1778 3128 terra
1821 3084 2071 3146 portatur
2134 3150 2139 3151 γ
2184 3076 2337 3129 minis
2367 3078 2532 3129 multa
2552 3079 2681 3148 pati,
2714 3078 2766 3131 id
2800 3087 2904 3143 est,
2940 3080 3079 3133 mori
3108 3096 3122 3133 :
3154 3082 3477 3151 navigantes
3497 3095 3559 3133 ex
3584 3077 3731 3148 politia

489 3145 706 3213 quando
750 3151 861 3205 sola
897 3162 1108 3211 terrena
1139 3161 1371 3229 cogitat,
1406 3162 1519 3218 sive
1548 3168 1767 3235 quando
1803 3145 1947 3240 :rger
1972 3180 2074 3238 est,
2109 3150 2154 3215 Ο
2186 3171 2435 3241 periculo
2464 3171 2684 3241 navigii,
2714 3172 2804 3243 qui
2836 3173 3286 3243 tranquillitatem
3319 3182 3443 3245 post
3466 3173 3588 3229 vidit
3624 3172 3732 3240 peri-

491 3239 771 3297 amhulare
813 3260 919 3300 non
972 3258 1184 3319 potest;
1235 3255 1302 3309 ab
1350 3268 1485 3327 aqua
1536 3264 1814 3330 portatur,
1862 3239 2082 3334 quando
2185 3239 2690 3318 cuium:excessus
2717 3263 2836 3332 ejus
2864 3266 3034 3318 multa
3060 3264 3193 3333 pati.

492 3330 769 3390 luxuriare
816 3341 1039 3413 cogitat,
1092 3338 1205 3402 sive
1263 3350 1482 3418 quando
1533 3360 1630 3423 pro
1679 3350 1844 3411 nimio
1885 3359 2060 3428 frigori

2258 3354 2503 3426 Sequenti
2534 3357 2633 3422 die,
2671 3330 2845 3421 idest,
2880 3358 2934 3412 in
2958 3330 3198 3412 secunda
3228 3358 3351 3429 lege
3387 3376 3401 3412 :
3430 3358 3505 3411 uir
3533 3356 3590 3410 de
3619 3352 3732 3408 turba

488 3438 687 3495 corpus
716 3430 857 3502 tangi
894 3446 998 3490 non
1044 3446 1253 3508 potest;
1297 3444 1365 3498 ab
1405 3459 1531 3501 aere
1568 3459 1832 3518 portatur,
1863 3452 2056 3522 quandi

2181 3446 2508 3513 exclamavit,
2542 3447 2596 3502 id
2639 3458 2741 3515 est,
2780 3449 3050 3504 Abraham
3099 3466 3113 3502 :
3156 3449 3302 3518 ﬁlius
3353 3450 3549 3511 unicus,
3582 3445 3627 3503 id
3652 3450 3729 3504 est.

487 3518 668 3573 omnia
688 3536 789 3591 pro
819 3523 973 3581 laude
991 3528 1219 3587 humana
1252 3536 1382 3605 agit,
1406 3536 1528 3594 sive
1558 3542 1774 3610 quando
1798 3518 1895 3613 ριρά
1924 3544 2081 3616 ξρετε..
2184 3554 2345 3595 omne
2391 3554 2563 3611 genus
2604 3558 2615 3593 :
2662 3539 2830 3595 subito
2878 3543 3132 3611 clamans,
3186 3543 3237 3597 id
3291 3553 3394 3611 est,
3430 3544 3732 3596 irascenszet

488 3610 672 3669 tudine
716 3613 848 3672 ﬂare
899 3635 1005 3675 non
1049 3633 1267 3693 potest;
1301 3628 1371 3685 ab
1408 3632 1530 3703 igne
1564 3610 1828 3703 portatur,
1864 3610 2079 3709 quando
2179 3634 2346 3698 elidit,
2394 3633 2447 3688 in
2498 3632 2807 3689 adulatione
2850 3636 3079 3706 proximi
3121 3637 3389 3709 :dissipat
3418 3652 3549 3700 eum,
3576 3633 3732 3733 idcil.

492 3718 587 3733 nun
640 3706 800 3733 ηζηιὲι.
862 3710 1005 3733 r_t,__a
1087 3728 1098 3733 -
1164 3732 1167 3733 ,
1217 3719 1229 3731 σ
1332 3732 1335 3733 ,
1674 3723 1717 3733 .-
2181 3727 2193 3733 -
2287 3728 2298 3733 -
2528 3730 2534 3733 .

490 3718 588 3773 PFO
639 3706 802 3763 ηίηιίτι
861 3710 1030 3781 febre,
1086 3719 1231 3789 tangi
1277 3732 1383 3777 non
1431 3734 1628 3794 potest.
1673 3723 1808 3785 Tres
1836 3706 2079 3789 mortuos
2180 3727 2233 3780 in
2267 3728 2695 3798 desperatione:
2737 3744 2852 3781 cum
2895 3744 3099 3801 spuma,
3147 3728 3200 3783 id
3241 3739 3348 3794 est,
3380 3745 3497 3783 cum
3527 3722 3731 3782 Stultitia.

487 3796 769 3859 suscitavit
817 3794 1102 3877 Dominus,
1148 3811 1203 3869 id
1251 3826 1357 3885 est,
1400 3816 1567 3875 illium
1617 3824 1831 3879 unicum
1865 3829 2050 3882 matris

2182 3794 2401 3874 Manum
2444 3837 2600 3891 super
2640 3831 2894 3889 aratrum,
2926 3823 2976 3875 id
3008 3835 3114 3889 eet,
3143 3838 3286 3893 opus
3330 3839 3493 3894 super
3536 3821 3731 3887 Evange-

487 3903 541 3947 et
573 3894 739 3950 ﬁliam
760 3902 1041 3972 principis,
1073 3916 1126 3961 et
1151 3906 1435 3985 Lazarum.
1466 3914 1703 3971 Primum
1733 3917 1785 3973 in
1813 3918 1996 3991 domo,
2025 3922 2055 3978 it

2180 3912 2308 3968 lium
2344 3932 2358 3967 :
2388 3924 2546 3981 retro,
2579 3914 2631 3969 id
2661 3922 2765 3979 est,
2800 3914 2854 3969 in
2876 3914 3120 3969 mundo:
3154 3930 3427 3980 vomeres,
3455 3914 3506 3969 id
3527 3923 3618 3977 est,
3636 3910 3731 3963 clui-

488 3998 591 4058 est,
627 3991 679 4046 in
729 3994 1062 4065 cogitatione
1092 4018 1105 4055 :
1135 3998 1432 4061 secundum
1478 4004 1529 4064 in
1564 4016 1737 4081 porta,
1784 4012 1835 4069 id
1884 4020 1986 4083 est,
2024 4018 2056 4071 it

488 4085 699 4106 ’Μιμ-
755 4098 794 4106 ,ί
1035 4088 1048 4106 ,
1600 4105 1605 4106 ,

2178 4010 2317 4065 ritas
2352 4027 2365 4063 :
2412 4020 2645 4078 quatuor
2685 4009 2869 4075 boves,
2922 4010 2973 4064 id
3005 4020 3108 4074 est,
3152 4021 3385 4081 quatuor
3416 4007 3726 4106 evangelistte.

485 4085 702 4140 verbo:
752 4088 970 4147 tertium
1018 4088 1086 4149 de
1130 4112 1509 4169 monumento,
1558 4105 1610 4160 id
1641 4118 1746 4172 est,
1787 4111 1839 4162 in
1888 4122 2053 4180 opere

2180 4103 2482 4174 Designavit
2513 4102 2770 4157 Dominus
2807 4102 2943 4159 alios
2972 4105 3345 4175 septuaginta,
3365 4102 3651 4172 discipulos,
3679 4097 3731 4149 si-

489 4177 592 4241 ριιὶ
632 4181 800 4236 minor
848 4195 918 4239 est
961 4187 1013 4239 in
1060 4205 1215 4260 regno
1248 4190 1361 4259 Dei,
1396 4200 1563 4268 major
1590 4210 1660 4252 est
1710 4201 1822 4268 illo,
1874 4200 1923 4255 id
1971 4213 2053 4257 est

489 4267 735 4296 (Ἱμέρα..-
802 4278 909 4296 .____--
956 4292 1009 4296 -_.
1071 4281 1121 4296 ,n.
1252 4283 1265 4295 .
1426 4290 1434 4296 .
1641 4290 1674 4296 .-

2176 4204 2266 4251 cut
2294 4196 2506 4267 Moyses
2532 4196 2693 4265 elegit
2732 4198 3071 4267 septuaginta
3101 4199 3450 4269 presbyteros
3483 4195 3547 4250 de
3569 4189 3729 4293 duode-

489 4267 758 4337 Cliristus,
794 4278 918 4346 quia
949 4281 1122 4351 angeli
1156 4283 1268 4337 nati
1317 4290 1444 4341 sunt
1475 4267 1492 4341 7:
1528 4298 1582 4343 ιιι
1623 4290 1791 4358 dicat,
1842 4296 2054 4350 minuist

2179 4290 2281 4343 ciui
2316 4291 2506 4356 il‘lbliS,
2539 4288 2591 4342 id
2622 4302 2726 4357 est,
2753 4300 2808 4344 ut
2839 4292 3178 4361 septuaginta
3211 4292 3439 4362 linguas,
3462 4284 3730 4385 qumdivisat

486 4377 603 4415 eum
626 4367 783 4433 paulo
828 4370 995 4425 minus
1024 4374 1088 4427 ab
1131 4378 1331 4448 angelis
1360 4395 1376 4432 :
1416 4388 1594 4437 tamen
1634 4383 1878 4441 Christus
1906 4391 2054 4461 majo:

2180 4392 2336 4437 erant
2380 4396 2474 4451 per
2513 4382 2844 4453 superbiam,
2874 4383 2927 4438 in
2953 4398 3112 4438 unam
3146 4384 3403 4454 linguam,
3442 4398 3532 4454 per
3558 4374 3730 4477 illini-lib

487 4467 567 4510 est
594 4459 802 4517 Joanne
833 4478 1096 4535 regnante
1138 4487 1258 4527 cum
1309 4473 1493 4531 Patre.
1539 4478 1841 4537 Justiﬁcata
1869 4493 1952 4538 est
1981 4459 2069 4538 έςι-
2181 4484 2341 4529 tatem
2365 4474 2654 4532 adunaret.
2684 4474 2864 4543 Binos,
2900 4476 3166 4530 animales
3191 4478 3242 4530 in
3279 4492 3427 4543 arca,
3465 4473 3631 4530 etduo
3649 4469 3732 4521 dus-

486 4548 689 4618 pieutia
709 4566 739 4605 a
767 4553 890 4609 ﬁliis
920 4558 1065 4629 suis},
1098 4561 1151 4617 id
1193 4573 1297 4633 est,
1327 4568 1509 4641 populi
1547 4582 1594 4625 et
1630 4574 1895 4641 publicani
1908 4577 2045 4647 justi

2180 4567 2343 4638 eipuli
2367 4568 2432 4623 ad
2465 4568 2926 4639 prmdicationem,
2944 4570 3264 4626 charitatem
3288 4590 3299 4623 ε
3326 4568 3728 4625 ostenditnovum

484 4641 765 4710 ﬁcarerunt
791 4644 978 4707 Deum.
1908 4641 1925 4647 r
2183 4671 2238 4717 et
2269 4670 2423 4717 vetus
2455 4662 2861 4717 Testamentum
2889 4680 2903 4719 :
2929 4676 3129 4734 corpus
3154 4673 3211 4719 et
3234 4664 3439 4729 anima,
3468 4661 3549 4715 vir
3567 4666 3617 4713 et
3640 4668 3730 4709 mu-

553 4733 882 4797 Alabastrum
932 4749 1203 4821 unguenti,
1257 4752 1307 4808 id
1360 4764 1461 4819 est,
1511 4768 1709 4832 corpus
1758 4776 1878 4817 cum
1910 4763 2017 4820 ﬁde
2058 4782 2073 4820 :
2184 4756 2519 4824 Πρινίδιάυο
2547 4757 2821 4829 (“Scitin”-

484 4840 629 4884 stans
658 4844 816 4900 retro,
842 4848 966 4907 post
990 4844 1367 4903 ascensionem
1414 4850 1629 4908 Domini
1662 4870 1677 4909 :
1709 4871 1854 4911 secus
1898 4859 2052 4927 pedes

2258 4850 2410 4906 Mitto
2442 4868 2529 4906 eos
2547 4848 2676 4906 sicut
2704 4870 2865 4925 agnos
2891 4854 3025 4907 inter
3055 4853 3207 4923 lupos
3240 4868 3259 4907 :
3295 4852 3409 4923 Ego
3438 4856 3627 4920 pastor,
3654 4854 3730 4895 v05

484 4921 538 4977 id
569 4934 677 4991 est,
715 4930 1086 4997 apostolorum
1118 4951 1132 4992 :
1175 4934 1418 5010 lacrymis
1457 4942 1683 5016 rigabat,
1733 4947 1783 5002 id
1813 4960 1917 5018 est,
1948 4950 2052 5005 Cha.

485 5014 614 5044 Il:lnn
646 5017 851 5044 ε.......-.-
888 5024 935 5044 3..
969 5024 1036 5044 n,
1257 5028 1331 5044 un
1416 5036 1428 5044 .
1452 5035 1465 5044 .
1821 5041 1835 5044 _

2180 4962 2309 5005 oves
2358 4966 2372 5003 :
2418 4949 2553 5020 lupi,
2604 4949 2654 5003 id
2707 4921 2810 5016 est,
2848 4949 3042 5004 scriba:
3078 4960 3133 5004 et
3180 4947 3454 5017 pharismi.
3501 4942 3729 5040 Ηιεπιοηξα

485 5014 616 5072 ritas
646 5017 856 5077 interna
888 5024 942 5078 in
969 5024 1118 5082 Deo:
1148 5028 1379 5101 capillis,
1416 5035 1467 5090 id
1508 5014 1611 5101 est,
1642 5014 1951 5109 superﬂuos
1992 5043 2074 5097 ci-
2178 5042 2405 5114 subjecta
2437 5052 2557 5097 sunt
2582 5044 2747 5109 nobis,
2780 5041 2831 5097 id
2863 5052 2967 5109 est,
2996 5043 3140 5112 quod
3181 5043 3232 5097 in
3262 5041 3404 5111 Lege
3430 5054 3531 5094 non
3559 5036 3661 5094 fuit,
3691 5047 3729 5134 tn

486 5104 579 5134 ιιηη
638 5120 686 5134 ι..
732 5116 863 5134 _-e_.-
1004 5131 1010 5134 _
1170 5122 1185 5134 .
1511 5129 1520 5134 .
1570 5132 1575 5134 Α
1831 5133 1835 5134 ,

485 5104 603 5177 1'05.
635 5120 691 5166 et
732 5116 1112 5175 vestimentum
1153 5122 1284 5180 dare
1330 5144 1342 5180 :
1377 5129 1711 5184 osculabatur
1741 5133 1893 5203 pedes
1938 5137 2072 5206 ejus,
2180 5154 2277 5195 ore
2310 5154 2324 5192 :
2370 5154 2526 5208 super
2566 5148 2847 5206 serpentes,
2887 5137 2936 5192 id
2981 5146 3085 5203 est,
3126 5151 3293 5206 super
3339 5134 3590 5199 ethnicos,
3629 5138 3728 5196 lim“

480 5196 533 5253 id
575 5210 679 5269 est,
708 5221 829 5261 cum
879 5212 1131 5271 omnibus
1161 5232 1348 5286 pacem
1394 5214 1618 5279 habere.
1671 5223 1820 5280 Unus
1863 5229 2072 5285 debebat
2179 5246 2406 5303 serpens
2438 5246 2544 5287 non
2578 5229 2798 5298 Occidit,
2847 5230 2946 5286 sed
2987 5244 3260 5286 venenum
3302 5228 3554 5283 doctrinae
3588 5222 3731 5277 cliuo-

481 5292 721 5352 denarios
767 5303 1093 5380 quingentos,
1142 5310 1196 5366 id
1226 5323 1330 5381 est,
1381 5326 1599 5385 peccata
1646 5318 1883 5390 gentium
1923 5338 2071 5378 com-
2175 5327 2255 5382 dit
2296 5352 2305 5380 ;
2355 5337 2401 5382 ει
2445 5328 2761 5395 scorpiones,
2795 5338 3022 5397 quorum
3068 5325 3235 5381 cauda
3277 5333 3331 5379 et
3371 5330 3523 5393 caput
3559 5310 3727 5386 α’(ιυδίθ

472 5453 1062 5561 ξςίηἷῗιὲεεεηεὲειον
1091 5472 1377 5561 nuaindam
1413 5475 1555 5530 inter
1598 5492 1657 5561 se
1702 5494 1895 5561 vocum
1935 5492 2061 5561 ραν·
2169 5492 2341 5561 testu,
2374 5500 2448 5561 utr
2473 5483 2614 5561 vobis
2638 5484 2901 5561 divitibus.
2939 5486 3326 5561 Etiamtertio
3351 5486 3416 5540 ab
3453 5483 3547 5561 hoc
3571 5490 3724 5561 uersu,

475 5526 780 5637 άὶηαῑρῗςνειι.
827 5533 999 5637 t‘orldis
1055 5526 1377 5602 {illusionem
1415 5526 2062 5618 adeopabattiriuéeduest
2171 5526 2500 5619 uvbidicitur,
2532 5553 2585 5607 id
2611 5567 2704 5619 est,
2750 5557 2975 5611 inimicis
2998 5559 3203 5619 vestris,
3234 5558 3448 5637 videtur
3475 5552 3725 5637 Striplllft3

475 5613 602 5637 nunc
719 5624 738 5637 ,ι
773 5616 857 5637 inn
926 5621 1054 5637 Imnn
1083 5614 1277 5637 ..Λ-μη...
1301 5634 1364 5637 -d-
1448 5636 1453 5637 ,
1480 5634 1491 5637 -
1578 5634 1584 5637 .
1633 5624 1639 5631 ν
2170 5626 2184 5637 ι
2452 5627 2461 5636 .
2489 5627 2518 5637 ι.
2665 5628 2697 5637 ,ι
2785 5629 2795 5637 .

1255 5597 1282 5599 κ-
1844 5597 1945 5608 νυ,
1980 5597 2062 5607 νυ-
2174 5597 2259 5607 ...,.
2284 5597 2469 5609 ...νηω
2532 5597 2583 5607 ,η
2611 5597 2682 5607 νυ.
3000 5597 3203 5619 mm...
3243 5597 3435 5611 ..νυ-η
3475 5597 3650 5631 ,ιη-τυ

468 5597 857 5707 ἳῐιυεὩΕίίίρο
906 5606 1054 5663 hisce
1083 5597 1369 5671 Verborum
1412 5597 1696 5688 monsltris,
1734 5640 1853 5692 quzo
1884 5641 2063 5696 neque
2170 5626 2323 5680 locus
2346 5597 2633 5680 excidisse.
2665 5598 2909 5698 denique
2941 5644 3040 5697 pro
3067 5646 3155 5694 eo,
3187 5628 3335 5707 quod
3355 5630 3722 5707 rescripstmufi

495 5680 661 5707 nonne
689 5686 868 5707 nnnp-n
900 5680 1132 5707 ...παι-...ι
1194 5698 1305 5707 Δηὼ
1435 5693 1493 5707 -ο-
1606 5694 1615 5703 ι
2181 5696 2319 5707 ιη...
2349 5698 2358 5707 .
2427 5697 2436 5707 .

791 5666 805 5671 -
1194 5666 1201 5668 -
1254 5666 1369 5671 -----
1412 5666 1696 5688 --.ν-...η--υ,
1735 5666 1853 5692 ..ιν-ν
1884 5666 2063 5696 ..υτ-ν
2173 5666 2323 5680 ...νην
2346 5666 2633 5680 “usus...
2665 5666 2909 5698 υνυηιιιυ
2942 5666 3040 5697 μιν
3067 5666 3155 5694 νυ,
3187 5666 3719 5715 ιμγγπιυνηιη--γ-κ.

469 5666 869 5767 Ῐθξθέίεηοβξὲςὲῐὶ
900 5680 1156 5767 pretium,
1190 5698 1311 5767 cum
1342 5693 1677 5767 restitueris.
1818 5766 1825 5767 γ
2169 5696 2319 5750 Nihil
2345 5697 2463 5750 inde
2498 5708 2777 5767 sperantes,
2821 5708 2941 5753 erat
2994 5712 3178 5765 antea,
3237 5699 3383 5752 Nihil
3430 5698 3719 5766 dispertiti!“-

523 5738 549 5777 δ
577 5738 911 5800 Sull'ecimtts
937 5764 1057 5819 qttf-e
1795 5766 1862 5823 de
1899 5776 2054 5825 Sacro

1814 5766 1862 5823 le
1899 5776 2054 5825 sacro
2168 5738 2284 5827 λιιιι
2315 5738 2740 5837 dissimtilamus,
2763 5741 2891 5841 ἰιιιιε
2922 5742 3201 5827 innumer’a
3238 5784 3382 5826 sunt.
