3970 6304
240 325 336 394 375

1066 333 1435 394 EXPOSlTlO
1472 333 1809 406 QUATUUR
1849 331 2422 394 EVANGELIORUM.
2463 337 2708 396 LUCAS.

3427 335 3533 394 574

230 451 445 508 occidit
487 471 500 507 :
532 452 677 510 idem
708 451 980 519 diabolus,
1011 453 1103 524 qui
1146 453 1302 508 initio
1341 461 1397 508 et
1437 452 1545 508 fine
1586 451 1838 524 decipere
1867 441 1914 523 λ
1946 451 2220 527 respicere,
2253 445 2305 510 id
2334 454 2437 519 est,
2471 455 2594 525 quia
2625 445 2868 511 caelestia
2901 469 2996 522 per
3026 455 3394 526 paenitentiam
3426 461 3535 512 noti

227 544 366 598 vult.
418 543 599 600 Homo
649 544 1005 612 descendebat,
1052 544 1105 599 id
1157 555 1261 610 εει,
1298 545 1549 609 mundus,
1581 549 1669 614 qui
1710 557 1840 598 aua-

226 624 699 693 thema'dicitur:
737 640 788 691 in
816 635 1070 704 latrones,
1103 636 1157 692 id
1209 645 1327 706 est,
1377 637 1652 692 daamoues
1695 655 1708 691 :
1760 637 1841 691 rli-

223 734 596 799 spoliaverunt
616 732 787 800 illum,
809 733 864 787 id
892 742 998 798 est,
1022 730 1088 787 de
1116 731 1379 788 honalide
1407 751 1418 786 :
1447 719 1838 803 ﬂagellnve'runl

225 823 412 891 illum,
455 823 509 877 id
533 835 635 892 est,
663 837 896 893 peccare
925 823 1169 879 iecerunt
1193 838 1316 879 eum
1345 839 1360 878 :
1389 823 1686 878 semivivum
1717 822 1841 876 reli-

229 926 486 984 querunt,
521 916 573 971 id
612 924 715 982 est,
746 917 928 971 vivum
958 929 1177 986 corpus,
1212 915 1602 971 conscientiam
1635 923 1690 969 et
1719 913 1837 968 ani-

235 1025 384 1065 mam
418 1021 709 1066 mortuam.
739 1010 1020 1076 Sacerdos,
1053 1010 1105 1065 id
1152 1020 1256 1079 est,
1295 1013 1475 1065 Aaron
1508 1027 1522 1064 :
1555 1008 1751 1078 Levita,
1783 1005 1839 1065 id

241 1113 345 1170 εει,
377 1105 554 1159 tribus
584 1103 713 1159 Levi
757 1119 881 1160 cum
913 1104 1035 1176 lege
1066 1118 1162 1158 sua
1193 1117 1209 1158 :
1241 1102 1622 1172 Samaritanus,
1654 1102 1708 1158 id
1732 1113 1835 1171 εει,

248 1197 496 1253 Christus
529 1217 540 1251 :
584 1198 676 1270 qui
705 1207 789 1254 est
817 1199 887 1254 de
921 1198 1251 1253 suburbanis
1279 1198 1570 1263 Samaritae;
1603 1198 1719 1268 ipse
1750 1196 1837 1252 ins

257 1297 577 1359 terpretatur
625 1301 814 1359 custos,
847 1292 971 1362 quia
1022 1291 1090 1347 de
1131 1291 1348 1345 Christo
1378 1289 1514 1356 Deo,
1547 1289 1837 1344 custodiens

259 1381 487 1453 parvulos
515 1381 790 1436 Dominus.
825 1381 1067 1456 Alligavit
1098 1382 1309 1437 vulnera
1335 1386 1471 1456 ejus,
1517 1382 1570 1438 id
1603 1389 1706 1450 est,
1741 1397 1838 1452 per

263 1477 626 1547 pteniteutiam
663 1475 885 1531 strinxit
914 1485 1134 1546 peccata
1167 1493 1183 1530 :
1226 1476 1461 1546 infundit
1486 1476 1598 1530 oleo
1620 1484 1666 1530 et
1697 1475 1835 1541 vino,

265 1570 539 1626 severitate
565 1581 620 1626 et
651 1571 914 1626 suavitate
942 1570 1264 1641 Scriptores,
1299 1569 1524 1640 praemio
1551 1578 1605 1625 et
1633 1583 1794 1639 poena
1819 1583 1834 1623 :

266 1660 311 1712 in
329 1663 610 1726 iumentum
642 1679 813 1730 suum,
843 1661 896 1716 id
925 1671 1027 1730 est,
1059 1663 1110 1716 in
1141 1676 1340 1732 corpus
1370 1677 1555 1728 suum;
1589 1660 1712 1730 quia
1742 1675 1839 1732 per

268 1755 554 1822 passionem
607 1754 899 1810 humanum
941 1770 1110 1827 genus
1163 1755 1418 1826 perduxit
1447 1755 1515 1808 ad
1553 1754 1831 1825 stabulum,

1945 545 2256 617 requirebat
2285 563 2298 599 :
2328 549 2522 601 vocavit
2552 547 2620 600 ad
2647 565 2735 614 se,
2767 548 2820 602 id
2841 556 2944 615 est,
2975 562 3073 618 per
3099 549 3532 604 confessionem:

1943 649 1988 693 et
2018 639 2264 710 imposuit
2294 639 2375 692 illi
2405 654 2648 705 manum,
2689 639 2743 694 id
2783 648 2900 708 est,
2933 639 3074 695 bona
3112 641 3361 708 exempla
3396 657 3407 695 :
3443 657 3538 694 cu-

1943 741 2058 785 rata
2086 739 2179 796 est,
2208 745 2334 800 Spes
2365 729 2646 787 sanitatis:
2681 732 2849 802 prima
2884 730 3114 801 sabbati,
3144 733 3195 786 id
3228 740 3332 800 est,
3368 732 3420 786 in
3451 734 3536 788 l‘u-

1943 829 2116 878 turam
2171 821 2440 894 requiem.
2498 824 2664 878 Dicite
2709 824 2850 897 vulpi
2893 823 2994 891 illi,
3029 819 3079 879 id
3123 834 3235 892 εει,
3267 824 3530 890 Herodes,

1942 917 2069 986 quia
2118 915 2368 970 diabolus
2419 915 2619 970 animal
2650 919 2762 983 est,
2798 918 3009 972 interne
3041 915 3279 982 habitat,
3315 919 3533 972 vineam

1943 1007 2318 1064 extet-illiust:
2362 1008 2435 1062 ita
2481 1007 2724 1064 Herodes
2767 1007 3011 1064 diabolus
3060 1007 3393 1065 exterminat
3445 1011 3531 1065 vi-

1944 1117 2122 1166 neam,
2151 1111 2209 1156 ut
2237 1101 2454 1171 dicitur,
2485 1103 2682 1156 vineam
2709 1101 2772 1156 de
2796 1101 3029 1174 zEgypto
3053 1101 3385 1158 transtulisti.

2014 1193 2188 1248 IIomo
2219 1193 2551 1266 hydropicus,
2587 1193 2640 1250 id
2668 1203 2780 1260 εει,
2816 1194 3108 1250 humanum
3138 1201 3327 1266 genus,
3363 1194 3532 1251 forni-

1941 1295 2092 1344 cator
2118 1306 2130 1341 :
2163 1285 2541 1359 apprehensum
2569 1289 2793 1354 sanavit,
2825 1287 3088 1356 ostendit,
3115 1287 3259 1360 quod
3289 1298 3398 1343 tum
3430 1287 3532 1344 im-

1945 1389 2096 1450 pctus
2123 1379 2493 1437 fornicationis
2523 1391 2765 1436 sanatur.
2804 1379 3002 1448 Homo,
3033 1382 3084 1435 id
3115 1389 3219 1450 est,
3253 1383 3391 1439 Deus
3421 1381 3530 1438 Pa-

1943 1483 2024 1531 ter
2057 1493 2071 1529 :
2102 1489 2247 1530 caena
2283 1493 2500 1548 magna,
2532 1474 2584 1529 id
2614 1487 2726 1544 est,
2753 1475 3110 1547 Evangelium
3143 1494 3156 1530 :
3184 1477 3376 1531 rocavit
3403 1475 3535 1530 mul-

1943 1581 2043 1636 tos,
2067 1570 2120 1624 id
2147 1578 2249 1635 est,
2279 1567 2532 1624 Judmos:
2564 1571 2699 1624 misit
2729 1587 2926 1624 servum
2956 1587 3131 1638 suum,
3166 1571 3216 1625 id
3251 1580 3354 1637 est,
3378 1571 3534 1627 Chri-

1940 1673 2084 1714 Stum
2117 1662 2168 1714 in
2197 1671 2414 1715 carmen
2442 1680 2455 1716 :
2487 1671 2671 1734 parata
2692 1671 2811 1714 sunt
2833 1663 3029 1730 omnia,
3065 1662 3117 1717 itl
3158 1674 3259 1727 est,
3290 1665 3433 1733 quod
3464 1665 3533 1719 de

1941 1753 2160 1809 Christo
2207 1753 2530 1826 prophetata
2581 1764 2727 1810 sunt.
2796 1754 2987 1809 Villam
3029 1761 3171 1824 emi,
3206 1756 3257 1810 id
3295 1766 3398 1823 est,
3434 1772 3532 1826 pro

265 1845 313 1902 id
335 1857 431 1915 est,
474 1847 541 1903 ad
573 1848 873 1905 Ecclesium
923 1866 937 1902 :
980 1849 1108 1903 duos
1158 1849 1417 1918 denarios,
1459 1847 1514 1903 id
1562 1857 1667 1914 est,
1700 1847 1833 1902 duas
1864 1861 1908 1920 Β
1939 1847 2161 1902 avaritia
2181 1847 2249 1902 ad
2274 1846 2550 1902 Christum
2575 1864 2682 1902 non
2706 1849 2825 1903 veni
2852 1865 2865 1903 :
2889 1850 3018 1920 iuga
3039 1849 3212 1917 boum,
3239 1848 3288 1902 id
3311 1858 3416 1916 εει,
3442 1865 3533 1904 su-

267 1941 398 2013 leges
425 1943 565 1996 dedit
595 1943 910 2007 stabulario,
949 1933 1000 1998 id
1029 1950 1136 2009 est,
1155 1941 1288 1998 ordo
1312 1941 1596 1998 doctorum
1629 1959 1642 1996 :
1671 1942 1836 2012 quod-

269 2050 461 2105 cumque
489 2052 644 2108 super
664 2035 972 2108 erogareris,
1011 2035 1066 2090 id
1099 2043 1203 2102 εει,
1238 2033 1614 2104 quodcumque
1642 2035 1838 2089 feceris

270 2140 350 2195 per
373 2126 704 2197 diligentiam
736 2136 884 2182 tuam
912 2126 982 2182 de
1011 2126 1258 2182 doctrina
1289 2125 1570 2182 hominum
1601 2143 1614 2178 :
1642 2141 1734 2196 ego
1757 2141 1839 2180 re-

271 2229 462 2285 rertens,
488 2219 540 2274 id
572 2227 681 2286 est,
715 2219 781 2274 ad
802 2219 1089 2292 judicium,
1117 2218 1330 2273 reddam
1367 2218 1479 2273 tibi.

335 2313 528 2368 Martha
549 2360 562 2384 ,
596 2313 652 2370 id
693 2323 776 2372 est
797 2359 812 2385 ,
847 2311 1096 2371 Ecclesia
1116 2315 1366 2370 actualis.
1397 2303 1570 2369 Maria
1592 2356 1608 2381 ,
1646 2309 1698 2368 id
1729 2317 1834 2382 est,

273 2403 488 2461 Ecclesia
517 2407 782 2484 theorica,
816 2423 935 2478 qum
961 2405 1129 2463 verba
1167 2404 1374 2463 Christi
1405 2418 1619 2478 semper
1661 2406 1835 2461 audit.

273 2497 451 2554 Martha
489 2501 648 2569 diXit,
681 2507 740 2554 ut
767 2516 927 2556 soror
951 2516 1046 2556 sua
1072 2517 1132 2557 se
1161 2502 1502 2572 adjuvasset,
1547 2501 1673 2571 quia
1701 2503 1838 2571 opus

277 2601 348 2646 est
372 2593 548 2648 activa:
591 2594 746 2658 vitta,
789 2601 848 2648 ut
887 2608 951 2648 ea
991 2593 1416 2664 contemplativa
1459 2587 1657 2649 debeat
1685 2593 1839 2664 adju-

277 2683 390 2738 τιτι.
415 2686 603 2752 Amice,
641 2685 694 2740 id
724 2693 830 2755 est,
863 2681 1055 2742 doctor
1084 2701 1099 2740 :
1128 2687 1298 2740 media
1339 2695 1508 2753 nocte,
1539 2681 1592 2741 id
1618 2695 1722 2752 est,
1757 2687 1838 2741 in-

277 2779 690 2846 opportunitate:
722 2787 827 2834 tres
855 2795 1035 2850 panes,
1069 2775 1502 2849 ostendit_lldem
1534 2777 1836 2836 Trinitatis.

278 2871 458 2927 Amicus
501 2889 675 2942 meus,
707 2871 760 2928 id
806 2885 927 2943 εει,
973 2873 1110 2928 alius
1140 2875 1510 2942 paenitentiam
1540 2888 1740 2945 agens:
1776 2877 1840 2932 de

278 2960 362 3029 uia,
385 2962 431 3016 id
459 2971 577 3031 εει,
607 2963 677 3019 de
707 2965 910 3020 mundo
936 2984 948 3017 :
981 2981 1084 3019 non
1114 2959 1280 3019 habeo
1316 2967 1455 3038 quod
1486 2973 1676 3035 ponam
1718 2967 1837 3023 ante

281 3075 392 3126 eam,
421 3060 469 3115 id
497 3069 604 3126 est,
638 3076 746 3114 non
775 3060 891 3115 scio
921 3059 1123 3116 docere
1152 3075 1275 3116 eum
1308 3079 1320 3114 :
1357 3061 1544 3115 ostium
1582 3061 1834 3132 clausum,

279 3147 320 3205 ιιι
341 3162 428 3221 εει,
456 3156 654 3209 ostium
680 3154 804 3210 coeli
829 3197 842 3220 ,
878 3155 1020 3225 quod
1053 3167 1157 3211 u0u
1191 3155 1388 3224 aperit,
1421 3147 1525 3210 nisi
1559 3157 1793 3211 charitas
1821 3175 1834 3210 :

1946 1941 2131 2013 perhia
2163 1958 2177 1995 :
2210 1943 2517 2012 aliterjuga
2544 1941 2730 2009 boum,
2755 1942 2996 2014 quinque
3022 1957 3238 2012 sensus,
3268 1943 3352 1998 vel
3378 1947 3534 2014 quin-

1941 2050 2045 2104 que
2071 2033 2192 2089 libri
2229 2033 2399 2106 Moysi
2432 2053 2444 2089 :
2472 2036 2736 2089 mulierem
2782 2035 2932 2100 duxi,
2976 2027 3029 2089 id
3080 2043 3185 2102 est,
3234 2035 3530 2090 luxuriam.

1941 2126 2208 2199 Paupcres
2248 2137 2295 2183 et
2327 2126 2538 2195 debiles,
2574 2128 2625 2183 id
2656 2137 2802 2196 sunt,
2833 2130 2923 2198 qui
2951 2139 3282 2199 cognoscunt
3311 2141 3532 2202 peculia

1939 2235 2035 2275 sua
2066 2235 2081 2277 :
2114 2220 2183 2273 ite
2201 2219 2256 2273 in
2278 2218 2406 2286 vias,
2437 2219 2490 2274 id
2513 2228 2615 2288 est,
2645 2220 2712 2275 ad
2733 2231 2925 2289 gentes
2950 2237 2964 2278 :
2991 2224 3282 2294 compellite
3304 2225 3529 2290 intrare,

1941 2311 1992 2366 id
2017 2319 2121 2378 est,
2151 2326 2247 2382 per
2276 2307 2696 2367 confessionem.
2751 2311 2970 2368 Turrem
3011 2313 3294 2383 (edi/icore,
3337 2313 3390 2368 id
3420 2321 3525 2383 est,

1938 2404 2216 2460 Christum
2268 2405 2422 2474 sequi
2474 2423 2485 2457 :
2535 2415 2798 2474 sumptus,
2856 2406 2910 2461 id
2963 2418 3085 2476 est,
3141 2407 3530 2463 abrenuntiare

1943 2497 2164 2554 mundo.
2200 2494 2330 2565 Quis
2370 2514 2482 2568 rex,
2516 2497 2567 2553 id
2594 2505 2696 2563 est,
2725 2499 3003 2569 apostolos
3039 2520 3049 2553 :
3083 2500 3396 2555 committere
3425 2497 3532 2554 bel-

1941 2592 2072 2659 lum,
2119 2591 2173 2647 id
2217 2595 2339 2661 est,
2400 2592 2901 2662 compensationem
2951 2607 3174 2664 operum
3223 2610 3236 2648 :
3287 2595 3530 2648 adversus

1940 2683 2104 2738 alium
2126 2700 2317 2756 regem,
2348 2683 2401 2739 id
2428 2692 2533 2752 est,
2557 2685 2820 2740 adversus
2851 2685 3123 2741 Christum
3167 2703 3180 2740 :
3215 2702 3332 2739 cum
3355 2685 3531 2740 decem

1939 2774 2186 2844 millibus,
2215 2779 2268 2834 id
2304 2787 2411 2848 est,
2459 2793 2583 2834 cum
2629 2777 2909 2848 operibus,
2953 2796 3076 2852 qua:
3115 2779 3281 2835 sentit
3321 2780 3526 2834 boum:

1941 2890 2056 2928 cum
2078 2874 2258 2944 viginti
2284 2871 2533 2938 millibus,
2566 2873 2617 2928 id
2645 2881 2750 2939 est,
2782 2889 2906 2926 cum
2933 2873 3224 2943 operibus,
3254 2888 3375 2944 qua:
3407 2879 3534 2928 sunt

1917 2957 1995 3023 lin
2037 2964 2247 3024 occulto
2270 3011 2286 3036 ,
2314 2977 2369 3022 et
2398 2959 2449 3022 in
2481 2967 2663 3039 palam
2693 2983 2707 3022 :
2742 2967 3052 3040 legationem
3100 2967 3278 3032 mittit,
3329 2957 3380 3020 id
3422 2971 3529 3033 est,

1941 3063 2278 3129 miserendo,
2310 3063 2712 3133 cleemosyuam
2741 3061 2919 3118 dando
2955 3081 2967 3117 :
3001 3072 3171 3134 rogat,
3202 3077 3314 3131 qua!
3340 3063 3407 3115 ad
3439 3079 3532 3131 pa-

1942 3177 2050 3216 cem
2086 3163 2205 3214 sunt
2255 3169 2335 3225 ut,
2371 3163 2476 3225 est,
2506 3171 2609 3213 hon
2640 3159 2795 3212 intres
2826 3159 2879 3211 in
2894 3157 3096 3225 judicio
3122 3174 3235 3210 cum
3255 3172 3398 3210 servo
3421 3166 3529 3222 tuo,

282 3248 396 3312 pueri
443 3247 540 3301 mei
591 3263 790 3302 mecum
838 3259 978 3314 sunt,
1034 3248 1088 3302 id
1133 3255 1236 3316 est,
1285 3249 1515 3305 virtutes
1562 3251 1832 3306 ccelcstes.
1863 3239 1909 3316 (ξ
1943 3254 2187 3308 Domine.
2221 3249 2289 3305 In
2324 3263 2479 3316 terra,
2524 3241 2577 3304 id
2625 3258 2728 3318 est,
2777 3249 2832 3304 in
2878 3248 3096 3304 divitias
3133 3268 3144 3302 :
3177 3251 3230 3303 in
3273 3247 3536 3320 sterquili-

286 3341 400 3402 Quod
430 3341 623 3412 deforis
659 3349 761 3407 est,
793 3350 839 3396 et
869 3342 1028 3410 intus,
1061 3341 1114 3397 id
1145 3353 1251 3412 εει,
1285 3342 1414 3399 fecit
1450 3359 1682 3416 corpus,
1719 3345 1836 3417 ipse

289 3433 378 3491 fecit
411 3438 674 3491 animam.
724 3436 855 3491 Date
899 3437 1307 3509 eleemosynam,
1353 3447 1402 3492 et
1443 3440 1615 3494 omnia
1645 3437 1839 3497 munda

275 3517 399 3582 sint:
425 3531 554 3585 etsi
591 3544 698 3586 non
729 3528 1012 3595 dederitis,
1045 3529 1322 3585 immunda
1353 3541 1477 3585 sunt
1506 3531 1686 3586 omnia
1715 3545 1838 3603 quae

268 3618 480 3678 habetis.
1171 3667 1176 3674 .

323 3713 445 3769 Noli
485 3715 664 3768 timere
703 3714 925 3786 pusillus
972 3728 1136 3787 grex:
1168 3715 1217 3770 id
1245 3723 1372 3770 sunt
1403 3713 1608 3783 Jlldaii,
1640 3724 1665 3752 ει
1714 3717 1840 3786 quia

263 3807 614 3878 crediderunt,
649 3808 794 3879 quod
825 3805 1150 3864 maledictus
1178 3807 1279 3863 iuit
1308 3809 1360 3863 in
1402 3808 1544 3879 lege,
1585 3793 1678 3878 qui
1710 3819 1842 3878 pau-

264 3913 349 3968 per
368 3899 554 3956 ﬁebat.
593 3898 781 3955 Lumbi
805 3901 962 3955 vestri
1002 3902 1268 3972 praecincti
1302 3917 1321 3954 :
1349 3901 1588 3956 ostendit
1615 3900 1838 3956 castita-

269 3999 403 4049 tem:
449 3996 676 4050 lucerna:
699 3995 970 4059 ardentes,
1014 3994 1068 4049 id
1117 4003 1200 4050 est
1229 4009 1394 4064 opera
1433 3994 1572 4050 bona
1599 4011 1614 4048 :
1638 4005 1694 4049 ut
1724 4011 1842 4050 cum

273 4091 526 4156 renerit,id
553 4099 662 4158 εει,
684 4089 736 4144 in
767 4089 957 4144 dolore
986 4105 997 4142 :
1029 4096 1078 4143 et
1109 4088 1412 4159 pulsaverit,
1441 4088 1493 4144 id
1525 4093 1608 4144 est
1627 4131 1641 4156 ,
1665 4090 1842 4145 anima

278 4195 356 4249 per
378 4193 600 4240 mortem
631 4203 643 4238 :
683 4193 732 4238 et
770 4185 1038 4254 confestim
1079 4185 1348 4254 aperiant,
1393 4184 1445 4239 id
1480 4191 1596 4252 est,
1626 4199 1844 4254 semper

277 4283 493 4340 paratum
522 4291 646 4333 esse
675 4292 692 4332 :
725 4277 982 4331 transiens
1006 4275 1323 4330 ministrabit
1349 4275 1476 4343 illis,
1506 4275 1559 4330 id
1590 4281 1694 4342 est,
1723 4287 1845 4346 p05t

270 4365 503 4436 judicium
547 4371 716 4426 vitam
759 4379 1042 4426 mternam.
1083 4368 1268 4440 Ignem
1296 4370 1407 4422 veni
1435 4369 1636 4424 mittere
1662 4371 1716 4423 in
1743 4377 1845 4424 ler-

271 4475 397 4528 ram,
445 4461 496 4518 id
547 4467 663 4529 εει,
717 4462 1058 4518 charitatem.
1111 4461 1177 4514 Et
1209 4461 1283 4514 illi
1325 4460 1534 4516 (ἔτιΙὶΙωὶ
1565 4460 1757 4518 decem
1789 4470 1845 4517 et

269 4569 376 4616 octo
415 4561 744 4633 signiﬁcant,
780 4571 944 4630 Super
975 4567 1112 4630 quas
1142 4559 1401 4615 ceciderit
1439 4559 1627 4626 turris,
1654 4557 1708 4612 id
1735 4565 1840 4623 est,

1942 3349 2110 3417 nium,
2142 3347 2194 3402 id
2223 3355 2326 3411 est,
2353 3347 2404 3400 in
2430 3354 2820 3416 paupertatem.
2842 3341 3036 3397 Mulier
3056 3344 3313 3414 quautam,
3343 3341 3395 3396 id
3426 3350 3532 3406 est,

1941 3437 2163 3497 divitias
2195 3457 2208 3494 :
2242 3443 2452 3493 lucerna
2482 3452 2717 3501 accensa,
2751 3435 2803 3490 id
2833 3443 2936 3501 est,
2980 3435 3328 3504 Evangelium
3363 3450 3376 3488 :
3409 3433 3534 3486 dra-

1941 3533 2093 3588 chma
2118 3533 2320 3586 inventa
2357 3531 2410 3585 in
2443 3527 2613 3597 domo,
2649 3525 2704 3584 id
2744 3535 2849 3595 est,
2899 3535 3153 3598 peccator
3197 3526 3249 3580 iu
3287 3523 3535 3580 Ecclesia

1939 3633 2259 3684 conversus.
2654 3613 2659 3618 ’

2009 3718 2188 3778 Homo
2216 3717 2450 3791 quidam,
2477 3716 2532 3771 id
2564 3724 2671 3783 est,
2707 3716 2846 3772 Deus
2878 3704 3066 3771 Pater.
3091 3711 3237 3769 Duos
3259 3713 3414 3782 ﬁlios,
3439 3711 3535 3768 Ju-

1941 3812 2089 3868 dzeos
2111 3820 2165 3868 ει
2195 3819 2416 3883 gentes,
2447 3811 2571 3880 quia
2601 3807 2806 3865 iudicis
2836 3809 2983 3880 prius
3013 3807 3137 3862 data
3182 3815 3264 3862 est
3295 3807 3385 3862 lex
3420 3822 3434 3860 :
3466 3807 3535 3860 da

1942 3905 2068 3961 milii
2109 3905 2418 3977 portionem,
2467 3902 2518 3958 id
2569 3913 2675 3966 est,
2728 3903 2893 3956 vitam
2936 3908 3262 3972 prtcsentem
3304 3917 3317 3952 :
3359 3899 3532 3954 divisit

1941 3997 2302 4065 substantiam,
2337 3996 2389 4050 id
2424 4005 2529 4060 est,
2553 3993 2703 4049 dedit
2732 3994 3037 4050 libertatem
3066 3990 3277 4047 arbitrii
3305 3997 3534 4062 utroque

1944 4089 2159 4160 populo.
2194 4083 2418 4160 Peregre
2443 4086 2701 4158 profectus
2729 4095 2824 4151 est,
2862 4085 2915 4139 id
2942 4093 3048 4151 est,
3074 4100 3102 4138 a
3131 4083 3244 4140 Deo
3274 4101 3288 4137 :
3322 4083 3534 4138 vivendo

1943 4179 2224 4245 luxuriose,
2260 4177 2311 4234 id
2342 4185 2429 4234 est
2453 4221 2467 4244 ,
2500 4175 2660 4233 idolis
2693 4177 2970 4234 adoranda
2999 4195 3015 4237 :
3051 4181 3188 4250 fame
3230 4177 3428 4244 ualida,
3480 4175 3534 4234 id

1945 4289 2050 4343 est,
2095 4273 2163 4333 de
2201 4275 2371 4332 verbo
2403 4269 2495 4331 Dei
2529 4293 2542 4328 :
2575 4275 2664 4329 uni
2695 4275 2906 4342 civium,
2941 4273 2992 4328 id
3023 4281 3125 4342 est,
3161 4271 3488 4342 philosopho
3518 4290 3531 4326 :

1944 4373 1997 4428 in
2022 4372 2148 4427 villa
2169 4385 2285 4437 sua,
2313 4369 2364 4426 id
2389 4375 2492 4439 εει,
2523 4369 2579 4425 in
2605 4371 2810 4425 mundo
2835 4383 2848 4423 :
2877 4383 3086 4438 pascere
3109 4383 3314 4437 porcos,
3346 4365 3398 4421 id
3429 4363 3534 4432 εεί,

1946 4479 2004 4522 ιιι
2050 4483 2201 4523 more
2247 4479 2536 4535 porcorum
2569 4463 2744 4518 vixit:
2773 4470 2818 4515 et
2849 4461 2911 4514 de
2931 4460 3155 4531 siliquis,
3189 4455 3240 4514 id
3275 4465 3355 4514 est
3383 4499 3398 4526 ,
3429 4459 3534 4513 im-

1945 4559 2098 4632 plere
2125 4568 2392 4622 ventrem,
2420 4565 2476 4612 et
2505 4571 2615 4610 non
2644 4553 3081 4624 impinguescere
3108 4569 3120 4605 :
3155 4550 3322 4623 porci,
3355 4551 3408 4606 id
3430 4557 3534 4618 est,

266 4651 476 4723 Spiritus
508 4666 764 4718 sanctus,
812 4656 938 4724 quia
972 4654 1119 4710 Siloe
1145 4652 1174 4692 ιι
1201 4655 1388 4708 missus
1411 4697 1425 4721 ,
1475 4645 1694 4708 dicitur.
1742 4649 1840 4704 Di-
1866 4645 1921 4707 D
1947 4654 2121 4710 stulti.
2155 4652 2470 4710 Mercenarii
2489 4649 2650 4723 patris
2674 4649 2795 4716 mei,
2823 4646 2876 4702 id
2902 4656 3010 4711 εει,
3035 4639 3127 4718 qui
3161 4645 3382 4700 viliores
3411 4654 3540 4700 sunt

265 4750 392 4804 mitte
417 4766 530 4804 eam
562 4757 609 4803 et
640 4749 739 4802 hoc
766 4763 902 4801 anno
923 4793 937 4817 ,
973 4746 1024 4801 id
1056 4753 1168 4812 est,
1217 4745 1570 4817 Evangelium
1602 4763 1613 4800 :
1640 4745 1838 4816 fodiam

259 4841 386 4896 circa
404 4842 575 4908 illam,
601 4840 654 4895 id
685 4845 792 4908 est,
823 4839 1119 4910 praedicem
1146 4855 1160 4892 :
1186 4839 1408 4910 ecf/inus
1428 4839 1688 4905 stercoris,
1717 4851 1839 4908 pec-

256 4944 365 4992 cata
403 4934 661 4991 conliteri
691 4951 702 4986 :
735 4935 790 4986 in
816 4935 1038 5003 futuro,
1080 4929 1131 4988 id
1169 4943 1291 5000 est,
1338 4931 1396 4986 in
1429 4930 1572 4986 diem
1620 4929 1836 5001 iudicii.

259 5025 465 5096 Mulier,
496 5027 551 5084 id
580 5036 689 5094 est,
719 5027 1010 5082 humanum
1047 5035 1221 5098 genus
1246 5044 1259 5081 :
1289 5026 1478 5097 spiritu
1497 5025 1838 5096 inﬁrmitatis,

255 5121 305 5176 id
329 5132 445 5188 est,
498 5121 606 5176 tlde
639 5131 695 5176 et
725 5129 892 5190 opere
921 5137 934 5174 :
964 5135 1128 5175 annos
1168 5119 1340 5174 decem
1377 5128 1426 5174 et
1453 5127 1567 5172 octo
1593 5159 1607 5182 ,
1639 5117 1690 5172 id
1723 5125 1839 5184 εει,

254 5218 366 5274 dua
412 5217 597 5287 leges,
627 5215 749 5270 sive
777 5213 869 5284 qui
917 5229 1022 5269 non
1056 5213 1421 5284 impleverunt
1461 5213 1647 5268 decem
1678 5213 1843 5268 verba

256 5308 411 5380 legis,
444 5318 505 5364 et
555 5321 658 5364 non
693 5306 1042 5363 crediderunt
1089 5306 1140 5361 in
1188 5305 1642 5362 resurrectionem
1671 5347 1685 5370 ,
1718 5307 1840 5376 quia

254 5415 441 5459 octavo
489 5404 579 5459 die
628 5405 724 5457 lit:
758 5409 856 5474 per
897 5414 1008 5457 tres
1043 5417 1236 5470 senos,
1272 5403 1535 5468 ostendit,
1574 5401 1716 5472 quod
1762 5404 1841 5454 iu—

255 5494 402 5550 lirtna
447 5495 550 5550 luit
578 5504 707 5550 ante
738 5494 912 5565 legem
936 5537 950 5562 ,
995 5493 1096 5548 sub
1134 5493 1276 5564 lege,
1310 5493 1410 5547 sub
1448 5493 1642 5564 gratia.
1679 5491 1843 5546 Incli-

258 5599 376 5645 nata
415 5591 486 5644 ad
532 5599 748 5656 terram,
783 5587 834 5646 id
872 5596 989 5657 est,
1039 5596 1253 5645 terrena
1284 5587 1559 5645 desideria
1591 5604 1604 5642 :
1634 5603 1842 5643 sursum

266 5795 753 5926 'm'bEgp‘unximus
778 5791 870 5852 hic
893 5793 1120 5851 verbum
1147 5794 1411 5862 dixerunt,
1442 5791 1585 5864 quod
1611 5808 1835 5853 sensum

325 5882 347 5921 r
385 5881 410 5922 a
454 5885 480 5923 a
510 5906 526 5922 .

325 5881 526 5923 I‘DQDEI.

1944 4749 2085 4804 servi
2109 4745 2200 4804 Dei
2233 4765 2246 4801 :
2278 4745 2498 4820 panibus
2528 4751 2875 4800 saturantur:
2917 4739 2970 4796 id
2996 4747 3079 4796 est
3108 4738 3374 4795 doctrina.
3407 4737 3542 4793 Pec-

1945 4843 2056 4898 cavi
2084 4842 2137 4894 in
2167 4840 2292 4896 coelo
2319 4882 2334 4907 ,
2367 4838 2467 4908 ipsi
2507 4837 2694 4893 dicunt
2722 4835 2848 4901 hoc,
2878 4836 2971 4906 qui
3016 4832 3293 4889 diabolum
3328 4821 3538 4902 patrem

1946 4935 2164 4998 habent,
2191 4933 2282 5004 qui
2313 4931 2557 5004 peccavit
2579 4931 2632 4985 in
2662 4931 2823 4985 cmlo.
2851 4925 3213 4983 Misericordia
3254 4933 3446 4990 motus,
3479 4919 3536 4980 id

1948 5037 2052 5095 est,
2081 5027 2231 5083 venit
2259 5028 2314 5080 in
2341 5040 2545 5084 carne:
2578 5025 2646 5078 ad
2675 5039 2848 5078 servos
2888 5037 3029 5086 suos,
3065 5019 3118 5074 id
3159 5028 3265 5086 est,
3300 5018 3366 5071 ad
3404 5033 3537 5085 apo-

1947 5119 2116 5175 stolos
2146 5139 2158 5175 :
2191 5119 2324 5174 stola
2355 5119 2547 5188 prima,
2581 5115 2736 5186 ﬁdes,
2767 5131 2927 5185 quam
2949 5112 3117 5168 Adam
3147 5109 3420 5182 perdidit:
3445 5126 3539 5164 an-

1951 5215 2151 5280 nulum,
2186 5213 2238 5269 id
2268 5224 2370 5283 cst,
2401 5229 2534 5270 crux
2567 5213 2621 5267 in
2667 5209 2845 5265 fronte
2873 5227 2887 5264 :
2920 5209 3282 5271 calciamenta,
3331 5201 3383 5260 id
3433 5213 3535 5270 cst,

1950 5309 2299 5379 Evangelium
2330 5326 2342 5361 :
2376 5307 2594 5361 vitulum
2637 5305 2949 5375 saginatum,
2986 5291 3037 5353 id
3067 5307 3172 5366 est,
3198 5296 3447 5354 Christus
3475 5313 3540 5353 ex

1949 5402 2161 5458 duabus
2183 5402 2410 5470 legibus.
2441 5399 2680 5454 Mortuus
2702 5405 2833 5462 erat,
2865 5393 2920 5450 id
2947 5400 3052 5461 est,
3079 5389 3250 5448 Adam
3283 5411 3294 5446 ε
3331 5389 3538 5454 revixit,

1951 5495 2002 5549 id
2035 5505 2138 5559 est,
2170 5509 2266 5564 per
2297 5492 2620 5562 baptismum
2653 5509 2666 5544 :
2694 5487 2934 5560 perierat,
2971 5487 3021 5540 id
3052 5497 3157 5553 est,
3189 5487 3240 5539 in
3277 5483 3541 5553 despera-

1953 5588 2127 5648 tione:
2157 5587 2387 5641 inventus
2409 5596 2504 5654 est,
2523 5584 2574 5639 id
2596 5591 2698 5650 est,
2717 5581 2770 5636 in
2793 5595 2910 5653 spe.
2937 5577 3111 5635 Filius
3134 5579 3330 5647 senior,
3358 5577 3408 5630 id
3433 5585 3539 5644 est,

2017 5791 2041 5831 ι’
2071 5792 2175 5849 Pro
2206 5792 2368 5857 Siloa,
2397 5789 2539 5862 quod
2568 5791 2670 5844 loci
2717 5805 2915 5862 nomen
2956 5799 3058 5857 εει,
3103 5789 3157 5842 in
3201 5801 3313 5857 quo
3357 5788 3545 5846 turris

1947 5866 2174 5933 cecidit,
2205 5861 2464 5935 scriptum
2485 5872 2604 5920 erat
2627 5872 2789 5922 antea
2815 5861 2961 5919 Silva
2977 5907 2992 5935 ,
3021 5861 3170 5921 nullo
3193 5873 3360 5918 sensu
3379 5898 3396 5917 .
