3970 6304
474 272 581 333 575
668 276 669 279 “

1502 274 1564 335 ε.
1608 273 1993 336 ltlERONYMI
2029 279 2317 342 OPERUM
2356 281 2724 343 MANTISSA.
2955 311 2964 319 -
3610 272 3695 361 576'

477 389 648 449 Judzei
686 408 699 447 :
733 390 785 446 in
818 408 966 465 agro,
1008 389 1062 447 id
1099 397 1219 460 εει,
1268 390 1550 448 immundo
1580 392 1852 451 desiderio
1884 414 1895 450 :
1927 412 2069 467 sgm-
2096 400 2149 461 Α
2173 406 2278 464 εει,
2312 399 2365 453 in
2386 399 2584 463 ccelum
2612 417 2627 453 :
2656 396 2889 470 accipere
2917 415 3133 474 regnum
3165 399 3279 467 sibi,
3304 401 3355 458 id
3383 412 3476 473 est,
3508 422 3693 482 regnum

481 484 676 552 phonia
703 495 752 540 et
778 485 988 549 chorus,
1024 482 1072 538 id
1114 491 1219 551 εει,
1259 484 1544 555 prophetia
1580 492 1635 540 et
1672 484 2067 558 Evangelium:

483 580 588 633 duo
614 580 769 645 servi,
803 577 854 631 id
887 586 994 643 est,
1028 577 1214 647 lsaias,
1244 586 1351 634 etc.

551 672 787 727 Lazarus
813 671 1081 726 mendicus
1109 686 1130 726 .'
1160 686 1355 727 nomen
1394 672 1647 744 pauperis
1674 672 1827 739 dicit,
1856 681 1909 728 et
1938 672 2075 730 divi-

479 766 552 822 tis
583 782 690 822 non
718 782 733 832 ;
765 763 1011 821 homines
1040 763 1216 820 bonos
1258 763 1489 836 scriptos
1517 764 1571 820 in
1602 766 1767 833 caelo,
1804 773 1859 821 et
1902 765 2075 821 malos

486 876 620 919 non.
658 860 971 916 Vulneribus
1014 862 1217 930 plenus,
1250 860 1304 916 id
1347 870 1454 927 est,
1488 860 1724 932 peccatis
1755 878 1769 915 :
1799 860 1955 918 dives
1982 861 2075 917 Ju-

482 954 631 1011 (ἰωοε
660 953 956 1024 signiﬁcat:
973 968 1197 1024 pauper,
1222 961 1443 1024 gentes:
1467 968 1655 1019 canes,
1680 954 1954 1022 doctores,
1983 956 2074 1026 qui

483 1062 583 1118 per
614 1046 855 1117 linguam
886 1046 1109 1101 vulnera
1140 1054 1355 1100 sanant.
1386 1044 1455 1100 In
1486 1048 1602 1101 sinu
1630 1045 1870 1109 Abrahar,
1895 1047 1947 1101 id
1970 1057 2074 1115 est,

482 1140 541 1197 in
571 1138 810 1212 requie:
858 1140 1089 1212 sepultus
1123 1140 1179 1195 in
1225 1140 1448 1212 inferno,
1501 1140 1554 1195 id
1603 1149 1706 1208 εει,
1748 1140 1803 1196 in
1847 1141 2026 1198 littera
2060 1161 2074 1197 :

485 1235 689 1290 elevans
722 1234 899 1289 oculos
928 1251 1070 1299 suos,
1098 1233 1222 1305 quia
1252 1233 1425 1290 Judzei
1453 1235 1595 1290 oculi
1625 1235 1865 1302 fuerunt,
1896 1236 1950 1291 id
1973 1246 2076 1303 est,

485 1326 615 1383 boni
650 1327 881 1383 vivendo
912 1342 1081 1396 usque
1126 1328 1194 1383 ad
1238 1327 1510 1384 Christum
1549 1347 1560 1382 :
1592 1330 1718 1384 vidit
1757 1330 2020 1386 Abraham
2058 1349 2076 1387 :

484 1420 569 1477 sic
592 1420 697 1475 erit
728 1428 847 1490 post
873 1418 1140 1489 judicium
1172 1418 1239 1475 de
1267 1419 1505 1489 inferno,
1550 1420 1813 1478 videbunt
1853 1437 2080 1494 regnum

488 1512 609 1578 Dei,
642 1522 701 1568 ut
727 1517 989 1580 majorem
1022 1527 1239 1582 poenam
1273 1512 1529 1581 habeant,
1563 1528 1595 1568 a
1625 1513 1831 1582 majore
1858 1515 2077 1586 gaudio.

489 1606 793 1662 Extremum
822 1607 970 1675 digiti
1022 1607 1105 1661 sui
1148 1608 1201 1660 in
1249 1623 1404 1677 aqua,
1456 1604 1510 1661 id
1554 1613 1660 1670 est,
1710 1606 1802 1678 qui
1838 1608 2081 1664 modicas

486 1701 865 1772 elecmosynas
895 1699 1027 1753 dant
1059 1717 1071 1753 :
1105 1699 1310 1753 crucior
1358 1699 1411 1752 in
1461 1697 1562 1752 hac
1608 1702 1854 1770 ﬂamma,
1888 1699 1945 1756 id
1971 1709 2076 1769 est,

2176 490 2401 547 caeleste
2426 506 2439 543 :
2470 502 2515 544 et
2542 492 2725 545 reverti
2747 492 2817 545 ad
2838 492 3119 564 judicium.
3156 493 3345 550 Decem
3374 500 3524 568 servi,
3547 502 3591 557 id
3613 516 3697 575 est,

2176 596 2338 638 omne
2372 597 2546 654 genus
2574 582 2867 638 humanum
2898 600 2914 641 :
2961 583 3151 641 decem
3177 600 3331 655 mna,
3360 586 3531 647 decem
3567 595 3700 653 verba

2175 676 2309 748 legis
2335 694 2347 729 :
2380 677 2527 732 cives
2554 676 2695 746 ejus,
2727 676 2779 733 id
2808 685 2913 743 est,
2937 676 3130 734 Judaei.

2249 767 2509 823 Miserum
2538 768 2845 841 legationem
2864 815 2877 839 ,
2912 768 2964 825 id
2994 777 3097 836 est,
3128 770 3444 830 occisionem
3474 780 3703 848 apostolo~

2176 878 2296 918 rum
2326 881 2339 918 :
2372 862 2579 935 primus
2609 878 2818 930 servus,
2850 873 2905 920 et
2925 864 3195 921 secundus
3217 866 3346 922 ordo
3365 871 3706 940 apostolorum.

2178 956 2300 1012 Mna
2323 956 2744 1028 uniuscujusque
2770 959 2936 1023 servi,
2965 957 3016 1012 id
3046 967 3153 1024 est,
3186 959 3451 1031 Scriptura
3476 979 3489 1016 :
3516 972 3566 1020 et
3588 966 3708 1021 simi-

2176 1048 2257 1105 les
2303 1051 2414 1119 sui,
2461 1058 2752 1122 utrumque
2798 1050 3021 1106 invenit.
3064 1050 3287 1123 Lapides
3335 1054 3627 1123 clamabunt,
3671 1059 3710 1113 id

2178 1151 2308 1199 sunt
2346 1151 2536 1214 gentes
2578 1161 2591 1198 :
2645 1142 2815 1199 Judaei
2861 1152 3147 1199 tacuerunt
3189 1162 3205 1200 :
3253 1146 3386 1215 ﬂevit
3427 1164 3565 1216 super
3590 1165 3711 1216 eam,

2180 1238 2421 1293 ostendit
2462 1253 2563 1293 nos
2591 1236 2725 1295 ﬂere
2771 1246 2986 1308 peccata
3020 1245 3240 1295 nostra:
3273 1239 3630 1295 circumdabant
3651 1251 3713 1305 te.

2180 1331 2234 1386 id
2273 1340 2386 1397 εει,
2432 1331 2660 1386 Romani
2705 1330 3184 1387 circumdederunt
3231 1345 3387 1388 eam:
3418 1333 3715 1403 undique,id

2182 1430 2296 1489 est,
2330 1424 2496 1490 intus,
2539 1432 2593 1479 et
2629 1423 2780 1479 foras
2803 1422 2870 1475 δε
2912 1422 2980 1476 ad
3026 1430 3253 1491 terram,
3284 1422 3337 1478 id
3361 1432 3470 1490 εει,
3506 1425 3553 1479 in
3582 1424 3717 1481 infer-

2181 1530 2310 1571 num
2340 1531 2355 1571 :
2388 1515 2554 1584 ﬁlius,
2580 1513 2633 1569 id
2655 1522 2759 1583 cst,
2780 1512 3041 1569 virtutes:
3069 1512 3216 1584 quod
3245 1512 3473 1569 faciebat
3494 1515 3543 1570 in
3567 1515 3659 1583 die,
3677 1516 3719 1570 in

2183 1617 2342 1662 nocte
2364 1607 2575 1661 ruebat.
2606 1604 2880 1679 Ingressus
2920 1606 2975 1660 in
3004 1606 3275 1678 templum,
3307 1605 3358 1660 id
3379 1615 3492 1673 εει,
3522 1607 3629 1677 quia
3649 1607 3718 1662 die

2184 1698 2469 1754 Dominico
2497 1698 2720 1753 intravit
2748 1700 2802 1753 in
2840 1698 3124 1768 templum.
3159 1697 3467 1762 Quwrebant
3494 1714 3600 1751 eum
3633 1715 3723 1765 prr-

487 1792 709 1864 propria
742 1806 901 1863 poena
931 1810 942 1847 :
977 1792 1132 1846 chaos
1160 1805 1424 1863 magnum,
1449 1790 1503 1845 id
1532 1799 1640 1856 est,
1676 1790 1929 1847 conlusio
1958 1807 2076 1847 om-
2110 1798 2159 1861 Β
2185 1794 2324 1859 dere,
2353 1792 2592 1847 ostendit
2624 1807 2823 1847 novem
2855 1806 3068 1858 servos,
3096 1791 3186 1861 qui
3217 1806 3325 1845 non
3359 1790 3529 1861 negati
3554 1800 3662 1846 sunt
3682 1790 3722 1846 in

488 1884 637 1939 nium
658 1899 862 1948 rerum,
881 1884 994 1939 sive
1012 1894 1167 1940 vetus
1189 1884 1327 1953 Lex,
1344 1883 1601 1954 Recepisti
1614 1884 1749 1939 bona
1768 1886 1822 1938 in
1843 1886 1946 1940 vita
1965 1895 2077 1954 tua,

490 1975 546 2031 id
575 1986 679 2043 est,
708 1977 910 2032 bonum
956 1976 1162 2041 fecisti,
1198 1976 1454 2047 recepisti
1489 1996 1501 2031 :
1535 1975 1768 2032 Lazarus
1814 1978 1978 2047 mala,
2024 1980 2081 2035 id

488 2078 620 2138 est,
679 2070 803 2140 quia
846 2069 1140 2125 vindictam
1197 2070 1266 2125 de
1322 2070 1481 2125 malis
1541 2071 1661 2125 suis
1724 2070 1778 2125 in
1838 2072 1946 2126 vita
1983 2088 2082 2127 sua

490 2177 600 2218 non
630 2162 856 2234 recepit.
908 2162 1150 2235 Quinque
1189 2162 1400 2233 fratres,
1453 2162 1504 2217 id
1536 2172 1640 2228 est,
1670 2164 1911 2235 quinque
1960 2164 2082 2220 libri

490 2257 684 2328 Moysi,
714 2256 1083 2313 observabant
1109 2256 1321 2327 signum
1354 2274 1365 2310 :
1389 2273 1456 2311 ea:
1483 2258 1701 2311 mortuis
1722 2259 2077 2327 resurrexerit,

491 2348 545 2405 id
584 2349 784 2404 factum
814 2358 919 2414 est,
951 2348 1172 2403 Christo
1201 2357 1524 2420 resurgente
1570 2367 1583 2402 :
1632 2348 1726 2403 alii
1754 2365 1819 2405 ex
1849 2349 2081 2418 Judaeis,

494 2444 868 2500 crediderunt.
898 2442 962 2499 Si
991 2444 1123 2514 lapis
1150 2444 1362 2497 moralis
1382 2484 1397 2508 ,
1430 2441 1481 2498 id
1512 2452 1617 2511 εει,
1651 2442 1696 2497 si
1727 2444 1961 2514 gentiles
1982 2453 2007 2481 ει
2026 2456 2084 2501 ut

494 2552 667 2609 equus
694 2538 908 2593 molens
930 2552 1035 2594 non
1066 2537 1240 2603 videt,
1267 2537 1355 2592 cui
1391 2536 1582 2604 servit,
1612 2535 1691 2592 sic
1721 2536 2082 2610 philosophus

500 2627 663 2685 docet
693 2628 1114 2699 philosOphiam,
1147 2644 1268 2701 qua:
1298 2629 1374 2684 illi
1407 2645 1519 2685 non
1551 2629 1795 2701 prodest,
1828 2632 1925 2687 sed
1955 2648 2083 2687 san-

497 2733 601 2779 ciae
633 2722 893 2779 Ecclesiae
922 2739 938 2780 :
968 2739 1099 2797 auge
1145 2724 1293 2780 nobis
1329 2723 1506 2793 ﬁdem,
1540 2722 1594 2779 id
1623 2732 1729 2790 εει,
1765 2725 1892 2781 dum
1921 2740 2087 2799 auges

497 2818 835 2873 mandatum.

573 2907 713 2964 Huic
740 2909 913 2964 arbori
957 2924 1121 2978 moro,
1154 2908 1223 2965 'id
1261 2918 1367 2979 est,
1414 2910 1728 2983 Evangelio,
1761 2912 1904 2985 quod
1934 2913 2088 2970 rubi—

500 3000 736 3057 cundam
765 3000 968 3058 Christi
1011 3016 1231 3057 crucem
1277 3003 1486 3057 nuntiat
1517 3021 1529 3058 :
1560 3003 1699 3059 sicut
1744 3019 1899 3060 moro
1942 3004 2090 3061 rubi-

499 3092 711 3148 cundus
739 3101 828 3148 est
859 3110 873 3147 :
904 3093 1193 3161 eradicare,
1223 3094 1275 3149 id
1304 3104 1408 3161 est,
1440 3110 1471 3151 e
1500 3097 1699 3167 populo
1726 3095 1952 3152 Judaico
1997 3115 2008 3150 :
2040 3105 2090 3152 et

2182 1885 2504 1941 ministeriis
2535 1887 2650 1941 suis
2679 1903 2693 1940 :
2727 1886 2880 1941 homo
2903 1884 3117 1957 quidam
3138 1926 3153 1953 ,
3179 1883 3231 1963 id
3266 1890 3369 1952 est,
3396 1884 3532 1940 Deus
3555 1884 3721 1939 Pater:

2183 1978 2436 2050 plantavit
2456 1978 2678 2047 vineam,
2708 1979 2761 2035 id
2786 1988 2890 2045 est,
2916 1978 3136 2035 Iudaeos
3162 1996 3176 2033 :
3210 1976 3410 2043 coloni,
3438 1977 3490 2033 id
3515 1985 3642 2044 sunt,
3664 1976 3724 2031 le-

2182 2070 2467 2141 gislatores
2494 2089 2506 2124 :
2537 2073 2647 2144 ipse
2676 2088 2885 2146 peregre
2915 2073 3039 2145 fuit,
3066 2072 3117 2128 id
3142 2080 3246 2139 est,
3272 2086 3463 2127 omnes
3487 2069 3667 2126 dimisit
3684 2069 3724 2125 in

2183 2162 2434 2219 libertate
2455 2164 2663 2220 arbitrii
2685 2164 2769 2220 sui
2796 2183 2810 2221 :
2835 2166 3067 2236 primum
3088 2179 3331 2230 servum,
3359 2163 3409 2219 id
3432 2163 3726 2229 est,lsaiam:

2184 2257 2511 2323 secundum,
2554 2256 2607 2312 id
2648 2266 2766 2328 est,
2796 2256 3090 2314 Jeremiam
3116 2275 3131 2311 :
3161 2259 3383 2314 tertium
3406 2301 3421 2324 ,
3448 2258 3497 2313 id
3520 2266 3623 2323 est,
3653 2256 3729 2310 Da-

2186 2349 2297 2405 niel
2322 2366 2335 2404 :
2364 2360 2512 2405 extra
2534 2350 2759 2413 vineam,
2787 2349 2842 2405 id
2870 2359 2976 2418 εει,
3005 2359 3157 2407 extra
3186 2349 3507 2407 Jerusalem.
3533 2347 3653 2417 Quid
3672 2348 3732 2417 fa-

2184 2440 2281 2494 ciet
2322 2439 2560 2495 dominus
2592 2440 2750 2495 vinea:
2779 2457 2798 2496 :
2828 2442 2964 2497 venit
2991 2452 3039 2497 et
3065 2442 3332 2513 perdidit,
3365 2441 3421 2497 id
3457 2449 3569 2509 est,
3593 2439 3732 2494 malus

2187 2533 2348 2590 mala.
2382 2533 2822 2605 Conquassabitur
2842 2576 2856 2599 ,
2890 2535 2946 2590 id
2979 2543 3095 2603 εει,
3123 2550 3291 2593 cruce
3312 2542 3559 2591 conteret
3582 2532 3734 2587 volun-

2187 2636 2330 2684 tates
2357 2627 2477 2699 ejus
2501 2645 2515 2683 :
2541 2628 2849 2683 comminuet
2878 2627 3029 2683 illum
3050 2646 3069 2683 :
3098 2628 3152 2685 id
3177 2638 3285 2697 est,
3315 2629 3370 2685 in
3392 2627 3618 2684 vindicta
3638 2638 3733 2681 cru-

2189 2719 2291 2776 cis.
2345 2718 2481 2776 Gens
2532 2720 2588 2775 in
2635 2731 2873 2793 gentem,
2916 2721 2970 2777 id
3015 2731 3131 2789 est,
3179 2737 3317 2794 gens
3361 2720 3421 2777 in
3467 2720 3736 2777 Romanos:

2188 2828 2405 2886 regnum
2450 2813 2505 2867 in
2552 2828 2740 2885 regno,
2776 2814 2828 2869 id
2860 2821 2945 2870 est
2971 2856 2987 2882 ,
3029 2813 3125 2869 alii
3172 2814 3437 2871 adversus
3466 2811 3734 2868 Romanos:

2192 2915 2452 2972 terrores,
2499 2900 2557 2960 id
2601 2914 2722 2972 εει,
2775 2905 3050 2977 quadrigae
3091 2906 3143 2960 in
3194 2920 3325 2963 aere
3379 2902 3733 2961 audiebantur:

2194 2998 2345 3070 signa
2374 3005 2545 3064 erunt,
2583 3006 2642 3052 ut
2672 2997 2776 3053 fuit
2795 3012 2958 3069 supra
2985 2997 3291 3053 Jerusalem
3323 2998 3480 3054 stella
3511 3011 3620 3052 cum
3643 2993 3737 3065 gla-

2194 3091 2286 3146 dio
2317 3091 2474 3163 igneo
2502 3108 2517 3147 :
2549 3092 2853 3163 contingunt
2903 3092 2959 3147 in
2988 3093 3315 3159 testimonio,
3345 3091 3401 3147 id
3429 3101 3545 3159 εει,
3572 3088 3633 3145 dc
3667 3085 3740 3144 Ju-

501 3188 908 3259 transplantare,
935 3189 988 3244 in
1018 3189 1219 3261 populo
1245 3190 1459 3261 gentili,
1485 3188 1539 3244 id
1566 3201 1670 3258 est,
1697 3193 1861 3248 arbor
1889 3206 2043 3247 moro
2073 3210 2085 3246 :
2116 3192 2163 3257 C
2192 3183 2326 3239 dicis
2371 3184 2440 3238 ad
2485 3184 2707 3240 Gentes.
2742 3184 2855 3257 Ego
2885 3174 2954 3238 ἄο
2984 3186 3126 3240 vobis
3167 3202 3224 3240 os
3261 3194 3309 3240 et
3351 3184 3663 3258 sapientiam,
3700 3180 3739 3235 ill

497 3283 525 3339 1⁵
527 3292 713 3339 ructus
732 3282 849 3353 ejus
871 3284 1078 3354 primus
1100 3284 1276 3352 albus,
1303 3293 1489 3355 postea
1514 3284 1873 3352 rubicundus,
1894 3284 2092 3343 deinde

502 3379 697 3448 niger:
734 3379 807 3433 ita
838 3378 1109 3445 diabolus,
1152 3379 1287 3434 dum
1334 3380 1559 3450 angelus
1600 3379 1754 3435 albus
1784 3378 1906 3447 fuit,
1941 3380 2092 3450 niger

502 3474 559 3529 in
591 3473 877 3529 occasione
894 3473 1047 3542 Adae,
1068 3474 1271 3529 ruheus
1295 3473 1348 3529 in
1376 3474 1677 3530 homicidio
1697 3473 1830 3530 Cain
1856 3483 1912 3531 et
1931 3473 2089 3529 Abel.

499 3563 623 3620 Duo
645 3566 918 3634 molentes,
952 3565 1189 3621 ostendit
1218 3566 1355 3621 duas
1385 3565 1686 3635 Ecclesias,
1728 3565 1813 3619 vel
1854 3565 1961 3620 duo
1989 3565 2092 3620 Te-

502 3664 773 3712 stamenta
807 3655 1008 3725 :judex
1040 3665 1095 3712 ει
1122 3656 1281 3712 vidua
1310 3657 1380 3713 de
1408 3656 1747 3729 semiplenis,
1794 3667 1849 3713 et
1875 3659 2092 3728 patien-

503 3746 635 3803 tiam
660 3747 883 3804 habebit
913 3748 967 3803 in
1000 3749 1129 3815 illis,
1160 3750 1257 3806 sed
1284 3766 1390 3805 nou
1418 3764 1637 3821 semper
1661 3750 1937 3805 tacebunt.
1972 3750 2091 3807 Duo

502 3844 863 3910 ascenderunt,
890 3860 1029 3899 unus
1056 3845 1439 3916 magnilicabat
1470 3845 1813 3900 sanctitatem
1852 3860 2007 3901 suam
2037 3854 2093 3901 et

501 3936 813 4009 perdiderat
842 3951 962 3992 eam
989 3955 1001 3990 :
1034 3937 1172 3993 alter
1204 3936 1584 4007 magniﬁcahat
1611 3946 1829 4008 peccata
1873 3952 1992 4003 sua,
2037 3946 2093 3994 et

500 4030 780 4099 perierunt
806 4047 819 4084 :
840 4030 1030 4102 jejuno
1060 4031 1135 4083 bis
1166 4031 1221 4084 in
1249 4030 1476 4096 sabbato,
1507 4030 1561 4085 id
1597 4040 1702 4097 est,
1737 4031 1942 4103 absque
1970 4032 2093 4088 cibo

500 4133 557 4177 et
590 4124 835 4177 muliere.
867 4122 1010 4186 Quid
1038 4123 1248 4191 faciam,
1278 4132 1331 4177 ut
1368 4126 1525 4177 vitam
1569 4132 1815 4178 internum
1846 4125 2095 4179 habeam?

504 4217 557 4273 id
582 4227 686 4285 est,
722 4227 779 4272 ut
806 4234 971 4289 supra
992 4219 1215 4283 dictum,
1238 4222 1421 4275 talium
1442 4230 1516 4276 est
1542 4238 1757 4296 regnum
1774 4223 1874 4278 Dei
1896 4240 1915 4278 :
1939 4233 1995 4279 et
2023 4224 2093 4278 ita

505 4310 838 4368 Nicodemus
869 4313 1122 4369 similiter
1148 4316 1443 4385 cogitabat,
1476 4318 1732 4387 quomodo
1758 4326 1921 4389 potest
1940 4318 2094 4375 homo

501 4405 688 4457 iterum
712 4407 961 4460 renasci?
993 4405 1117 4461 Non
1141 4406 1366 4473 occides,
1397 4417 1454 4463 et
1494 4409 1698 4480 reliqua
1734 4427 1748 4465 :
1781 4426 1949 4481 quare
1977 4415 2095 4469 haec

503 4494 662 4561 dixit,
690 4498 813 4566 quia
841 4497 894 4552 in
924 4499 1042 4570 ipso
1072 4499 1299 4554 corruit.
1334 4499 1462 4554 Cum
1492 4502 1925 4574 apprOpinguaret
1967 4505 2095 4562 Hie-

499 4588 631 4652 rico,
660 4588 711 4643 id
743 4600 847 4655 est,
876 4593 1181 4647 cum‘venit
1205 4592 1272 4647 ad
1303 4573 1766 4652 incarnationem.
1820 4600 1828 4607 '

589 4679 678 4734 Vir
710 4683 913 4737 nomine
941 4683 1214 4755 lac/tarus,
1250 4687 1300 4740 id
1330 4694 1435 4753 est,
1466 4687 1685 4744 Judaeus
1730 4688 1853 4757 fuit,
1902 4698 1959 4747 et
2000 4690 2091 4749 Ju-

503 4770 652 4827 dmos
674 4772 980 4843 signiﬁcat;
1012 4775 1426 4846 interpretatur,
1448 4779 1794 4849 justificatus,
1835 4782 1973 4839 sicut
2001 4782 2095 4839 Ju-

505 4865 612 4920 daei
642 4881 701 4921 se
724 4867 1025 4938 justilicant
1050 4887 1061 4922 :
1088 4881 1299 4940 prapter
1321 4872 1544 4939 turbam,
1570 4874 1619 4927 id
1644 4882 1757 4942 est,
1786 4876 2093 4933 divitiarum

504 4971 559 5014 et
572 4961 829 5016 vitiorum
848 4978 861 5015 :
878 4963 932 5016 in
944 4963 1147 5029 arbore,
1165 4964 1215 5019 id
1229 4976 1308 5021 est
1326 4967 1523 5023 crucis:
1540 4968 1809 5023 dimidium
1825 4971 2098 5041 bonorum,

508 5052 561 5107 id
591 5062 692 5119 est,
723 5054 1040 5110 substantia:
1073 5070 1209 5111 mem
1230 5074 1244 5111 :
1267 5059 1333 5110 do
1353 5059 1684 5130 pauperibus,
1718 5062 1767 5116 id
1791 5074 1895 5132 est,
1919 5064 2102 5138 frange

509 5148 755 5201 esurienti
779 5167 965 5220 panem
1008 5160 1153 5205 tuum
1192 5167 1211 5205 :
1247 5163 1294 5205 et
1334 5154 1378 5205 si
1426 5154 1551 5219 quid
1581 5156 1841 5225 fraudavi,
1888 5160 2101 5215 reddam

513 5241 900 5309 quadrupulum
925 5262 945 5298 :
973 5244 1079 5299 hoc
1115 5245 1169 5299 in
1201 5244 1343 5314 Lege
1372 5245 1749 5315 deZanimabus
1774 5250 2000 5317 dictum,
2048 5264 2103 5311 et

512 5334 564 5388 in
591 5332 888 5403 Evangelia
915 5337 981 5391 de
1003 5339 1148 5393 omni
1176 5347 1425 5394 creatura
1449 5338 1667 5395 dicitur.
1694 5341 1866 5396 Homo
1888 5345 2097 5413 nobilis,

510 5426 566 5484 id
595 5437 703 5498 est,
732 5426 1008 5499 Christus,
1060 5433 1186 5487 abiit
1232 5434 1287 5487 in
1328 5432 1591 5505 regionem
1632 5435 1971 5509 longinquam
1994 5480 2010 5506 ,
2043 5439 2098 5495 id

586 5614 827 5693 {Neque
856 5615 958 5671 hoc
987 5614 1145 5671 libuit
1169 5617 1408 5689 explere,
1446 5616 1590 5690 quod
1632 5629 1790 5676 vacat
1833 5621 1889 5676 in
1933 5620 2098 5693 origi-

511 5688 620 5758 nali
650 5688 908 5758 spatium.

584 5756 611 5831 ξ’
642 5756 943 5829 ιῷεεεὴειυι·
986 5758 1232 5827 alterum,
1263 5776 1371 5815 uno
1400 5763 1568 5820 verbo
1618 5777 1717 5831 pro
1743 5762 1812 5816 ad
1840 5764 2053 5828 terram]
2078 5781 2097 5818 :

509 5827 610 5886 sed
639 5827 742 5888 nec
766 5831 1111 5904 subsequens
1152 5832 1414 5890 isocolum
1462 5827 1662 5891 mendo
1698 5844 1872 5893 caret.
1902 5833 1963 5893 In
1992 5827 2101 5893 line

2117 4589 2172 4650 D

2195 3278 2379 3349 Moyse
2408 3278 2629 3348 dicitur,
2668 3278 2902 3334 Ostendit
2930 3280 3019 3333 tibi
3052 3281 3193 3335 Deus
3222 3280 3555 3347 sapientiam.

2266 3393 2498 3465 Capillus
2525 3396 2590 3449 de
2616 3396 2784 3467 capite
2828 3413 2932 3451 non
2960 3394 3172 3469 peribit,
3206 3394 3263 3450 id
3296 3406 3414 3463 est,
3441 3392 3738 3451 mortalitate.

2191 3485 2487 3540 Jerusalem
2509 3485 2815 3553 calcabitur,
2840 3486 2892 3541 id
2920 3499 3025 3557 est,
3048 3486 3189 3542 idola
3208 3486 3586 3543 adorabuntur
3605 3485 3651 3538 in
3669 3498 3737 3539 ea:

2194 3579 2357 3633 donec
2394 3578 2710 3651 impleantur
2739 3590 2973 3651 tempora
3020 3581 3282 3652 gentium,
3320 3579 3375 3636 id
3406 3590 3529 3646 est,
3573 3576 3735 3633 εἰπάτω

2193 3686 2495 3727 conversos
2532 3671 2587 3726 in
2619 3671 2777 3728 linem
2806 3671 3015 3728 mundi.
3049 3672 3217 3744 Signa
3243 3674 3299 3728 in
3330 3674 3463 3739 sole,
3493 3672 3545 3728 id
3570 3678 3660 3737 est,
3674 3668 3732 3721 lit-

2196 3771 2365 3821 teram
2396 3782 2410 3818 :
2442 3780 2602 3819 sonus
2628 3765 2821 3832 maris,
2853 3764 2907 3820 id
2937 3774 3020 3821 est
3046 3806 3060 3832 ,
3092 3763 3301 3822 factum
3332 3775 3418 3821 est
3448 3779 3593 3819 mare
3617 3758 3740 3817 Sodo-

2195 3858 2439 3913 miticum
2464 3900 2478 3926 ,
2517 3858 2698 3929 pisces
2728 3872 2857 3913 suos
2906 3860 2958 3913 in
2987 3864 3129 3913 terra
3166 3857 3358 3929 jaciet.
3397 3856 3678 3912 Venientem
3707 3851 3744 3905 is

2195 3946 2414 4004 nubibus
2437 3951 2572 4017 caeli,
2602 3950 2655 4005 id
2687 3958 2794 4019 est,
2826 3951 2882 4006 in
2911 3948 3192 4022 prophetis
3219 3959 3275 4006 et
3303 3949 3582 4023 apostolis.
3609 3941 3749 4002 Ficul-

2195 4043 2367 4099 nea'et
2394 4042 2623 4111 arbores,
2662 4042 2715 4098 id
2752 4050 2865 4112 est,
2915 4058 3193 4116 synanoga
3222 4053 3279 4099 et
3320 4043 3589 4099 homines.
3616 4035 3750 4092 Indis

2197 4137 2386 4193 docens
2410 4138 2462 4191 in
2494 4137 2761 4207 templum.
2786 4136 2835 4191 id
2879 4148 2993 4202 est,
3030 4136 3297 4191 laboravit
3323 4152 3447 4192 cum
3476 4132 3661 4191 Judaais
3682 4147 3693 4182 :
3714 4129 3751 4179 in

2196 4239 2373 4296 nocte,
2416 4228 2473 4283 in
2504 4238 2676 4282 monte
2706 4226 2932 4295 Oliveti,
2974 4226 3027 4283 id
3073 4235 3198 4298 est,
3240 4226 3619 4300 requiescebat
3657 4233 3750 4274 cum

2195 4323 2468 4395 gentibus.

2270 4416 2442 4471 Homo
2481 4416 2791 4485 amphoram
2829 4431 2976 4489 aqua:
3001 4425 3243 4487 portans,
3272 4414 3329 4471 id
3362 4422 3473 4481 est,
3502 4412 3695 4484 Moyses
3715 4411 3756 4460 el

2197 4510 2434 4567 Joannes
2464 4510 2706 4581 Baptista
2740 4526 2754 4562 :
2785 4510 2969 4565 domus
2995 4509 3263 4576 ccenaculi,
3291 4508 3346 4565 id
3371 4518 3478 4578 est,
3505 4503 3750 4563 Ecclesia:

2196 4614 2411 4659 stratum
2433 4645 2450 4672 ,
2483 4604 2536 4659 id
2566 4612 2678 4670 est,
2712 4602 2872 4660 ﬁdem
2922 4603 3205 4661 Trinitatis
3239 4620 3255 4663 :
3304 4604 3471 4659 donec
3514 4598 3751 4674 impleatur

2196 4714 2411 4769 regnum
2438 4697 2557 4764 Dei,
2590 4697 2641 4753 id
2663 4706 2767 4761 est.
2801 4698 3170 4755 ministerium
3201 4712 3467 4770 magnum
3494 4696 3635 4750 :duo
3653 4687 3758 4746 cali-

2197 4806 2288 4847 ces
2321 4808 2483 4847 unum
2513 4806 2634 4847 cum
2658 4807 2817 4864 aqua,
2849 4793 3081 4850 alterum
3110 4808 3231 4850 cum
3264 4794 3422 4859 vino,
3449 4791 3504 4848 id
3530 4798 3631 4855 est,
3656 4796 3754 4841 cum

2200 4887 2420 4942 mixtico
2459 4902 2614 4958 aqua:
2655 4896 2709 4943 et
2753 4888 2865 4943 vini
2916 4888 2969 4943 in
3020 4887 3189 4944 calice
3228 4907 3242 4943 :
3278 4889 3473 4943 vinum
3514 4900 3613 4940 una
3648 4892 3757 4949 εφη

2202 4981 2442 5037 05tendit
2465 4983 2777 5053 passionem
2800 4997 2897 5054 per
2920 4982 3271 5053 baptismum.
3298 4978 3573 5051 Numquid
3598 4969 3759 5045 aliquid

2207 5073 2391 5144 defecit
2437 5076 2609 5138 vobis,
2648 5075 2863 5147 quando
2895 5076 3057 5131 ﬁebat
3084 5090 3205 5131 cum
3249 5074 3362 5131 illis
3389 5075 3445 5132 in
3474 5084 3697 5134 carnem,
3718 5061 3757 5119 id

2204 5177 2308 5233 est,
2354 5170 2684 5241 pratcipiebat
2714 5170 2823 5225 illis
2861 5186 2964 5225 non
2993 5169 3179 5225 habere
3205 5186 3389 5224 curam
3420 5165 3595 5224 saeculi
3618 5158 3757 5218 :dum

2204 5271 2384 5316 autem
2435 5260 2507 5315 ab
2551 5262 2661 5317 illis
2705 5277 2766 5319 se
2807 5269 3065 5334 separat,
3100 5260 3306 5318 habere
3348 5260 3563 5317 unicam
3590 5255 3758 5312 ﬁdem:

2206 5362 2341 5407 emat
2380 5353 2649 5429 gladium,
2679 5353 2733 5411 id
2761 5364 2879 5422 est,
2911 5352 3147 5427 Legem:
3187 5354 3291 5409 duo
3319 5353 3508 5427 gladii,
3539 5348 3594 5405 id
3632 5350 3757 5404 sunl.

2207 5444 2326 5501 duae
2357 5446 2548 5518 Leges.

2205 5628 2468 5701 seotiqnis
2498 5626 2591 5684 ubi
2622 5627 2841 5699 dicitur,
2875 5628 2986 5701 Ego
3014 5628 3083 5701 de,
3110 5628 3249 5684 vobis
3280 5643 3364 5701 os,
3391 5636 3445 5701 et
3469 5618 3758 5701 sapientiam.

2207 5708 2323 5754 erat
2350 5698 2495 5772 Ergo
2519 5701 2584 5755 dc
2616 5701 2754 5756 vobis
2775 5718 2879 5768 eos,
2913 5698 3021 5757 élc.
3046 5699 3325 5771 Ejusmodi
3349 5699 3462 5772 alia
3485 5698 3635 5755 tertio
3652 5702 3761 5764 (ιυο-

2204 5784 2311 5841 que
2340 5771 2503 5830 versu
2526 5774 2910 5841 occurrebant,
2940 5787 3063 5845 qua:
3089 5773 3292 5831 referre
3315 5771 3483 5844 piget.
3506 5837 3511 5843 ι
