3970 6304
231 384 313 442 577
980 374 1344 438 EXPOSI’I‘IO
1380 370 1716 448 QUATUOR
1754 366 2325 434 EVANGELIORUM.
2368 367 2694 431 JOANNES.
3384 358 3490 426 578

284 496 445 553 Filius
476 494 700 552 hominis
721 494 902 552 sedens
953 512 988 549 a
1041 494 1236 549 dextris
1276 491 1521 547 virtutis:
1550 499 1609 547 ut
1653 489 1799 547 Dixit
1823 492 1879 553 A
1902 489 2152 546 Christus
2173 497 2256 545 est
2285 506 2298 543 :
2332 488 2386 543 in
2417 487 2636 543 tenebris
2667 480 2825 551 lucét,
2855 481 2907 540 id
2937 489 3022 542 est
3044 525 3060 551 ,
3092 481 3148 540 in
3176 483 3371 556 populo
3397 483 3493 541 Ju-

231 589 451 645 Dominus
474 588 700 643 Domino
728 603 873 656 meo,
906 596 962 642 et
990 585 1218 656 reliqua.
1248 583 1315 638 In
1345 592 1479 639 veste
1507 583 1624 639 alba
1649 583 1803 638 remi-
1904 582 2147 641 decorum
2178 598 2276 652 per
2305 581 2499 650 Legem
2533 590 2585 636 et
2611 578 2905 650 prophetas
2939 595 2952 632 :
2984 576 3157 634 Judaei
3212 593 3333 634 eum
3383 593 3491 635 non

229 684 285 738 sit
305 700 414 737 eum
440 681 507 737 ad
528 680 768 735 Pilatum
787 725 800 749 ,
832 680 884 735 id
912 688 999 737 est
1021 724 1036 749 ,
1068 680 1120 734 in
1151 677 1258 733 (ide
1295 677 1577 732 Trinitatis
1609 694 1621 729 :
1654 676 1803 732 venit
1902 684 2277 747 cognoverunt
2304 692 2316 726 :
2342 682 2450 728 erat
2476 674 2567 727 lux
2590 689 2731 741 vera,
2756 687 2869 742 qua:
2895 670 3157 725 illuminat
3179 686 3379 726 onmem
3400 672 3497 727 ho-

229 775 282 831 ad
302 784 502 848 gentes,
532 773 599 830 ad
624 773 842 845 plebem
867 772 1052 829 Israel.
1080 768 1235 825 Facti
1254 778 1372 824 sunt
1400 768 1586 833 amici,
1615 767 1668 824 id
1695 777 1801 834 est,
1902 772 2094 824 minem
2122 812 2137 837 ,
2172 778 2227 826 et
2274 767 2483 839 reliqua
2509 785 2522 821 :
2555 768 2645 821 lux
2677 782 2805 822 vera
2847 766 3119 822 illuminat
3171 767 3447 823 nascendo
3478 809 3494 834 ,
3590 804 3599 817 ν-

226 876 433 941 uterque
456 867 689 940 populus
718 865 788 922 ad
818 865 978 922 Iidem
1007 862 1232 920 Christi.
1266 862 1507 918 Herodes
1538 860 1801 932 signiﬁcat
1902 862 2217 934 nutriendo,
2235 860 2487 928 vivendo,
2513 868 2569 916 et
2589 874 2682 931 per
2710 858 2938 931 gratiam
2973 859 3227 930 baptismi
3254 857 3493 930 Spiritus

223 961 461 1031 Populum
484 955 998 1030 gentiumzPilalus,
1025 954 1262 1011 εἶυάωοε-
1284 953 1581 1009 Ῐιθνῖδιῑηιῐι
1604 963 1628 990 "
1647 952 1804 1008 denSl
1880 962 2108 1027 sancti,
2161 959 2433 1014 illuminat
2461 955 2746 1011 scientiam
2784 974 2796 1009 :
2826 956 2879 1009 in
2908 954 3100 1009 mundo
3132 956 3297 1021 venit,
3347 971 3500 1009 mun-

215 1053 407 1109 seduna
430 1095 447 1121 ,
480 1050 747 1108 Barabbas
783 1051 928 1106 lilius
955 1048 1155 1106 diaboli
1186 1047 1401 1103 dicitur.
1450 1045 1600 1103 Flete
1648 1063 1805 1117 super
1905 1055 2029 1109 dum
2059 1070 2163 1107 non
2186 1052 2420 1124 cognovit
2446 1091 2461 1117 ,
2495 1049 2547 1105 id
2577 1057 2693 1117 est,
2725 1047 2958 1119 populus
2987 1046 3296 1103 Judzeorum
3327 1063 3341 1101 :
3371 1062 3499 1117 pars

213 1161 314 1212 vos,
346 1146 400 1201 id
433 1154 551 1212 est,
603 1160 767 1215 super
822 1150 1038 1214 gentem
1068 1149 1306 1197 vestram
1344 1156 1357 1192 :
1388 1148 1511 1194 tunc
1562 1140 1780 1211 incipien

1931 1150 2104 1214 tliena,
2133 1162 2260 1218 pars
2291 1144 2470 1215 aliqua
2520 1141 2781 1215 cognovit
2823 1156 2945 1197 eum
2972 1159 2984 1193 :
3012 1142 3066 1195 in
3093 1157 3185 1193 sua
3216 1140 3352 1194 venit
3379 1184 3393 1208 ,
3442 1140 3499 1194 in

208 1240 392 1306 dicere,
428 1238 480 1294 id
508 1247 626 1307 est,
661 1237 815 1309 plebs
844 1236 1012 1292 Israel
1042 1254 1055 1291 :
1082 1235 1235 1289 dicite
1262 1234 1552 1299 montibus,
1595 1234 1647 1289 id
1677 1241 1801 1302 est,
1906 1256 2003 1296 sua
2027 1249 2186 1312 gente
2212 1236 2507 1292 secundum
2540 1251 2761 1290 carnem
2799 1252 2812 1289 ε
2848 1234 2931 1288 sui
2975 1250 3089 1287 eum
3145 1249 3252 1289 ηοη
3290 1249 3500 1305 τεοερε-

208 1330 577 1403 patriarchis:
610 1330 850 1396 collibus,
882 1329 936 1385 id
967 1336 1072 1398 est,
1104 1330 1405 1401 praphetis.
1442 1327 1651 1381 Dimitte
1676 1323 1804 1394 illis,
1906 1343 2030 1390 ηιηι
2059 1350 2077 1388 ;
2106 1333 2295 1404 quique
2323 1347 2433 1385 eum
2461 1339 2781 1397 receperunt,
2828 1326 2969 1381 dedit
3019 1335 3319 1397 potestatem
3366 1326 3506 1394 ﬁlios

209 1423 256 1480 Id
278 1432 386 1489 est,
418 1424 615 1480 bibant
640 1422 958 1494 sanguinem
987 1438 1149 1494 quem
1180 1422 1472 1480 eﬂ'uderint
1501 1464 1517 1491 ,
1569 1429 1629 1476 ut
1675 1419 1808 1475 ﬁant
1910 1428 2009 1483 Dei
2038 1428 2151 1499 ﬁeri
2182 1444 2200 1481 ;
2222 1441 2317 1497 per
2348 1425 2509 1481 [idem
2535 1440 2599 1480 ex
2632 1438 2699 1479 eo
2726 1422 2838 1479 nati
2872 1431 3000 1477 sum
3048 1437 3148 1492 per
3195 1420 3506 1476 renovatio.

212 1532 332 1571 νεεδ
358 1516 781 1585 misericordias
811 1531 931 1587 (11³ίὲ
955 1525 1082 1570 sum
1106 1531 1234 1572 V353
1262 1517 1378 1572 ίταξ·
1412 1513 1809 1585 Νθεεὶιιηιίιαὶά
1912 1536 2034 1577 nem
2064 1520 2354 1591 baptismi,
2382 1529 2437 1574 et
2481 1516 2707 1590 gratiam
2762 1516 2997 1587 Spiritus
3048 1514 3242 1571 sancti.
3281 1513 3507 1569 Verbum

213 1610 434 1682 faciunt,
463 1621 518 1666 et
544 1608 594 1664 si
623 1610 848 1675 scirent,
878 1608 1160 1664 Dominum
1194 1609 1493 1678 maiestatis
1517 1624 1781 1679 numquam

1924 1632 2033 1672 caro
2058 1619 2250 1687 factum
2276 1623 2372 1677 est,
2401 1623 2446 1667 et
2462 1613 2705 1667 habitavit
2735 1612 2788 1666 in
2815 1611 2983 1672 nobis,
3097 1618 3212 1679 est,
3259 1624 3357 1680 per
3404 1622 3492 1663 as-

218 1704 617 1759 crucilixissent
647 1719 665 1759 :
689 1704 815 1775 quia
844 1718 941 1773 per
962 1704 1321 1774 ignorantiam
1344 1703 1614 1759 fecerunt.
1642 1702 1813 1758 Hodie
1913 1709 2275 1779 sumptionem
2304 1707 2484 1762 carnis
2510 1724 2523 1760 :
2552 1706 2773 1760 vidimus
2819 1706 3039 1777 gloriam
3064 1705 3178 1771 ejus
3205 1746 3221 1772 ,
3274 1704 3329 1759 id
3381 1712 3464 1759 est
3487 1742 3505 1771 ,

221 1814 410 1852 mecum
440 1798 544 1852 eris
570 1797 626 1850 in
652 1796 899 1867 paradiso
922 1837 938 1860 ,
985 1797 1039 1851 id
1065 1804 1149 1852 est
1179 1838 1194 1863 ,
1227 1797 1319 1867 qui
1365 1796 1612 1867 sequitur
1658 1794 1813 1851 Chri-
1915 1816 2013 1872 per
2031 1782 2585 1871 transligurationem,
2617 1808 2671 1854 et
2698 1796 3161 1854 resurreCtionem
3193 1794 3361 1852 illius.

227 1899 379 1960 stum,
407 1892 665 1948 tenebras
694 1905 807 1947 non
832 1890 1016 1955 habet,
1048 1890 1144 1946 sed
1167 1890 1351 1946 lumen
1380 1889 1524 1945 vitm.
1842 1882 1891 1944 B
1988 1893 2117 1948 Post
2146 1910 2226 1948 me
2251 1893 2403 1963 venit,
2434 1891 2693 1961 ostendit,
2731 1890 3031 1947 secundum
3063 1905 3289 1947 carnem
3318 1889 3512 1946 nativi-

293 1982 483 2057 Joseph
516 2026 532 2051 ,
590 1984 645 2038 id
694 1994 811 2051 est,
868 1982 1097 2055 populus
1125 1981 1293 2038 Israel
1322 1999 1336 2037 :
1364 1993 1618 2047 aromata,
1649 1990 1699 2037 et
1718 1998 1816 2036 un-
1918 1994 2083 2041 tatem
2117 2003 2131 2039 :
2158 1993 2276 2039 ante
2302 2001 2382 2039 me
2412 1985 2583 2054 fact-ns
2612 1994 2688 2038 est
2730 2002 2749 2039 :
2781 1984 2832 2039 id
2862 1992 2987 2050 est,
3020 1999 3119 2055 per
3151 1984 3327 2055 ipsum
3368 1983 3511 2039 facta

240 2088 431 2150 ςαεηια,
461 2075 519 2132 id
540 2085 651 2143 εει,
682 2075 819 2132 ﬁdes
839 2116 855 2143 ν
899 2089 1027 2145 Spes
1051 2116 1066 2138 ν
1124 2074 1367 2130 Charitas
1392 2090 1409 2130 ε
1438 2092 1540 2128 una
1576 2073 1773 2128 δαὺθαιί
1799 2115 1815 2141 ν
1918 2087 2047 2135 sunt
2067 2078 2247 2133 omnia
2274 2094 2288 2144 ;
2316 2086 2365 2131 et
2394 2078 2517 2149 quia
2546 2079 2689 2149 prior
2719 2093 2798 2132 me
2826 2087 2965 2146 erat,
2997 2087 3053 2133 et
3078 2079 3146 2133 de
3178 2076 3515 2148 plenitudine

243 2172 289 2225 id
312 2179 410 2231 est.
442 2168 797 2240 Evangelium
819 2208 834 2233 ,
874 2166 1017 2238 quod
1049 2166 1275 2222 lucescit
1301 2182 1397 2237 per
1423 2175 1639 2221 noctem
1669 2174 1811 2221 vete-

1943 2172 2036 2244 rjus
2064 2187 2164 2228 nos
2193 2186 2385 2228 omnes
2425 2172 2735 2240 accepimus
2765 2189 2779 2226 :
2813 2171 3086 2228 nascendo
3111 2214 3127 2239 ,
3178 2171 3467 2228 nutriendo
3497 2216 3511 2242 ,

246 2261 311 2317 ris
330 2259 678 2318 Testamenti.
712 2259 967 2315 Mulieres
1020 2260 1210 2329 primae
1257 2258 1710 2313 resurrectionem
1740 2256 1813 2310 vi-
1920 2266 2154 2321 vivendo
2182 2308 2196 2331 ,
2255 2265 2480 2337 gratiam
2526 2280 2622 2335 pro
2674 2265 2843 2336 gratia
2872 2307 2888 2333 ,
2938 2264 3144 2322 veteris
3179 2265 3516 2325 Testamenti

250 2357 428 2414 derunt
457 2374 472 2413 :
506 2367 690 2429 aptum
720 2356 844 2425 fuit,
882 2366 939 2411 ut
965 2371 1062 2426 per
1089 2356 1239 2425 ipsas
1264 2354 1414 2424 prius
1445 2353 1592 2407 salus
1620 2367 1818 2407 eucur-
1923 2342 2253 2432 gratia-novi
2285 2358 2642 2415 Testamenti.
2662 2357 2797 2415 Item
2828 2374 2921 2429 per
2961 2359 3121 2415 tidem
3173 2369 3228 2415 et
3280 2359 3516 2415 eharita—

251 2451 411 2518 risset,
432 2467 529 2523 per
550 2466 684 2523 quas
718 2451 868 2520 prius
912 2448 1235 2503 accurrehat
1266 2460 1436 2503 mors.
1481 2444 1551 2499 Et
1577 2460 1689 2499 ecce
1718 2445 1819 2498 duo

1982 2470 2031 2508 m
2066 2470 2079 2507 :
2110 2468 2208 2525 per
2236 2453 2471 2507 litteram
2497 2452 2679 2523 Legis,
2708 2452 2794 2508 vel
2823 2452 3161 2523 prophetiam
3190 2471 3203 2508 :
3234 2461 3345 2509 tres
3374 2452 3521 2509 modi
3548 2439 3550 2445 ι

254 2543 333 2597 viri
350 2552 612 2610 steterunt,
638 2544 695 2598 in
714 2540 971 2597 Matthteo
993 2555 1129 2596 unus
1151 2540 1397 2610 angelus,
1422 2537 1475 2593 in
1498 2536 1682 2592 Marco
1698 2536 1825 2591 ado-
1924 2561 2023 2618 per
2050 2548 2278 2616 gratiam
2309 2544 2561 2616 baptismi
2601 2546 2828 2615 gratiam
2867 2556 3149 2602 aeternam.
3210 2546 3387 2602 Filius
3432 2547 3520 2616 qui

258 2638 461 2708 tescens,
489 2640 541 2694 in
573 2637 784 2694 Joanne
811 2635 921 2692 duo
947 2635 1122 2705 angeli
1149 2674 1165 2698 .
1214 2633 1266 2687 in
1305 2632 1452 2687 Luca
1477 2630 1586 2686 duo
1611 2631 1715 2685 Viri
1737 2628 1823 2685 ἀί·
1926 2650 1998 2694 est
2025 2640 2080 2693 in
2108 2639 2227 2693 sinu
2253 2638 2453 2703 Patris,
2486 2638 2537 2694 id
2574 2647 2659 2694 est
2680 2680 2695 2704 ,
2737 2641 2790 2693 in
2821 2638 2987 2695 corde
3012 2681 3025 2704 ,
3054 2640 3141 2695 vel
3178 2637 3231 2695 in
3263 2650 3475 2695 secreto
3509 2654 3524 2693 :

262 2741 445 2796 cuntur,
472 2730 527 2786 id
555 2740 661 2800 est,
698 2729 870 2785 multa
902 2727 1096 2783 itinera
1126 2724 1436 2791 mUliel‘llm,
1494 2734 1550 2778 ει
1594 2723 1826 2777 dive-“‘53
1927 2736 2193 2803 confessus
2214 2739 2287 2785 est
2316 2729 2569 2797 Joannes,
2598 2747 2708 2786 non
2738 2747 2861 2788 esse
2888 2732 3160 2788 Christum
3196 2751 3208 2787 :
3235 2749 3337 2787 non
3366 2750 3522 2804 nega-

266 2835 369 2880 sunt
390 2823 619 2880 visiones
649 2841 663 2877 :
688 2822 770 2879 vel
802 2821 856 2878 in
884 2836 1074 2887 unum,
1102 2818 1299 2873 iterum
1342 2826 1395 2871 et
1450 2830 1558 2871 una
1588 2815 1727 2871 visio
1772 2821 1829 2869 et

1962 2824 2023 2891 it,
2053 2837 2112 2877 se
2139 2837 2532 2893 praecursorem
2562 2838 2684 2878 esse
2705 2823 2930 2879 Christi.
2956 2825 3133 2881 Aliter
3163 2825 3405 2881 ostendit
3431 2840 3530 2880 no-

268 2919 523 2975 dissimiles
549 2926 675 2974 sunt
706 2915 1053 2973 narrationes
1091 2902 1598 2982 evallgelistarum.~
1929 2931 2055 2971 vum
2079 2916 2487 2971 Testamentum
2516 2934 2529 2970 :
2561 2928 2607 2971 et
2633 2933 2725 2989 ego
2756 2918 3041 2972 nesciebam
3073 2934 3189 2973 eum
3227 2958 3243 2983 ,
3293 2919 3532 2973 ostendit

323 3011 634 3066 Linteamina
658 3011 772 3067 sola
800 3008 971 3078 posita
994 3049 1010 3075 ,
1042 3003 1339 3061 ostendunt
1368 3002 1511 3074 quod
1543 3017 1649 3057 non
1691 3000 1831 3057 indi-
1930 3008 2170 3066 Jonnnes
2193 3024 2299 3063 non
2320 3009 2460 3065 seire
2481 3025 2578 3080 per
2600 3008 2926 3081 baptismum
2951 3010 3154 3067 Christi
3181 3012 3523 3083 redemptum

271 3116 373 3177 gent
398 3121 618 3177 corpora
667 3104 993 3160 vestimento
1043 3110 1168 3171 post
1215 3096 1667 3153 resurrectionem
1699 3109 1715 3150 2
1753 3110 1832 3148 se-

1961 3119 2053 3161 :sse
2086 3105 2370 3174 mundum,
2399 3121 2522 3162 nam
2551 3106 2758 3163 sciebat
2784 3122 2906 3163 eum
2937 3105 3135 3163 Filium
3170 3107 3269 3165 Dei
3298 3122 3453 3177 esse,
3477 3117 3529 3163 et

275 3216 363 3253 cum
380 3203 587 3267 mirans,
616 3198 673 3253 id
703 3207 808 3266 est,
838 3193 987 3267 quod
1012 3193 1459 3262 derelinquantur
1477 3188 1827 3245 vestimenta.
1936 3208 2123 3255 natum
2154 3199 2205 3254 in
2236 3214 2421 3254 came,

282 3292 367 3348 ltuo
391 3311 449 3349 es
467 3294 573 3349 illis
596 3292 762 3361 ibant,
790 3287 1036 3346 ostendit
1059 3297 1250 3357 gentes
1276 3329 1291 3353 ,
1321 3285 1447 3354 quia
1476 3286 1555 3339 sic
1580 3291 1834 3339 ostensus
1860 3270 1906 3333 C
2014 3288 2197 3356 Rabbi,
2228 3289 2316 3344 ubi
2343 3289 2590 3346 habitas?
2616 3290 2669 3347 id
2692 3301 2797 3359 εει,
2823 3293 2876 3348 in
2899 3305 3003 3364 qua
3024 3291 3270 3349 doctrina
3293 3308 3533 3351 comma-

286 3397 343 3441 est
365 3387 484 3455 illis,
508 3388 599 3459 qui
632 3385 762 3441 loris
786 3390 947 3439 erant
971 3424 987 3451 ,
1023 3380 1162 3436 sicut
1194 3378 1278 3434 his
1317 3379 1407 3450 qui
1439 3379 1586 3432 intus
1628 3386 1783 3431 erant
1818 3394 1830 3430 :
1935 3381 2103 3451 veris,
2132 3380 2247 3436 sive
2277 3381 2481 3438 doces?
2504 3384 2696 3451 venite,
2738 3384 2930 3440 discite
2986 3384 3290 3441 doctrinam
3320 3402 3535 3455 meam,

291 3479 531 3544 castellum,
566 3478 618 3534 id
644 3485 747 3543 est,
783 3473 1067 3531 mundum.
1097 3470 1418 3535 Jerusalem,
1452 3468 1505 3525 id
1534 3478 1641 3535 est,
1672 3468 1836 3525 εωιθ·
1936 3477 2065 3547 quia
2097 3491 2290 3532 omnes
2313 3478 2428 3533 vult
2454 3480 2643 3533 venire
2673 3479 2738 3533 ad
2782 3494 2874 3546 se;
2919 3480 3061 3550 apud
3090 3497 3204 3535 eum
3242 3490 3541 3536 manserunt

286 3570 355 3625 “is
383 3589 397 3626 ε
431 3572 687 3635 stadium.
712 3566 768 3623 id
798 3576 904 3633 εει,
929 3575 1118 3622 00lava
1149 3578 1275 3635 Pars
1303 3563 1372 3619 de
1396 3561 1650 3617 mllllario
1682 3578 1696 3612 τ
1725 3571 1837 3615 δια·
1939 3569 2023 3621 die
2053 3566 2165 3638 illo,
2199 3569 2495 3624 ostendunt
2522 3586 2727 3626 novum
2758 3570 3191 3639 Testamentum,
3222 3572 3335 3628 sive
3366 3572 3533 3628 vitam

282 3662 349 3717 dia
366 3680 427 3720 1.x
450 3663 685 3721 ostendit
709 3676 996 3716 numerum
1024 3646 1236 3715 dierum
1264 3699 1278 3725 ,
1333 3659 1388 3712 in
1429 3654 1626 3725 quibus
1663 3653 1838 3709 factus
1940 3671 2268 3733 ριιωεθιιιεω
2302 3680 2315 3715 :
2345 3662 2473 3716 hora
2518 3665 2716 3719 decima
2742 3663 3009 3736 signiﬁcat
3036 3682 3262 3737 vespere
3305 3665 3488 3723 mundi
3521 3686 3533 3720 :

280 3767 348 3811 est
363 3757 603 3813 mundus.
631 3754 845 3811 Nomen
871 3751 1081 3808 castelli
1114 3750 1389 3805 Emmaus.
1426 3748 1492 3802 Ει
1538 3749 1646 3818 ipse
1689 3745 1841 3815 Ιὶηωὶι
1942 3755 1997 3808 in
2036 3754 2321 3809 crastinum
2350 3756 2509 3810 voluit
2540 3758 2683 3812 exire
2710 3757 2765 3812 in
2792 3756 3091 3827 Galilaeam,
3124 3759 3180 3814 id
3229 3766 3314 3815 est
3345 3804 3361 3828 ,
3422 3768 3543 3830 post

277 3850 521 3922 telongius
549 3850 624 3903 ire
657 3863 677 3901 :
707 3846 762 3901 id
792 3856 905 3913 est,
955 3843 1023 3900 ad
1067 3851 1261 3914 gentes
1294 3859 1309 3895 :
1339 3849 1385 3895 et
1418 3848 1765 3913 cognoverunt
1788 3838 1842 3892 in

1966 3849 2406 3904 'esurrectionem
2434 3865 2586 3905 suam
2624 3849 2689 3905 ad
2721 3862 2914 3920 gentes
2948 3868 2962 3905 :
2993 3850 3094 3905 sub
3116 3852 3247 3919 ﬁco,
3305 3852 3358 3907 id
3408 3863 3491 3907 est
3517 3894 3534 3921 ,

277 3946 502 4013 [raptione
530 3945 701 4015 panis,
730 3952 786 3998 et
815 3957 921 3997 non
954 3947 1329 4011 cognoverunt
1359 3952 1482 3993 eum
1502 3977 1517 4002 ,
1549 3950 1673 3990 cum
1704 3949 1844 4004 ρι’ω-
1944 3941 2045 3995 sub
2072 3941 2233 4011 Legis
2260 3943 2439 3997 littera
2461 3984 2477 4008 ,
2516 3943 2600 3998 vel
2653 3958 2922 4015 synagoga
2963 3960 2978 3999 :
3007 3946 3159 3999 cwlos
3200 3954 3407 4016 apertos
3436 3988 3451 4013 ,
3484 3945 3538 4002 id

278 4038 580 4095 dicationem
624 4036 898 4093 audirent.
930 4032 1157 4088 Evanuit
1188 4030 1253 4085 ab
1284 4028 1446 4083 oculis
1498 4044 1673 4083 eorum
1705 4043 1722 4080 :
1752 4040 1845 4082 οε·-
1945 4041 2051 4099 est,
2079 4033 2265 4103 generi
2289 4033 2529 4089 humano
2556 4052 2568 4086 :
2595 4034 2805 4106 angelos
2830 4036 3182 4103 ascendentes,
3232 4045 3280 4090 et
3331 4037 3545 4091 descen-

279 4130 432 4185 tendit
459 4173 475 4200 ,
501 4130 647 4203 quod
700 4145 808 4185 non
837 4140 1132 4201 possumus
1154 4123 1371 4180 tardare
1398 4122 1451 4176 in
1482 4119 1719 4176 theorica
1755 4135 1769 4172 :
1797 4126 1845 4172 et
1948 4124 2146 4192 dentes,
2181 4125 2233 4180 id
2265 4136 2369 4195 est,
2404 4128 2457 4182 in
2490 4129 2849 4184 ministerium
2880 4126 3105 4185 Christi.
3140 4129 3239 4184 Die
3267 4132 3414 4185 tertio
3444 4148 3545 4185 nu-

278 4225 463 4300 longius
492 4228 590 4298 fuit
620 4226 683 4281 ab
710 4227 806 4292 eis,
830 4221 1048 4295 quando
1078 4236 1186 4276 non
1215 4225 1621 4290 cognoverunt,
1657 4213 1708 4268 id
1738 4222 1844 4278 est,
1948 4218 2071 4288 ρεξτε
2097 4217 2251 4287 factm
2278 4229 2430 4285 sunt,
2460 4220 2512 4275 id
2545 4230 2631 4277 est
2656 4265 2669 4290 ,
2707 4222 2869 4278 tertia
2897 4222 2987 4277 lex
3024 4240 3038 4277 :
3073 4222 3278 4294 nuptis:
3329 4225 3552 4295 e0pula-

277 4324 387 4391 quia
410 4324 621 4395 longius
648 4333 937 4392 possumus
984 4329 1206 4372 manere
1252 4314 1305 4367 in
1334 4309 1533 4367 actuali
1556 4309 1665 4365 vita
1692 4326 1704 4361 :
1731 4322 1848 4360 cum
1951 4309 2028 4365 tio
2056 4311 2319 4369 Ecclesia:
2348 4330 2471 4370 cum
2502 4313 2720 4371 Christo
2748 4315 3067 4388 intelligitur
3098 4336 3111 4372 :
3140 4318 3305 4373 Maria
3336 4318 3464 4375 Jesu
3495 4320 3548 4376 in

276 4420 483 4485 aperiret
512 4418 659 4472 nobis
688 4415 1013 4484 Scripturas.
1068 4409 1187 4464 Pax
1210 4409 1350 4463 vobis
1380 4423 1398 4460 :
1426 4404 1569 4461 nunc
1598 4418 1695 4459 eos
1719 4416 1847 4457 con-
1954 4404 2157 4474 nuptiis
2182 4446 2198 4472 ,
2252 4407 2492 4463 ostendit
2548 4423 2876 4481 synagogam
2924 4426 2938 4463 :
2983 4408 3143 4465 Jesus
3198 4418 3255 4465 et
3299 4410 3551 4481 discipuli

276 4520 451 4581 grcgat
477 4511 530 4566 in
555 4524 717 4565 unam
750 4521 959 4578 pacem.
981 4503 1161 4571 Quare
1176 4519 1281 4556 non
1312 4514 1421 4554 uno
1446 4499 1565 4553 loco
1587 4494 1848 4561 surrexit,
1955 4496 2100 4566 ejus,
2132 4498 2298 4567 ﬁgura
2329 4500 2623 4561 Ecclesize;
2650 4502 3067 4573 deﬁcientevino,
3096 4502 3149 4557 id
3178 4511 3283 4570 est,
3318 4503 3555 4559 defectio

275 4611 330 4656 et
351 4601 619 4658 ascendit?
645 4599 770 4672 quia
795 4597 972 4652 honor
998 4590 1609 4650 descenditJerusalem
1637 4587 1703 4642 ad
1725 4603 1855 4658 gens
1882 4668 1917 4672 _
1957 4587 2157 4644 littera:
2192 4589 2372 4660 Legis.
2410 4592 2661 4647 Nondum
2697 4596 2829 4648 venit
2855 4594 2983 4649 hora
3014 4612 3149 4660 mea,
3181 4595 3234 4651 id
3265 4598 3391 4667 est},
3420 4611 3558 4651 non-

276 4702 373 4751 tes.
404 4668 676 4751 Dominus.
699 4692 786 4747 hic
814 4687 1093 4762 implevit,
1141 4687 1286 4759 quod
1318 4689 1436 4758 ipse
1466 4684 1604 4741 dixit
1636 4725 1651 4751 ,
1698 4680 1855 4737 Orate
1882 4668 1931 4727 Ῐ)
1956 4680 2085 4737 dum
2116 4685 2264 4738 venit
2288 4695 2500 4754 tempus
2531 4686 2795 4756 passionis
2816 4686 3015 4743 Christi
3044 4707 3058 4744 :
3090 4706 3180 4744 sea:
3210 4689 3432 4761 hydriw,
3462 4704 3555 4745 sex

272 4804 363 4858 pro
384 4784 801 4859 persequentibus
828 4798 845 4836 :
871 4780 1097 4836 dimisit.
1960 4786 2173 4840 aetates,
2198 4779 2249 4830 in
2281 4779 2487 4847 vinum,
2523 4778 2773 4838 Christus
2806 4800 2819 4836 :
2851 4782 3249 4837 Architriclinus
3292 4783 3556 4839 Joannem

385 4881 450 4937 IN
491 4874 946 4935 EVANGELIUM
984 4868 1358 4928 SECUNDUM
1394 4866 1734 4925 JOANNEM.
1963 4871 2221 4935 ostendit,
2254 4873 2398 4942 quod
2430 4885 2556 4930 ante
2583 4875 2718 4931 bibit
2742 4876 2981 4933 Joannes
3013 4878 3323 4948 passionem
3348 4921 3365 4945 ,
3395 4891 3556 4947 quam

346 4972 410 5027 In
439 4970 699 5046 principio
727 4976 838 5024 erat
872 4965 1119 5029 Verbum,
1153 4963 1206 5018 id
1234 4971 1338 5029 est,
1396 4962 1521 5031 quia
1570 4960 1750 5014 omnia
1808 4956 1860 5012 in
1966 4964 2217 5019 Christus
2248 4980 2262 5018 :
2294 4982 2428 5035 aqua
2456 4967 2629 5022 vinum
2659 4973 2855 5040 factum
2879 5013 2894 5037 ,
2933 4969 3171 5027 ostendit
3219 4968 3558 5025 renationem

276 5066 392 5138 ipso
423 5064 751 5120 inchoantur
777 5068 831 5115 et
871 5058 1148 5112 liniuntur.
1206 5052 1440 5109 Verbum
1500 5051 1676 5106 Patris
1725 5048 1864 5103 lilius
1970 5067 2025 5115 οι
2053 5068 2209 5112 verus
2234 5057 2642 5116 Tgsmmenlu".
2676 5063 2729 5117 ίη
2762 5079 2983 5118 novum
3025 5062 3199 5117 Αιίιει-
3224 5075 3319 5131 ρει-
3366 5076 3562 5131 aquam

278 5158 417 5230 apud
469 5156 641 5212 Deum
673 5172 689 5207 Ξ
716 5152 843 5225 mila
889 5150 1031 5204 illius
1071 5146 1213 5219 ερυά
1266 5156 1469 5216 Palmm
1516 5158 1733 5212 semper
1759 5150 1864 5196 εει·
1974 5150 2301 5220 baptismum
2331 5152 2579 5220 Joannis,
2605 5170 2700 5226 per
2727 5158 2910 5211 vinum
2943 5153 3122 5224 passio
3156 5150 3400 5222 Christi,
3432 5140 3562 5210 itein

282 5250 419 5305 Deut
440 5258 555 5305 ενοι
595 5246 841 5313 Verbum.
874 5242 926 5298 id
955 5252 1040 5297 εει
1062 5282 1079 5308 9
1121 5242 1263 5295 Deus
1284 5250 1401 5294 01⁸³1
1425 5237 1570 5291 “llus
1600 5234 1731 5289 είιοε
1756 5242 1867 5289 eral
1974 5259 2075 5316 per
2102 5246 2283 5301 vinum
2312 5249 2529 5319 sanguis
2553 5250 2780 5314 Christi,
2808 5260 2865 5304 ut
2896 5249 3011 5318 ipse
3038 5246 3116 5302 ait
3145 5288 3160 5312 ,
3210 5248 3425 5318 sanguis
3453 5248 3567 5318 ejus

279 5345 332 5399 in
362 5342 620 5414 principio
647 5339 790 5412 apud
823 5338 987 5392 Deum
1014 5352 1031 5389 :
1060 5336 1232 5390 omnia
1261 5350 1349 5405 per
1373 5334 1541 5405 ipsum
1562 5331 1699 5401 facta
1727 5339 1844 5384 sunt

2003 5355 2120 5393 erus
2154 5350 2302 5410 potus
2324 5351 2418 5396 est.
2446 5341 2651 5397 Bonum
2680 5346 2853 5398 vinum
2880 5356 3107 5406 sen'are,
3155 5342 3398 5397 ostendit
3427 5355 3570 5411 mys-

280 5450 329 5495 ει
358 5440 468 5494 *ἕπε
488 5439 604 5507 itm
635 5440 829 5507 [αειατη
874 5440 949 5487 εδῑ
984 5430 1115 5484 nihil
1144 5445 1161 5484 ε
1194 5429 1310 5484 Ινωο
1333 5428 1477 5482 illo"!
1519 5443 1533 5480 ε
1563 5423 1699 5498 quod
1749 5432 1825 5479 εει
1854 5467 1870 5494 ν
1977 5432 2176 5487 terium
2215 5452 2225 5485 :
2252 5437 2513 5506 mysteria
2546 5436 2746 5492 veteris
2775 5433 3133 5490 Testamenti.
3157 5432 3262 5489 Per
3291 5447 3420 5487 oves
3442 5446 3575 5485 ven-

280 5536 336 5590 in
365 5550 423 5589 eo
454 5533 557 5587 vita
584 5538 716 5600 erat,
752 5528 854 5583 hoc
892 5532 998 5590 est,
1043 5524 1169 5594 quia
1218 5522 1297 5577 illi
1345 5520 1526 5575 omnia
1585 5526 1875 5589 antequam
1979 5522 2191 5592 dentes,
2219 5526 2469 5583 doctores
2499 5526 2757 5592 ostendit,
2785 5526 2875 5596 qui
2906 5528 3049 5582 dona
3090 5540 3243 5581 sacra
3283 5523 3525 5580 vendunt
3557 5539 3574 5589 ;

283 5630 438 5697 ﬁant,
471 5628 663 5684 vivunt
692 5640 709 5679 :
735 5624 839 5677 vita
868 5629 977 5675 erat
1022 5618 1113 5672 lux
1154 5616 1419 5671 hominum
1444 5660 1460 5685 ,
1520 5613 1618 5669 lux
1663 5621 1720 5669 et
1766 5610 1876 5666 vita
1980 5630 2079 5688 per
2105 5632 2236 5674 oves
2265 5617 2515 5676 homines
2543 5617 2864 5690 simpliciter
2882 5618 3146 5677 ostendit.
3188 5614 3487 5688 Flagellum
3513 5615 3577 5671 de

360 5754 386 5783 ι
415 5741 610 5800 Nescio
639 5738 767 5811 quid
793 5737 861 5811 de
887 5734 1146 5792 Barahbze
1169 5732 1415 5811 seditione
1430 5730 1641 5785 videtur
1672 5728 1878 5811 Auctor
1984 5732 2199 5802 quimus
2221 5776 2236 5799 ,
2266 5734 2335 5791 de
2361 5732 2818 5811 innumeris_aliis
2846 5733 3079 5805 mendis,
3132 5746 3253 5805 qua:
3292 5730 3578 5804 castigavi-

290 5818 549 5880 innuere;
580 5800 675 5870 sed
703 5810 979 5883 quoniam_
1002 5822 1111 5883 non
1161 5805 1344 5883 est__in
1399 5812 1651 5883 promptu
1692 5800 1875 5883 locum
1983 5800 2127 5879 titus,
2159 5817 2542 5881 argumentum
2571 5806 2778 5882 capies.

291 5873 602 5957 restituere,
632 5873 935 5956 ex'aliquot
965 5876 1277 5952 hujusmodi
1323 5873 1447 5951 quae
1492 5877 1693 5933 intacta
1749 5873 1878 5933 reli—
2164 5924 2167 5928 .
