3970 6304
355 2099 358 2102 ’
452 2124 608 2173 mur,
661 2106 713 2162 id
771 2117 900 2175 εει,
953 2106 1316 2164 testimonium
1387 2104 1581 2162 damus
1631 2122 1646 2160 :

430 315 536 372 579

1463 310 1521 368 S.
1564 307 1946 378 HIERONYMI
1982 305 2268 373 OPERUM
2305 303 2673 371 MANTISSA.

3551 309 3638 369 580

431 429 712 501 resticulis,
746 429 798 488 id
828 438 934 495 est,
965 426 1207 490 vindicta
1237 440 1334 499 pro
1363 426 1528 486 variis
1555 428 1830 499 peccatis,
1881 427 2025 486 unde
2051 425 2103 495 Δ
2131 423 2460 496 primitivam
2490 421 2791 478 Ecclesiam
2818 419 2973 493 quasi
2999 418 3069 476 ad
3097 427 3300 491 gentes,
3329 422 3436 480 sive
3476 425 3531 482 sd
3567 445 3643 512 pp.

434 525 723 597 ejiciuntur
749 523 815 580 de
848 521 1115 584 Ecclesia.
1142 519 1296 576 Jesus
1327 536 1430 576 non
1459 518 1700 575 credebat
1752 537 1806 578 se
1855 521 2023 591 ipsum

432 616 565 685 illis,
594 616 646 674 id
674 625 778 683 est,
809 629 908 688 pro
942 622 1095 688 parte
1125 613 1325 669 carnis.
1348 610 1664 670 Nicodamus
1704 620 1849 682 nocte
1886 612 2016 672 venit

436 711 505 764 ad
534 711 705 776 illum,
748 724 849 779 per
877 716 1094 764 noctem
1135 707 1374 766 ostendit
1412 707 1649 768 litteram
1689 707 1872 778 Legis,
1912 707 2026 766 sive

435 802 796 876 ignorantiam
829 802 1042 868 cordis,
1071 811 1130 860 nt
1176 802 1546 858 illustraretur
1572 801 1827 864 alumine
1851 799 2029 858 scien-

440 899 527 954 tia:
551 897 668 953 Dei.
703 895 911 954 Scimus
953 895 1093 969 quod
1118 911 1150 949 a
1197 893 1305 948 Deo
1351 893 1533 952 venisti
1560 935 1576 960 ,
1629 895 1864 952 ostendit
1893 907 1987 948 eos
2011 935 2028 962 ,

439 989 531 1062 qui
554 998 878 1070 receperunt
903 989 1177 1052 Christum
1210 1002 1304 1058 per
1329 985 1488 1054 ﬁdem
1525 1004 1536 1040 :
1565 1003 1688 1044 cara
1715 987 1945 1044 nascitur
1969 1003 2034 1043 ea:

440 1100 614 1149 carne,
655 1091 702 1137 et
731 1083 1004 1155 sanguine,
1039 1091 1099 1144 ut
1126 1083 1267 1138 vivat
1299 1080 1656 1153 corporaliter
1692 1082 1747 1136 in
1792 1079 1992 1142 mundo
2017 1121 2032 1146 ,

438 1176 633 1236 iterum
703 1177 1009 1233 renascitur
1062 1177 1239 1234 anima
1304 1175 1650 1236 ineﬂ'abiliter
1702 1190 1770 1231 ex
1834 1173 2036 1246 Spiritu

442 1282 652 1338 sancto,
675 1278 734 1324 ut
757 1269 902 1324 vivat
924 1270 975 1327 in
1005 1277 1289 1326 aeternum.

515 1363 744 1434 Spiritus
776 1362 860 1418 ubi
885 1362 1209 1436 vult;spirat,
1255 1361 1307 1426 id
1345 1368 1458 1428 est,
1485 1375 1648 1434 quem
1678 1361 1796 1416 vult
1839 1358 2041 1416 illumi-

444 1468 560 1523 nat,
584 1457 724 1512 sicut
753 1455 886 1512 dicit
917 1455 1208 1526 Apostolus
1235 1500 1250 1524 ,
1287 1455 1374 1526 qui
1397 1456 1533 1510 enim
1560 1455 1789 1509 adliceret
1815 1453 2040 1520 Christo,

447 1569 583 1606 unus
614 1536 846 1622 Spiritus
871 1559 966 1603 est.
1009 1548 1192 1606 Vocem
1221 1550 1332 1614 eius
1359 1549 1532 1616 audis,
1576 1547 1870 1603 ostendunt
1919 1547 2042 1603 illu-

448 1619 799 1698 minationem
826 1641 971 1696 auris
996 1641 1207 1704 cordis;
1239 1640 1379 1696 unde
1411 1639 1670 1711 propheta
1698 1640 1794 1706 ait,
1820 1638 2045 1693 Audiam

445 1736 569 1806 quid
592 1736 834 1806 loquatur
860 1736 914 1788 in
946 1751 1024 1790 me
1057 1734 1308 1790 Dominus
1335 1775 1349 1800 ,
1401 1733 1562 1787 Deus.
1620 1732 1772 1798 Quod
1815 1734 2004 1787 scimus
2026 1772 2043 1799 ,

2127 522 2335 594 pulum.
2364 520 2548 575 Levate
2569 521 2744 574 oculos
2772 528 2968 573 vestros
2995 558 3010 584 ,
3039 515 3093 572 id
3138 525 3221 574 est
3239 560 3254 586 ,
3299 519 3470 576 oculos
3512 523 3646 584 ﬁdei:

2127 614 2274 670 albas
2297 630 2504 683 messes,
2535 613 2586 669 id
2609 623 2712 681 est,
2739 611 2905 670 corda
2927 611 3164 668 ﬁdelium
3191 614 3302 685 :qui
3316 615 3646 686 seminaverunt,

2129 708 2184 766 id
2210 718 2312 779 est,
2337 709 2630 780 prophetas
2655 726 2669 764 :
2705 707 2796 780 qui
2822 715 3046 774 metunt,
3076 715 3204 762 sunt
3230 709 3458 777 apostoli.
3499 711 3655 769 Mansit

2131 805 2271 875 apud
2292 818 2378 856 eos
2399 803 2532 856 duos
2556 801 2684 871 dies,
2716 801 2769 856 id
2799 809 2904 869 est,
2930 808 3053 870 post
3095 799 3206 855 duo
3253 800 3559 858 Testamenta
3581 813 3659 860 tra-

2131 896 2245 953 dita
2267 895 2470 952 Jndaais
2499 911 2516 950 :
2542 894 2664 949 abiit
2687 894 2740 948 in
2765 890 3042 949 Galilaeam
3067 934 3082 959 ,
3139 892 3194 949 id
3237 900 3317 950 est
3341 938 3354 962 ,
3404 895 3466 950 ad
3489 905 3657 967 gentes.

2135 985 2234 1046 Hic
2260 987 2440 1056 aliter,
2472 988 2565 1058 qui
2594 987 2793 1043 mortui
2842 995 2973 1042 sunt
3018 985 3384 1058 corporaliter,
3429 987 3476 1042 in
3521 990 3664 1046 futuro

2137 1080 2364 1137 audiunt
2386 1094 2576 1136 vocem
2607 1079 2726 1150 ejus
2750 1121 2766 1148 ,
2800 1086 2856 1134 et
2895 1071 3304 1135 reSuscitantur.
3352 1079 3490 1136 Sicut
3539 1080 3670 1137 habet

2138 1175 2194 1232 in
2224 1189 2284 1230 se
2310 1174 2474 1230 vitam
2508 1174 2621 1230 :ita
2643 1183 2698 1229 et
2729 1172 2910 1228 ﬁlius:
2943 1171 3086 1244 quod
3127 1171 3336 1236 dicitur,
3384 1173 3511 1227 dedit
3548 1173 3669 1243 ﬁlio,

2138 1269 2244 1326 hoc
2270 1277 2375 1336 est,
2403 1285 2502 1340 pro
2535 1275 2687 1340 parte
2711 1267 2915 1324 carnis.
2967 1265 3069 1334 Qui
3098 1265 3229 1320 bona
3276 1267 3489 1336 fecerunt
3528 1266 3575 1320 in
3611 1283 3674 1322 re.

2141 1363 2518 1418 surrectionem
2544 1363 2681 1429 vitta,
2713 1363 2816 1416 hoc
2846 1367 2949 1428 est,
2982 1359 3075 1430 qui
3105 1360 3336 1430 seipsum
3361 1357 3554 1429 iudicat
3573 1404 3586 1429 ,
3607 1374 3676 1414 re-

2143 1457 2318 1527 surgit
2345 1472 2360 1510 :
2387 1464 2442 1510 et
2464 1455 2644 1521 aliter,
2677 1453 2766 1526 qui
2800 1451 2999 1508 mortui
3045 1463 3171 1508 sunt
3219 1453 3270 1508 in
3301 1451 3517 1523 peccatis
3543 1496 3556 1521 ,
3602 1467 3679 1522 per

2144 1549 2558 1607 conversionem
2587 1546 2712 1604 ﬁdei
2742 1546 2930 1601 vivunt
2959 1543 3024 1600 ad
3052 1544 3218 1601 vitam
3249 1563 3268 1598 ι
3306 1545 3402 1617 ipsi
3449 1555 3681 1616 resurgunt

2145 1642 2216 1699 ad
2231 1642 2515 1716 judicium,
2547 1642 2638 1712 qui
2667 1640 2755 1696 hic
2777 1640 2919 1696 male
2947 1649 3198 1713 egerunt.
3232 1638 3379 1708 Quod
3403 1638 3525 1694 dicit
3551 1683 3564 1708 ,
3603 1655 3682 1692 non

2149 1738 2288 1807 facio
2318 1751 2350 1790 a
2373 1752 2453 1790 me
2480 1735 2781 1806 quidquam,
2825 1734 3064 1791 ostendit
3115 1749 3219 1805 pro
3270 1742 3416 1805 parte
3442 1733 3683 1804 corporis:

447 1827 727 1898 loquimur,
759 1825 896 1896 quod
927 1825 1146 1880 vidimus
1177 1832 1443 1890 testantur,
1476 1823 1616 1894 quod
1647 1823 1903 1892 dicimus,
1933 1823 2042 1879 sci-
2073 1821 2121 1887 B
2148 1829 2475 1894 sicutaudio,
2507 1839 2555 1883 et
2567 1827 2755 1901 judico
2783 1844 2800 1882 :
2828 1828 3092 1900 judicium
3121 1843 3304 1884 meum
3351 1826 3538 1898 justum
3581 1836 3684 1883 est:

448 1935 588 1985 mus,
619 1919 856 1975 ostendit
881 1935 979 1990 per
1009 1919 1198 1976 modos
1224 1918 1514 1974 locutionis
1539 1957 1555 1983 ,
1586 1918 1700 1973 sive
1729 1925 1840 1972 tota
1867 1916 2047 1974 Trini-

451 2022 532 2068 tas
552 2053 568 2080 ,
592 2015 677 2070 vel
707 2012 955 2069 Christus
999 2027 1119 2068 cum
1152 2010 1412 2082 apostolis
1444 2018 1499 2065 et
1525 2008 1805 2084 prophetis
1838 2025 1852 2063 :
1883 2018 2045 2064 testa-

1702 2104 2048 2174 testimonium

454 2213 685 2256 nostrum
707 2218 810 2258 non
838 2201 1094 2273 accipitis,
1122 2199 1173 2255 id
1207 2209 1311 2267 est,
1344 2198 1780 2272 przedicationem
1811 2206 2046 2254 nostram

454 2311 560 2351 non
583 2295 804 2351 creditis
838 2313 852 2352 :
877 2291 1124 2350 Christus
1151 2293 1220 2349 de
1243 2292 1384 2352 ccelo
1411 2292 1690 2350 descendit
1725 2292 2050 2348 assumendo

452 2403 691 2444 Carnem.

531 2483 700 2540 Nemo
725 2483 958 2540 ascendit
987 2484 1057 2538 ad
1081 2483 1263 2538 caelum
1282 2523 1298 2552 ,
1347 2482 1448 2537 nisi
1477 2481 1753 2548 Christus;
1802 2497 1918 2536 cum
1965 2496 2053 2534 ar-

458 2578 602 2643 bore,
636 2579 690 2633 id
719 2588 824 2643 est,
849 2577 1124 2643 Ecclesia;
1155 2578 1288 2631 sicut
1313 2576 1572 2632 exaltatus
1595 2593 1805 2649 serpens
1854 2577 1907 2630 in
1964 2575 2053 2630 de-

457 2681 618 2736 serto,
647 2668 968 2726 etChristus
1000 2667 1267 2724 exaltatus
1313 2679 1396 2724 εει
1444 2667 1498 2723 in
1551 2668 1700 2740 ligno
1755 2677 1781 2706 °
1836 2669 2049 2724 crucis:

455 2765 590 2820 sicut
624 2764 700 2819 illi
726 2763 966 2834 percussi
993 2779 1028 2817 a
1053 2762 1424 2832 serpentibus,
1455 2779 1550 2834 per
1580 2763 1748 2818 visum
1782 2763 2052 2833 serpentis

458 2859 584 2914 mei
619 2858 989 2914 liberabantur
1022 2876 1033 2913 :
1065 2858 1136 2912 ita
1165 2866 1220 2913 et
1249 2857 1411 2912 homo
1439 2871 1773 2926 percussusa
1801 2857 2049 2927 diabolo,

457 2953 547 3023 qni
573 2951 746 3007 credit
777 2953 1081 3023 passionem
1111 2949 1346 3018 Christi,
1392 2951 1730 3007 liberabitur.
1797 2951 1950 3006 Venit
2000 2953 2055 3006 in

455 3055 642 3099 terram
669 3044 943 3112 Judwam,
977 3045 1029 3100 in
1062 3053 1264 3100 terram
1319 3043 1681 3101 confessionis
1719 3062 1731 3098 :
1773 3043 1826 3099 in
1855 3041 2008 3099 Enon
2039 3086 2053 3110 ,

459 3137 508 3190 id
532 3146 634 3205 est,
660 3152 856 3192 nomen
886 3136 1010 3204 loci,
1043 3135 1132 3190 ubi
1163 3120 1582 3193 immolaverunt
1625 3136 1768 3192 ﬁlios
1811 3144 1867 3192 et
1917 3135 2054 3192 tilias

2149 1942 2252 1980 non
2280 1942 2456 1996 qurere
2478 1927 2793 1980 voluntatem
2814 1941 3002 1991 meam,
3034 1925 3122 1980 sed
3149 1925 3238 1996 qui
3267 1924 3401 1977 misit
3429 1939 3502 1976 me
3522 1921 3687 1983 Patris,

2150 2018 2239 2074 hic
2265 2020 2602 2074 voluntatem
2632 2035 2786 2074 suam
2815 2019 3014 2090 posuit,
3045 2033 3144 2090 pro
3183 2017 3452 2073 membris.

2237 2116 2298 2171 Si
2329 2116 2674 2170 testimonium
2709 2114 2950 2185 perhibeo
2980 2117 3044 2168 de
3071 2132 3170 2182 nte,
3203 2114 3535 2169 testimonium
3556 2127 3692 2166 meum

2151 2224 2253 2263 non
2275 2217 2352 2262 est
2379 2223 2590 2272 verum;
2614 2207 2753 2262 sicut
2792 2209 2873 2262 ait
2904 2206 3192 2272 Salomon,
3226 2206 3423 2260 Laudet
3444 2215 3486 2260 te
3511 2205 3692 2268 alienus,

2151 2318 2256 2355 non
2302 2317 2356 2354 os
2405 2310 2569 2353 tuum.
2614 2299 2796 2371 Neque
2834 2315 3008 2354 vocent
3050 2303 3169 2360 eius
3211 2298 3430 2353 audiunt
3473 2311 3694 2366 umquam,

2152 2395 2395 2453 ostendit
2423 2394 2694 2463 inﬁdeles,
2723 2396 2815 2464 qui
2845 2395 3291 2465 praedicationem
3323 2393 3436 2463 ejus
3460 2405 3554 2446 non
3573 2403 3698 2445 rece-

2152 2499 2372 2561 perunt.
2428 2488 2671 2543 Ascendit
2711 2489 2762 2542 in
2814 2497 3035 2542 montem
3074 2504 3194 2541 cum
3224 2483 3492 2557 discipulis
3522 2483 3632 2547 suis,
3659 2480 3700 2535 id

2154 2590 2258 2648 est,
2305 2579 2372 2634 ad
2403 2580 2654 2636 altiorem
2702 2581 2868 2635 vitam
2899 2579 3202 2636 ascendere
3249 2587 3458 2635 tentaus
3490 2595 3503 2631 :
3530 2573 3702 2644 Philip-

2155 2688 2305 2745 pum,
2342 2673 2393 2728 id
2441 2683 2546 2743 est,
2597 2674 2662 2729 ad
2712 2673 3075 2743 probandum,
3119 2687 3233 2729 non
3274 2671 3342 2727 ad
3386 2667 3701 2742 perdendum.

2160 2767 2400 2838 Quinque
2426 2784 2605 2840 panes,
2628 2767 2864 2839 quinque
2891 2766 3014 2822 libri
3040 2765 3250 2838 Moysi;
3278 2780 3374 2837 per
3395 2764 3701 2827 ordeaceum,

2157 2859 2480 2932 intelligitur
2527 2861 2791 2930 aSperitas
2825 2859 2986 2931 Legis
3021 2860 3221 2916 litterze
3256 2878 3268 2914 :
3303 2859 3475 2930 fenum
3503 2853 3704 2917 multum,

2158 2954 2554 3025 perfectionem
2609 2952 2799 3024 populi
2843 2952 3083 3009 ostendit
3118 2971 3132 3010 :
3173 2969 3240 3007 ne
3293 2952 3418 3023 quid
3465 2959 3619 3021 pereat
3650 2946 3701 2998 de

2159 3049 2398 3119 reliquis,
2450 3047 2502 3102 id
2543 3058 2658 3111 est,
2687 3047 2855 3102 nolite
2904 3048 3121 3102 mittere
3165 3046 3469 3102 doctrinam
3510 3041 3595 3097 ubi
3623 3053 3709 3093 non

2161 3141 2416 3197 aediﬁcat.
2444 3139 2688 3195 Ascendit
2705 3140 2844 3194 solus
2867 3140 2919 3194 in
2939 3147 3183 3204 montem,
3208 3138 3262 3194 id
3282 3147 3387 3208 est,
3413 3136 3476 3190 ad
3499 3135 3708 3192 Patrem;

457 3245 582 3286 suas
609 3229 911 3292 dmmoniis,
943 3229 1084 3284 unde
1113 3231 1322 3300 accepit
1349 3245 1546 3286 nomen
1569 3229 1828 3290 Gehenna
1858 3247 1871 3285 :
1905 3234 2052 3298 iuxta
2081 3211 2128 3278 C
2159 3233 2530 3288 descenderunt
2565 3231 2808 3304 discipuli
2855 3229 2924 3284 ad
2957 3247 3118 3299 mare,
3161 3229 3270 3286 hoc
3306 3241 3393 3286 est
3419 3227 3486 3284 ad
3514 3235 3710 3297 gentes:

459 3321 654 3394 Salim,
684 3338 805 3394 qua:
852 3322 1237 3392 interpretatur
1287 3323 1428 3393 pacis
1452 3363 1468 3389 ,
1499 3338 1672 3393 quam
1727 3332 2055 3378 vocaverunt

457 3413 644 3482 Jebus,
707 3415 849 3470 unde
904 3426 1232 3487 acceperunt
1286 3431 1484 3472 nomen
1527 3413 1786 3483 Jebusei;
1829 3403 2056 3472 nondum

459 3509 594 3564 enim
617 3507 974 3564 cratloanncs
1003 3510 1056 3566 in
1080 3526 1302 3578 carcere,
1331 3509 1588 3574 ostendit,
1649 3510 1773 3581 quia
1817 3511 2054 3567 nondum

459 3613 574 3659 erat
623 3606 1020 3659 consummatio
1050 3604 1210 3676 Legis
1252 3605 1464 3659 litterae.
1498 3601 1662 3658 Illum
1693 3613 1893 3674 oportet
1923 3621 2057 3660 cres—

459 3714 598 3763 cere,
628 3715 707 3752 nte
731 3708 901 3752 autem
935 3699 1096 3752 minui
1119 3715 1134 3752 :
1167 3699 1256 3769 qui
1292 3698 1582 3766 putabatur
1602 3714 1723 3758 esse
1751 3699 2013 3770 prapheta
2038 3742 2053 3769 ,

461 3791 713 3848 inventus
737 3803 819 3847 est
847 3792 1130 3864 propheta.
1161 3792 1313 3862 Quod
1334 3793 1439 3847 vidi
1466 3801 1512 3846 et
1535 3793 1735 3858 audivi,
1759 3793 2054 3850 secundum

461 3889 824 3956 divinitatem,
853 3887 954 3946 hoc
985 3890 1304 3964 testiﬁcatur
1347 3908 1358 3942 :
1391 3889 1688 3944 secundum
1721 3888 2054 3945 divinitatem

463 3981 830 4037 testimonium
861 3982 980 4054 ejus
1006 3998 1166 4038 nemo
1195 3983 1424 4052 accepit.
1443 3983 1543 4040 llic
1575 3992 1743 4039 totum
1777 3999 1876 4054 pro
1905 3994 2058 4055 parte

463 4075 709 4152 ponitur;
736 4075 863 4130 item
894 4075 1124 4142 credite,
1157 4075 1281 4148 quia
1314 4075 1459 4131 Deus
1490 4091 1650 4131 verax
1679 4086 1778 4132 est.

539 4166 819 4237 Oportebat
850 4183 963 4222 eum
989 4168 1204 4226 transire
1253 4183 1343 4238 per
1373 4166 1668 4224 Samariam
1700 4208 1715 4232 ,
1773 4168 2010 4224 ostendit
2039 4211 2056 4236 ,

465 4259 604 4314 sicut
637 4258 950 4330 praedicavit
997 4257 1200 4314 Judaeis
1233 4299 1248 4325 ,
1282 4258 1620 4329 praedicaret
1667 4269 1720 4316 et
1763 4261 2014 4332 gentibus
2043 4279 2056 4314 :

466 4353 738 4423 praedium,
766 4351 819 4407 itl
852 4362 956 4416 est,
983 4367 1169 4423 agrum
1199 4369 1212 4405 :
1247 4351 1368 4408 lous
1396 4352 1459 4406 ad
1504 4353 1777 4409 ﬁuendunt
1808 4397 1824 4422 ,
1869 4363 2058 4426 puteus

465 4444 530 4497 ad
549 4443 840 4514 potandum
862 4462 873 4498 :
892 4441 1175 4518 Fatigatus
1197 4443 1351 4499 .lesus
1379 4461 1442 4498 ea:
1463 4446 1665 4512 itinere,
1691 4447 1928 4501 ostendit
1957 4462 2056 4502 ve--

464 4535 718 4592 niendum
747 4552 845 4608 per
894 4536 1318 4593 incarnationem
1363 4551 1528 4606 super
1570 4536 1849 4594 historiam
1897 4537 2057 4610 Legis

2160 3325 2501 3388 ascenderunt
2528 3326 2582 3380 in
2608 3340 2810 3390 navent,
2834 3324 2888 3378 id
2914 3332 3026 3393 est,
3061 3324 3114 3377 in
3151 3322 3480 3380 Eeclesiam.
3509 3314 3715 3374 Tenebra:

2161 3423 2313 3491 factae
2339 3427 2478 3486 sunt,
2513 3417 2567 3472 id
2597 3428 2705 3486 est,
2736 3425 3161 3488 vesperascente
3192 3417 3422 3484 mundo,
3447 3421 3538 3468 aut
3567 3413 3713 3480 impe-

2162 3523 2272 3568 tum
2306 3511 2708 3583 persecutionis
2741 3523 2865 3582 post
2897 3512 3277 3568 ascensionem
3323 3508 3524 3566 Christi
3553 3525 3566 3562 :
3596 3503 3714 3560 remi-

2159 3615 2357 3680 gantes,
2390 3605 2443 3660 id
2469 3613 2578 3674 est,
2610 3604 2987 3676 confugientes
3010 3604 3078 3659 ad
3101 3603 3408 3660 Christum.

2231 3699 2412 3754 Iesum
2439 3696 2788 3753 ambulantem
2833 3715 2987 3771 super
3008 3714 3173 3765 mare,
3214 3697 3269 3753 id
3315 3705 3420 3763 est,
3453 3693 3713 3752 calcantem

2161 3793 2288 3848 vitia
2315 3791 2504 3849 mundi
2533 3810 2549 3847 :
2577 3792 2754 3847 turbas
2782 3792 3116 3847 ascendentes
3159 3790 3217 3846 in
3254 3803 3442 3845 navem
3471 3792 3720 3859 quaerentes

2160 3887 2362 3957 Jesum,
2410 3887 2670 3953 ostendit,
2718 3895 2778 3942 ut
2807 3901 3000 3942 omnes
3031 3901 3155 3941 cum
3193 3886 3419 3957 praprio
3468 3883 3641 3938 labore
3658 3890 3724 3931 re-

2162 3984 2314 4055 quira
2327 3993 2383 4038 nt
2405 3983 2702 4039 Christum.
2726 3983 2886 4038 Manu
2909 3981 3108 4038 dicitur
3128 3982 3272 4053 apud
3302 3982 3580 4046 llebrxeos,
3604 3972 3724 4030 unde

2161 4077 2379 4147 accepit
2431 4090 2627 4132 nomen
2669 4090 2896 4141 manna;
2928 4075 3067 4146 apud
3097 4074 3326 4130 Latinos
3359 4074 3462 4129 hoc
3491 4081 3571 4128 est
3598 4067 3728 4140 panis

2163 4169 2337 4236 vivus,
2375 4169 2490 4224 sive
2521 4182 2720 4238 corpus
2759 4165 2960 4222 Christi
2994 4167 3442 4238 transﬁguratum
3475 4157 3726 4232 mysterio.

2161 4261 2363 4318 Trihns
2382 4261 2559 4316 modis
2586 4259 2881 4315 suscitatur
2921 4261 3104 4326 homo,
3140 4259 3192 4315 id
3215 4269 3321 4326 est,
3350 4259 3420 4314 de
3445 4255 3732 4314 inﬁdelitate

2162 4354 2230 4409 ad
2262 4354 2446 4423 ﬁdem,
2478 4353 2549 4409 de
2575 4363 2799 4424 peccato
2835 4351 2901 4407 ad
2936 4353 3342 4423 ptenitentiam,
3380 4353 3436 4406 in
3470 4346 3732 4406 novissima

2162 4447 2255 4504 die
2280 4449 2663 4518 corporaliter,
2713 4449 2767 4501 in
2789 4449 3270 4504 resurrectionem.
3308 4447 3425 4520 Ego
3464 4446 3570 4499 viro
3597 4455 3733 4511 prop-

2166 4550 2239 4596 ter
2261 4539 2499 4608 Patrem,
2524 4540 2818 4596 ostendunt
2847 4541 3148 4597 secundum
3173 4539 3550 4600 divinitatem;
3571 4547 3735 4588 sceno-

464 4631 663 4688 littera:
695 4647 709 4686 :
745 4644 842 4702 per
894 4629 1084 4684 horam
1134 4638 1340 4686 sextam
1399 4629 1535 4685 ﬁdes
1592 4630 2057 4688 Samaritanorum
2087 4612 2143 4678 Ῐ)
2168 4635 2344 4706 pcgia,
2377 4633 2430 4689 id
2457 4643 2563 4702 est,
2595 4634 2744 4690 ﬁctio
2775 4633 3276 4689 tabernaculorum.
3320 4631 3427 4687 Vos
3458 4623 3738 4684 ascendislis

463 4724 795 4796 intelligitur,
837 4725 927 4795 qui
955 4735 1110 4780 erant
1142 4725 1413 4781 ferventes
1442 4743 1456 4781 :
1488 4726 1694 4792 mulier,
1728 4727 1777 4781 id
1810 4737 1894 4784 est
1917 4773 1931 4797 ,
1964 4743 2058 4800 sy-

464 4835 669 4892 nagoga
697 4837 710 4874 :
741 4819 947 4874 haurire
969 4835 1178 4886 aquam,
1199 4818 1410 4874 discere
1425 4818 1706 4875 historiam
1732 4819 1888 4892 Legis
1917 4821 2060 4878 litte-

465 4929 540 4968 rae
576 4931 589 4966 :
620 4913 744 4986 petit
772 4911 924 4968 Jesus
947 4911 1133 4980 bibere,
1160 4911 1213 4966 id
1238 4921 1342 4977 est,
1368 4921 1553 4980 petere
1583 4913 1740 4969 ﬁdem
1773 4915 2052 4972 mulieris:

466 5012 660 5078 puteus
689 5004 855 5071 altus,
889 5003 940 5060 id
977 5012 1061 5058 est
1092 5045 1108 5070 ,
1158 5003 1385 5058 altitudo
1425 5005 1668 5075 mysterii
1697 5005 1855 5078 Legis
1892 5025 1906 5062 :
1938 5007 2057 5064 fons

466 5112 618 5167 aqua:
643 5097 885 5151 salientis
913 5096 981 5150 ad
1009 5095 1172 5150 vitam
1197 5103 1452 5150 mternam
1477 5141 1490 5164 ,
1518 5096 1571 5154 id
1601 5105 1686 5152 est
1706 5139 1721 5162 ,
1749 5099 2059 5168 prtedicatio

465 5188 740 5259 Evangelii
772 5189 1067 5245 ebulliente
1096 5204 1163 5245 ex
1193 5204 1291 5244 ore
1326 5190 1697 5260 apostolorum
1722 5237 1735 5261 ,
1794 5193 1908 5248 sive
1935 5209 2056 5249 cre-

466 5282 733 5337 dentium.
785 5277 1024 5356 Quinque
1077 5285 1255 5354 viros,
1309 5283 1550 5341 ostendit
1599 5285 1840 5358 quinque
1889 5287 2059 5346 libros

468 5373 638 5450 Moysi
671 5391 684 5428 :
711 5384 760 5427 et
792 5391 927 5428 nunc
945 5393 1097 5448 quem
1127 5376 1299 5442 habes,
1325 5394 1426 5432 non
1455 5387 1529 5432 est
1555 5388 1700 5448 tuus,
1734 5382 1970 5436 ostendit
1999 5383 2060 5437 Ii-

466 5466 622 5524 brum
653 5466 840 5524 Josue.
877 5466 1100 5538 Reliquit
1129 5469 1369 5542 ltydriant
1395 5487 1577 5537 suam,
1610 5471 1665 5527 id
1693 5481 1778 5528 est
1811 5515 1826 5542 ,
1870 5476 2059 5545 pristi-

469 5578 593 5644 nam
627 5559 1095 5626 conversationem
1123 5581 1137 5616 :
1165 5562 1290 5618 abiit
1345 5565 1400 5620 in
1447 5564 1697 5621 civitatem
1742 5581 1762 5624 :
1819 5569 2057 5634 ostendit

540 5755 566 5821 ξι
594 5745 699 5802 Pro
721 5747 863 5821 ligno
891 5753 1010 5821 erat
1031 5741 1247 5821 Libano.
1279 5744 1400 5806 Mox
1440 5747 1672 5821 alterum
1709 5750 1803 5821 ita
1855 5751 2052 5818 redun.

470 5816 636 5877 dabat
660 5816 785 5876 ante
813 5818 978 5875 verba
1015 5833 1107 5889 per
1145 5819 1304 5875 risum
1327 5833 1346 5872 :
1370 5827 1485 5876 tum
1535 5816 2059 5882 liberabantur'erat

2167 4728 2236 4780 ad
2259 4726 2397 4780 diem
2441 4730 2648 4798 festum,
2681 4742 2772 4798 ego
2803 4742 2904 4780 non
2929 4726 3154 4780 ascendo
3187 4743 3200 4780 :
3239 4740 3342 4780 vos
3371 4723 3568 4795 quibus
3602 4731 3739 4774 mun-

2167 4820 2270 4876 dus
2298 4821 2624 4887 delectatur,
2656 4835 2760 4892 ego
2790 4835 2898 4875 non
2928 4819 3240 4884 ascendam,
3272 4817 3401 4888 quia
3421 4830 3528 4871 non
3556 4826 3666 4869 sum
3683 4808 3740 4862 dc

2168 4913 2393 4968 mundo.
2430 4912 2528 4968 Die
2575 4912 2714 4968 festo
2745 4911 3052 4978 mediante,
3083 4912 3330 4964 Ascendit
3366 4909 3522 4964 Jesus
3545 4903 3741 4958 deraso-

2131 5064 2137 5072 ,
2169 5008 2383 5079 lymam,
2426 5005 2662 5062 maxime
2688 5004 3019 5061 incendente
3073 5005 3192 5058 zelo
3245 5001 3605 5059 Judteorum:
3643 5008 3742 5048 mea

2167 5102 2405 5156 doctrina
2436 5117 2538 5155 non
2567 5109 2640 5155 est
2670 5116 2817 5167 mea;
2845 5099 2965 5154 etsi
2997 5113 3140 5159 mea.
3168 5095 3446 5167 quomodo
3468 5108 3572 5148 non
3601 5084 3740 5144 mea?

2167 5213 2288 5254 mea
2309 5205 2415 5264 est,
2439 5211 2561 5266 quas
2584 5211 2651 5251 ex
2676 5209 2772 5250 ore
2797 5209 2919 5249 meo
2946 5191 3027 5248 eis
3054 5189 3300 5260 procedit
3331 5206 3346 5242 :
3374 5203 3482 5243 non
3505 5193 3587 5242 est
3612 5195 3736 5243 mea,

2162 5292 2288 5363 quia
2335 5305 2449 5362 qua:
2477 5306 2508 5341 a
2555 5287 2716 5342 Patre
2754 5285 2949 5352 audivi,
3003 5289 3112 5338 haec
3155 5282 3342 5352 loquor
3371 5280 3532 5334 vobis.
3581 5274 3742 5329 Aliter

2163 5385 2460 5442 secundum
2488 5397 2707 5438 carnem
2737 5397 2858 5436 mea
2888 5387 2993 5447 est,
3043 5377 3139 5434 sed
3171 5375 3475 5432 secundum
3506 5369 3737 5428 divinitao

2167 5490 2274 5537 tem
2306 5495 2414 5534 non
2437 5487 2520 5534 est
2564 5491 2704 5532 mea.
2751 5473 2928 5531 Unum
2957 5489 3089 5544 opus
3135 5470 3258 5540 feci,
3292 5478 3343 5524 et
3371 5483 3545 5524 omnes
3586 5463 3738 5516 mira-

2163 5575 2291 5630 mini
2321 5581 2487 5625 totum
2515 5568 2774 5626 hominem
2824 5582 3007 5622 sanum
3035 5565 3136 5637 feci
3165 5565 3220 5619 in
3249 5560 3490 5628 sabbato,
3519 5557 3617 5613 hoc
3644 5559 3735 5617 est,

2183 5769 2280 5826 pro
2311 5752 2694 5828 liberabuntur,'
2724 5749 2882 5828 nullo:
2908 5758 3002 5810 aut
3027 5747 3322 5825 :contrario
3345 5757 3542 5823 .sensu.
3581 5739 3738 5828 Supe-

2170 5825 2285 5884 rlus
2313 5827 2416 5883 alia
2448 5826 2618 5884 multa
2639 5825 2993 5897 castigantur.
