3970 6304
194 313 266 371 581

191 443 332 486 ιυιιιιιι
359 444 529 502 genus
566 429 862 486 humanum
895 431 949 488 in
992 446 1135 486 novo
1165 432 1538 488 Testamento.
1570 431 1749 485 Noti.’c

182 524 396 595 judicare
419 524 708 578 sacrm/lum
741 523 948 594 (aciem,
981 524 1032 580 id
1059 533 1162 592 est,
1195 541 1484 596 personam
1513 524 1749 582 hominis

188 615 330 671 nolite
349 615 618 686 accipere.
646 615 878 672 Nescitis
906 617 1046 671 unde
1071 618 1200 685 sim,
1235 618 1291 674 id
1318 627 1423 686 est,
1449 617 1746 675 secundum

187 724 400 766 carnem.
613 754 626 779 ,
1072 691 1075 700 ’

241 802 410 884 adhuc
444 803 714 858 modicum
747 805 1010 860 vobiscum
1033 822 1146 860 sum
1167 848 1180 868 ,
1213 804 1455 861 ostendit
1484 821 1655 876 usque
1696 805 1748 860 in

190 885 463 966 pstsionem
503 915 515 951 :
555 901 801 967 quaeretis
838 915 919 952 me
961 907 1008 952 et
1045 915 1150 952 non
1179 898 1476 966 invenietis,
1529 898 1580 953 id
1630 906 1744 964 εει,

187 989 513 1059 corporaliter
537 1007 552 1044 :
575 999 625 1045 et
647 990 734 1045 ubi
765 1007 860 1064 ego
890 1008 1029 1059 sum,
1065 1009 1153 1047 vos
1183 1009 1285 1047 non
1310 993 1521 1065 potestis
1541 993 1712 1048 venire
1731 1032 1746 1056 .

187 1083 226 1139 id
245 1096 335 1147 εει,
366 1065 472 1156 ped
489 1083 930 1143 incredulitatem
958 1086 1064 1141 nisi
1097 1102 1194 1156 per
1217 1085 1399 1142 fidem.
1430 1085 1499 1140 In
1529 1086 1748 1141 novissi-

186 1192 249 1229 mo
273 1187 437 1230 autem
461 1175 554 1251 die
592 1177 886 1247 festivitatis
912 1218 926 1242 ,
961 1175 1014 1232 id
1046 1185 1164 1244 εει,
1194 1188 1413 1248 peracta
1461 1176 1751 1232 festivitate

186 1265 466 1324 ludarorum
492 1283 507 1332 ;
537 1268 628 1337 qui
654 1268 765 1323 sitit
786 1270 977 1332 veniat,
1010 1280 1058 1324 et
1087 1269 1247 1338 bibat,
1282 1269 1334 1324 id
1365 1278 1477 1334 est,
1510 1269 1604 1339 qui
1639 1269 1752 1324 sitit

187 1360 377 1417 verbum
405 1359 503 1416 Dei
532 1361 750 1428 veniat,
781 1369 837 1416 et
879 1361 1030 1417 bibat
1073 1360 1380 1418 doetrinam
1424 1361 1701 1431 Evangelii
1733 1377 1748 1412 :

190 1455 376 1522 ﬂumina
401 1454 467 1510 de
487 1465 695 1519 ventre,
729 1453 781 1509 id
813 1457 928 1519 est,
965 1453 1211 1510 doctrina
1241 1454 1308 1509 de
1347 1453 1512 1510 corde
1543 1472 1556 1508 :
1588 1456 1752 1524 [luent

188 1563 309 1617 aqua:
330 1547 481 1613 victe,
515 1546 566 1604 id
599 1557 704 1613 est,
737 1547 1056 1617 praedicatio
1086 1545 1399 1616 Evangelii,
1436 1561 1557 1616 quin
1586 1545 1752 1601 donat

191 1650 473 1711 perpetuam
504 1638 675 1695 vitam
701 1659 713 1694 :
743 1639 866 1712 quia
889 1638 924 1694 J
929 1657 1043 1696 esus
1061 1641 1292 1695 nondum
1314 1651 1422 1695 erat
1443 1640 1755 1710 honoriﬁca-

192 1744 274 1800 tus,
298 1733 528 1793 ostendit
550 1733 1063 1792 bonoriiicationem
1095 1735 1362 1806 passionis
1391 1745 1444 1789 et
1477 1749 1753 1790 resurrec-

929 309 1682 385 ,ΕΧΡΟΞΙΤῙΟΩΠΑΤΠΟΒ
1719 305 2290 368 Ενιεειῑιιοιιιιιι.
2330 306 2660 368 JOANNES.

3337 308 3446 368 582

1859 428 1982 496 mei,
2006 427 2075 480 ad
2105 428 2315 484 domum
2342 429 2479 483 servi
2501 428 2678 492 vestri,
2699 427 2745 480 si
2766 425 2936 482 inveni
2961 424 3185 496 gratiam
3204 425 3258 480 iu
3287 426 3449 482 oculis

1853 519 1976 576 tuis.
2005 520 2189 586 Amen,
2221 536 2369 575 amen
2397 519 2513 575 dico
2531 519 2693 586 vobis,
2725 527 2809 574 est
2840 533 2998 576 amen
3027 519 3338 589 geminatus
3367 518 3450 574 in-

1851 614 2132 681 tellectus,
2161 630 2311 682 vere,
2341 615 2476 682 sive,
2506 614 2737 671 ﬁdeliter
2763 631 2776 668 :
2807 613 3136 670 annuntians
3165 627 3366 668 novum
3393 620 3450 668 et

1851 719 2008 762 vetus
2040 706 2452 764 Testamentum
2486 725 2499 762 :
2541 715 2658 762 ante
2683 705 2950 763 Abraham
2967 721 3059 779 ego
3081 721 3195 762 sunt
3215 721 3236 760 :
3263 706 3333 761 de
3362 704 3449 764 div

1853 800 2079 858 vinitatc
2108 802 2259 858 locus
2302 811 2406 859 εει.
2457 801 2706 857 Tulerunt
2745 800 2981 873 lapides,
3030 809 3086 855 ut
3115 801 3352 872 jacerent
3394 800 3450 854 in

1851 912 1986 964 eum,
2019 895 2072 950 id
2099 907 2203 963 εει,
2235 897 2452 968 lapidea
2473 897 2638 953 corda
2654 895 2952 953 habentes:
2977 895 3244 950 abscondit
3263 892 3446 963 Iesus,

1852 989 2094 1046 ostendit
2135 1006 2194 1046 se
2229 991 2560 1062 absconsum
2589 1007 2616 1044 a
2649 990 2903 1046 cordibus
2947 1005 3157 1044 eorum.
3192 987 3256 1042 Et
3295 987 3448 1042 exivit

1852 1083 1917 1138 de
1959 1086 2178 1156 tempto,
2233 1085 2288 1140 id
2347 1095 2462 1152 εει,
2511 1085 2582 1140 de
2631 1083 2829 1154 popqu
2887 1082 3224 1138 Judaiorum.
3286 1079 3442 1136 Jesus

1853 1176 2063 1230 transiit
2101 1193 2192 1247 per
2215 1177 2446 1232 medium
2469 1192 2668 1245 eorum,
2709 1176 2765 1230 id
2791 1184 2887 1242 est,
2926 1174 3050 1229 abiit
3080 1174 3149 1229 ad
3178 1182 3374 1244 gentes.

1932 1268 2076 1323 Vidit
2094 1269 2355 1324 haminem
2373 1286 2608 1324 cazcuma
2635 1269 2929 1338 nativitate,
2954 1283 3129 1323 caecus
3151 1266 3447 1322 humanum

1851 1380 2025 1436 genus
2073 1365 2370 1436 significat.
2410 1364 2594 1436 Neque
2632 1366 2716 1419 hic
2746 1365 2975 1438 peccavit
3019 1380 3180 1435 neque
3210 1371 3448 1435 parentes

1851 1458 1970 1528 ejus
1995 1499 2010 1525 ,
2043 1467 2102 1513 ut
2142 1457 2414 1529 intelligas
2455 1457 2559 1514 hoc
2588 1457 2732 1528 quod
2765 1456 2911 1512 dixit
2956 1471 3135 1525 neque
3173 1455 3445 1526 peccavit:

1852 1552 2028 1608 Adam
2053 1551 2264 1622 pri-mus
2295 1560 2536 1618 creatus,
2569 1551 2638 1606 ad
2659 1549 2952 1606 videndum
2982 1549 3209 1613 malum,
3237 1547 3453 1603 clausos

1852 1645 2044 1701 habuit
2068 1645 2279 1712 oculos,
2300 1659 2423 1700 cum
2448 1653 2829 1716 transgressus
2850 1644 2949 1699 fuit
2975 1643 3288 1698 mandatum
3320 1640 3451 1697 Dei:

1852 1751 2074 1810 apertos
2094 1739 2288 1795 oculos
2310 1739 2483 1795 tenuit
2501 1739 2568 1794 ad
2599 1739 2822 1806 malum,
2850 1737 3116 1796 etclausit
3139 1737 3203 1791 ad
3224 1737 3450 1792 bonum.

191 1825 359 1882 tionis:
391 1826 585 1882 reversi
612 1834 733 1881 sunt
773 1831 1119 1898 unusquisque
1149 1829 1201 1882 in
1233 1827 1446 1883 domum
1481 1843 1664 1896 suam,
1696 1827 1748 1884 id
1777 1827 1826 1889 B
1853 1835 1995 1900 Quid
2025 1835 2186 1905 igitur
2215 1847 2474 1905 parentes
2505 1835 2608 1891 nisi
2638 1850 2812 1906 genus
2842 1836 3138 1889 humanum
3166 1876 3181 1900 ,
3213 1841 3268 1887 et
3297 1829 3453 1886 insti-

191 1928 278 1984 est,
302 1918 349 1973 iu
383 1919 647 1980 malitiam
668 1933 848 1978 suam.

247 2009 425 2068 Mulier
454 2012 505 2066 in
537 2011 800 2068 adulterio
837 2011 1194 2085 deprehensa,
1247 2011 1488 2068 ostendit
1521 2027 1752 2084 synago-

191 2121 440 2176 gam,qu:e
457 2106 782 2166 adulter-avit
804 2107 978 2177 legem
993 2107 1185 2179 Moysi,
1212 2117 1394 2164 secuta
1410 2106 1624 2179 [SuppL
1646 2106 1750 2178 est]

189 2214 295 2254 eam
337 2199 688 2260 traditionum
735 2209 1110 2269 paternarum,
1171 2201 1284 2256 sive
1328 2200 1629 2256 Ecclesium
1683 2215 1748 2256 ex

187 2293 431 2362 gentibus,
460 2311 582 2363 quin
616 2294 929 2365 relinquens
981 2295 1176 2360 Deum,
1207 2295 1468 2351 fornicata
1517 2306 1600 2350 est
1629 2311 1752 2351 cum

188 2386 500 2452 metuentibus
529 2407 540 2442 :
565 2389 654 2458 qui
681 2387 948 2452 adducunt
973 2405 1084 2449 eam
1109 2389 1163 2442 in
1190 2389 1380 2455 medio,
1414 2387 1646 2444 ostendit
1667 2387 1753 2450 Ju-

191 2480 337 2546 iluos,
363 2481 448 2550 qui
471 2491 819 2540 accusatores
849 2491 976 2536 sunt
996 2480 1262 2542 Ecclesia:
1288 2479 1510 2538 Christi.
1544 2479 1753 2551 Moyses

191 2571 422 2626 nrandavit
455 2570 690 2644 lapidare
715 2589 734 2627 :
765 2582 820 2625 tu
843 2573 968 2643 quid
997 2572 1174 2630 dicis?
1209 2582 1476 2628 tentantes
1497 2588 1623 2629 eum
1659 2588 1754 2642 pro

193 2663 379 2720 duabus
398 2666 597 2730 causis,
627 2666 670 2719 si
695 2663 922 2722 dixisset
951 2665 1492 2734 lapidare,dixissent
1523 2664 1620 2732 illi,
1648 2681 1753 2720 non

195 2758 296 2811 iacit
331 2757 436 2821 ille,
485 2757 632 2828 quod
664 2757 844 2823 docet,
896 2757 1160 2813 remittite
1185 2757 1249 2811 ad
1283 2772 1381 2813 nos
1408 2775 1421 2812 :
1454 2759 1498 2814 si
1530 2757 1756 2814 dixisset

198 2865 276 2903 non
293 2850 539 2919 lapidari,
559 2850 828 2907 dixissent
849 2868 863 2904 :
888 2849 1270 2910 Contradictor
1295 2849 1454 2919 Legis
1473 2858 1578 2908 εει.
1599 2849 1756 2905 Jesus

198 2943 426 2998 inclinans
452 2960 506 2998 se
539 2943 803 3008 deorsum,
838 2943 891 3000 id
916 2953 1021 3009 εει,
1065 2945 1132 3007 de
1165 2942 1385 3000 sedibus
1434 2942 1670 3013 paternis
1701 2943 1754 2998 in

201 3036 423 3092 arandum
443 3035 509 3091 ad
534 3035 856 3105 redimenda
887 3046 1105 3107 peccata
1128 3037 1348 3106 generis
1375 3035 1599 3092 humani
1624 3052 1637 3090 :
1670 3035 1756 3090 di-

201 3128 282 3195 gito
326 3129 574 3184 scribebat
618 3130 674 3186 in
725 3139 899 3197 terra,
957 3130 1196 3186 ostendit
1237 3141 1462 3199 peccata
1515 3144 1752 3184 eorum:

1852 1936 2072 1997 gatores
2122 1925 2403 1993 vitiorum,
2432 1936 2526 1980 aut
2571 1927 2685 1997 ipsa
2719 1927 2846 1980 vitia
2895 1922 3310 1995 significantur?
3341 1921 3446 1976 'Me

1855 2026 2057 2087 oportet
2084 2019 2312 2088 operari,
2348 2018 2398 2072 id
2429 2027 2544 2085 est,
2584 2017 2867 2087 predicare
2896 2033 2911 2071 :
2941 2017 3107 2070 donec
3137 2015 3246 2069 dies
3271 2021 3370 2082 est,
3399 2013 3454 2069 id

1849 2121 1956 2173 est,
1982 2111 2110 2164 dum
2152 2124 2273 2164 sum
2322 2110 2372 2164 in
2403 2109 2608 2165 mundo
2635 2125 2650 2163 :
2676 2109 2842 2164 veniet
2868 2124 2994 2173 nox,
3022 2105 3077 2162 id
3126 2116 3230 2173 est,
3259 2120 3451 2176 perse-

1853 2202 2004 2258 cutio
2034 2201 2440 2272 apostolorum,
2488 2201 2605 2256 sive
2632 2201 2942 2272 persecutio
2973 2197 3280 2254 antichristi
3305 2215 3318 2251 :
3345 2213 3451 2252 nea:
3503 2233 3508 2240 ς

1855 2297 2067 2367 quando
2094 2313 2244 2351 nemo
2273 2305 2436 2364 potest
2454 2295 2690 2366 operari,
2724 2293 2776 2349 id
2809 2302 2924 2359 est,
2956 2300 3081 2364 post
3106 2291 3454 2361 uniuscujus-

1855 2404 1960 2460 que
1985 2389 2212 2443 exitum.
2244 2385 2469 2457 Eatspuit
2501 2387 2556 2440 in
2582 2395 2791 2451 terram,
2814 2383 2869 2440 id
2893 2394 2998 2449 est,
3020 2383 3449 2439 incarnationem

1855 2481 2076 2538 Christi.
2102 2480 2296 2535 Lutum
2321 2482 2462 2551 fecit,
2487 2481 2654 2538 linivit
2674 2480 2854 2535 oculos
2869 2495 3007 2533 meos
3031 2494 3050 2533 :
3075 2477 3314 2534 ostendit
3343 2477 3451 2546 sic-

1860 2584 1916 2628 ut
1961 2575 2188 2644 primum
2232 2572 2511 2628 hominem
2564 2573 2634 2628 de
2666 2572 2796 2627 limo
2839 2583 3000 2626 terra:
3031 2569 3283 2626 formavit
3319 2586 3332 2623 :
3384 2570 3453 2624 ita

1859 2685 1956 2738 per
1982 2668 2232 2724 eumdem
2256 2682 2426 2740 genus
2451 2667 2548 2722 luti
2581 2668 2898 2722 reformavit
2923 2681 3097 2736 genus
3135 2667 3452 2720 humanum.

1865 2760 2012 2816 Vade
2033 2768 2079 2814 et
2111 2759 2224 2814 lava
2251 2761 2320 2813 ad
2346 2760 2608 2814 natatoria
2651 2759 2820 2828 Siloe,
2861 2759 3242 2814 demonstrans
3286 2757 3460 2827 bapti-

1860 2869 2037 2909 smum
2075 2871 2089 2910 :
2116 2868 2217 2924 per
2245 2860 2502 2924 parentes
2531 2852 2848 2924 intelligitur
2875 2851 3124 2906 diabolus
3152 2865 3249 2906 seu
3280 2849 3408 2904 vitia
3443 2867 3456 2904 :

1860 2947 1952 3019 qui
1981 2946 2223 3000 dixerunt
2272 2954 2472 3000 aetatem
2495 2943 2668 3010 habet,
2707 2945 2818 3013 ipse
2846 2959 2941 3015 pro
2979 2959 3032 2998 se
3057 2943 3302 3014 loquatur
3320 2979 3335 3006 ,
3363 2941 3457 3011 qui

1863 3039 2038 3094 uoluit
2073 3038 2350 3093 hominem
2384 3039 2635 3093 confiteri
2671 3037 2947 3092 Christum
2975 3052 2989 3089 :
3017 3033 3154 3088 hunc
3194 3034 3452 3088 nescimus

1863 3136 2003 3190 unde
2024 3135 2110 3202 sit,
2139 3134 2378 3191 ostendit
2406 3134 2534 3205 quia
2580 3134 2900 3189 nesciebant
2940 3130 3059 3202 ejus
3085 3130 3448 3186 divinitatem.

205 3223 328 3276 erexit
346 3239 413 3288 se,
453 3232 510 3277 ut
538 3221 774 3292 erigeret
797 3237 913 3286 eos,
942 3223 1032 3293 qui
1056 3221 1384 3278 incedebant
1411 3221 1463 3277 in
1485 3225 1752 3290 peccatis:
1784 3218 1828 3282 C
1863 3226 1930 3281 In
1950 3227 2210 3300 judicium
2232 3243 2324 3298 ego
2353 3227 2466 3280 veni
2496 3226 2548 3280 in
2574 3223 2711 3278 hunc
2747 3224 3018 3290 mundum,
3054 3221 3326 3288 ostendit,
3368 3221 3459 3292 qui

215 3311 353 3370 itm
378 3317 633 3372 inclinans
655 3331 730 3380 se,
753 3313 1007 3370 scribebat
1028 3315 1081 3368 in
1109 3325 1269 3379 terra,
1295 3314 1536 3370 05tendit
1567 3313 1760 3370 remis-

219 3421 262 3458 sa
281 3417 475 3476 peccata
525 3407 808 3466 mulieris:
843 3407 1088 3466 remansit
1131 3405 1273 3462 solas
1300 3403 1454 3462 Iesus
1493 3422 1610 3461 cum
1645 3423 1760 3468 mu:-

216 3494 311 3550 licre
337 3500 381 3553 is
407 3501 583 3564 domo,
613 3499 665 3554 id
693 3508 806 3566 est,
840 3513 967 3553 cum
1001 3497 1266 3565 Ecclesia,
1311 3499 1364 3553 in
1398 3497 1621 3554 mundo.
1657 3495 1762 3562 Qui

209 3591 396 3657 sequitur
423 3610 507 3648 me
554 3607 657 3646 non
690 3591 922 3646 ambulat
967 3591 1021 3656 iu
1077 3591 1316 3656 tenebris,
1365 3589 1606 3645 ostendit
1650 3602 1758 3646 non

202 3689 376 3737 tantum
401 3697 627 3755 gressus
657 3682 879 3753 pedum,
911 3682 1006 3740 sed
1039 3681 1296 3744 allectum
1323 3681 1534 3748 cordis;
1572 3695 1675 3734 non
1706 3681 1759 3734 in

196 3775 423 3844 tenebris,
451 3777 504 3832 id
530 3788 634 3842 εει,
665 3775 1001 3849 ἱειιοιειιιίιε,
1028 3791 1202 3846 neque
1225 3775 1278 3829 in
1309 3774 1546 3834 tenebris
1574 3787 1763 3846 pecca-

192 3875 370 3938 torum;
402 3872 494 3927 sed
519 3869 724 3926 habebit
751 3870 920 3925 lumen
949 3869 1084 3938 vitae,
1112 3867 1166 3924 id
1191 3879 1271 3924 est
1291 3868 1472 3923 lumen
1497 3866 1756 3931 scientiie,

187 3973 228 4012 ιι
253 3960 428 4020 lumen
455 3973 799 4034 perpetuum.
836 3959 1008 4016 Multa
1031 3958 1194 4014 habeo
1222 3959 1283 4014 de
1315 3958 1453 4013 vobis
1491 3958 1632 4028 loqui
1658 4001 1673 4028 ,
1715 3965 1764 4010 et

179 4053 422 4122 judicare,
459 4054 718 4121 ostendit,
743 4054 866 4126 quia
897 4055 940 4111 si
968 4053 1334 4119 credideritis,
1361 4052 1529 4108 multa
1548 4068 1646 4108 vos
1667 4052 1765 4107 do-

183 4145 323 4214 cebo,
353 4156 413 4204 et
444 4147 490 4203 si
524 4165 631 4204 non
661 4147 1029 4214 credideritis,
1064 4147 1234 4202 multa
1267 4145 1417 4220 loqui
1441 4145 1507 4211 ad
1536 4160 1762 4202 excusa~

184 4239 371 4296 tionem
399 4252 663 4297 vestram.

238 4330 340 4390 Ille
369 4333 438 4389 ab
466 4334 616 4389 initio
669 4333 932 4392 homicida
956 4342 1097 4388 erat:
1128 4333 1251 4406 quia
1293 4331 1651 4404 semetipsum
1679 4332 1761 4388 in-

179 4426 801 4497 terfecitsupcrbiendo;
828 4427 988 4489 aliter
1013 4427 1249 4497 primum
1272 4425 1576 4494 hominem,
1601 4442 1762 4497 quem

177 4514 307 4574 Deus
338 4521 714 4578 immortalem
731 4519 998 4588 condidit,
1024 4531 1080 4577 et
1106 4520 1283 4591 ipsum
1308 4520 1437 4577 fecit
1459 4521 1759 4583 mortalem,

1861 3319 2012 3376 audit
2040 3319 2288 3389 verbum,
2312 3328 2368 3376 et
2395 3319 2606 3388 recepit
2640 3317 2935 3388 judicium,
2978 3315 3189 3386 accepit
3226 3315 3292 3370 ad
3330 3330 3462 3371 con-

1863 3412 2228 3468 demnandum
2262 3429 2276 3464 :
2306 3420 2361 3466 ut
2413 3411 2503 3482 qui
2543 3427 2645 3464 non
2691 3409 3168 3477 vident,'videant,
3217 3407 3461 3466 ostendit

1861 3515 2085 3576 gentes,
2134 3521 2256 3576 qua:
2296 3506 2469 3576 legem
2509 3520 2618 3559 non
2649 3513 2990 3576 acceperunt
3024 3522 3036 3556 :
3071 3515 3120 3558 et
3164 3503 3255 3575 qui
3291 3503 3462 3557 vident

1863 3600 1984 3654 eieci
2027 3598 2178 3668 ﬁant,
2213 3597 2265 3653 id
2319 3607 2424 3668 est,
2467 3597 2636 3654 Judaei
2667 3616 2682 3650 :
2709 3598 2800 3668 qui
2832 3596 3090 3652 videbant
3137 3611 3232 3667 per
3277 3597 3455 3666 legem

1861 3694 1992 3748 caeci
2035 3691 2162 3748 facti
2193 3700 2320 3746 sunt
2345 3733 2362 3759 ,
2394 3690 2522 3763 quia
2553 3706 2659 3746 non
2691 3688 3044 3746 crediderunt
3072 3689 3124 3744 in
3165 3687 3460 3743 Christum.

1940 3785 2041 3853 Qui
2063 3801 2163 3839 non
2191 3787 2352 3838 intrat
2383 3801 2473 3855 per
2491 3787 2743 3856 januam,
2784 3782 3023 3838 ostendit
3052 3780 3338 3852 episcopos
3367 3781 3459 3850 qui
3518 3851 3526 3873 '

1865 3893 1962 3950 per
1991 3877 2210 3948 praemia
2241 3878 2467 3945 intrant,
2519 3891 2626 3930 non
2655 3892 2752 3942 per
2795 3872 3136 3929 vocationem
3169 3871 3287 3936 Dei,
3337 3871 3452 3926 sive

1863 3973 2047 4044 populi
2069 3991 2082 4026 :
2105 3981 2354 4042 pastores
2371 3980 2498 4024 sunt
2518 3969 2725 4036 ovium,
2743 3969 2948 4038 quipro
2967 3966 3117 4021 lucro
3136 3964 3462 4032 animarum,

1865 4081 1974 4120 non
2026 4080 2126 4135 pro
2189 4061 2486 4118 ambitione
2563 4060 2747 4116 steculi
2807 4067 2937 4114 sunt
2981 4075 2996 4114 :
3033 4056 3157 4112 huic
3222 4057 3468 4111 ostiarius

1864 4158 2069 4229 aperit:
2103 4155 2311 4226 primus
2343 4153 2600 4209 ostiarius
2623 4152 2862 4209 Joannes
2888 4152 3203 4206 Prmcursor
3232 4149 3465 4205 Chrisu:

1867 4249 2204 4320 “scriptura:
2257 4247 2527 4317 scriptura
2576 4246 2802 4301 divina:
2834 4254 2980 4300 vocat
3028 4243 3364 4310 nominatim,
3411 4242 3466 4297 id

1866 4353 1972 4408 εει,
2003 4341 2144 4396 novit
2188 4338 2447 4394 Dominus
2477 4338 2566 4408 qui
2610 4347 2724 4392 sunt
2752 4337 2866 4408 ejus
2887 4351 2906 4390 :
2933 4335 3173 4406 producit
3225 4335 3366 4401 illas,
3413 4333 3469 4389 in

1865 4434 2189 4498 doctrinam,
2217 4434 2334 4489 sive
2363 4433 2417 4487 in
2448 4448 2706 4502 regnum;
2748 4442 2866 4485 ante
2897 4431 3014 4484 illas
3057 4429 3224 4496 vadit,
3257 4428 3309 4484 id
3339 4437 3426 4484 est
3449 4469 3465 4494 ,

1868 4528 2174 4599 exemplum
2199 4528 2342 4598 quod
2367 4527 2552 4584 docuit
2585 4526 2732 4596 prius
2768 4524 2897 4580 fecit
2928 4541 2940 4577 :
2973 4524 3234 4594 praecedit
3262 4523 3384 4577 illos
3415 4523 3468 4578 in

173 4621 218 4663 νί
247 4629 345 4681 per
373 4619 500 4685 ejus
537 4615 944 4688 suggestionem
982 4613 1198 4672 occisus
1226 4623 1310 4670 est
1352 4614 1508 4670 Abel.
1542 4614 1671 4682 Quis
1702 4629 1765 4669 ex
1793 4614 1844 4674 D
1874 4636 2040 4693 regna
2089 4620 2389 4679 caelorum;
2422 4619 2536 4674 sive
2566 4629 2621 4674 et
2652 4633 2842 4672 omnes
2878 4616 3132 4673 doctores
3162 4615 3292 4672 boui
3321 4631 3462 4687 pra:-

173 4705 301 4761 tobis
329 4718 521 4782 arguet
544 4725 622 4764 me
651 4708 716 4762 de
738 4711 988 4776 peccato?
1020 4709 1123 4777 Qui
1152 4724 1215 4764 ea.
1246 4707 1354 4762 Deo
1375 4716 1470 4771 est,
1505 4706 1599 4763 Dei
1619 4706 1768 4767 verba

171 4799 333 4866 audit,
369 4801 428 4854 id
463 4798 572 4870 est,
605 4800 697 4872 qui
731 4800 984 4871 intelligit
1013 4810 1070 4856 ct
1098 4801 1223 4856 facit
1255 4818 1267 4854 :
1301 4801 1665 4856 Samaritanus
1692 4818 1766 4870 es,

168 4900 207 4941 νηί
233 4892 564 4950 daemonium
592 4893 772 4958 habes,
807 4893 897 4955 hic
926 4895 1068 4970 quod
1093 4911 1200 4949 non
1232 4894 1349 4964 fuit,
1384 4911 1484 4951 nec
1515 4895 1719 4954 habere
1752 4914 1764 4948 :

166 4996 212 5036 ct
237 4989 390 5058 quod
426 4999 562 5056 erat,
600 4988 828 5044 tacendo
872 4989 1170 5044 consensit.
1207 4986 1319 5059 Ego
1351 4987 1569 5060 gloriam
1600 5004 1763 5048 meant

167 5093 263 5132 um
292 5096 509 5151 quwro,
557 5089 631 5134 est
657 5083 744 5156 qui
772 5081 990 5153 quwrit,
1023 5090 1070 5136 et
1092 5081 1294 5152 judicet
1320 5095 1338 5134 :
1389 5081 1531 5135 Deus
1561 5078 1725 5136 Pater
1752 5097 1764 5134 :

166 5189 265 5226 Mm
297 5189 500 5246 qurero
529 5175 670 5229 sicut
704 5174 1054 5230 simulatores
1093 5172 1328 5240 faciunt,
1360 5183 1414 5228 et
1444 5173 1643 5243 injuste
1672 5174 1760 5244 ju-

162 5264 371 5321 dicent.
408 5265 674 5324 Abraham
703 5275 849 5336 pater
867 5275 1028 5326 vester
1045 5265 1314 5320 exsultavit
1341 5276 1393 5320 ut
1421 5267 1614 5320 videret
1631 5265 1767 5320 diem

170 5377 336 5414 unum
364 5375 385 5414 :
415 5360 568 5428 vidit,
623 5371 668 5414 et
717 5361 921 5432 gavisus
951 5370 1060 5427 est,
1120 5359 1171 5416 id
1202 5368 1315 5425 est,
1364 5357 1496 5415 vidit
1525 5358 1686 5415 tidem
1717 5358 1771 5416 in

164 5455 386 5524 spiritu,
423 5464 486 5512 et
515 5455 647 5511 vidit
676 5454 830 5510 illum
852 5453 906 5510 in
931 5467 1161 5526 persona
1189 5451 1506 5524 angelorum
1533 5468 1546 5506 :
1573 5461 1675 5507 tres
1702 5453 1776 5506 vi-

161 5547 256 5615 di:,
280 5549 449 5622 quasi
476 5565 635 5607 unum
669 5545 934 5616 salutavit,
963 5548 1056 5608 ubi
1081 5547 1256 5616 dixit,
1288 5546 1554 5614 Divertite,
1581 5549 1777 5604 domini

229 5690 562 5765 I_Forta_sse
599 5694 884 5760 secundus,
911 5708 1105 5759 nempe
1130 5693 1391 5756 ostiarius,
1425 5708 1524 5762 pro
1569 5693 1786 5765 scriptu-

158 5777 227 5816 ne
265 5761 571 5833 legendum
615 5765 866 5836 est.,Pro
903 5777 1049 5819 vocat
1103 5761 1440 5836 nominatim,
1460 5775 1580 5820 erat
1636 5761 1786 5820 nullo

158 5848 327 5891 sensu
381 5838 553 5892 vocati
600 5834 896 5906 nominati;
932 5851 1053 5910 quae
1092 5851 1190 5894 nos
1242 5834 1459 5908 obiter,
1503 5836 1789 5897 occasione

1872 4715 2075 4770 cedunt
2099 4713 2389 4781 exemplis.
2430 4710 2621 4766 Vocem
2651 4726 2814 4764 meam
2843 4709 3098 4776 audiunt,
3133 4710 3183 4764 id
3215 4720 3330 4772 est,
3365 4708 3467 4763 do-

1871 4807 2105 4864 ctrinam
2135 4823 2146 4857 :
2177 4804 2411 4859 alienum
2455 4819 2561 4856 non
2607 4811 2910 4875 sequuntur,
2947 4801 3001 4858 id
3041 4813 3161 4871 εει,
3211 4801 3372 4858 ﬁdem
3413 4810 3471 4856 ει

1871 4900 2177 4954 doctrinam
2241 4895 2641 4951 haereticorum.
2707 4894 2972 4967 Quotquot
3023 4905 3270 4949 venerunt
3326 4897 3469 4965 fures

1873 4995 2111 5066 furi-unt,
2145 5001 2193 5046 et
2241 4975 2496 5055 latrones,
2549 4988 2602 5044 id
2652 4997 2758 5056 est,
2807 4987 3322 5059 pseudopmpbctm,
3370 4985 3465 5055 qui

1874 5087 2112 5150 fuerunt,
2141 5093 2197 5141 et
2217 5092 2381 5142 erunt
2413 5094 2656 5153 tempore
2686 5081 3017 5138 antichristi.
3047 5078 3152 5134 Per
3183 5095 3264 5132 me
3279 5079 3324 5133 si
3347 5077 3466 5149 quis

1875 5180 2173 5248 intraverit,
2216 5175 2529 5242 salvabitur,
2576 5175 2680 5232 hoc
2723 5159 2846 5241 εει,
2885 5172 3116 5244 qui-per
3159 5170 3465 5226 doctrinam

1883 5273 2084 5329 Christi
2115 5271 2442 5338 satiabitur,
2483 5269 2824 5344 ingredietur,
2859 5281 2956 5337 per
2991 5263 3368 5334 paenitentiam
3410 5263 3467 5320 in

1885 5367 2188 5422 Ecclesiam
2223 5382 2239 5422 :
2271 5374 2326 5421 et
2353 5365 2648 5436 egreditur,
2675 5364 2744 5418 de
2770 5361 3025 5432 przesenti
3057 5361 3261 5415 saeculo
3283 5359 3350 5416 ad
3380 5374 3466 5415 re-

1878 5475 2042 5532 gnum
2062 5459 2182 5515 Dei.
2224 5459 2417 5526 Aliter,
2454 5458 2717 5529 egredere
2743 5462 2936 5510 contra
2983 5453 3268 5510 hereticos
3295 5468 3469 5523 expu-

1875 5553 2145 5624 gnandos.
2176 5549 2293 5607 Fur
2332 5567 2435 5606 non
2465 5553 2620 5614 venit,
2674 5548 2771 5602 nisi
2805 5557 2858 5602 ut
2911 5548 3116 5606 occidat
3159 5559 3208 5603 et
3251 5545 3469 5619 perdat},

1893 5707 2142 5783 accepta,
2169 5692 2470 5766 monemus,
2503 5699 2759 5753 sexcenta
2789 5689 2933 5749 enim
2959 5688 3064 5747 alia
3104 5683 3368 5762 ejusmodi
3397 5691 3480 5743 ιιι-

1893 5779 1987 5829 ειιι
2013 5779 2358 5843 castigamus.
