3970 6304
571 288 678 347 583

1601 282 1663 343 S.
1705 278 2085 343 HIERUNYMI
2122 282 2411 344 OPERUM
2449 281 2816 345 MANTISSA.

3688 287 3773 353 588

576 406 667 464 isti
714 414 841 462 sunt
868 400 1092 462 ordines
1118 400 1486 469 sacerdotum,
1530 403 1625 475 qui
1655 419 1754 475 pro
1797 403 1973 475 gratia
2017 404 2162 474 turpi
2192 404 2245 466 Α
2272 403 2631 461 ministerium
2658 403 2757 460 Dei
2788 402 3025 461 habebat
3059 414 3173 474 prae
3203 397 3440 458 manibus
3479 412 3529 461 et
3566 402 3777 477 Spiritum

581 502 742 567 lucri,
772 517 881 557 non
914 516 1010 571 pro
1062 500 1216 555 lucro
1242 498 1545 554 animarum
1596 499 1997 569 ingrediuntur.
2049 498 2164 571 Ego

576 596 714 662 veni,
746 604 800 649 ut
842 595 1000 648 vitam
1027 592 1283 660 habeatis,
1316 592 1368 648 id
1397 604 1481 648 est
1509 592 1813 649 doctrinam
1855 609 2031 649 meam
2068 610 2085 652 :
2119 602 2167 646 et

577 687 927 744 abundantius
955 686 1207 752 habeatis,
1238 685 1291 741 id
1323 694 1423 754 est,
1455 686 1618 741 vitam
1650 695 1908 742 aeternam
1934 704 1948 741 :
1974 702 2168 739 merce-

571 781 776 846 narius,
804 790 891 835 est
917 779 1008 849 qui
1032 794 1131 850 pro
1154 778 1307 834 lucro
1334 787 1560 835 terreno
1581 778 1745 834 docet
1777 797 1789 833 :
1818 779 1946 832 vidit
1963 777 2164 850 lupum,

575 884 622 928 et
650 872 806 945 fugit,
842 870 897 925 id
924 870 1359 945 est,qdiabolum,
1386 870 1471 925 vel
1507 870 1846 926 ltmrcticum.
1876 869 2022 925 Alias
2050 886 2166 926 oves

578 970 893 1038 Itabeo,qua:
921 982 1025 1019 non
1054 975 1169 1019 sunt
1190 982 1253 1019 ea:
1280 965 1377 1020 hoc
1391 964 1536 1035 ovili,
1564 974 1757 1035 gentes
1782 964 2025 1020 ostendit
2052 980 2067 1020 :
2098 965 2169 1018 sit

577 1078 714 1116 unus
744 1068 946 1133 pastor,
975 1059 1027 1114 id
1057 1067 1163 1127 est,
1196 1058 1462 1124 Ecclesia,
1494 1066 1551 1113 et
1588 1058 1838 1113 Christus
1869 1074 1882 1111 :
1915 1056 2002 1111 hic
2032 1056 2169 1125 lapis

581 1155 857 1228 angularis
907 1154 1049 1209 inter
1077 1151 1317 1208 medium
1358 1152 1645 1222 parietem,
1698 1151 1789 1223 qui
1833 1150 1892 1205 ﬁt
1940 1161 2169 1221 utraque

579 1266 770 1309 unum.

651 1343 968 1397 Potestatem
996 1339 1158 1396 habeo
1186 1339 1412 1413 ponendi
1438 1339 1670 1394 animam
1696 1354 1883 1403 meam,
1910 1347 1959 1393 et
1985 1338 2169 1392 iterum

580 1434 818 1490 sumendi
846 1450 961 1489 eam
993 1449 1009 1485 :
1038 1432 1278 1488 ostendit
1304 1447 1401 1501 pro
1426 1440 1578 1501 parte
1608 1430 1815 1485 carnis.
1845 1428 2006 1483 Pater
2031 1429 2171 1499 quod

581 1529 721 1583 dedit
759 1526 885 1580 ntihi
912 1526 1082 1597 majus
1132 1534 1206 1579 est
1247 1524 1518 1591 omnibus,
1572 1521 1818 1578 ostendit
1867 1522 2164 1588 Christum,

582 1620 671 1675 vel
700 1620 963 1691 Spiritum
1007 1618 1105 1674 Dei
1156 1617 1420 1689 majorem
1467 1631 1589 1673 esse
1618 1616 1871 1672 omnibus
1911 1616 2171 1686 operibus

581 1714 788 1771 saeculi.
826 1712 941 1785 Ego
988 1713 1121 1778 dixi,
1152 1711 1244 1765 Dii
1268 1716 1420 1779 estis,
1448 1711 1621 1768 tribus
1654 1710 1829 1767 modis
1868 1710 2087 1774 dicitur,
2118 1709 2169 1765 id

2269 496 2365 553 Dei
2392 540 2408 565 ,
2441 497 2543 552 hoc
2569 497 2785 554 locutus
2813 506 2899 554 est
2932 515 2945 553 :
2978 506 3034 551 ut
3060 496 3197 566 ﬁlios
3229 493 3346 564 Dei,
3375 498 3458 568 qui
3486 500 3619 557 divisi
3647 515 3778 574 erant,

2269 602 2603 662 congregaret
2626 592 2681 646 in
2710 608 2895 662 unum,
2929 591 2985 647 in
3023 598 3139 646 toto
3166 589 3385 646 mundo.

2341 681 2555 737 Martha
2586 684 2933 747 ministrabat,
2958 683 3202 739 ostendit
3227 683 3448 739 activam
3476 685 3785 744 vitam.Laza-

2268 793 2363 831 rus
2391 777 2717 832 discumbens
2743 793 2857 831 cum
2886 774 3039 845 lesu,
3073 775 3338 847 signiﬁcat
3361 775 3659 832 Ecclesiam:
3698 778 3787 833 Ma-

2267 872 2350 924 ria
2370 871 2567 939 accepit
2599 870 2782 925 libram
2802 871 3086 943 unguenti:
3116 870 3185 923 ita
3216 878 3271 923 et
3298 878 3435 925 totus
3458 870 3664 925 mundus
3677 872 3785 943 quod

2269 961 2607 1033 intelligitur,
2634 962 2800 1018 corda
2840 961 3108 1018 ﬁdelium.
3141 961 3242 1017 Per
3270 972 3577 1031 unguentum
3611 963 3786 1019 odorem

2269 1057 2671 1124 confessionis;
2725 1057 2892 1113 Maria
2930 1056 3228 1113 Ecclesiam
3257 1056 3541 1128 signiﬁcat:
3570 1060 3696 1113 unxit
3723 1078 3788 1129 pe-

2272 1150 2361 1205 des
2414 1149 2575 1218 Jesu,
2622 1149 2679 1207 id
2724 1162 2844 1217 est,
2896 1166 2995 1222 per
3041 1149 3433 1207 confessionem
3480 1152 3786 1223 pmnitentiazz

2271 1246 2460 1300 domus
2507 1246 2711 1315 repleta
2769 1254 2842 1299 est
2890 1262 2955 1299 ea;
2999 1246 3157 1300 odore
3211 1246 3483 1318 unguenti:
3518 1248 3582 1301 ita
3612 1257 3660 1303 et
3683 1257 3790 1303 totus

2271 1337 2508 1394 mundus
2559 1338 2807 1409 repletus
2855 1346 2941 1394 est
2985 1336 3054 1393 de
3082 1339 3339 1409 passione
3374 1349 3426 1394 et
3458 1340 3791 1396 resurrectione

2272 1429 2496 1486 Christi.
2530 1428 2599 1485 Ut
2636 1431 2836 1484 audivit
2885 1436 3056 1497 turba,
3086 1432 3225 1502 quod
3249 1430 3402 1487 Jesus
3428 1434 3646 1501 venisset,
3678 1450 3790 1488 acce-

2273 1534 2457 1596 perunt
2488 1540 2661 1579 ramos
2688 1525 3005 1595 palmarum,
3023 1525 3221 1579 obviam
3241 1524 3394 1581 Jesus
3414 1527 3793 1593 exierunt,osten-

2274 1616 2374 1685 dit,
2405 1620 2532 1690 quia
2557 1632 2671 1676 tres
2700 1621 3002 1675 secundum
3032 1621 3323 1678 adventum
3352 1633 3469 1693 post
3497 1625 3791 1680 resurrectio-

2278 1726 2402 1766 nem
2428 1711 2713 1781 rapiuntur
2734 1714 2787 1767 in
2823 1728 2945 1769 aera
2977 1728 3099 1769 cum
3131 1715 3383 1771 Domino.
3406 1713 3592 1771 Invenit
3616 1717 3791 1783 asinum,

582 1816 663 1863 est
686 1805 1069 1869 essentialiter,
1093 1806 1181 1874 qui
1212 1819 1432 1874 semper
1462 1814 1565 1872 est,
1597 1802 1651 1858 id
1676 1814 1780 1871 est,
1809 1803 1953 1859 Deus
1987 1821 1998 1857 ε
2027 1818 2169 1857 ηυη-
2200 1796 2247 1857 Β
2274 1817 2377 1873 per
2400 1803 2612 1859 asinum
2644 1806 2903 1877 populum
2930 1806 3218 1877 gentilium
3245 1808 3505 1864 ostendit:
3536 1810 3651 1865 sedit
3680 1826 3794 1879 super

582 1900 858 1970 cupative,
907 1897 983 1952 dii
1006 1898 1144 1953 estis
1177 1915 1192 1950 :
1222 1896 1356 1951 false
1394 1896 1528 1951 deos
1562 1894 1697 1950 dicit
1725 1894 2026 1961 daemones,
2058 1895 2175 1950 sive

580 1992 747 2048 idola.
796 1991 933 2046 Abiit
978 2000 1121 2045 trans
1152 1988 1461 2057 Iordanem,
1493 1988 1545 2045 id
1577 2000 1679 2055 est,
1734 1990 1802 2045 ad
1839 2000 2051 2061 gentes,
2087 1990 2173 2044 ubi

580 2084 815 2140 Joannes
862 2084 1083 2156 primum
1124 2083 1419 2154 baptizans,
1476 2092 1522 2137 et
1581 2085 1769 2139 mansit
1809 2084 1899 2151 ibi,
1931 2085 2175 2140 ostendit

582 2174 908 2232 Ecclesium.
953 2174 1193 2230 Lazarus
1236 2175 1431 2245 ﬁgurat
1475 2172 1693 2231 Iudaeos
1723 2176 1850 2247 quia
1879 2176 2053 2233 Judaei
2087 2177 2172 2231 in-

585 2268 726 2324 ﬁrmi
770 2276 930 2324 erant
958 2283 987 2322 a
1014 2266 1117 2321 ﬁde
1146 2266 1351 2322 Christi
1384 2266 1631 2324 :Martha
1675 2277 1727 2324 et
1776 2268 1946 2323 Maria
1972 2268 2175 2324 doctri-

586 2376 712 2417 nam
741 2360 1008 2416 bonorum
1049 2358 1361 2414 Judzeorum
1416 2360 1679 2415 ostendit.
1716 2359 1847 2415 Haec
1894 2360 2173 2431 inﬁrmitas

586 2470 690 2507 non
717 2462 789 2507 est
816 2452 884 2506 ad
922 2462 1163 2520 mortem,
1195 2451 1469 2520 ostendit,
1516 2453 1641 2522 quia
1677 2452 1770 2522 qui
1800 2453 1997 2508 mortui
2046 2463 2175 2508 sunt

586 2546 920 2612 hominibus,
948 2545 1058 2601 Deo
1090 2545 1273 2600 vivent
1302 2562 1317 2599 :
1348 2547 1539 2600 mansit
1569 2547 1641 2601 ibi
1661 2547 1793 2600 duos
1824 2548 1954 2613 dies,
1988 2547 2041 2602 id
2068 2556 2171 2616 est,

583 2640 693 2697 duo
723 2639 1093 2697 Testamenta.
1135 2636 1330 2693 Eamus
1359 2640 1549 2695 iterum
1588 2640 1644 2693 in
1683 2638 1948 2708 Judaeum,
1987 2655 2173 2696 rever-

585 2750 702 2790 sam
744 2732 906 2787 ﬁdem
930 2733 984 2787 in
1011 2730 1229 2786 Iudaeos
1259 2746 1356 2801 per
1398 2732 1572 2786 Eliam
1601 2741 1657 2787 et
1699 2731 1886 2788 Enoch
1917 2732 1970 2787 in
2008 2732 2172 2788 linem

585 2824 772 2882 mundi
806 2842 821 2879 :
852 2824 1128 2879 duodecim
1170 2822 1312 2877 hora:
1356 2834 1472 2878 sunt
1496 2823 1620 2890 diei,
1640 2823 1759 2880 dies
1781 2824 2027 2880 Christus
2048 2835 2169 2880 est:

586 2918 872 2975 duodecim
910 2916 1083 2981 horse,
1111 2916 1397 2973 duodecim
1431 2918 1661 2988 apostoli
1686 2934 1701 2972 :
1732 2918 1777 2972 si
1797 2918 1911 2989 quis
1936 2917 2175 2972 ambula-

583 3011 711 3067 verit
738 3012 795 3065 in
840 3010 921 3064 die
951 3027 1059 3065 non
1088 3010 1333 3079 o/fendit:
1385 3010 1443 3065 in
1477 3010 1590 3077 die,
1629 3012 1680 3065 id
1710 3021 1813 3079 est,
1844 3013 1898 3067 in
1927 3012 2171 3068 doctrina

588 3103 826 3174 Christi,
857 3111 954 3159 aut
982 3104 1377 3175 apostolorum,
1407 3119 1517 3159 non
1546 3102 1776 3160 oﬁ'endit
1809 3104 1861 3159 in
1895 3113 2121 3175 peccato
2154 3123 2166 3158 :

2280 1912 2418 1963 eum,
2475 1895 2529 1951 id
2582 1906 2685 1967 est,
2742 1914 2838 1968 per
2871 1900 3270 1956 conlessionem
3320 1900 3462 1957 ﬁdei.
3494 1900 3610 1956 Noli
3644 1902 3793 1968 timere,

2278 1990 2640 2062 perditionem
2664 2004 2810 2047 tuam
2833 2009 2846 2045 :
2867 1994 2987 2063 quia
3011 1994 3254 2050 Salvator
3272 2002 3393 2053 tusts
3412 1996 3555 2064 venit,
3571 1996 3667 2066 ﬁlia
3681 1996 3792 2061 Sion,

2277 2084 2516 2140 ostendit
2541 2088 3018 2157 congregationem
3048 2086 3293 2142 ﬁdelium
3320 2102 3390 2144 ex
3413 2087 3602 2143 .ludaeis
3626 2096 3671 2143 et
3690 2085 3795 2141 Gen-

2286 2178 2457 2234 tibus.
2490 2177 2654 2233 Totus
2679 2180 2902 2234 mundus
2932 2191 3048 2251 post
3065 2197 3181 2235 eum
3206 2182 3353 2249 abiit,
3394 2182 3515 2254 quia
3538 2196 3625 2253 per
3642 2180 3796 2251 passio—

2277 2285 2404 2326 nem
2453 2280 2509 2326 et
2554 2275 3017 2329 resurrectionem
3063 2288 3219 2329 suam
3260 2284 3431 2330 totum
3484 2273 3711 2330 mundum
3746 2271 3793 2326 de

2275 2379 2498 2440 peccato
2524 2372 2793 2427 redemit:
2844 2382 2901 2428 et
2944 2383 3165 2430 secutus
3216 2382 3303 2429 est
3331 2387 3475 2429 eum.
3523 2371 3795 2425 Accesserant

2275 2460 2346 2513 ad
2377 2460 2705 2534 Philippum,
2735 2472 2781 2517 et
2806 2464 3081 2535 rogabant,
3111 2475 3166 2520 ut
3199 2465 3429 2519 viderent
3452 2463 3634 2528 Iesum,
3662 2470 3795 2515 osten-

2276 2551 2353 2607 dit
2384 2562 2573 2622 gentes
2594 2569 2692 2625 per
2714 2555 3158 2626 praedicationem
3184 2556 3549 2627 apostolorum
3569 2566 3794 2609 conversas

2276 2644 2344 2701 ad
2376 2644 2570 2702 ﬁdem:
2610 2665 2833 2718 granum
2882 2651 3073 2719 tritici,
3107 2650 3337 2720 ﬁguram
3368 2647 3563 2705 Christi
3594 2656 3740 2702 tenet:
3766 2644 3795 2695 si

2276 2752 2539 2793 mortuum
2579 2742 2761 2813 fuerit,
2809 2743 2975 2797 multa
3028 2758 3197 2815 grana
3252 2743 3447 2799 allert:
3486 2742 3559 2797 sic
3601 2750 3647 2796 et
3684 2737 3794 2794 Chri-

2276 2839 2397 2886 stus
2430 2840 2455 2868 ι
2482 2871 2495 2885 .
2519 2872 2532 2885 .
2555 2871 2571 2887 .
2593 2873 2606 2887 .
2634 2874 2647 2887 .
2680 2833 3060 2903 multiplicavit
3088 2835 3390 2890 Ecclesiam
3411 2849 3579 2889 suam.

2348 2922 2671 2996 Clariﬁcavi,
2701 2938 2748 2981 et
2780 2930 2965 2983 iterum
2989 2930 3316 3001 clariﬁcabo,
3350 2930 3401 2986 id
3426 2940 3525 2995 est,
3556 2919 3793 2984 clariﬁcasti

2275 3017 2427 3073 illum
2471 3020 2523 3074 in
2550 3021 2948 3079 resurrectione
2988 3023 3199 3091 Lazari,
3231 3026 3431 3081 iterum
3456 3020 3664 3079 clariﬁca
3686 3017 3790 3073 illum

2274 3108 2330 3164 in
2361 3124 2459 3166 sua
2482 3114 2913 3170 resurrectione:
2966 3117 3206 3188 princeps
3244 3117 3429 3171 mundi
3457 3114 3653 3170 mittitur
3678 3112 3790 3182 foras.

587 3198 712 3269 quia
732 3195 903 3250 lucem
933 3197 1087 3267 hujus
1110 3197 1291 3251 mundi
1336 3196 1493 3263 videt,
1535 3197 1587 3251 id
1615 3206 1722 3263 est,
1768 3195 2044 3254 Christum
2077 3213 2174 3269 per
2202 3180 2247 3245 C
2279 3204 2333 3261 id
2364 3216 2469 3278 est,
2512 3208 2767 3266 diabolus
2795 3180 3001 3281 ejectu‘s
3023 3210 3093 3267 de
3122 3180 3396 3282 potestate
3419 3208 3592 3265 mundi
3618 3180 3692 3279 per
3710 3214 3791 3273 pas-

582 3288 870 3344 scientiam
908 3288 1077 3343 videt.
1112 3288 1176 3344 Si
1214 3289 1329 3359 quis
1360 3289 1699 3344 ambulaverit
1737 3289 1791 3343 in
1813 3300 1981 3360 nocte,
2010 3290 2173 3360 o/fen-

583 3382 682 3448 dit,
715 3397 812 3453 per
846 3391 1064 3438 noctem
1110 3382 1487 3454 intelliguntur
1521 3384 1759 3439 tenebrae
1802 3397 2170 3455 peccatorum,

585 3476 703 3531 sive
758 3475 1061 3546 ignorantia
1120 3474 1325 3531 cordis.
1364 3474 1521 3530 ANon
1573 3493 1717 3531 erant
1767 3478 1881 3545 ibi,
1934 3479 2175 3535 ostendit

587 3562 938 3639 praesentiam
966 3569 1148 3624 carnis
1180 3586 1191 3620 :
1219 3568 1426 3624 sciebat
1466 3578 1740 3626 mortuum
1789 3588 1931 3637 esse,
1966 3571 2019 3627 id
2065 3581 2172 3637 est,

586 3664 712 3735 quia
745 3665 927 3720 omnia
957 3664 1113 3720 novit
1144 3681 1156 3718 :
1184 3664 1244 3719 1(-
1269 3663 1323 3718 in
1346 3662 1508 3719 domo
1538 3664 1953 3736 archisynagogi
1976 3712 1990 3735 ,
2018 3666 2082 3720 2ο
2112 3667 2175 3721 ﬁ-

586 3756 723 3814 li‘um
769 3757 948 3813 viduae
997 3758 1052 3813 in
1105 3766 1314 3829 portam
1356 3757 1631 3823 civitatis,
1681 3760 1743 3813 ὅθ
1794 3758 2057 3813 Lazarum
2108 3759 2175 3815 de

586 3861 946 3908 monumento
978 3866 995 3904 :
1029 3851 1082 3905 itt
1113 3850 1300 3917 domo,
1346 3848 1400 3904 id
1447 3858 1531 3905 est
1568 3850 1624 3905 in
1648 3850 1812 3907 corde
1845 3866 1860 3906 :
1891 3852 1946 3907 in
1996 3860 2171 3922 porta,

593 3946 645 4001 id
674 3956 778 4011 est,
838 3944 890 3999 in
942 3958 1077 3999 ore:
1112 3943 1164 3997 in
1191 3952 1562 4011 monumento,
1598 3942 1651 3997 id
1706 3954 1813 4010 est,
1850 3959 2017 4014 opere
2043 3963 2056 3998 :
2081 3960 2176 4014 per

584 4038 775 4094 eadem
803 4037 1032 4093 moritur
1058 4036 1242 4100 homo,
1270 4046 1327 4091 et
1362 4052 1461 4106 per
1488 4036 1705 4094 easdem
1738 4038 2171 4095 resuscitaliitur.

586 4130 818 4197 Martha,
852 4142 908 4183 ut
960 4128 1157 4183 audivit
1202 4130 1323 4200 quia
1346 4128 1500 4183 Jesus
1540 4130 1697 4196 venit,
1730 4131 1944 4184 obviavit
1974 4131 2019 4184 ei
2046 4150 2064 4186 :
2090 4131 2176 4186 ltic

583 4222 791 4279 Martha
820 4221 1092 4293 signiﬁcat
1142 4220 1469 4286 Ecclesiam,
1516 4237 1635 4291 quae
1683 4220 1921 4275 obviavit
1957 4220 2175 4278 Christo

583 4331 679 4387 per
710 4314 874 4371 ﬁdem
903 4332 917 4370 :
942 4311 1116 4368 Maria
1140 4312 1281 4366 domi
1318 4312 1546 4379 sedebat,
1602 4312 2075 4383 contemplationis
2100 4313 2178 4368 vi-

580 4418 691 4483 tain
706 4407 965 4464 ostendit.
980 4408 1081 4473 Qui
1103 4406 1263 4461 credit
1284 4406 1339 4459 in
1360 4422 1461 4472 me,
1485 4415 1533 4460 et
1558 4416 1788 4460 mortuus
1808 4407 1986 4477 fuerit,
2009 4408 2176 4478 vivet:

586 4504 703 4558 sive
722 4500 1103 4573 corporaliter,
1147 4498 1262 4555 sive
1292 4498 1344 4553 in
1367 4497 1600 4569 peccatis
1633 4515 1728 4568 per
1751 4501 2121 4569 paenitentiam
2157 4516 2171 4553 :

2275 3301 2487 3356 sionem
2516 3304 2724 3358 crucis.
2758 3304 3032 3359 Ambulate
3060 3306 3182 3359 dum
3214 3306 3386 3361 lucem
3415 3304 3620 3366 habetis,
3656 3298 3695 3354 id
3719 3301 3787 3357 est.

2274 3396 2403 3451 dum
2434 3396 2713 3454 Christum
2735 3401 3095 3471 corporaliter
3122 3410 3177 3456 et
3200 3400 3557 3472 spiritualiter
3584 3394 3783 3452 vobiscum

2274 3488 2519 3547 habetis:
2550 3508 2614 3546 ne
2640 3493 2859 3548 tenebrae
2888 3510 2974 3548 vos
3003 3494 3470 3565 comprehendant,
3503 3490 3553 3547 id
3578 3495 3661 3552 est,
3685 3493 3781 3538 tene:

2274 3585 2387 3642 brae
2410 3588 2725 3658 ignorantia:
2747 3596 2801 3643 et
2825 3588 3230 3658 persecutiones
3254 3580 3773 3659 peccatorumdltm:

2276 3682 2351 3735 dit
2397 3681 2460 3735 ab
2487 3682 2593 3748 eis,
2649 3681 2700 3737 id
2753 3692 2859 3749 est,
2912 3682 3297 3753 corporaliter,
3331 3683 3449 3739 sive
3497 3672 3765 3752 spiritualiter.

2275 3771 2518 3841 Domine,
2549 3774 2663 3844 quis
2688 3773 2908 3828 credidit
2936 3775 3143 3829 auditui
3169 3776 3391 3830 nostra?
3427 3774 3546 3846 quis
3587 3781 3657 3842 pro
3683 3759 3771 3817 mi‘

2277 3876 2386 3923 tate
2410 3868 2653 3939 ponitur,
2684 3870 2803 3924 sive
2825 3883 2923 3939 pro
2948 3868 3303 3926 difﬁcultate:
3329 3869 3570 3935 auditus,
3594 3862 3691 3920 ﬁdes
3709 3862 3776 3917 θείη
3846 3870 3849 3939 ἦ

2275 3974 2436 4030 quam
2478 3974 2576 4029 Per
2598 3958 2857 4030 Spiritum
2909 3971 3155 4017 sanctum
3202 3962 3551 4017 audivimus:
3596 3951 3781 4010 brachium

2276 4049 2512 4117 Domini,
2540 4049 2712 4106 Filius
2738 4051 2835 4109 Dei
2862 4063 2945 4109 est
2968 4072 2979 4105 :
3022 4054 3106 4107 cui
3128 4056 3421 4109 revelatum
3446 4060 3539 4118 est,
3571 4050 3614 4106 id
3631 4038 3785 4107 δειδυ-

2274 4157 2379 4214 qua
2409 4158 2568 4212 pars:
2617 4160 2683 4199 ex
2713 4143 2913 4200 ludatis
2943 4146 3243 4203 revelatum
3290 4164 3359 4205 ex
3383 4148 3637 4220 gentibus,
3657 4138 3695 4194 id
3716 4141 3785 4196 est,

2275 4235 2363 4304 qui
2396 4235 2554 4287 credit
2583 4236 2636 4289 in
2666 4251 2767 4301 me,
2797 4251 2903 4291 non
2926 4237 3101 4292 solum
3132 4239 3437 4295 secundum
3460 4230 3784 4294 humanitatem.

2276 4326 2372 4381 sed
2422 4326 2715 4382 secundum
2751 4326 3111 4396 divinitatem,
3144 4330 3308 4387 aliter
3337 4348 3447 4387 non
3474 4330 3629 4386 solum
3655 4324 3695 4378 in
3716 4331 3784 4375 me.

2276 4418 2370 4473 sed
2402 4426 2456 4473 et
2480 4419 2532 4471 itt
2558 4418 2876 4491 Patre,quia
2900 4438 2991 4493 ego
3018 4421 3073 4475 in
3105 4420 3290 4492 Patre,
3316 4436 3368 4481 et
3382 4422 3542 4478 Pater
3562 4421 3607 4474 in
3626 4431 3701 4471 me.
3723 4406 3784 4474 θεά

2277 4512 2411 4567 videt
2441 4529 2540 4579 me,
2580 4513 2717 4567 videt
2764 4515 2854 4585 qui
2895 4531 2977 4569 me
3004 4516 3173 4582 misit;
3214 4532 3279 4572 ac
3311 4519 3357 4573 si
3390 4526 3569 4589 aperte
3609 4508 3782 4566 dixisset,

582 4597 750 4652 omnis
779 4596 865 4666 qui
895 4595 1039 4660 vivit,
1073 4603 1122 4648 et
1146 4594 1307 4649 credit
1333 4595 1389 4647 in
1410 4610 1512 4658 me,
1540 4594 1628 4664 qui
1660 4593 1752 4649 ltic
1777 4595 1828 4649 in
1863 4594 2015 4650 bonis
2044 4610 2171 4664 ope-
2198 4572 2249 4632 D
2276 4606 2366 4677 qui
2396 4606 2533 4660 vidit
2560 4621 2649 4663 me
2681 4622 2866 4662 verum
2896 4608 3167 4665 hominem
3188 4626 3341 4677 esse,
3370 4572 3630 4669 ριἐτεάίι,
3651 4608 3785 4657 mete-

579 4691 729 4748 ribus
749 4688 880 4744 vivit
906 4688 958 4743 in
988 4686 1203 4742 Christo
1228 4705 1239 4741 :
1262 4685 1387 4741 Non
1408 4687 1659 4741 morietur
1679 4688 1732 4740 in
1759 4697 2031 4742 arternuna.
2065 4686 2170 4742 La-

577 4792 842 4855 crgmatus
888 4790 964 4836 est
1006 4778 1180 4847 Iesus,
1242 4778 1476 4836 ostendit
1525 4780 1667 4835 sicut
1704 4797 1867 4837 verus
1916 4781 2081 4847 Deus,
2113 4790 2168 4837 et

576 4889 737 4931 verus
770 4875 932 4929 homo
976 4872 1288 4942 exemplum
1314 4873 1742 4941 compassionis;
1775 4871 1949 4944 ligatis
1996 4874 2165 4927 mani-

578 4971 672 5024 bus
698 4979 744 5024 et
775 4968 1015 5041 pedibus,
1066 4964 1309 5020 ostendit
1333 4966 1545 5021 vincula
1576 4976 1923 5037 peccatorum
1950 4969 2165 5038 :faciem

575 5063 791 5116 sudario
821 5061 1037 5134 ligatus,
1081 5058 1134 5113 id
1164 5067 1267 5125 est,
1296 5057 1540 5113 velamen
1571 5073 1737 5128 super
1763 5062 1924 5116 corda
1944 5060 2166 5118 Judaeo-

574 5170 694 5209 rum
729 5172 743 5207 :
776 5154 956 5209 solvite
984 5153 1155 5216 illum,
1200 5150 1252 5205 id
1278 5160 1382 5219 est,
1415 5166 1512 5222 per
1532 5152 1969 5222 praedicationem
2016 5154 2160 5211 ﬁdei.

574 5246 744 5303 Judaei
768 5257 969 5317 quanto
987 5246 1192 5316 majora
1215 5244 1368 5315 signa
1398 5244 1673 5313 videbant,
1708 5255 1856 5303 tanto
1878 5248 2048 5319 magis
2066 5248 2163 5304 ob-

572 5340 936 5396 caecabantur.
972 5338 1178 5394 Tollent
1208 5339 1379 5393 locum
1408 5348 1455 5393 et
1485 5349 1705 5411 gentem,
1734 5340 1912 5397 locum
1941 5340 2155 5397 Jeroso-

573 5434 780 5506 lymam
810 5432 1089 5503 possident
1117 5432 1348 5487 Romani
1393 5440 1448 5487 et
1489 5442 1702 5503 gentes,
1751 5450 1872 5503 quae
1901 5434 2161 5505 dispersae

568 5535 699 5583 sunt
748 5541 848 5597 per
902 5524 1174 5595 regiones.
1225 5525 1487 5595 Princeps
1534 5539 1729 5579 causas
1768 5526 1920 5595 dixit,
1956 5531 2162 5601 expedit

573 5638 733 5679 unum
762 5619 1046 5690 hominem
1090 5620 1242 5692 mori,
1290 5637 1445 5693 quam
1494 5628 1599 5675 tota
1624 5636 1747 5693 gens
1790 5630 1985 5692 pereat,
2037 5625 2160 5697 quia

2275 4714 2398 4754 rum
2428 4700 2595 4755 Deum
2626 4714 2779 4770 esse,
2828 4702 2973 4757 videt
3002 4710 3059 4758 et
3082 4703 3300 4761 Patrem
3346 4702 3627 4761 secundum
3653 4688 3786 4752 divini-

2274 4801 2461 4849 tatem.

2347 4885 2472 4941 Non
2511 4889 2626 4943 veni
2655 4898 2710 4943 ut
2739 4891 3011 4961 judicem,
3062 4891 3151 4945 sed
3180 4901 3236 4945 ut
3283 4891 3561 4963 salviﬁcent
3584 4879 3784 4941 mundun.

2271 4982 2534 5049 ostendit,
2582 4983 2724 5053 quod
2754 4999 2851 5053 per
2896 4984 3217 5042 ell‘usionem
3263 4986 3542 5059 sanguinis
3568 4978 3785 5039 redimeret

2275 5076 2568 5131 mundum:
2622 5078 2779 5132 dilexi
2810 5094 2919 5147 vos,
2961 5079 3086 5152 quia
3110 5097 3260 5137 eram
3300 5084 3356 5137 in
3387 5080 3654 5138 mundum:
3681 5080 3786 5137 wit“

2272 5168 2328 5221 in
2357 5168 2511 5238 ﬁnem
2562 5169 2774 5225 dilexit:
2812 5173 3125 5244 exemplum
3173 5174 3348 5242 dedit,
3383 5185 3441 5230 ut
3466 5185 3637 5229 omnes
3662 5166 3701 5219 in
3722 5156 3780 5213 Dei

2265 5259 2495 5314 veritate
2546 5272 2903 5331 permaneant
2946 5280 3118 5336 usque
3160 5265 3211 5321 in
3273 5267 3463 5323 ﬁnem.
3495 5264 3637 5320 Carna
3672 5260 3780 5328 βίω·

2266 5353 2504 5409 ostendit
2533 5354 2838 5424 passionem
2866 5356 3097 5413 Christi:
3128 5357 3280 5415 Sicut
3298 5369 3437 5430 ‘post
3458 5369 3647 5413 ctenam
3672 5356 3780 5419 pri"b

2266 5448 2414 5505 dium
2449 5466 2556 5504 non
2590 5448 2678 5505 ﬁt:
2726 5451 2803 5509 sic
2836 5452 3083 5509 Christus
3109 5463 3400 5526 postquam
3451 5449 3609 5509 semel
3652 5448 3780 5514 1³³⁵⁵⁸⁵

2265 5551 2367 5621 est,
2405 5559 2513 5598 non
2561 5545 2798 5601 ostendit
2854 5561 2913 5602 se
2959 5546 3159 5604 iterum
3209 5562 3528 5618 passurum:
3565 5548 3732 5609 surget"
3760 5540 3778 5576 ‘

2269 5650 2431 5703 caena,
2461 5638 2704 5695 ostendit
2725 5640 3034 5711 passionem
3079 5650 3348 5710 nostram,
3378 5632 3775 5698 resurrectionem.

646 5812 673 5845 ι
704 5803 907 5880 Supple
936 5814 1097 5862 morte
1126 5820 1243 5875 sua,
1272 5815 1359 5863 aut
1388 5805 1518 5879 quid
1545 5806 1724 5867 simile
1757 5823 1769 5865 :
1805 5819 1956 5868 vacat
1983 5807 2035 5869 in
2069 5814 2316 5890 originali
2345 5818 2602 5892 spatium.
