3970 6304
210 324 301 391 ’585
935 324 1300 393 EXPOSITIO
1337 324 1669 403 QUATUOR
1706 321 2273 390 EVANGELIORUM.
2312 325 2637 393 JOANNES.
2822 331 2842 351 ’
3327 333 3434 392 586

234 455 303 512 sive
332 451 683 514 ascensionem
720 473 735 512 :
778 456 924 530 ponit
962 457 1262 514 vestimenta
1316 472 1434 525 sua,
1467 440 1726 522 ostendit,
1754 450 1812 514 Α
1833 458 1883 507 et
1902 466 2029 524 ego;
2060 462 2117 509 et
2142 453 2348 525 reliqua
2373 472 2389 511 :
2413 473 2588 527 pacem
2617 467 2785 509 meam
2806 454 2873 509 do
2893 450 3057 521 vobis,
3080 451 3135 508 id
3158 459 3262 519 est,
3286 452 3430 510 sicut

235 549 307 619 quia
328 550 622 620 deponenda
653 560 810 606 erant
835 551 1160 607 vestimenta
1186 549 1305 620 ejus
1333 547 1401 604 ad
1431 561 1669 604 crucem.
1843 560 1945 617 ego
1975 547 2241 617 patienter
2272 550 2472 607 suffero
2502 551 2705 616 omnia,
2738 557 2794 605 et
2838 562 2935 605 vos
2976 548 3297 619 patientiam
3336 547 3435 603 ba-

277 642 471 717 (lncipit
538 642 918 715 capitulatio.)
953 642 1239 715 [Accipiens
1287 641 1537 708 linteum,
1597 654 1737 709 prw-
1843 638 2012 695 betis:
2071 657 2249 710 pacem
2284 658 2447 697 meam
2475 643 2709 713 relinquo
2747 642 2908 712 vobis,
2937 638 2993 695 id
3024 649 3127 709 est,
3171 639 3437 712 sicutego

231 734 333 789 tinxit
360 753 409 791 se
447 736 624 803 linteo,
670 736 724 793 id
768 744 884 806 est,
940 736 1291 792 mortiﬁcatio
1344 736 1549 807 ipsius:
1582 734 1740 788 mittit
1845 749 2039 805 passus
2058 750 2201 807 sum,
2241 736 2314 792 ita
2344 746 2401 793 et
2431 752 2529 794 vos
2555 737 2870 807 patiemini:
2922 752 3026 791 non
3047 737 3180 790 sicut
3216 735 3439 789 mundus

230 848 348 901 aquam
374 832 422 885 in
472 830 679 903 pelvim,
723 831 962 888 ostendit
989 831 1218 903 gratiam
1249 830 1505 900 baptismi
1546 846 1559 883 :
1594 829 1742 901 erepit
1848 827 1939 882 dat
1961 845 2159 900 pacem,
2192 846 2285 901 ego
2312 830 2378 884 do
2404 830 2577 897 vobis;
2608 829 2842 885 mundus
2868 828 3224 900 interruptam
3249 842 3441 898 pacem

230 922 339 977 lavare
360 926 503 996 pedes
533 926 910 995 discipulorum
938 940 1170 989 suorum,
1195 931 1243 977 et
1276 933 1533 993 extergere
1562 919 1741 989 linteo,
1848 920 1961 981 dat.
1997 922 2138 976 Deus
2158 931 2419 979 aeternam
2448 923 2540 978 dat
2568 940 2582 976 :
2614 923 2748 977 venit
2778 925 3013 994 princeps
3034 922 3216 977 mundi
3237 924 3305 977 ad
3334 940 3434 989 me,

228 1031 289 1087 per
313 1016 613 1072 lavationem
658 1016 874 1087 pedum,
909 1015 1238 1087 baptismum
1264 1012 1639 1085 apostolorum
1664 1010 1746 1066 in-
1849 1013 1982 1067 nihil
2006 1012 2058 1066 in
2090 1031 2169 1069 me
2189 1015 2404 1084 invenit,
2438 1016 2490 1072 id
2514 1026 2617 1083 est,
2650 1015 2897 1072 diabolus
2929 1016 3074 1073 venit
3102 1016 3170 1071 ad
3201 1030 3441 1085 crucem,

228 1109 437 1179 telligitur,
462 1125 562 1179 per
588 1113 953 1166 extersionem
985 1108 1133 1164 lintei
1151 1108 1389 1164 ostendit
1419 1122 1517 1178 per
1541 1105 1749 1177 passio-
1849 1116 1903 1162 et
1935 1108 1989 1162 in
2021 1107 2251 1164 Domino
2284 1126 2393 1166 non
2444 1112 2653 1167 invenit
2702 1119 3016 1181 peccatum:
3058 1112 3305 1183 quaesivit
3357 1128 3446 1167 ca-

227 1218 305 1257 nem
324 1202 507 1258 Christi
559 1203 929 1259 extersionem
963 1211 1333 1273 peccatorum.
1385 1199 1511 1255 Non
1555 1198 1750 1254 lavabis
1852 1215 2004 1271 pere,
2038 1210 2227 1271 captus
2253 1211 2338 1259 est
2367 1203 2435 1258 ab
2464 1220 2562 1259 eo:
2592 1205 2726 1258 sicut
2758 1205 3003 1275 praecepit
3026 1204 3154 1258 mihi
3186 1214 3350 1275 pater,
3376 1206 3449 1259 sic

226 1295 325 1368 pedes
358 1297 482 1351 mihi
515 1297 569 1352 in
611 1306 890 1367 ceternum,
928 1312 1134 1370 pavore
1156 1294 1478 1367 perterritus
1501 1293 1747 1349 dicebat:
1857 1294 2014 1364 facio,
2040 1294 2189 1349 misit
2225 1296 2377 1351 illum
2409 1305 2587 1367 pater,
2622 1304 2682 1351 ut
2712 1299 3029 1368 sanguinem
3070 1314 3226 1353 suum
3256 1297 3452 1355 funde-

226 1390 256 1444 ri
268 1408 339 1446 non
363 1393 532 1447 [altera
562 1401 631 1461 te,
658 1409 760 1447 non
791 1392 997 1447 habebis
1024 1401 1222 1461 partem
1245 1405 1465 1456 mecum,
1490 1386 1751 1451 ostendit,
1856 1394 1941 1440 ret
1969 1401 2067 1455 pro
2093 1401 2295 1457 genere
2342 1386 2605 1455 humano,
2638 1396 2695 1445 et
2715 1388 2788 1444 ita
2819 1388 2951 1445 fecit
2978 1408 2988 1443 :
3042 1406 3134 1463 ego
3167 1407 3280 1445 sum
3334 1392 3451 1447 vitis

226 1485 369 1556 quinon
386 1485 1225 1557 cstlavatusperbaptismum,et
1242 1497 1337 1553 per
1354 1479 1753 1537 c'onl'essionem
1857 1493 1996 1547 vera,
2042 1479 2187 1535 unde
2211 1482 2429 1552 perﬂuit
2457 1484 2700 1553 sanguis,
2757 1492 2812 1538 et
2838 1499 3005 1555 aqua;
3054 1493 3104 1539 et
3129 1495 3273 1556 pater
3302 1503 3447 1542 meus

226 1580 497 1651 poenitentiae
527 1623 543 1648 ,
591 1597 702 1635 non
734 1579 956 1635 habebit
987 1587 1197 1650 partem
1242 1576 1384 1647 apud
1430 1574 1751 1631 Dominum:
1859 1571 2089 1643 agricola
2110 1581 2206 1641 est,
2258 1573 2312 1629 id
2332 1584 2437 1643 est,
2467 1575 2642 1632 cultor
2669 1576 2964 1636 Ecclesiae:
2998 1593 3085 1633 vos
3106 1579 3368 1651 palmites,
3395 1580 3452 1636 id

225 1675 361 1747 accepit
402 1677 707 1730 vestimenta
737 1691 854 1744 sua,
904 1674 1105 1729 iterum
1136 1671 1461 1738 ostenditur,
1488 1667 1634 1740 quod
1662 1682 1755 1723 re-
1861 1673 1965 1733 εει,
1990 1666 2223 1737 apostoli
2246 1667 2364 1725 sive
2392 1668 2581 1725 fideles
2610 1669 2906 1727 Ecclesia):
2954 1672 3088 1725 sicut
3116 1673 3313 1745 palmes
3350 1690 3457 1729 non

223 1776 409 1823 vertetur
433 1768 500 1822 ad
534 1767 751 1823 Judazos
782 1768 838 1821 in
867 1766 1029 1823 linem
1059 1764 1275 1821 mundi:
1327 1781 1430 1819 non
1456 1771 1528 1817 est
1581 1777 1756 1816 servus
1862 1766 2027 1829 potest
2070 1778 2102 1814 a
2129 1777 2183 1815 se
2223 1761 2450 1830 fructum
2480 1766 2655 1835 ferre,
2708 1767 2811 1819 nisi
2840 1768 3087 1821 manserit
3128 1769 3187 1821 in
3229 1768 3352 1837 vite,
3382 1770 3461 1825 sic

223 1862 341 1931 major
369 1861 577 1916 domino
632 1877 757 1930 suo,
804 1876 966 1931 neque
1020 1859 1283 1932 apostolus
1313 1874 1370 1913 eo
1410 1858 1579 1929 major
1602 1898 1616 1923 ,
1672 1852 1762 1923 qui
1790 1844 1841 1909 B
1869 1860 1923 1905 et
1961 1854 2330 1926 unusquisque
2379 1872 2485 1913 non
2516 1857 2626 1914 fert
2663 1856 2925 1929 fructum,
2981 1861 3087 1917 nisi
3117 1862 3379 1918 manserit
3402 1862 3461 1918 in

223 1954 319 2009 misit
357 1954 541 2022 illum,
595 1953 651 2010 id
700 1963 806 2016 est.
853 1969 952 2025 ego
991 1955 1190 2025 patior,
1238 1963 1293 2008 et
1340 1965 1442 2006 vos
1489 1947 1756 2020 patimini.
1865 1943 2103 2003 Christo.

222 2045 345 2104 Aliter
369 2047 411 2103 si
449 2061 553 2117 ego
584 2062 671 2102 me
712 2046 938 2102 humilio
985 2061 1155 2117 usque
1180 2043 1249 2099 ad
1276 2042 1500 2113 vestigia
1526 2049 1710 2097 vestra
1743 2056 1758 2095 :

220 2139 273 2196 ita
308 2151 352 2197 et
403 2156 503 2197 vos
553 2139 839 2197 humiliate
872 2156 972 2195 vos
1012 2139 1265 2194 omnibus
1313 2154 1327 2190 :
1369 2135 1547 2191 levabit
1578 2143 1762 2189 contra

218 2244 277 2297 ne
292 2234 593 2303 calcaneum,
621 2233 677 2290 id
698 2243 803 2303 est,
833 2233 1149 2290 calcaueum
1175 2240 1417 2288 extrema
1440 2242 1565 2301 pars
1586 2240 1762 2283 mem-

218 2325 279 2383 bri
296 2337 388 2384 est.

268 2418 323 2475 Et
339 2437 420 2491 per
438 2419 721 2477 buccellam
736 2419 964 2476 introivit
983 2418 1039 2475 in
1061 2434 1178 2475 eum
1192 2418 1439 2484 Satanas,
1458 2414 1513 2471 id
1533 2422 1636 2483 est,
1658 2413 1765 2470 sic-

216 2522 261 2568 ut
288 2515 563 2585 Apostolus
615 2515 723 2586 ait,
784 2514 872 2584 qui
922 2512 1135 2586 indigne
1181 2512 1368 2583 accipit
1410 2506 1607 2582 Corpus
1654 2501 1765 2561 Dan

216 2609 332 2679 mini,
353 2619 395 2665 et
430 2610 737 2683 sanguinem
762 2611 898 2682 ejus,
943 2609 1203 2682 judicium
1232 2606 1509 2662 manducat
1544 2616 1589 2660 et
1619 2604 1765 2659 bibit.

215 2698 505 2769 Praeceptum
532 2718 722 2756 novum
749 2702 815 2755 do
841 2700 1004 2766 vobis,
1037 2709 1095 2754 ut
1120 2710 1165 2755 et
1191 2699 1420 2771 diligatis
1440 2698 1654 2752 invicem
1675 2712 1694 2749 :
1712 2695 1767 2750 in

217 2796 382 2857 Vetere
408 2800 634 2868 dicitur,
667 2800 850 2872 diliges
880 2799 1126 2865 amicum,
1152 2808 1197 2852 et
1218 2798 1340 2852 odio
1364 2794 1567 2851 habebis
1593 2792 1769 2875 inimi-

213 2908 324 2950 cum.
367 2896 625 2951 Dominus
667 2894 819 2960 dicit,
849 2893 1052 2964 diligite
1098 2892 1339 2948 inimicos
1393 2900 1622 2945 vestros:
1663 2887 1769 2944 hoc

214 2994 283 3039 est
307 2994 626 3059 praeceptum
656 3001 891 3041 novum:
924 3001 1027 3039 non
1050 2983 1379 3039 conturbatur
1405 2997 1494 3037 cor
1520 2989 1766 3048 vestrum,

216 3072 286 3132 hic
316 3080 569 3149 prmdicat
596 3079 859 3152 apostolis
908 3078 977 3134 de
1016 3079 1270 3150 passione
1300 3091 1438 3133 sua:
1479 3076 1667 3131 credite
1716 3075 1770 3129 in

217 3166 372 3239 Deum,
400 3184 449 3229 et
471 3175 525 3228 in
550 3190 631 3227 me
652 3174 865 3239 credite,
896 3172 1021 3243 quia
1052 3170 1226 3227 Filius
1254 3171 1352 3227 Dei
1373 3188 1509 3228 sum.

1936 2035 2003 2092 In
2032 2038 2128 2093 hoc
2158 2040 2479 2111 clariﬁcalus
2515 2053 2589 2099 est
2617 2042 2777 2101 Pater
2817 2064 2983 2116 meus,
3014 2057 3069 2103 ut
3094 2048 3323 2118 fructum
3351 2052 3459 2122 pri—
3505 2015 3522 2037 .

1866 2147 2005 2186 mum
2041 2132 2297 2201 offeratis,
2346 2136 2399 2191 id
2441 2146 2546 2204 est,
2594 2138 2737 2195 sicut
2775 2142 3224 2211 przedicationem
3265 2159 3366 2215 ego
3409 2154 3466 2201 et

1864 2226 2177 2297 passionem
2205 2228 2554 2299 fructiﬁcavi,
2587 2232 2660 2287 ita
2691 2240 2747 2289 et
2774 2249 2871 2290 vos
2902 2234 3063 2292 facite
3088 2254 3103 2292 :
3127 2238 3258 2292 sicut
3279 2238 3465 2294 dilexit

1867 2334 1947 2372 me
1968 2315 2146 2386 Pater,
2162 2328 2212 2375 et
2232 2337 2323 2393 ego
2346 2321 2509 2377 dilexi
2530 2340 2639 2393 vos,
2664 2325 2718 2381 id
2740 2337 2844 2395 est,
2870 2329 3011 2385 sicut
3031 2330 3179 2386 misit
3199 2319 3287 2388 me
3306 2331 3469 2388 Pater

1867 2411 2196 2484 praedicare,
2228 2423 2285 2470 et
2312 2415 2457 2485 pati,
2490 2425 2543 2472 et
2571 2432 2673 2489 ego
2699 2419 2857 2476 mitto
2885 2436 2986 2477 vos
3017 2438 3032 2475 :
3060 2427 3311 2495 majorem
3336 2425 3467 2480 cha-

1869 2506 2077 2561 ritalem
2115 2522 2263 2562 nemo
2290 2506 2478 2576 habet,
2516 2518 2571 2565 et
2597 2511 2808 2582 reliqua
2845 2530 2861 2568 :
2902 2512 3123 2570 dilectio
3166 2516 3359 2573 fortior
3386 2528 3473 2574 est

1872 2606 2073 2665 morte;
2106 2613 2206 2669 ego
2235 2614 2331 2670 per
2358 2600 2706 2657 dilectionem
2738 2604 2915 2674 patior
2941 2619 3049 2675 pro
3075 2590 3250 2677 v0bis,
3284 2617 3340 2664 et
3371 2624 3473 2665 vos

1871 2690 2121 2761 patimini
2139 2708 2237 2763 pro
2264 2692 2513 2751 Ecclesia
2544 2712 2559 2749 :
2589 2698 2763 2751 omnia
2789 2714 2906 2769 quia
2923 2700 3100 2754 audivi
3121 2718 3153 2755 a
3176 2700 3339 2757 Patre
3358 2719 3470 2757 meo

1872 2791 1997 2837 nota
2021 2783 2118 2854 feci
2146 2786 2307 2853 vobis,
2336 2786 2389 2841 id
2420 2798 2525 2854 est,
2552 2799 2825 2860 praecepta
2856 2790 3141 2865 Evangelii
3175 2811 3191 2849 :
3225 2795 3355 2869 elegi
3382 2812 3470 2851 vos

1875 2877 1940 2931 de
1968 2878 2182 2949 mundo,
2209 2880 2263 2955 id
2293 2889 2377 2937 est
2405 2881 2474 2938 de
2499 2884 2794 2940 mundanis
2824 2886 3041 2943 actibus
3074 2904 3088 2941 :
3118 2905 3223 2944 non
3252 2892 3375 2945 estis
3411 2890 3475 2945 de

1874 2975 2108 3044 mundo,
2147 2975 2203 3031 id
2242 2986 2349 3044 est,
2386 2977 2513 3049 quia
2556 2994 2667 3035 non
2706 2978 2929 3051 diligitis
2965 2982 3229 3039 mundum
3264 3002 3277 3039 :
3310 2994 3373 3041 ut
3398 2985 3477 3042 ait

1875 3067 2159 3137 Salomon,
2192 3069 2319 3126 talis
2344 3080 2431 3128 est
2457 3072 2657 3130 mulier
2685 3074 2956 3149 adultera,
2989 3093 3111 3149 qua:
3139 3093 3264 3135 cum
3294 3094 3478 3138 come-

1876 3164 2040 3231 derit,
2081 3165 2258 3237 tetigit
2294 3181 2357 3223 os
2398 3183 2579 3237 suum,
2626 3169 2780 3237 dicit,
2813 3145 2922 3227 n'on
2953 3145 3073 3227 sum
3104 3184 3330 3245 operata
3362 3191 3479 3231 ma-

273 3260 475 3333 Credite,
525 3265 584 3319 in
615 3263 767 3318 domo
797 3262 975 3317 Patris
1014 3264 1155 3332 mei,
1195 3263 1250 3318 id
1274 3273 1377 3333 est,
1413 3266 1467 3318 in
1496 3262 1764 3333 Ecclesia,
1797 3244 1845 3311 C
1876 3256 2230 3332 lumzﬁgurat
2258 3261 2558 3319 Ecclesiam
2583 3279 2650 3320 ex
2679 3265 2954 3336 gentibus,
2983 3282 3104 3338 qua:
3134 3244 3235 3338 per
3262 3270 3479 3327 confes-

229 3356 470 3411 mmiones
503 3357 685 3411 multa:
711 3366 853 3423 sunt,
908 3355 964 3411 id
994 3369 1099 3426 est,
1126 3357 1265 3412 sicut
1308 3356 1362 3412 in
1394 3371 1505 3413 uno
1553 3358 1772 3415 homine

230 3456 376 3503 sensus
400 3449 606 3505 divisus
628 3458 713 3505 est
743 3467 756 3502 :
806 3450 879 3505 ita
910 3448 963 3504 in
992 3449 1259 3515 Ecclesia,
1292 3466 1411 3521 quae
1456 3461 1541 3507 est
1567 3466 1770 3523 corpus

221 3534 404 3611 Christi,
430 3544 619 3616 gratia:
640 3543 825 3599 multa:
850 3553 1009 3600 sunt:
1050 3545 1183 3599 vado
1204 3560 1389 3617 parare
1410 3544 1547 3600 vobis
1576 3544 1768 3613 locum,

207 3629 363 3703 idest,
388 3638 594 3708 parabo
621 3636 777 3693 vobis
806 3638 993 3705 vitam,
1024 3638 1167 3693 sicut
1194 3636 1518 3709 Apostolus:
1548 3639 1772 3694 advoca-

199 3731 295 3780 tum
340 3728 579 3785 habemus
608 3728 751 3801 apud
775 3727 1010 3801 Patrem,
1041 3732 1128 3802 qui
1159 3730 1460 3802 interpellat
1482 3747 1576 3803 pro
1598 3731 1766 3786 nobis.

189 3815 297 3890 Ego
342 3841 452 3879 sum
486 3824 569 3878 via
610 3832 658 3879 et
715 3824 903 3879 veritas
930 3864 945 3891 ,
996 3834 1043 3878 et
1083 3825 1226 3893 vita,
1282 3825 1367 3880 via
1412 3826 1531 3880 sine
1578 3840 1771 3881 errore

184 3908 426 3973 Christus
468 3926 574 3985 est,
624 3917 829 3974 veritas
871 3918 992 3975 sine
1012 3917 1269 3987 falsitate,
1314 3918 1426 3975 vita
1450 3919 1569 3975 sine
1594 3926 1770 3975 morte

176 4002 292 4074 ipse
319 4018 425 4066 est.

240 4104 447 4158 Amodo
492 4106 654 4161 nostis
695 4122 813 4161 eum
841 4116 887 4161 et
917 4105 1116 4161 vidistis
1140 4123 1295 4176 eum,
1354 4105 1408 4179 id
1446 4116 1559 4175 est,
1606 4123 1769 4179 quem

168 4206 547 4265 cognoverunt
574 4199 749 4256 oculis
792 4199 1057 4271 corporis,
1100 4210 1155 4255 et
1196 4210 1572 4271 cognoverunt
1597 4202 1770 4259 oculis

165 4291 397 4361 cordis,
457 4294 754 4350 secundum
820 4293 1167 4351 divinitatem
1208 4310 1305 4365 per
1351 4295 1769 4354 illustrationem

166 4382 421 4453 Spiritus
466 4388 678 4445 sancti:
723 4391 928 4461 majora
956 4387 1143 4443 horum
1198 4390 1343 4459 facit,
1394 4388 1448 4445 id
1497 4398 1601 4458 est,
1644 4391 1771 4461 quia

166 4476 431 4539 Christus
488 4499 585 4555 per
657 4484 928 4540 ﬁmbriam
980 4484 1265 4540 mulierem
1329 4485 1583 4540 sanavit:
1633 4501 1768 4557 apo—

166 4572 300 4628 stoli
338 4590 473 4632 vero
501 4591 601 4647 per
628 4576 877 4632 umbram
905 4576 1154 4633 inﬁrmos
1182 4575 1468 4632 curabunt.
1504 4575 1771 4649 (Explicit

167 4662 419 4741 Passio.)

236 4760 465 4836 Rogabo
492 4762 707 4820 Patrem
734 4781 904 4819 meum
926 4805 944 4834 ,
990 4773 1040 4819 et
1068 4764 1228 4819 alium
1260 4763 1587 4820 Paraclitum
1632 4765 1773 4821 dabit

163 4855 313 4910 vobis
344 4873 363 4911 :
407 4873 507 4929 per
556 4858 641 4914 bis
687 4858 938 4929 spiritum
982 4869 1263 4929 acceptum
1301 4858 1522 4915 dilectio
1549 4860 1678 4921 Dei,
1721 4868 1776 4915 et

164 4949 419 5014 proximi
445 4950 770 5021 intelligitur
802 4970 814 5005 :
848 4950 1093 5021 spiritum
1120 4950 1384 5021 veritatis,
1445 4968 1595 5023 quem
1623 4968 1777 5008 mun-

165 5037 274 5093 dus
298 5042 545 5115 accipere
576 5058 680 5096 non
708 5052 898 5113 potest,
947 5042 1001 5098 id
1025 5051 1130 5111 est,
1176 5042 1265 5115 qui
1297 5043 1555 5100 mundum
1580 5043 1774 5116 diligit,

164 5145 287 5190 non
318 5136 523 5208 accipit
566 5138 756 5193 illum:
802 5154 907 5193 non
952 5138 1245 5209 relinquam
1280 5156 1366 5194 vos
1398 5138 1680 5209 orphanos,
1721 5140 1779 5197 id

170 5236 285 5299 est,
320 5246 438 5287 non
488 5230 793 5302 relinquam
823 5247 922 5287 vos
949 5232 1247 5289 secundum
1286 5232 1664 5289 divinitatem:
1722 5234 1779 5287 in

170 5318 276 5374 illa
307 5324 399 5378 die
420 5324 761 5397 cognoscetis,
790 5323 848 5380 id
878 5332 983 5391 est,
1010 5326 1064 5380 in
1090 5326 1293 5394 futuro,
1353 5326 1469 5383 sive
1513 5327 1566 5381 in
1598 5340 1781 5383 resur-

174 5415 439 5473 rectione
468 5416 695 5473 Christi.
719 5413 834 5489 Ego
858 5417 914 5471 in
938 5416 1119 5486 Patre,
1153 5418 1207 5473 id
1238 5427 1343 5487 est,
1374 5418 1671 5475 secundum
1701 5419 1785 5476 di-

172 5506 477 5566 vinitatcm
504 5528 518 5565 :
545 5526 635 5564 vos
664 5510 718 5564 in
745 5526 852 5578 me,
880 5510 1006 5582 quia
1035 5513 1273 5568 membra
1290 5528 1407 5570 mea
1431 5514 1597 5581 estis;
1620 5525 1668 5569 et
1691 5532 1784 5589 ego

172 5600 233 5657 in
273 5606 451 5673 vobis,
478 5605 530 5661 id
560 5615 666 5674 εει,
694 5606 748 5661 in
776 5606 1068 5663 dilectione
1113 5606 1293 5663 cordis
1342 5610 1536 5666 vestri:
1566 5611 1789 5681 manife-

169 5699 331 5753 διαόο
357 5702 412 5756 ei
452 5702 736 5772 meipsum,
788 5701 840 5756 id
872 5711 988 5771 est,
1018 5703 1304 5759 credentes
1336 5706 1386 5759 in
1416 5705 1788 5763 divinitatem:

168 5794 519 5849 mansionem
567 5796 707 5867 apud
759 5812 875 5849 eum
932 5797 1211 5868 faciemus:
1241 5797 1380 5853 sicut
1421 5801 1539 5869 ipse
1568 5800 1678 5867 ait,
1704 5799 1793 5853 ubi

167 5891 293 5947 duo
344 5889 429 5947 vel
460 5901 561 5946 tres
584 5891 878 5963 congregati
909 5892 1099 5960 fuerint
1122 5894 1175 5949 in
1206 5894 1407 5952 nomine
1428 5910 1561 5967 utea,
1586 5894 1655 5954 ibi
1676 5912 1795 5951 sum

490 5984 767 6050 Parnm“
816 5983 1027 6047 XXX.

1876 3353 2090 3411 sionem
2122 3354 2375 3411 abStersit
2403 3371 2462 3412 se
2490 3356 2560 3414 de
2602 3357 2943 3414 immunditia
2972 3370 3319 3429 peccatorum
3358 3381 3372 3418 :
3415 3364 3478 3419 ab

1878 3447 2028 3503 initio
2058 3464 2256 3504 mecum
2284 3450 2403 3504 estis
2422 3491 2437 3516 ,
2467 3449 2523 3505 id
2552 3458 2658 3515 est,
2690 3449 2759 3504 ab
2789 3451 2947 3507 initio
2976 3453 3402 3522 praedicationis.

1951 3540 2016 3597 Si
2041 3557 2131 3613 ego
2148 3558 2251 3603 non
2264 3541 2458 3612 abiero,
2480 3540 2778 3598 Paraclitus
2802 3560 2906 3599 non
2928 3545 3089 3600 veniet
3112 3547 3183 3601 ad
3202 3564 3291 3603 vos
3317 3564 3335 3602 :
3357 3564 3477 3604 cum

1879 3634 2069 3690 venerit
2093 3631 2417 3705 Paraclitus,
2448 3643 2629 3709 arguet
2659 3635 2911 3692 mundum
2937 3637 3001 3691 de
3026 3650 3255 3711 peccato,
3286 3640 3342 3697 id
3366 3651 3472 3712 est,

1878 3728 1971 3800 qui
2014 3742 2124 3783 non
2164 3727 2338 3784 credit
2379 3728 2433 3783 in
2474 3743 2605 3794 me»,
2648 3730 2840 3786 credat
2886 3746 2987 3800 per
3026 3733 3477 3802 praedicationem

1878 3821 2161 3894 Evangelii
2202 3840 2217 3876 :
2259 3824 2323 3877 de
2348 3822 2556 3895 judicio
2591 3834 2791 3891 autem,
2830 3826 2957 3896 quia
2994 3827 3250 3898 princeps
3286 3829 3477 3886 mundi

1874 3915 2147 3986 judicatus
2174 3926 2259 3973 est
2289 3932 2305 3970 :
2336 3928 2517 3988 arguet
2550 3917 2616 3972 de
2640 3927 2873 3991 peccato,
2904 3918 2959 3974 id
2985 3927 3090 3987 est,
3124 3928 3182 3975 ut
3208 3935 3305 3991 per
3333 3937 3480 3993 pra:-

1880 4010 2212 4067 dicationem
2243 4019 2481 4067 vestram
2516 4020 2907 4067 convertantur
2939 4012 3005 4066 ad
3044 4015 3423 4081 paenitentiam
3459 4032 3475 4071 :

1879 4101 1945 4155 de
1960 4101 2187 4171 justitia,
2217 4110 2278 4157 ut
2302 4101 2448 4157 sicut
2468 4101 2644 4173 diligit
2665 4102 2996 4174 proximum,
3019 4102 3209 4174 diligat
3229 4114 3284 4161 ct
3304 4102 3475 4161 Deum

1880 4212 1951 4254 ex
1980 4206 2097 4253 toto
2126 4194 2293 4252 corde
2324 4212 2340 4251 :
2371 4195 2440 4252 de
2458 4195 2684 4266 judicio,
2720 4205 2779 4252 ut
2807 4196 3068 4269 quidquid
3097 4198 3285 4267 vultis,
3309 4209 3367 4254 ut
3399 4200 3481 4255 la-

1880 4293 2033 4350 ciant
2056 4292 2213 4349 vobis
2239 4293 2513 4362 homines,
2531 4303 2587 4350 et
2608 4307 2705 4350 vos
2724 4292 2889 4351 tacite
2917 4294 3025 4352 illis
3051 4312 3065 4352 :
3090 4295 3209 4353 haec
3229 4297 3375 4354 enim
3397 4306 3485 4355 est

1852 4389 1996 4475 'Lex
2024 4400 2080 4447 et
2109 4389 2418 4461 Prophetce.

1957 4485 2226 4541 Modicum
2256 4502 2359 4539 non
2388 4484 2624 4541 videbitis
2654 4502 2755 4554 me,
2780 4485 2834 4541 id
2865 4495 2968 4554 est,
3000 4485 3125 4542 dum
3144 4488 3293 4558 jacui
3318 4488 3374 4544 in
3396 4503 3485 4546 εε-

1880 4579 2077 4653 pulcro
2109 4596 2123 4633 :
2154 4579 2417 4633 modicum
2453 4579 2666 4646 iterum,
2695 4587 2743 4633 et
2767 4578 3003 4634 videbitis
3032 4596 3134 4647 me,
3168 4578 3223 4635 id
3252 4588 3357 4646 est,
3390 4596 3489 4652 per

1798 4641 1855 4704 Β
1880 4641 2355 4731 ὶεευῐῐεειίοιιειιι
2386 4688 2400 4725 :
2430 4671 2565 4725 venit
2592 4669 2723 4725 hora
2749 4672 2960 4742 quando
2985 4688 3089 4727 non
3119 4672 3173 4727 in
3204 4672 3486 4745 proverbiis

1888 4771 2076 4841 loquar
2100 4765 2379 4831 vobiscum,
2412 4765 2501 4819 sed
2525 4764 2700 4835 palam
2729 4764 2795 4817 de
2824 4764 2987 4821 Patre
3016 4766 3362 4838 manifestabo
3392 4784 3487 4820 vo-

1890 4861 1988 4929 bis,
2022 4859 2077 4915 id
2106 4866 2215 4926 est,
2242 4872 2342 4929 per
2367 4856 2829 4913 resurrectionem
2859 4876 2876 4911 :
2904 4858 2959 4911 in
2987 4856 3085 4913 illa
3104 4857 3187 4912 die
3208 4859 3263 4912 in
3283 4858 3490 4913 nomine

1891 4968 2006 5010 meo
2035 4952 2247 5023 petetis,
2279 4948 2334 5003 id
2361 4956 2466 5015 est,
2498 4948 2622 5019 quia
2650 4948 2887 5015 ascendo
2918 4949 2985 5005 ad
3013 4949 3265 5019 Patrem,
3296 4964 3488 5005 resur-

1893 5044 2072 5120 gendo
2096 5059 2195 5115 per
2216 5049 2569 5115 potestatem.
2595 5040 2761 5097 Pater
2781 5040 2954 5115 diligit
2980 5058 3091 5111 vos,
3116 5040 3243 5112 quia
3264 5038 3492 5113 diligitis

1891 5158 1985 5201 Ine
2015 5160 2027 5196 :
2059 5140 2290 5210 relinquo
2314 5137 2568 5192 mundum
2591 5147 2639 5192 et
2664 5138 2801 5193 vado
2827 5136 2895 5191 ad
2920 5134 3156 5203 Patrem,
3177 5135 3234 5191 id
3262 5145 3367 5207 est,
3396 5152 3498 5209 per

1892 5230 2247 5307 praesentiam
2296 5228 2582 5300 corporis,
2631 5243 2758 5283 nam
2804 5225 3102 5284 secundum
3152 5225 3494 5285 divinitatem

1897 5342 2010 5384 non
2042 5319 2298 5392 relinquit
2321 5320 2585 5377 mundum
2618 5336 2636 5376 :
2670 5334 2969 5390 pressuram
2998 5316 3222 5388 habetis,
3252 5318 3308 5375 id
3331 5327 3437 5388 est,
3465 5334 3498 5374 a

1901 5417 2193 5478 mundanis
2219 5415 2537 5472 hominibus
2574 5412 2984 5470 tribulationem
3030 5432 3042 5468 :
3088 5431 3180 5487 ego
3216 5414 3315 5470 vici
3351 5430 3506 5469 mun-

1904 5515 2054 5580 dum,
2095 5510 2149 5567 id
2187 5517 2294 5578 est,
2333 5509 2550 5581 alligavi
2578 5510 2773 5565 fortem
2804 5507 2860 5563 in
2890 5508 3119 5581 mundo,
3147 5509 3241 5582 qui
3268 5517 3353 5565 est
3381 5508 3501 5564 dia-

1908 5606 2090 5665 bolus.
3227 5647 3234 5656 .

1993 5702 2145 5757 Venit
2170 5700 2319 5766 hora,
2344 5697 2524 5768 Pater,
2547 5696 2615 5753 ad
2637 5697 2925 5769 clariﬁcare
2946 5700 3114 5770 ﬁlium
3138 5708 3301 5767 tuum,
3328 5697 3381 5754 id
3402 5707 3515 5769 est,

1916 5812 2016 5870 per
2043 5793 2505 5852 resurrectionem
2534 5810 2547 5845 :
2576 5801 2631 5846 ut
2660 5792 2802 5863 ﬁlius
2832 5793 3081 5861 clariﬁcet
3105 5802 3173 5859 te,
3204 5790 3257 5845 id
3283 5801 3388 5860 cst,
3415 5809 3520 5864 per

1918 5890 2093 5951 tilium
2124 5894 2533 5956 convertantur,
2564 5896 2620 5946 et
2645 5886 2873 5946 credant
2899 5903 2908 5937 :
2939 5901 3031 5954 ego
3056 5896 3103 5942 te
3128 5884 3412 5957 clarificavi
3434 5902 3523 5944 su-

2944 5979 3016 6041 19
