3970 6304
600 279 705 340 587
1635 275 1692 356 ξ.
1735 271 2114 364 l-IIERONYMI
2151 271 2168 328 t

2215 269 2436 348 astruit
2473 269 2844 358 tramissa,
3707 276 3783 348 tu

593 416 684 474 pm:
716 405 928 474 arma,”
1044 405 1150 474 est,
1174 399 1364 470 119th
1389 390 1494 462 foci
1517 391 1767 467 omnibus
1793 389 1935 464 apud
1960 402 2010 447 te
2037 406 2049 441 :
2078 404 2187 444 nta-
2215 388 2260 446 Α
2293 397 2338 458 et
2364 402 2467 450 non
2493 387 2745 464 introivit:
2772 381 2946 464 Judaei
2978 396 3074 474 per
3099 381 3300 464 Legem
3326 391 3376 439 et
3401 383 3661 464 Prophetas
3675 390 3790 446 vide.

597 467 1533 568 trtiostavinonte’ntuutultontinibus,
1559 483 1972 561 ostenditﬁtt'od
1997 498 2190 558 secun-
2291 489 2414 552 runt
2457 475 2739 550 Christum
2766 467 3056 550 venturum
3081 521 3096 548 ,
3130 486 3187 533 et
3233 478 3506 556 adventum
3529 479 3673 550 ipsius
3709 500 3790 540 non

597 585 728 655 dum
754 583 1095 655 divinitatem
1123 596 1244 652 cum
1277 578 1437 655 Patre
1478 585 1632 655 erat,
1666 585 1721 648 et
1747 574 2102 655 corporaliter
2134 573 2186 628 in
2288 582 2630 648 receperunt.
2670 571 2817 628 Venit
2849 571 3036 627 Petrus
3085 589 3297 643 sequens
3337 589 3484 627 eum:
3525 575 3630 627 vidit
3657 577 3793 630 lintea-

599 653 747 748 terra
773 691 788 731 :
813 649 945 748 quos
974 649 1100 741 mihi
1127 649 1317 728 dedisti
1347 649 1410 724 de
1440 649 1632 749 nzundd
1665 668 1738 722 tui
1766 649 1936 742 erant,
1968 667 2021 720 in
2051 682 2190 742 prte-
2291 669 2449 732 ruina,
2476 679 2523 720 et
2551 668 2805 744 introivit,
2833 666 3074 742 ostendit
3101 676 3323 742 gentes,
3351 683 3460 746 qum
3485 667 3531 740 in
3558 667 3789 728 adventum

590 766 821 823 scientia
848 767 914 821 ab
947 765 1103 836 initio
1145 764 1218 819 tui
1247 771 1404 832 erant
1439 779 1454 815 :
1486 761 1613 815 mihi
1643 777 1728 830 eos
1757 759 1964 826 dedisti,
2001 758 2050 812 id
2081 767 2185 822 est,
2292 761 2495 831 Christi
2515 803 2530 824 .
2561 762 2684 836 sive
2706 759 3008 816 doctrinam
3041 757 3222 836 illius:
3250 774 3340 829 per
3363 760 3795 828 littteamiuaincar-

592 859 658 913 ad
691 858 994 933 docendum
1026 874 1042 932 ξ
1072 867 1118 912 et
1146 872 1430 928 sermonem
1459 866 1602 928 luunt
1628 862 1971 916 servaverunt,
1998 849 2051 904 id
2081 856 2160 906 est

2295 859 2443 932 natio
2476 856 2684 926 Christi
2715 857 3040 930 intelligitur
3079 872 3093 908 :
3124 871 3222 924 per
3248 854 3508 909 sudariunt
3539 858 3791 933 mysterium

591 953 646 1020 i.“
692 952 795 1007 “de
846 959 1281 1026 Ροζηὶθηδθΐιιηῐ·
1333 949 1448 1022 E90
1493 964 1589 1026 Ρΐο
1631 947 1704 1002 eis
1752 963 1899 1018 r090.
1945 961 2046 999 ηοη
2094 959 2189 1016 pro
2290 950 2586 1024 divinitatis
2621 947 3286 1024 intelligiturzsudarium
3313 964 3413 1003 non
3443 929 3794 1026 cumlinteami-

589 1044 810 1116 mundo,
844 1045 967 1120 quia
996 1044 1099 1118 scit
1131 1044 1289 1112 Deus,
1316 1042 1406 1112 qui
1435 1048 1563 1097 sunt
1591 1039 1706 1110 ejus
1731 1056 1746 1095 :
1770 1038 1945 1100 omnia
1967 1046 2057 1091 tua
2078 1054 2155 1090 nte

2291 1043 2478 1110 nibus,
2506 1043 2603 1098 sed
2627 1043 2921 1118 separatim
2953 1043 3006 1098 in
3039 1058 3205 1120 unum
3229 1043 3400 1097 locum
3428 1043 3797 1116 ivnvolutunt.os-

587 1145 740 1203 ευηι,
781 1145 831 1189 ει
867 1119 980 1208 inea
1018 1145 1109 1210 ζζιζι,
1146 1142 1268 1210 ξιῌιε
1301 1150 1319 1190 ἔ
1347 1141 1392 1187 ει
1421 1131 1742 1202 dari/5611,1118
1773 1146 1886 1202 sum
1916 1131 1968 1183 ίη
1999 1129 2102 1208 ςίε,
2135 1128 2188 1182 id
2290 1138 2496 1202 tendit,
2529 1136 2651 1216 quia
2681 1137 2936 1214 divinitas
2981 1137 3146 1212 longe
3178 1143 3263 1190 est
3291 1145 3488 1210 remota
3534 1152 3561 1212 ῃ
3607 1137 3796 1191 sensibus

588 1236 694 1292 est,
722 1229 774 1300 in
799 1228 992 1300 iisdem
1015 1228 1267 1302 gentibus
1291 1224 1672 1300 manilestatus
1695 1240 1835 1296 sum,
1861 1223 1914 1278 id
1937 1231 2040 1288 est.
2065 1222 2188 1293 quia
2289 1230 2544 1304 humanis
2565 1272 2580 1296 ,
2637 1229 2690 1310 in
2748 1246 2912 1306 ttntttn
2960 1215 3138 1302 locum
3159 1229 3196 1294 ,'
3221 1229 3313 1300 qui
3364 1215 3485 1282 sunt
3513 1228 3798 1306 universalis:

586 1321 942 1396 crediderunt
970 1325 1024 1376 in
1061 1337 1144 1376 tne
1182 1340 1194 1375 :
1329 1320 1529 1375 mundo
1559 1334 1678 1396 sum
1712 1318 2102 1391 corporaliter,
2135 1327 2189 1371 et
2290 1333 2419 1378 tunc
2445 1321 2693 1377 introivit
2721 1330 2776 1377 et
2799 1323 2939 1376 alios
2967 1321 3298 1398 discipulus,
3348 1319 3435 1392 qui
3464 1320 3604 1398 prius
3630 1333 3799 1375 venerat

577 1417 593 1488 ἱ,
618 1433 647 1467 ιι
680 1416 881 1484 mundo.
911 1431 1014 1484 non
1045 1431 1160 1469 sum
1190 1413 1580 1494 corporaliter;
1618 1421 1666 1470 et
1697 1429 1790 1482 pro
1823 1413 1893 1484 eis
1923 1409 2189 1479 sanctiﬁco
2289 1417 2354 1490 ad
2391 1423 2835 1492 monumentum,
2867 1395 3107 1468 ostendit
3154 1399 3382 1488 Judieos'
3414 1395 3643 1467 reversos
3679 1412 3732 1465 ad
3763 1412 3802 1464 li-

589 1503 865 1582 ηιὲξρδυιῃ,
898 1508 949 1562 id
980 1517 1083 1574 est,
1114 1522 1210 1582 per
1241 1487 1643 1576 martyriumret
1678 1503 2136 1580 resurrectionem
2169 1520 2182 1555 :
2289 1487 2499 1576 demi"
2529 1487 2693 1563 linem
2724 1506 2908 1562 tnuttdi
2940 1523 2953 1559 :
3001 1505 3180 1576 angeli
3211 1504 3458 1560 sedentes
3491 1504 3553 1580 ad
3581 1513 3743 1574 caput,
3767 1513 3801 1557 et

584 1620 678 1673 ego
719 1601 1042 1670 claritutent‘,
1074 1617 1228 1668 quam
1265 1599 1452 1670 dedisti
1491 1597 1619 1652 nti/ti
1643 1638 1656 1662 ,
1696 1595 1812 1650 dedi
1853 1597 1961 1680 eis,
1994 1594 2046 1649 id
2077 1601 2181 1674 est,
2289 1601 2355 1680 ad
2391 1601 2557 1676 pedes
2583 1645 2597 1670 ,
2629 1600 2874 1655 ostendit
2903 1599 3116 1662 initium
3137 1640 3150 1665 ,
3175 1605 3231 1652 et
3264 1598 3445 1653 linem.

587 1702 858 1766 pratcepta
882 1694 1082 1770 divina.
1120 1691 1297 1768 Exibit
1319 1709 1436 1746 cum
1462 1689 1733 1766 discipulis
1762 1690 1870 1744 suis
1900 1675 2044 1766 trans
2081 1698 2155 1744 tor

2295 1675 2303 1680 ’
2361 1681 2506 1768 Dixit
2531 1694 2728 1768 Maria,
2748 1695 2921 1748 nescio
2944 1693 3032 1747 ubi
3059 1700 3340 1762 posuerunt
3363 1709 3497 1768 eunt,
3522 1688 3803 1746 ostenditsc—

585 1800 778 1858 rentem
808 1789 1032 1853 Cedron,
1063 1787 1300 1864 ostendit
1331 1787 1589 1862 impetum
1622 1785 2038 1862 persecutionis.
2071 1781 2178 1858 Ite,-
2210 1775 2255 1854 Β
2283 1787 2517 1843 cundum
2563 1801 2812 1860 carnem:
2859 1786 3104 1856 diligebat
3151 1789 3437 1850 mundum,
3484 1791 3536 1839 et
3579 1799 3666 1853 per
3691 1781 3806 1834 Iidem

582 1901 697 1939 rum
737 1884 994 1938 transiens
1035 1880 1191 1937 Jesus
1233 1899 1348 1935 cum
1388 1878 1663 1948 discipulis
1703 1880 1841 1944 suis,
1886 1878 1938 1933 id
1975 1889 2076 1950 est,
2113 1878 2181 1933 de
2285 1877 2573 1945 Credehat,
2620 1863 2762 1956 quod
2797 1877 2933 1932 dixit
2972 1877 3168 1942 Maria,
3202 1876 3443 1931 ostendit
3490 1875 3805 1954 cogitationem

588 1977 788 2050 mundo
813 1977 877 2030 ad
908 1977 1161 2048 Patrem,
1185 1984 1240 2030 et
1269 1974 1335 2029 de
1359 1973 1564 2048 Judzeis
1590 1971 1656 2025 ad
1677 1981 1883 2045 gentes.
1916 1969 2182 2028 Venerunt
2284 1973 2465 2042 vocis:
2491 1971 2615 2039 quia
2649 1986 2744 2046 per
2772 1970 3122 2025 dilectionem
3155 1969 3388 2040 proximi
3411 1965 3667 2038 cognoscit
3688 1967 3807 2038 homo

584 2085 703 2121 cum
742 2067 954 2122 laternis
989 2077 1038 2122 et
1061 2051 1265 2138 faculis
1285 2112 1297 2135 ,
1331 2066 1380 2120 id
1411 2075 1512 2135 est,
1547 2065 1650 2138 ipsi
1682 2051 1786 2120 Sibi
1815 2065 2182 2136 accenderunt
2284 2062 2488 2140 Deum:
2516 2062 2648 2116 dixit
2672 2061 2847 2129 Jesus,
2882 2063 2987 2115 noli
3014 2078 3092 2114 me
3122 2070 3355 2132 tangere,
3396 2057 3449 2128 id
3471 2069 3548 2114 est
3569 2100 3582 2124 ,
3613 2055 3659 2111 in
3686 2055 3805 2124 corde

582 2162 767 2236 lumen
809 2163 1022 2236 poenale
1049 2179 1081 2231 4:
1128 2161 1459 2236 adduxerunt
1497 2177 1614 2215 eum
1650 2159 1718 2213 ad
1750 2141 1951 2232 Annam
1973 2201 1987 2222 ,
2023 2163 2177 2230 Anna
2283 2163 2406 2210 tuo:
2437 2153 2528 2207 tibi
2549 2171 2653 2208 non
2683 2153 2914 2218 escendi,
2948 2169 3047 2224 per
3071 2143 3419 2226 divinitatem
3447 2170 3459 2204 :
3484 2149 3708 2218 discipuli
3731 2146 3808 2216 pis-

580 2257 748 2326 gratia
795 2253 893 2308 Dei.
932 2257 1353 2328 interpretatur,
1395 2253 1488 2323 qui
1533 2255 1702 2323 gratia
1749 2253 1844 2318 Dei
1893 2262 2180 2330 acceperat
2280 2257 2467 2301 cantes
2494 2256 2658 2301 tutam
2690 2255 2904 2302 noctem
2936 2245 3072 2300 nihil
3097 2244 3697 2317 ceperuntzpiscatores
3715 2239 3807 2294 doc-

579 2349 952 2439 principatum
995 2346 1331 2422 sacerdotis;
1374 2347 1468 2400 sed
1517 2347 1606 2400 illa
1652 2346 1764 2399 visa
1802 2355 1886 2426 est
1923 2347 2174 2409 ostiaria,
2283 2346 2429 2393 tores
2481 2349 2731 2397 veteres.
2785 2339 2838 2393 itt
2895 2349 3055 2393 nocte
3111 2338 3357 2394 ostendit
3409 2347 3537 2412 ante
3579 2335 3808 2391 adventum

582 2429 703 2514 qua;
731 2438 1029 2515 introduxit
1062 2437 1282 2516 Petruni
1315 2437 1366 2491 in
1398 2438 1616 2501 atrium,
1650 2437 1918 2508 signiﬁcat,
1944 2438 2174 2508 primm.
2278 2430 2480 2508 Christi
2512 2431 2690 2492 nullos
2739 2429 2806 2486 ad
2859 2431 3250 2500 perfectionem
3288 2446 3386 2514 per
3429 2429 3806 2504 praedicationem

593 2551 712 2587 vam
745 2533 1043 2606 Ecclesium
1079 2548 1094 2587 :
1122 2531 1446 2606 exprobravit
1475 2548 1614 2598 eum,
1641 2531 1762 2601 quia
1785 2530 1883 2585 Dei
1916 2531 2084 2594 tilium
2117 2546 2176 2587 se
2277 2525 2436 2596 Legis
2460 2525 2662 2582 veteris
2689 2523 2930 2580 venisse.
2982 2525 3137 2581 Mane
3171 2536 3355 2581 autem
3400 2527 3538 2596 facto
3562 2567 3576 2590 ,
3623 2520 3809 2577 ostendit

586 2641 708 2682 esse
735 2603 984 2696 dixisset,
1017 2633 1186 2691 certe,
1211 2603 1314 2677 non
1336 2623 1572 2698 rapinam
1593 2621 1874 2698 arbitratus
1897 2631 1971 2678 est
1993 2639 2046 2696 se
2067 2639 2176 2678 esse
2276 2619 2474 2675 factum
2501 2619 2793 2674 adventum
2819 2616 3052 2673 Christi:
3095 2619 3287 2674 mittite
3317 2619 3372 2672 in
3423 2618 3670 2671 dexteram
3716 2627 3806 2680 par-

583 2720 833 2792 tequalem
851 2716 980 2783 Deo,
1010 2719 1097 2794 sed
1123 2717 1449 2794 semetipsum
1473 2716 1776 2785 exinanivit,
1801 2720 2023 2794 formam
2044 2717 2174 2790 serui
2277 2717 2377 2790 tem
2395 2753 2408 2776 ,
2436 2711 2487 2778 id
2514 2722 2597 2766 est
2617 2754 2631 2778 ,
2658 2711 2857 2784 mittite
2882 2711 3334 2789 praedicationem
3359 2711 3412 2764 in
3438 2709 3687 2780 gentibus.
3711 2703 3808 2756 Erat

578 2812 798 2888 accepit.
1019 2793 1022 2794 ν
1809 2793 1815 2804 ’
1847 2829 1852 2833 -
1997 2833 2006 2841 -
2275 2806 2412 2860 enim
2439 2803 2627 2860 Petrus
2657 2806 2862 2874 nudus,
2887 2804 2941 2863 id
2971 2814 3057 2860 est
3079 2847 3094 2882 ρ
3120 2805 3253 2859 nudi
3285 2815 3443 2860 erant
3465 2819 3493 2857 a
3517 2802 3614 2856 ﬁde
3632 2796 3806 2853 Christi:

648 2903 682 2958 J
689 2921 805 2958 esus
831 2903 1075 2978 bajulans
1099 2919 1300 2959 crucem
1325 2919 1474 2956 suam
1506 2919 1522 2956 :
1553 2903 1859 2981 exemplum
1887 2901 2036 2982 dedit
2061 2903 2169 2982 sic-
2274 2901 2446 2978 tunica
2472 2900 2726 2955 succinxil
2747 2917 2821 2965 se,
2847 2895 3011 2954 ﬁdem
3053 2897 3327 2954 Ecclesiae
3347 2915 3361 2953 :
3385 2897 3524 2951 misit
3546 2911 3596 2949 se
3617 2894 3664 2947 in
3685 2905 3805 2952 mare,

583 3007 642 3054 ut
669 3000 783 3068 ipse
813 2976 952 3060 diruit
985 3013 1004 3051 :
1025 2997 1116 3076 qui
1150 2998 1258 3052 vult
1286 3007 1397 3072 post
1424 3013 1503 3052 me
1527 2979 1717 3076 venire,
1745 2976 1958 3068 abneget
1990 2976 2170 3076 scatet-
2273 2993 2325 3048 id
2357 2976 2471 3060 est,
2507 2995 2558 3048 in
2589 2993 2988 3060 ﬂuctuationes,
3020 2999 3076 3048 et
3123 2991 3524 3048 amaritudiues
3552 2986 3715 3043 mundi
3740 2998 3808 3054 per

577 3093 772 3160 ipsum,
802 3101 856 3144 et
885 3071 1111 3158 reliqua
1139 3105 1154 3145 :
1187 3089 1292 3144 duo
1320 3071 1558 3144 latrones
1589 3073 1831 3144 erucilixi
1863 3071 2163 3157 erantcum
2272 3075 2615 3142 dilectionem
2641 3087 2840 3142 Christi
2865 3105 2876 3139 :
2902 3087 2997 3140 alii
3018 3085 3268 3156 discipuli
3292 3086 3503 3157 navigio
3528 3088 3750 3139 venerunt,
3771 3074 3807 3129 id

575 3183 744 3262 Jesu;
789 3184 879 3261 qui
911 3183 1200 3252 permansit
1238 3197 1374 3262 unus
1403 3181 1457 3236 in
1489 3182 1708 3260 perﬁdia
1748 3195 1843 3260 sua
1868 3223 1881 3245 ,
1930 3181 2166 3266 ostendit
2189 3167 2237 3235 C
2269 3187 2353 3234 est
2375 3221 2388 3244 ,
2415 3179 2470 3235 in
2495 3178 2736 3235 Ecclesia
2756 3222 2768 3242 ,
2798 3177 3209 3234 ﬂuctuationem
3237 3179 3432 3258 mundi
3456 3169 3806 3250 calcanteszri-

574 3260 822 3342 Judmos;
856 3277 945 3346 qui
977 3277 1256 3340 confessus
1285 3260 1402 3342 est,
1447 3274 1714 3348 significat
1743 3284 1930 3346 gentes
1961 3293 1974 3329 :
2001 3260 2166 3344 scrip;
2274 3274 2461 3328 derunt
2488 3290 2701 3346 prunas,
2731 3282 2778 3328 et
2811 3275 3024 3344 piscem,
3055 3282 3102 3327 et
3128 3289 3319 3340 panem
3348 3272 3597 3344 positum;
3627 3280 3705 3338 per
3728 3260 3807 3330 pis-

575 3378 684 3442 tum
712 3353 821 3422 erat
846 3363 901 3420 in
940 3367 1087 3421 titulo
1119 3383 1208 3421 rex
1232 3365 1568 3430 Judteorum,
1596 3367 1646 3421 id
1681 3373 1793 3442 est,
1827 3351 1923 3423 rex
1951 3369 2163 3422 confes-
2265 3381 2382 3424 cem
2414 3367 2649 3422 ostendit
2679 3366 2839 3420 tidem
2862 3408 2875 3431 ,
2906 3380 3004 3442 per
3040 3348 3249 3436 prunas
3281 3365 3528 3420 calorem
3552 3355 3794 3416 charitatis,

576 3440 787 3516 acrum.
811 3459 1330 3540 Feceruntquatttor
1355 3470 1539 3536 partes
1560 3459 1628 3515 de
1651 3440 1984 3524 vestimentis
2003 3458 2158 3514 Jesu:
2266 3445 2364 3533 per
2387 3474 2580 3536 partem
2601 3460 2825 3515 verbum
2848 3440 3089 3514 divinum
3114 3475 3127 3512 :
3152 3458 3426 3513 trahentes
3447 3468 3552 3512 rete
3571 3459 3617 3508 in
3643 3461 3799 3509 terram.

576 3563 801 3624 quatuor
821 3553 1027 3620 milites,
1045 3551 1097 3606 id
1121 3549 1225 3616 est,
1244 3543 1474 3626 quatuor
1494 3549 1840 3634 evangelista:
1866 3552 2164 3634 vestimenta
2265 3543 2361 3626 per
2385 3553 2566 3608 littora
2595 3553 2834 3622 ostendit
2856 3553 3015 3624 linem
3046 3552 3272 3608 mundi:
3296 3554 3515 3624 plenum
3537 3547 3700 3620 magnis
3714 3541 3799 3630 pit-

570 3637 758 3715 divisa,
791 3645 846 3701 id
876 3654 992 3710 est,
1021 3642 1455 3716 praedicationem
1480 3687 1495 3710 ,
1537 3641 1962 3724 incarnationem
1987 3688 2001 3711 ,
2039 3661 2162 3716 pas-
2263 3643 2426 3714 cibus,
2450 3645 2503 3702 id
2533 3653 2653 3711 est,
2688 3645 2961 3716 plenitudo
2994 3654 3049 3700 et
3076 3637 3410 3714 magnitt‘tdo
3457 3639 3696 3699 Ecclesiae.
3719 3644 3794 3724 per

571 3741 820 3807 sionem,
849 3747 904 3796 et
940 3738 1427 3818 resurrectionem,
1472 3721 1591 3818 qtae
1639 3738 2065 3809 praedicaverunt
2106 3740 2157 3792 in
2263 3739 2643 3795 remissionem
2669 3747 3178 3808 peccatorumzper
3209 3747 3361 3804 tres,
3389 3734 3618 3792 ostendit
3640 3721 3800 3808 trinita-

575 3841 809 3902 quatuor
837 3827 1080 3900 partibus
1110 3813 1318 3884 mundi.
1351 3813 1559 3882 Tunica
1605 3819 1786 3883 autem
1817 3828 2160 3896 inconsutilis
2261 3841 2369 3889 rem
2390 3851 2403 3886 ε
2425 3833 2702 3886 ἰηάὶυἱδωη
2725 3843 2830 3886 rete
2855 3842 2902 3886 et
2923 3847 3026 3885 non
3051 3823 3273 3902 scissum
3297 3874 3312 3895 ,
3339 3832 3394 3886 id
3423 3841 3540 3895 est,
3565 3823 3797 3883 Ecclesiam

576 3901 814 3992 desuper
843 3929 1134 3987 contexta,
1172 3918 1408 3975 ostendit
1433 3921 1552 3989 quia
1583 3919 1842 3974 divinitas
1889 3919 1942 3975 in
1998 3905 2158 3995 Patre
2263 3924 2318 3979 in
2348 3922 2530 3978 futuro
2561 3926 2934 3994 incorruptam
2962 3939 2975 3975 :
3000 3901 3347 3977 manducavit
3368 3909 3529 3978 Iesus
3555 3926 3655 3990 post
3676 3928 3798 3968 restir-

577 4026 631 4071 et
659 4015 798 4071 Filio
827 4014 1202 4085 inseparabilis
1231 4023 1314 4070 est
1360 4031 1374 4067 :
1425 4029 1526 4092 non
1580 4014 1875 4068 scindamus
1905 4029 2037 4080 eam,
2069 4013 2158 4068 sed
2260 4018 2537 4072 rectionem
2559 4057 2574 4080 ,
2608 4015 3044 4092 ostenditveram
3087 4015 3537 4072 incarnationem
3579 4002 3800 4080 torpetis.

567 4110 846 4162 sortiamus
870 4107 934 4161 de
958 4107 1072 4172 illa,
1112 4107 1261 4178 cujus
1283 4089 1434 4176 erit,
1464 4104 1734 4176 ostendit,
1769 4107 1891 4176 quia
1924 4106 2024 4161 viri
2070 4109 2156 4161 δει-
2261 4118 2321 4164 ut
2348 4108 2636 4163 credentes
2667 4089 2979 4163 crederent.
3679 4097 3684 4106 ’

571 4199 761 4254 tholici
793 4215 899 4253 non
939 4198 1194 4253 scindunt
1220 4199 1476 4252 unitatem
1514 4191 1831 4276 divinitatis.
2331 4201 2478 4256 Dixit
2495 4201 2672 4266 ὥδευε,
2692 4200 2879 4256 Simon
2900 4197 3142 4266 Ioannis,
3167 4217 3324 4257 amas
3345 4205 3452 4267 me,
3477 4194 3712 4256 OSIendit,
3731 4187 3800 4243 sic.

641 4291 854 4360 Mulier,
878 4307 990 4346 ecce
1019 4291 1161 4360 ﬁlius
1193 4300 1346 4344 tuus:
1376 4289 1656 4359 discipulo,
1685 4305 1799 4345 ecce
1837 4299 2000 4346 mater
2027 4299 2116 4370 tua
2136 4307 2156 4346 :
2259 4304 2320 4350 ut
2343 4304 2426 4350 ter
2455 4294 2699 4364 negavit,
2731 4304 2790 4348 ut
2817 4301 2900 4348 ter
2935 4292 3301 4348 conﬁteretur
3321 4275 3496 4370 iidem
3523 4283 3796 4347 Trinitatis:

570 4384 660 4440 hic
690 4385 954 4455 virginem
983 4382 1418 4446 commendavit,
1460 4392 1516 4435 ut
1552 4383 1921 4451 incorruptam
1973 4369 2157 4448 serva-
2229 4404 2407 4462 .pasce
2436 4404 2550 4442 ores
2576 4402 2740 4452 meas,
2764 4386 2818 4441 id
2849 4397 2932 4442 est
2952 4431 2966 4455 ,
3000 4387 3052 4440 in
3085 4369 3384 4445 Ecclesia:
3415 4390 3671 4459 ingressus
3694 4376 3797 4432 Iesu

489 4493 492 4496 '
562 4485 680 4531 ret:
705 4495 808 4532 non
835 4481 1101 4549 [regerunt
1127 4491 1283 4529 crura
1303 4474 1333 4528 J
1342 4491 1457 4540 esu,
1488 4475 1539 4528 id
1560 4483 1674 4539 est,
1701 4475 1844 4545 quod
1868 4475 2151 4548 ﬁguratum
2251 4481 2434 4558 januis
2462 4481 2654 4534 clausis
2674 4519 2691 4546 ,
2711 4480 2953 4535 ostendit
2975 4479 3100 4549 quia
3122 4479 3333 4535 clausis
3356 4481 3638 4550 ingressus
3663 4479 3732 4529 est
3747 4467 3802 4537 ja-

567 4581 696 4626 ante
727 4574 907 4624 fuerat
927 4613 942 4635 ,
975 4586 1076 4640 per
1100 4585 1294 4640 agnum
1345 4567 1397 4622 in
1428 4567 1701 4640 IEgypto:
1731 4583 1836 4624 non
1887 4571 2148 4638 crudum,
2175 4571 2229 4631 Β
2256 4556 2384 4628 uuis
2408 4582 2618 4628 uterum
2652 4572 2757 4642 (sic
2809 4581 2863 4626 et
2891 4587 3082 4628 omnes
3113 4574 3299 4628 sancri
3331 4583 3458 4644 post
3501 4563 3804 4628 resurrectio-

567 4678 666 4718 nec
696 4672 911 4718 coctum
940 4678 1108 4733 aqua,
1156 4662 1250 4718 sed
1283 4676 1462 4716 assum
1496 4670 1701 4715 tantum
1733 4663 1877 4733 igni,
1905 4663 2147 4719 ostendit
2255 4682 2380 4722 nem
2405 4666 2634 4721 induunt
2657 4666 2905 4736 spiritale
2933 4680 3133 4736 corpus
3155 4708 3169 4730 ,
3203 4666 3424 4738 ubique
3447 4666 3570 4722 sine
3595 4670 3721 4719 metu
3745 4654 3803 4709 in-

565 4757 870 4828 passiouem
895 4756 1124 4834 Chrisri:
1164 4754 1414 4810 baculum
1447 4755 1498 4808 in
1529 4770 1689 4808 manu
1711 4796 1726 4820 ,
1757 4755 1999 4810 ostendit
2023 4770 2147 4811 cru-
2251 4760 2404 4832 gredi
2438 4761 2713 4831 possunt),
2748 4758 2889 4814 unde
2913 4758 3146 4830 integer,
3180 4769 3241 4815 et
3273 4743 3633 4828 incorruptus
3661 4746 3804 4809 matri-

562 4865 680 4902 cem
705 4847 932 4910 Christi,
955 4847 1024 4902 de
1047 4845 1248 4900 mundo
1271 4847 1338 4899 ad
1366 4845 1578 4900 Patrem
1605 4864 1618 4899 :
1653 4863 1756 4900 non
1785 4849 2144 4902 comminuetis
2252 4855 2466 4910 monia;
2491 4862 2605 4910 tres
2634 4854 2926 4910 testiﬁcant
2953 4853 3093 4909 hanc
3117 4857 3488 4912 sententiam,
3526 4853 3528 4856 ’

558 4957 623 4994 ca:
647 4957 729 5006 eo,
761 4938 1003 4994 ostendit
1030 4981 1044 5022 τ
1075 4947 1131 4991 ut
1161 4951 1268 4991 non
1299 4936 1456 4994 ﬁeret
1484 4936 1714 4992 infracta
1740 4951 1873 4992 crux
1896 4936 2098 4994 Chrisﬁ
2125 4957 2141 4995 :
2321 4947 2656 5020 Discipulus,
2702 4963 2850 5015 quem
2893 4948 3097 5001 amabat
3144 4949 3310 5004 Iesu;
3335 4966 3356 5004 ς
3397 4945 3646 5005 Secunda
3670 4941 3806 4995 virttis

559 5034 738 5086 lancea
768 5033 904 5087 latus
924 5034 1038 5104 ejus
1069 5037 1395 5112 punxerunt,
1424 5041 1477 5083 ut
1502 5029 1808 5102 impleretur
1829 5031 2140 5103 Scriptura:
2247 5050 2334 5097 est
2349 5082 2364 5106 ,
2383 5040 2526 5112 quod
2549 5039 2677 5095 fecit
2699 5038 2858 5096 Jesus
2882 5042 2932 5096 in
2957 5039 3101 5096 Cana
3124 5041 3365 5099 Galileae
3381 5085 3398 5111 ,
3425 5043 3605 5099 viuum
3625 5039 3686 5094 de
3703 5043 3805 5104 aqua

557 5125 796 5178 viderunt
823 5127 875 5178 in
900 5141 1049 5194 quem
1071 5111 1423 5196 'pupugerunt.
1552 5135 1559 5142 ‘
2245 5111 2516 5204 expressit
2536 5151 2548 5188 :
2565 5149 2694 5206 opus
2705 5143 2941 5206 paratum
2958 5133 3336 5204 virginitatem
3349 5137 3448 5192 Joa
3459 5115 3576 5190 nnis
3589 5125 3804 5188 ostendit.

628 5216 801 5270 Ercivit
828 5218 1038 5289 sanguis
1067 5225 1114 5270 et
1139 5231 1276 5285 aqua
1300 5231 1319 5270 :
1343 5215 1486 5272 sicut
1513 5229 1578 5270 ex
1609 5215 1780 5270 latere
1803 5214 1934 5271 Adae
1956 5231 2141 5287 sump-
2241 5225 2371 5296 quia
2403 5226 2480 5280 illi
2528 5241 2728 5295 sponsa
2783 5226 3069 5296 conjuncta
3118 5237 3244 5283 est:
3279 5227 3684 5290 testimonium,
3721 5230 3806 5290 quo

537 5315 607 5363 ta
635 5318 721 5362 cst
745 5309 855 5363 Eva
879 5352 893 5374 ,
918 5312 992 5364 ita
1013 5324 1079 5365 ex
1102 5310 1270 5363 latere
1294 5307 1498 5364 (Htristi
1523 5306 1694 5363 exivit
1713 5307 2014 5378 redemptio
2034 5308 2140 5364 ΕΟ·
2242 5318 2643 5375 commendavit
2668 5319 2825 5374 Jesus
2853 5330 3082 5375 matrem
3109 5301 3268 5374 suam
3296 5320 3526 5378 Joanni.
3559 5316 3709 5374 Maria
3730 5310 3807 5366 Ec-

549 5401 773 5458 clesiae:
804 5403 898 5471 per
929 5404 1244 5472 sanguinem
1278 5399 1528 5455 remissio
1554 5417 1567 5452 :
1595 5415 1690 5470 per
1711 5415 1905 5470 aquam
1931 5401 2117 5472 baptis‘

2240 5413 2464 5468 clesiam
2491 5412 2708 5483 ﬁgurat,
2728 5413 2967 5470 Joannes
2989 5391 3360 5485 principatum
3415 5399 3558 5473 sicut
3579 5410 3807 5469 initloanc

546 5513 717 5552 munt.
749 5495 865 5549 Duo
895 5496 1138 5567 discipuli
1161 5504 1450 5562 currentes,
1482 5492 1672 5548 Petrus
1692 5495 2011 5562 etloannes,
2043 5512 2133 5552 os-
2240 5518 2338 5558 nes
2361 5503 2512 5574 virgo
2537 5504 2904 5569 matrimonio,
2933 5506 3011 5561 sic
3041 5505 3142 5561 fuit
3167 5489 3531 5579 incorruptus
3556 5515 3609 5563 et
3635 5509 3802 5560 morte:

545 5589 723 5645 tendit
745 5588 879 5643 duos
909 5589 1138 5657 p0pulos
1165 5598 1449 5644 currentes
1471 5629 1485 5654 ,
1510 5587 1725 5643 Iudaeos
1757 5605 1850 5659 per
1881 5590 2013 5660 legis
2041 5591 2128 5646 lit-
2234 5597 2473 5654 Joannes
2497 5599 2868 5670 genealogiam
2898 5600 2964 5654 de
3011 5599 3302 5656 divinitate
3344 5613 3568 5666 narrar,
3599 5613 3708 5655 nam
3734 5589 3803 5646 alii

541 5694 714 5740 teram
735 5726 748 5749 ,
782 5692 972 5754 gentes
1002 5696 1099 5751 per
1121 5681 1293 5752 legem
1327 5693 1555 5738 naturas.

2233 5689 2303 5746 de
2333 5691 2551 5745 homine
2582 5701 2838 5747 narrant:
2866 5693 2934 5747 de
2961 5691 3252 5749 divinitate
3275 5695 3552 5758 Joannes,
3580 5692 3725 5750 dicit,
3750 5684 3799 5737 1η

609 5776 840 5833 Jomtues
869 5779 1208 5848 praecucurrit
1233 5778 1408 5848 citius,
1429 5776 1559 5834 vidit
1596 5775 1898 5834 linteamina
1925 5779 2117 5850 posita,
2230 5783 2490 5855 principio
2508 5793 2620 5839 erat
2643 5783 2882 5842 Verbum.
2909 5784 3251 5858 lstejacebat
3279 5801 3452 5862 super
3472 5780 3802 5861 pectuslesui
