3970 6304
158 300 255 360 589'
719 250 1261 357 COMllIENTARIUS
1297 296 1365 354 IN
1404 294 1860 355 EVANGELIUM
1897 294 2045 353 SEC.
2088 288 2401 354 MARCUM.
2441 292 2835 355 PREFATIO.
3278 298 3383 356 590

156 427 195 475 et
227 412 428 471 scientia
456 411 789 479 divinitatis,
822 428 942 483 qua:
981 412 1159 467 fuerat
1192 413 1247 466 in
1279 420 1500 482 pectore
1525 410 1688 478 Jesu,
1715 413 1768 473 Α
1794 409 2001 466 tiﬁcata
2027 416 2111 465 est
2131 452 2145 477 ,
2168 410 2363 466 deinde
2389 425 2525 481 aqua
2550 454 2565 480 ,
2592 419 2647 466 et
2673 420 2858 481 postea
2882 408 3180 467 novissime
3210 394 3381 482 ignis,

158 508 355 566 ascendit
377 507 573 563 Joanni
598 507 665 563 de
692 506 1079 577 conjunctione
1109 505 1340 561 duorum
1387 515 1693 575 pectorum.
1798 506 1926 578 quia
1976 505 2179 563 clarior
2208 514 2327 570 est,
2359 505 2651 563 subtilior:
2685 506 2812 561 item
2866 505 2921 561 in
2970 503 3387 561 similitudinem

159 607 283 661 Insita
306 604 465 659 arbor
486 604 540 658 in
565 603 768 669 altera,
795 601 923 656 facit
948 600 1181 656 fructum
1212 599 1425 655 arboris
1447 596 1695 669 alterius,
1800 599 2027 653 duarum
2060 598 2274 669 legum,
2326 596 2379 653 id
2410 608 2492 653 est
2518 643 2531 668 ,
2564 607 2720 656 vetus
2745 608 2800 654 et
2828 614 3005 653 nova:
3033 607 3188 654 vetus
3235 599 3389 667 prius

151 705 187 755 in
212 716 297 769 qua
327 699 617 768 plantatur.
653 697 709 754 Si
737 697 1035 752 secundum
1066 695 1310 767 ordinem
1341 691 1565 750 canonis
1595 693 1697 747 iste
1803 694 1997 749 tradita
2027 701 2146 751 erat
2166 736 2180 761 ,
2208 709 2349 749 nova
2378 703 2556 750 tamen
2586 695 2789 750 clarior
2813 702 2932 759 est,
2960 704 3015 750 et
3043 692 3239 763 major,
3266 694 3391 763 quia

150 794 251 847 liber
273 790 516 845 Matthaeo
538 789 957 860 praemittendus
979 798 1124 844 esset
1152 806 1163 841 :
1190 798 1244 843 et
1274 786 1415 857 quod
1439 786 1493 841 in
1520 784 1702 841 novis-
1802 787 1870 842 de
1901 787 2217 843 caelestibus
2243 786 2524 853 discernit,
2555 796 2610 841 et
2634 786 2997 842 abundantior
3025 801 3119 853 ea,
3150 784 3295 856 quod
3320 785 3391 841 ad

148 883 298 939 simam
327 882 540 953 positus
567 892 777 953 partem
800 922 817 949 ,
844 889 930 938 est
956 882 1083 952 quia
1109 890 1253 936 terra
1280 880 1516 949 primum
1545 892 1701 933 sanc-
1805 879 2155 951 Evangelium
2179 879 2407 935 Joannis
2435 880 2673 951 pertinet
2703 896 2773 936 ex
2806 895 2974 952 supra
2997 879 3178 935 dictis.

152 1117 1057 1211 COMMENTARIUS
1110 1121 1234 1206 IN
1285 1116 2082 1206 EVANGELIUM
2137 1111 2799 1206 SECUNDUM
2837 1118 3393 1209 MARCUM.

1593 1273 1928 1296 μ

1432 1395 2048 1477 PBZEFATIO.

207 1533 373 1590 Omnis
413 1530 593 1589 scriba
613 1531 808 1588 doctus
838 1532 892 1588 in
940 1545 1111 1603 regno
1153 1530 1423 1588 ctelorum
1447 1573 1462 1600 ,
1508 1528 1703 1584 similis

156 1640 216 1683 (ει
258 1627 461 1683 homini
514 1627 923 1696 patrifamilias,
971 1627 1061 1695 qui
1095 1626 1303 1693 profert
1345 1623 1415 1680 de
1446 1622 1703 1679 thesauro

156 1738 227 1777 suo
254 1738 380 1778 nova
404 1732 460 1776 et
478 1733 686 1775 vetera.
719 1721 830 1791 Ego
856 1734 988 1774 vero
1015 1717 1211 1773 similis
1238 1716 1582 1787 paupercula:
1624 1714 1704 1768 vi-

154 1817 272 1883 dum,
318 1815 426 1869 duo
465 1814 675 1869 minuta
706 1813 761 1867 in
789 1811 1239 1883 gazophylacium
1271 1807 1542 1876 mittenti,
1592 1805 1704 1860 dis-

155 1908 363 1963 rentibus
394 1907 529 1962 meis
575 1906 958 1978 paupereulis,
988 1921 1051 1960 ac
1081 1904 1150 1960 de
1191 1916 1430 1974 paupere
1467 1912 1703 1971 paupera

156 2004 463 2073 sperantibus
492 2003 782 2057 alimenta:
814 2002 913 2056 has
958 2000 1027 2056 de
1054 2014 1244 2056 mensa
1286 2000 1515 2055 divitum
1549 1996 1706 2051 mitto

155 2093 321 2161 iiiicas,
344 2107 476 2163 quas
505 2092 672 2146 catuli
702 2092 809 2147 mei
842 2089 1002 2145 avide
1026 2106 1147 2146 cum
1171 2087 1591 2160 Syropbtenissa
1619 2087 1709 2141 lla-

158 2190 312 2257 gitant.
337 2187 508 2243 Porro
539 2186 788 2251 anxiata,
823 2200 1017 2239 aurum
1065 2194 1118 2239 et
1145 2193 1462 2254 argentum,
1498 2179 1704 2250 lapides

159 2283 386 2349 pretiosos
432 2280 659 2334 minime
686 2277 894 2334 habens
920 2296 932 2329 :
965 2276 1136 2347 pelles
1163 2276 1376 2331 scilicet
1403 2271 1707 2351 hyacinthi-

1810 1528 2040 1596 thaeum;
2066 1530 2160 1601 qui
2191 1529 2395 1597 fremit,
2431 1540 2490 1587 ut
2517 1531 2632 1599 leo;
2668 1532 2760 1604 qui
2790 1534 2963 1602 volat,
2992 1544 3051 1590 ut
3074 1537 3283 1606 aquila;
3312 1540 3403 1609 qui

1811 1622 1959 1689 dicit,
1991 1632 2049 1678 ut
2074 1623 2268 1689 homo;
2298 1623 2388 1694 qui
2411 1625 2672 1692 immolat,
2703 1637 2763 1680 ut
2786 1628 3064 1695 sacerdos;
3085 1630 3176 1699 qui
3200 1632 3409 1700 irrigat,

1810 1722 1871 1769 ut
1897 1715 2134 1782 flumen;
2178 1717 2269 1787 qui
2299 1714 2564 1786 ﬂorescit,
2599 1729 2846 1789 utager;
2881 1722 2970 1787 qui
3002 1721 3207 1788 fervet,
3243 1734 3299 1777 ut
3328 1724 3412 1778 vi-

1814 1822 1982 1860 num:
2031 1807 2277 1862 Christus
2321 1810 2523 1863 etenim
2569 1808 2638 1865 de
2680 1826 2788 1879 quo
2826 1811 3087 1882 loquitur,
3119 1813 3280 1869 homo
3308 1830 3413 1873 na-

1813 1899 2015 1956 scendo
2037 1942 2053 1966 ,
2099 1900 2300 1955 vitulus
2329 1902 2614 1957 moriendo
2637 1946 2651 1971 ,
2684 1903 2771 1958 leo
2801 1905 3097 1974 surgendo,
3130 1907 3310 1977 aquila
3333 1917 3418 1964 cst

1812 1993 2176 2049 ascendendo.
2211 1995 2452 2061 Quatuor
2474 2006 2603 2051 sunt
2632 1997 2919 2067 qualitates
2938 2039 2952 2065 ,
2979 2000 3047 2056 de
3068 2002 3263 2071 quibus
3291 2019 3418 2058 san-

1811 2095 1898 2142 cta
1934 2087 2219 2158 Evangelia
2261 2097 2663 2147 contexuntur:
2693 2100 2959 2159 praecepta
2984 2136 2999 2161 ,
3026 2093 3301 2157 mandata,
3338 2104 3418 2150 te-

1812 2179 2091 2249 stimonia,
2125 2179 2391 2250 exempla.
2424 2183 2482 2236 ln
2512 2184 2800 2251 praeceptis
2822 2184 3029 2253 justitia
3062 2201 3078 2241 :
3108 2186 3163 2241 in
3194 2187 3417 2242 manda-

1816 2273 1888 2327 tis
1930 2273 2206 2328 charitas:
2239 2274 2291 2327 in
2341 2273 2663 2331 testimoniis
2713 2276 2884 2331 fides:
2919 2278 2972 2333 in
3003 2280 3267 2349 exemplis
3293 2296 3417 2349 per-

162 2388 234 2426 nas
270 2374 329 2427 de
356 2373 703 2438 crelestibus,
736 2387 845 2426 non
879 2371 949 2425 de
978 2369 1332 2425 terrestribus
1369 2367 1595 2423 olferam
1621 2382 1635 2419 :
1665 2365 1712 2419 si
1741 2369 1792 2432 Β
1818 2368 1977 2423 lectio
2024 2368 2293 2423 consistit.
2338 2366 2411 2424 Ut
2452 2378 2578 2422 sunt
2610 2369 2725 2424 haec
2752 2381 3017 2441 praecepta
3044 2390 3058 2428 :
3089 2372 3239 2428 Tunc
3262 2373 3420 2429 Jesus

163 2473 348 2535 potuero
359 2467 424 2521 de
444 2466 673 2528 naturis,
699 2464 751 2517 id
768 2472 871 2532 est,
894 2462 963 2517 de
987 2459 1521 2531 MarciEvangelista:
1535 2458 1709 2513 histo-

166 2560 245 2622 ria,
272 2560 347 2613 vel
374 2559 603 2630 mystico
633 2556 946 2622 intellectu,
979 2564 1037 2609 ut
1065 2555 1300 2623 majores
1330 2553 1435 2607 mei
1469 2548 1707 2605 tradide-

171 2661 293 2720 runt,
324 2652 426 2707 Deo
465 2651 759 2721 adjuvante
780 2691 795 2713 ,
829 2649 1083 2703 intimare
1112 2646 1335 2702 curabo.
1371 2645 1542 2711 Quem
1586 2641 1713 2696 ideo

175 2743 514 2814 Evangelistain
546 2753 846 2799 tractantes
878 2743 1172 2805 intactum,
1198 2748 1260 2794 ut
1287 2748 1449 2809 puto,
1483 2745 1715 2807 praeter-

180 2848 274 2890 eunt
305 2837 457 2905 :quia
486 2836 676 2893 eadem
710 2852 843 2905 pene
866 2879 879 2903 ,
923 2849 1044 2905 qua:
1075 2830 1362 2888 Matthaens
1392 2837 1580 2883 narrat
1610 2845 1621 2879 :
1652 2827 1718 2888 li-

185 2938 246 2981 cet
267 2929 310 2981 in
339 2931 567 2999 propriis
594 2928 922 2999 quibusdam
967 2927 1079 2981 sint
1102 2922 1343 2981 distincti
1370 2918 1716 2983 testimoniis;

188 3023 310 3075 utula
339 3023 595 3087 alterius,
629 3022 767 3076 alam
819 3019 1047 3075 alterius
1099 3025 1283 3087 tangat
1329 3013 1613 3071 animalis:
1662 3019 1718 3065 et

1816 2463 2075 2533 prmcepit
2098 2462 2384 2534 discipulis
2409 2463 2520 2519 suis
2547 2463 2837 2520 duodecim
2864 2483 2877 2520 :
2910 2466 2966 2521 ln
3007 2466 3147 2521 viam
3177 2469 3418 2540 gentium

1818 2577 1888 2615 ne
1915 2560 2160 2616 abieritis
2187 2602 2199 2624 ,
2232 2570 2289 2617 et
2318 2561 2563 2631 reliqua:
2595 2560 2697 2616 hoc
2721 2571 2804 2618 est
2829 2607 2842 2631 ,
2890 2562 3161 2619 divertere
3197 2578 3225 2617 a
3257 2565 3418 2619 malo.

1819 2652 2069 2708 Mandata
2092 2659 2272 2707 autem
2296 2651 2409 2706 haec
2436 2660 2585 2717 sunt,
2618 2651 2815 2723 quibus
2844 2652 3079 2708 dicitur:
3112 2653 3420 2711 Mandatum

1821 2758 2019 2799 novum
2042 2742 2113 2797 do
2128 2743 2308 2811 vobis,
2335 2752 2397 2798 ut
2417 2742 2656 2814 diligatis
2674 2744 2902 2801 invicem
2931 2764 2943 2799 :
2975 2748 3076 2802 hoc
3106 2756 3210 2813 est,
3242 2747 3424 2804 facere

1825 2835 2048 2903 bonum,
2072 2847 2127 2891 et
2154 2834 2470 2893 charitatcm
2491 2836 2737 2907 implere.
2766 2837 3096 2895 Testimonia
3129 2850 3274 2907 sunt,
3303 2857 3425 2909 qua:

1826 2929 1879 2984 in
1910 2945 2003 2985 ore
2032 2929 2290 2996 duorum,
2315 2930 2399 2986 vel
2431 2931 2591 2986 trium
2619 2932 2837 2986 testium
2865 2940 3028 2988 stant.
3056 2932 3124 2989 Ut
3146 2943 3230 2990 est
3256 2934 3421 2989 illud:

1825 3020 2062 3077 Joannes
2092 3022 2459 3077 testimonium
2482 3021 2734 3091 perhibet
2761 3023 2828 3079 de
2858 3039 2974 3092 me,
3013 3024 3109 3080 sed
3143 3024 3317 3081 habeo
3347 3034 3427 3082 tc-

200 3129 282 3168 rma
304 3125 457 3171 rotam
481 3116 673 3172 eadem
704 3124 963 3185 sequatur
984 3114 1069 3167 via
1095 3130 1107 3166 :
1133 3122 1188 3167 et
1214 3121 1274 3166 ut
1295 3110 1471 3165 versis
1492 3106 1719 3162 invicem

199 3210 391 3272 validius.
414 3228 538 3269 sese
565 3220 751 3265 sancta
776 3217 1140 3264 contueantur
1160 3205 1436 3260 animalia.
1460 3203 1516 3257 In
1547 3202 1722 3271 primo

208 3316 347 3359 canone
371 3307 577 3361 Marcus
602 3346 617 3370 ,
650 3320 771 3358 cum
806 3301 1091 3368 Mattlnno,
1135 3300 1389 3369 Lucaque
1433 3297 1725 3353 comitatur

211 3403 249 3445 et
287 3394 465 3453 limine.
498 3397 559 3452 In
588 3395 852 3460 secundo,
883 3409 1008 3450 cum
1046 3390 1300 3447 Μαιώωο
1349 3399 1405 3446 et
1453 3390 1616 3445 Luca.
1665 3387 1723 3443 In

209 3499 361 3556 quarto,
384 3509 502 3547 cum
537 3489 791 3545 hlattbazo
844 3498 901 3543 et
928 3488 1159 3542 Joanne.
1210 3482 1269 3540 In
1322 3493 1479 3539 sexto
1517 3494 1726 3537 canone

1829 3113 2141 3168 stimonium
2170 3115 2345 3183 majus
2368 3114 2597 3173 Joanne.
2626 3115 2788 3171 Pater
2817 3116 2963 3187 ipse,
2997 3118 3088 3188 qui
3118 3117 3172 3171 in
3195 3133 3281 3173 me
3308 3136 3425 3173 ma-

1829 3215 1959 3273 net,
2014 3206 2383 3261 testimonium
2433 3207 2682 3277 perhibet
2724 3208 2793 3263 de
2838 3224 2944 3265 me.
2999 3208 3067 3264 Et
3093 3210 3204 3281 ipsa
3234 3226 3419 3280 opera,

1829 3315 1949 3370 quae
1983 3314 2087 3371 ego
2133 3299 2276 3354 facio
2300 3343 2314 3367 ,
2359 3301 2732 3356 testimonium
2779 3301 3069 3373 perhibent
3106 3303 3177 3359 de
3214 3319 3339 3359 me:
3372 3314 3429 3361 et

1831 3408 1931 3464 ego
1981 3393 2349 3449 testimonium
2400 3394 2663 3464 perhibeo
2703 3395 2942 3450 veritati.
3004 3395 3266 3467 Exempla
3296 3414 3428 3453 vero

1831 3494 1997 3550 sunt,
2048 3485 2241 3557 quibus
2278 3485 2461 3541 Jesum
2492 3486 2793 3555 imitantur,
2819 3487 3128 3544 dicentem:
3172 3490 3369 3547 Discite
3394 3507 3427 3547 a

205 3580 305 3636 velut
327 3585 368 3639 in
387 3593 541 3640 recte
566 3584 675 3638 duo
696 3580 916 3646 annuli,
942 3579 1228 3635 Mattliteus
1255 3593 1474 3647 semper
1495 3576 1726 3645 conjun-
1832 3597 1943 3648 me,
1974 3581 2098 3652 quia
2121 3580 2267 3635 mitis
2287 3594 2430 3646 sum,
2462 3590 2516 3636 et
2546 3580 2776 3652 reliqua.
2820 3582 2887 3637 Et
2911 3599 2925 3637 :
2959 3581 3150 3639 Estote
3175 3584 3428 3655 perfecti,

192 3676 312 3739 gitur,
338 3690 386 3732 et
412 3679 663 3732 Marcus:
718 3674 773 3729 id
802 3682 915 3739 est,
953 3673 1005 3727 in
1035 3671 1389 3743 quadraginta
1422 3678 1476 3724 et
1519 3676 1726 3738 septem
1833 3672 1888 3727 id
1919 3681 2001 3729 est
2024 3712 2040 3740 ,
2072 3670 2483 3744 misericordesf,
2530 3674 2671 3730 sicut
2713 3684 2769 3730 et
2797 3674 2958 3732 Pater
2986 3686 3164 3733 vester
3187 3679 3429 3735 caelestis

189 3771 407 3837 capitulis.
439 3771 497 3826 lu
527 3782 722 3824 octavo
748 3783 959 3823 canone
1003 3782 1127 3822 cum
1157 3765 1302 3820 Luca
1329 3765 1641 3829 comitatur,
1675 3760 1727 3816 id
1758 3764 1804 3829 ε’,
1834 3764 2112 3838 perfectus
2140 3773 2244 3821 est.
2294 3764 2364 3821 Et
2392 3766 2558 3821 alibi:
2593 3768 2913 3838 Exemplum
2932 3770 3075 3824 enim
3094 3770 3217 3825 dedi
3250 3773 3429 3837 vobis,

182 3867 271 3923 cst,
293 3864 337 3915 in
361 3860 619 3917 tredecim
644 3857 915 3928 capitulis.
941 3857 999 3912 In
1024 3857 1260 3927 propriis
1282 3871 1444 3919 vero,
1468 3870 1587 3925 qum
1614 3868 1728 3908 ma-
1833 3868 1894 3914 ut
1913 3869 1969 3914 et
1990 3874 2085 3913 vos
2109 3858 2181 3912 ita
2210 3857 2448 3914 faciatis.
2487 3858 2594 3913 Has
2620 3870 2850 3929 quatuor
2874 3862 3157 3930 qualitates
3186 3863 3432 3919 Psalmo-

182 3952 295 4009 xime
322 3964 611 4024 utcumque
646 3953 940 4023 explanare
970 3950 1201 4021 dispono
1222 3992 1238 4017 ,
1272 3950 1460 4005 decem
1505 3958 1561 4004 et
1604 3955 1729 4002 octo
1834 3950 2027 4023 graphi
2051 3964 2237 4005 versus
2276 3951 2573 4006 concinnnt
2598 3992 2611 4016 ,
2642 3951 2927 4007 dicentes:
2960 3952 3299 4024 Prazceptum
3327 3957 3433 4013 Do-

178 4043 346 4101 iacedit
366 4047 647 4118 speciatim
667 4042 947 4116 capitulis:
970 4060 1091 4114 quae
1111 4042 1275 4097 simul
1294 4042 1473 4097 omnia
1495 4041 1728 4096 ducenta
1837 4045 1971 4101 mini
1998 4045 2235 4101 lucidum
2270 4044 2583 4101 illuminans
2611 4045 2818 4101 oculos.
2874 4046 3169 4102 Ilistoriam
3195 4052 3429 4109 maxime

175 4149 217 4191 et
252 4142 458 4212 triginta
488 4140 729 4210 quinque
762 4149 889 4193 sunt
931 4136 1187 4205 capitula.
1214 4136 1430 4191 Marcus
1483 4135 1729 4204 Evange-
1838 4150 2109 4211 praecepta
2168 4141 2470 4196 continent.
2542 4142 2610 4195 Et
2665 4140 2792 4196 alibi
2834 4160 2848 4197 :
2890 4142 3080 4199 Latum
3120 4148 3432 4205 mandatum

174 4234 274 4288 lista
307 4235 428 4299 Dei,
460 4233 605 4287 Petri
638 4231 961 4300 discipulus,
994 4229 1267 4284 Leviticus
1292 4244 1495 4299 genere
1520 4269 1535 4293 ,
1561 4235 1617 4283 et
1646 4242 1737 4283 sa-
1840 4243 1988 4289 tuum
2018 4234 2196 4287 nimis.
2222 4232 2359 4301 Quia
2386 4233 2476 4304 qui
2508 4232 2683 4304 diligit
2713 4235 3038 4303 proximum,
3064 4245 3233 4293 totam
3259 4241 3430 4312 legem

172 4331 379 4393 ceruos,
435 4326 487 4380 in
543 4325 696 4380 Italia
768 4324 870 4379 hoc
923 4324 1144 4393 scripsit
1201 4322 1584 4393 Evangelium.
1633 4321 1736 4390 Qui
1842 4324 2106 4396 implevit.
2141 4325 2275 4381 Item
2296 4326 2708 4381 testimoniatua
2732 4326 3155 4385 intellexiznon
3184 4342 3267 4387 est
3288 4335 3432 4389 enim

175 4419 362 4475 initium
395 4419 673 4489 Evangelii
707 4420 789 4473 sui
818 4417 886 4473 de
913 4418 1135 4473 vocibus
1165 4417 1555 4487 prophetarum
1597 4432 1735 4486 prae-
1842 4418 2085 4474 omnium
2126 4418 2437 4473 testimonia
2481 4418 2808 4489 intelligere.
2878 4419 3035 4476 Unde
3087 4424 3222 4478 alias
3266 4425 3432 4481 dicit:

177 4527 369 4569 sumens
396 4533 411 4569 :
436 4514 835 4569 Praecursorem
868 4510 1075 4565 Christi
1103 4509 1391 4578 Joannem,
1417 4509 1695 4564 Malachize
1716 4548 1735 4575 ,
1846 4510 2241 4566 Testimonium
2272 4510 2485 4565 Domini
2514 4510 2693 4566 ﬁdele.
2745 4511 2879 4577 Quia
2908 4515 3089 4582 potius
3118 4516 3223 4571 fide
3245 4520 3433 4587 animi,

179 4606 219 4657 id
280 4621 393 4673 est,
444 4606 619 4677 angeli
674 4605 984 4661 testimonio
1042 4603 1436 4674 comprobaus:
1503 4603 1739 4658 Verbum
1848 4617 2009 4672 quam
2054 4603 2231 4657 oculis
2272 4602 2457 4657 carnis
2502 4602 2873 4657 testimonium
2914 4605 3140 4677 indiget.
3192 4608 3435 4677 Quarto:

181 4713 287 4752 mo
308 4699 536 4761 factum,
560 4714 696 4754 voce
717 4697 872 4753 Isaia:
890 4698 1208 4769 designans:
1234 4696 1554 4766 principium
1577 4711 1741 4751 evan—
1848 4698 2059 4754 Judicia
2091 4696 2178 4751 dei
2205 4711 2353 4762 vera,
2385 4697 2677 4767 justificata
2705 4697 2755 4751 iu
2787 4700 3078 4771 semetipsa
3107 4721 3120 4757 :
3155 4703 3204 4758 id
3232 4714 3345 4773 est,
3381 4717 3439 4762 ut

183 4794 341 4860 gelicu:
386 4794 787 4867 praedicationis
836 4792 1104 4848 instituit:
1158 4800 1213 4847 et
1251 4792 1455 4846 invenit
1495 4793 1545 4845 in
1576 4791 1742 4846 verbo
1851 4791 1931 4847 sic
1971 4790 2079 4845 sint
2119 4789 2451 4859 judiciorum
2498 4792 2744 4861 exempla
2789 4796 3439 4870 nostrorum‘justificata,

185 4888 331 4953 vocis,
359 4864 499 4959 quod
524 4890 577 4942 in
608 4886 1073 4942 consonantibus:
1104 4884 1154 4940 id
1186 4892 1298 4951 est,
1330 4884 1385 4939 in
1413 4884 1745 4955 genealogiis
1854 4887 1997 4941 sicut
2020 4886 2074 4939 in
2090 4883 2307 4955 judiciis
2332 4883 2429 4939 Dei
2460 4896 2738 4957 comperta
2781 4886 3063 4945 habemus.
3113 4864 3266 4948 [inde
3302 4864 3443 4947 idem

189 4974 265 5033 Dei
293 4991 343 5035 et
370 4982 604 5036 hominis
643 4980 975 5051 perdiderat.
1030 4978 1182 5035 Unde
1228 4988 1373 5033 totus
1416 4979 1469 5032 in
1502 4977 1687 5048 primis
1712 4992 1745 5033 a
1856 4978 2052 5034 videns
2076 4975 2184 5031 alio
2206 4979 2349 5043 loco,
2382 4977 2498 5035 ait:
2537 4979 2580 5032 A
2605 4978 2828 5046 judiciis
2856 4981 3001 5037 enim
3037 4982 3140 5039 tuis
3166 4984 3338 5038 timui.
3384 4984 3443 5039 In

190 5072 492 5137 perfectione
514 5074 717 5129 ChriSti
747 5074 921 5127 aetatis
941 5073 1239 5145 przcdicare
1267 5071 1515 5128 inchoat:
1543 5088 1641 5128 nec
1662 5074 1745 5127 la-
1856 5087 1965 5143 quo
1995 5068 2139 5127 enim
2161 5068 2365 5139 judicio
2400 5069 2824 5137 indicaverimus
2846 5115 2861 5139 ,
2900 5073 3229 5143 judicabitur
3251 5076 3319 5131 de
3346 5091 3448 5131 no-

196 5162 325 5219 horat
362 5169 412 5222 in
457 5166 738 5223 nativitate
768 5167 1013 5221 infantnli
1038 5210 1051 5233 ,
1082 5166 1172 5237 qtti
1214 5168 1451 5236 loquitur
1474 5160 1543 5221 de
1571 5167 1747 5236 perfe-
1770 5155 1828 5219 D
1854 5167 1965 5221 bis.
2020 5162 2076 5219 In
2123 5164 2208 5221 bis
2251 5171 2483 5235 quatuor
2509 5165 2861 5235 qualitatibus
2891 5176 3041 5228 sunt,
3076 5169 3257 5235 timor,
3292 5171 3447 5238 fides,

200 5258 351 5313 ctione
381 5260 474 5314 filii
508 5259 623 5314 Dei.
672 5259 777 5313 Sed
807 5268 861 5312 et
886 5257 1148 5328 jejunium
1180 5257 1389 5312 numeri
1416 5257 1634 5327 legalis,
1666 5272 1753 5313 re-
1858 5275 2012 5331 spes,
2037 5258 2298 5315 charitas.
2330 5257 2550 5314 Timore
2584 5276 2821 5330 namque
2856 5259 3164 5329 incipimus,
3195 5261 3301 5319 fide
3341 5281 3458 5321 scr—

204 5353 373 5415 pulsam
404 5354 649 5421 diaboli,
686 5351 1041 5408 ministerium
1086 5352 1401 5421 angelorum
1444 5350 1751 5421 proferens,
1858 5368 2099 5419 vanius,
2153 5351 2296 5424 quod
2340 5351 2667 5421 incipimus.
2717 5368 2813 5423 spe
2861 5351 3141 5424 erigimur,
3189 5355 3460 5413 charitate

206 5449 437 5513 magnaiu
469 5450 623 5505 brevi
666 5447 1101 5518 comprehendit.
1150 5446 1250 5513 Qui
1278 5448 1484 5518 primus
1520 5448 1756 5502 Alexan-
1862 5461 2331 5505 eonsummamur.
2395 5444 2545 5501 Finis
2586 5448 2731 5502 enim
2781 5446 3066 5517 prtecepti,
3093 5456 3179 5505 est
3202 5450 3459 5505 charitas.

205 5537 309 5595 driae
360 5544 454 5598 fuit
494 5544 781 5613 episcopus
822 5558 834 5595 :
886 5543 1038 5611 cujus
1086 5555 1181 5610 per
1226 5541 1435 5612 singula
1479 5555 1613 5611 Opus
1660 5540 1758 5595 fuit
1870 5540 1934 5596 Hi
1968 5546 2097 5593 sunt
2124 5546 2359 5609 quatuor
2385 5554 2603 5595 menses
2632 5554 2768 5610 quos
2798 5537 3046 5596 Christus
3083 5552 3209 5598 ante
3230 5558 3463 5599 messem

208 5636 319 5689 scire
346 5681 359 5704 ,
412 5648 466 5693 et
494 5635 769 5705 Evangelii
804 5637 854 5689 in
893 5652 952 5690 se
978 5635 1121 5690 dicta
1152 5635 1441 5705 disponere
1466 5679 1480 5704 ,
1512 5648 1565 5689 «τι
1594 5636 1757 5691 disci-
1878 5632 2147 5705 praedixit,
2177 5631 2365 5687 dicens
2390 5650 2405 5686 :
2433 5631 2622 5688 Nonne
2650 5639 2886 5702 quatuor
2906 5649 3122 5691 menses
3145 5647 3265 5691 sunt
3296 5651 3468 5708 usque

208 5728 377 5785 saliuam
410 5731 461 5784 in
491 5746 550 5785 se
593 5730 725 5800 legis
755 5742 1083 5797 cognoscere
1111 5774 1124 5793 ,
1155 5739 1211 5782 et
1237 5728 1471 5781 divinam
1512 5728 1564 5782 in
1595 5742 1760 5783 carne
1879 5729 1947 5785 ad
1980 5743 2211 5784 messem
2235 5728 2259 5783 ?
2286 5726 2353 5783 Ut
2378 5734 2434 5783 et
2464 5741 2561 5781 nos
2586 5739 2682 5795 per
2706 5735 2980 5798 praecepta
3006 5728 3101 5784 Dei
3126 5737 3180 5784 et
3210 5729 3467 5785 mandata

206 5813 394 5877 Domini
421 5822 725 5895 intelligere
765 5830 1036 5879 naturam.
1080 5820 1185 5888 Qui
1223 5821 1460 5877 seminat
1484 5829 1607 5891 post
1626 5820 1765 5877 Μελι-
1880 5837 1946 5881 ac
1968 5821 2284 5881 testimonia
2313 5829 2475 5893 atque
2499 5821 2780 5894 exempla,
2809 5833 3050 5879 maturos
3070 5822 3473 5896 postjudicium
