3970 6304
611 338 716 402 εί91

1653 336 1711 397 S.
1756 336 2135 396 lllERONYMI
2173 336 2455 397 OPERUM
2492 337 2857 399 MANTISSA.

3775 330 3868 399 592

611 467 883 515 metamus
904 469 1023 512 cum
1049 453 1247 526 gaudio
1277 453 1489 510 fructus
1506 495 1521 522 ,
1552 454 1644 525 qui
1672 455 1726 510 in
1751 454 2007 526 lacrymis
2036 455 2189 509 timo—
2218 453 2276 516 A
2298 453 2681 513 Paenitentiam
2725 457 2874 527 agite
2896 496 2912 523 ,
2964 453 3427 527 apprOpinquabit
3469 470 3693 528 regnum
3718 457 3871 515 caelo-

613 554 693 607 ris
723 551 928 607 semina
959 549 1295 620 ptenitenticc
1324 549 1651 620 iactavimus
1684 549 1735 603 in
1769 558 1911 603 terra
1938 566 1953 603 :
1985 558 2201 604 nostros

614 653 897 717 portantes
942 643 1225 699 charitatis
1272 643 1581 713 manipulos
1602 686 1617 711 ,
1651 657 1776 698 cum
1804 640 2001 712 gaudio
2030 652 2202 698 meta-

614 753 735 793 mus
761 737 816 793 in
836 735 996 793 caelo.

1122 807 1349 864 CAPUT
1386 805 1680 864 PRIMUM.

679 923 900 979 Initium
926 922 1198 996 Evangelii
1217 922 1345 978 Jesu
1357 924 1547 979 Christi
1571 924 1703 979 Filii
1729 922 1849 993 Dei,
1879 924 2015 978 sicut
2034 924 2201 995 scrip-

608 1027 716 1072 tum
748 1028 824 1073 est
863 1018 915 1071 in
951 1015 1099 1072 Isaia
1125 1015 1375 1087 propheta
1400 1033 1420 1071 :
1469 1016 1603 1071 Ecce
1642 1033 1734 1088 ego
1772 1017 1918 1070 mitto
1958 1018 2197 1087 angelum

605 1126 781 1164 meum
822 1118 942 1163 ante
988 1109 1183 1179 faciem
1208 1119 1370 1177 tuam,
1411 1110 1503 1179 qui
1545 1109 1857 1179 prceparabit
1886 1109 2019 1162 viam
2051 1118 2194 1161 tuam

605 1213 728 1258 ante
756 1212 826 1258 te.
896 1201 1011 1257 Vox
1041 1202 1310 1255 clamantia
1350 1202 1404 1254 in
1435 1201 1634 1256 deserto
1660 1246 1674 1270 ,
1712 1200 1907 1255 Parate
1926 1200 2060 1254 viam
2078 1197 2192 1253 Do-

606 1299 733 1353 mini
765 1315 785 1353 :
830 1307 994 1352 rectas
1026 1298 1179 1367 facite
1205 1296 1414 1351 semitas
1436 1299 1569 1368 ejus.
1600 1297 1753 1351 Κατὰ
1785 1296 1985 1369 Μάρκον
2016 1292 2194 1347 Evan-

601 1391 805 1460 gelium
832 1406 928 1461 per
956 1389 1101 1460 quod
1124 1390 1274 1444 venit
1300 1388 1606 1459 redemptio
1636 1387 1901 1451 ﬁdelium,
1935 1394 1990 1441 et
2017 1385 2192 1441 beati-

602 1484 736 1541 tudo
758 1493 1114 1540 sanctorum:
1158 1482 1282 1551 quia
1305 1490 1538 1552 quatuor
1568 1497 1735 1536 unum
1769 1489 1917 1543 sunt,
1948 1487 2005 1535 et
2026 1495 2190 1534 unum

596 1586 868 1647 quatuor:
915 1585 1149 1645 quatuor
1173 1574 1469 1645 Evangelia
1505 1574 1799 1629 multarum
1829 1580 2045 1627 constat
2067 1587 2188 1628 esse

593 1670 881 1723 virtutum.
910 1666 1049 1736 Quid
1077 1667 1223 1722 enim
1251 1666 1477 1732 fortius,
1520 1680 1685 1735 quam
1712 1666 1922 1720 animas
1944 1664 2185 1731 salvare,

594 1776 715 1830 qua:
761 1775 1010 1816 errorum
1050 1773 1273 1813 suorum
1304 1758 1457 1811 vitiis
1492 1764 1742 1826 poterant
1776 1756 2041 1811 interire?
2087 1754 2188 1811 Se-

2302 564 2420 605 rum
2447 568 2459 603 :
2492 551 2613 619 quia
2641 549 2693 604 in
2718 549 2808 605 die
2828 548 3059 621 septima
3090 552 3363 622 requievit
3381 551 3523 607 Deus
3543 551 3612 607 ab
3635 551 3866 609 omnibus

2302 644 2559 715 operibus
2587 645 2722 699 suis.
2801 644 3024 713 Septem
3053 645 3196 701 enim
3229 645 3388 702 nobis
3417 660 3639 702 necesse
3667 655 3748 702 est
3782 646 3866 703 de-

2300 739 2418 796 lere
2462 739 2587 795 vitia
2637 755 2735 811 per
2784 739 3161 810 paenitentiam
3205 740 3359 797 velut
3394 740 3533 796 mala
3562 755 3791 809 genera:
3819 750 3867 796 ut

2299 831 2706 903 requiescentes
2752 843 2941 903 postea
2966 878 2983 904 ,
3049 833 3423 904 possideamus
3473 832 3865 889 desiderabilem

2299 933 2525 981 terram.
2572 923 2779 981 'Rectas
2825 924 2986 982 facite
3029 924 3253 981 semitas
3297 925 3441 996 ejus.
3493 926 3638 992 Quas
3666 926 3867 981 semitas

2300 1016 2707 1073 incurvavimus
2734 1059 2750 1085 ,
2798 1018 3140 1074 declinantes
3168 1019 3222 1074 in
3254 1017 3534 1074 dexteram
3560 1028 3721 1087 atque
3755 1017 3865 1073 sini-

2299 1122 2491 1167 stram.
2540 1110 2693 1166 Nunc
2722 1110 2866 1166 Deus
2896 1108 3148 1180 praecipit
3176 1109 3339 1165 nobis
3358 1153 3373 1180 ,
3416 1120 3476 1164 ut
3516 1108 3606 1164 via
3631 1108 3776 1179 regia
3799 1109 3863 1164 in-

2295 1203 2570 1270 cedentes,
2602 1202 2881 1272 proximos
2903 1210 3138 1268 nostros,
3166 1210 3226 1256 ut
3246 1216 3346 1257 nos
3371 1218 3385 1255 :
3410 1208 3465 1256 et
3494 1200 3858 1270 nosmetipsos,

2297 1307 2355 1352 ut
2402 1296 2679 1368 proximos
2731 1295 3051 1366 diligamus.
3097 1293 3270 1361 Nam,
3313 1293 3403 1364 qui
3430 1292 3607 1365 diligit
3636 1293 3854 1363 iniquita-

2294 1397 2403 1444 tem
2426 1430 2441 1455 ,
2482 1387 2600 1445 odit
2623 1387 2857 1443 animam
2887 1403 3064 1443 suam.
3108 1386 3211 1456 Qui
3241 1386 3389 1444 enim
3415 1387 3772 1457 semetipsum
3794 1387 3853 1441 di~

2293 1482 2416 1553 figit
2438 1524 2453 1549 ,
2487 1491 2546 1537 et
2575 1496 2682 1536 non
2710 1480 2888 1551 diligit
2913 1479 3224 1551 proximum
3250 1522 3265 1549 ,
3310 1478 3378 1535 ad
3403 1478 3686 1535 dexteram
3720 1478 3857 1534 decli-

2295 1586 2411 1632 nat.
2451 1576 2519 1631 Et
2562 1574 2655 1645 qui
2703 1575 3052 1645 semetipsum
3083 1573 3307 1641 odiens,
3346 1573 3653 1644 proximum
3686 1573 3860 1644 diligit,

2289 1670 2356 1725 ad
2400 1668 2678 1724 sinistram
2722 1668 2962 1724 divertit.
3012 1666 3146 1722 Nam
3190 1665 3348 1722 multi
3382 1666 3520 1722 bene
3557 1664 3863 1736 agunt,sed

2290 1778 2397 1818 non
2438 1762 2577 1819 bene
2613 1762 2927 1833 corrigunt:
2973 1770 3032 1817 ut
3078 1760 3177 1817 fuit
3229 1760 3369 1816 lleli.
3430 1759 3499 1815 Et
3528 1759 3686 1815 multi
3744 1758 3865 1815 bene

594 1852 837 1909 cundum
877 1852 1024 1923 quod
1072 1852 1127 1906 in
1160 1851 1502 1921 sexagesimo
1538 1850 1772 1919 septimo
1810 1850 2021 1920 psalmo
2046 1850 2187 1920 jam-
2215 1844 2265 1906 B
2289 1856 2593 1927 corrigunt,
2619 1854 2716 1911 sed
2747 1870 2859 1911 non
2884 1864 3083 1926 agunt:
3117 1866 3177 1909 ut
3198 1853 3417 1910 fuerunt
3442 1853 3639 1908 scriba:
3666 1862 3726 1908 et
3753 1852 3867 1923 pha-

594 1946 797 2003 dudutn
831 1946 1093 2016 propheta
1131 1945 1338 2014 Spiritu
1379 1952 1566 1999 sancto
1608 1944 1900 2014 instigante
1942 1942 2185 1998 denuda—

593 2044 705 2097 vit:
740 2041 1003 2097 Dominus
1026 2038 1176 2095 dabit
1194 2038 1426 2093 verbum
1445 2036 1942 2108 evangelizantibus
1957 2036 2182 2093 virtutes

586 2134 815 2190 multas.
862 2133 1067 2189 Versus
1112 2132 1269 2188 istius
1306 2131 1444 2187 ordo
1475 2130 1597 2186 talis
1621 2139 1725 2196 est,
1759 2132 1847 2202 qui
1879 2130 2004 2187 huic
2027 2132 2182 2203 operi

585 2233 951 2296 congruenter
979 2224 1259 2279 inseritur.
1312 2223 1575 2279 Dominus
1611 2223 1760 2277 dabit
1788 2224 2016 2280 virtutes
2043 2224 2181 2280 mul-

584 2326 669 2373 tas
695 2316 979 2387 apostolis,
1004 2317 1094 2386 qui
1117 2316 1340 2371 verbum
1367 2316 1485 2384 ejus
1500 2316 1808 2371 veneranda
1833 2315 2179 2373 confessione

580 2412 991 2483 prmdicabant:
1025 2409 1241 2480 quando
1262 2411 1342 2464 eis
1373 2409 1742 2480 languentium
1776 2409 1960 2465 turbas
1980 2424 2177 2466 sanare

579 2522 905 2563 concessum
944 2514 1028 2560 est
1063 2523 1074 2557 :
1110 2505 1393 2577 εὐαγγέλιον
1432 2502 1655 2571 Graece,
1692 2503 1885 2558 Latine
1921 2504 2053 2559 bona
2079 2522 2177 2559 an-

580 2599 842 2653 nuntiatio
872 2596 1207 2668 prtedicatur
1234 2612 1247 2649 :
1281 2595 1424 2665 quod
1454 2595 1677 2666 proprie
1699 2594 1767 2649 ad
1794 2611 2019 2666 regnum
2051 2598 2169 2668 Dei,

581 2702 640 2749 et
670 2693 1049 2747 remissionem
1080 2690 1316 2759 pertinet
1338 2697 1709 2759 peccatorum.
1752 2687 1908 2744 Unde
1931 2689 2129 2745 dicitur
2155 2707 2167 2743 :

578 2785 949 2852 Pmnitemini,
986 2792 1040 2840 et
1066 2782 1271 2839 credite
1299 2781 1618 2850 Evangelia,
1644 2792 1698 2837 et
1717 2782 2171 2853 appropinquabit

576 2896 809 2951 regnum
845 2879 1110 2935 etelorum
1156 2878 1286 2932 Jesu
1333 2874 1579 2944 Christi,
1614 2875 1667 2930 id
1700 2888 1784 2931 est
1812 2916 1827 2942 ,
1865 2875 2167 2931 Salvatoris

574 2974 751 3042 uncti,
782 2973 836 3027 in
867 2972 1101 3027 Hebraeo
1126 2969 1313 3025 Jesua.
1343 2969 1400 3023 lu
1432 2968 1622 3025 Graeco
1650 2974 1843 3045 Σωτὴρ.
1882 2969 1939 3023 ln
1974 2968 2166 3025 Latino

574 3064 846 3121 Saluator.
896 3063 1123 3118 Messuts
1150 3060 1443 3127 l‘lebraice,
1476 3063 1698 3139 Χριστὸς
1718 3061 1939 3127 Grtnce,
1968 3071 2165 3116 unctus

2285 1950 2432 2006 riszei
2460 1950 2553 2021 qui
2579 1948 2845 2006 sedebant
2868 1964 3033 2020 super
3059 1948 3375 2004 cathedram
3411 1944 3603 2017 Moysi.
3634 1944 3790 2001 Unde
3814 1960 3867 2001 os

2282 2042 2515 2098 turturis
2558 2041 2612 2097 in
2639 2042 2760 2112 lege
2791 2041 2860 2097 ad
2886 2040 3119 2097 ascellas
3149 2042 3267 2110 ejus
3302 2039 3603 2110 retorqueri
3631 2037 3866 2109 jubetur,

2284 2151 2353 2191 ne
2383 2143 2667 2207 separetur
2691 2149 2754 2189 os
2790 2135 2860 2189 ab
2888 2149 3094 2204 opere:
3126 2143 3181 2190 et
3210 2149 3347 2203 opus
3382 2142 3626 2188 nostrum
3653 2146 3768 2187 non
3791 2130 3866 2186 di-

2280 2228 2497 2283 vidatur
2517 2227 2587 2282 ab
2615 2242 2730 2285 ore.
2759 2226 2981 2283 Semita:
3002 2234 3188 2283 autem
3213 2237 3338 2298 post
3364 2224 3503 2281 viam
3535 2234 3867 2296 sequuntur:

2280 2321 2403 2392 quia
2436 2320 2691 2376 mandata
2728 2320 2955 2376 moralia
2986 2303 3110 2392 post
3145 2319 3547 2390 paenitentiam,
3571 2316 3865 2374 secundum

2279 2415 2547 2481 Marcum,
2599 2413 2981 2484 explanantur.
3034 2412 3261 2468 Paratur
3307 2412 3390 2467 via
3438 2427 3535 2482 per
3576 2411 3782 2479 ﬁdem,
3822 2419 3871 2467 et

2276 2504 2629 2575 baptismum,
2658 2514 2714 2560 ct
2736 2504 3154 2575 paenitentiam-
3173 2506 3356 2560 Recta:
3376 2505 3585 2559 semita:
3614 2505 3756 2560 fiunt
3782 2518 3871 2575 per

2276 2610 2491 2656 austera
2529 2599 2747 2668 indicia,
2782 2598 2949 2654 vestis
2976 2597 3231 2663 cilicinae,
3261 2608 3314 2652 et
3342 2612 3493 2652 zonae
3518 2596 3793 2667 pellicem,
3822 2603 3872 2650 et

2274 2693 2383 2749 cibi
2409 2692 2686 2757 locustini,
2711 2701 2766 2747 et
2791 2701 2952 2762 potus
2977 2691 3156 2748 mellis
3186 2690 3455 2746 silvestris
3478 2700 3531 2746 et
3550 2689 3870 2746 humillima:

2272 2786 2445 2841 vocis.
2478 2784 2632 2841 Unde‘
2658 2784 2904 2854 sequitur
2931 2801 2945 2837 :

2342 2875 2467 2930 Fuit
2493 2878 2548 2931 in
2578 2877 2778 2932 deserto
2804 2876 3031 2932 Joannes
3057 2876 3347 2949 baptizans,
3377 2884 3425 2930 et
3454 2875 3755 2947 praedicans
3783 2874 3869 2930 ba-

2268 2969 2511 3040 ptismum
2549 2969 2889 3039 pmnilentiaz,
2921 2968 2975 3022 in
3008 2968 3362 3021 remissionem
3400 2975 3762 3037 peccatorum.
3802 2966 3867 3021 Et

2267 3062 2620 3133 egrediebatur
2645 3061 2714 3116 ad
2741 3078 2857 3116 eum
2883 3062 3048 3115 omnis
3074 3059 3276 3115 Judaza:
3303 3062 3442 3133 regio
3466 3075 3485 3113 :
3524 3070 3573 3114 et
3598 3057 3868 3132 Jerosolg-

571 3155 785 3211 Latine.
834 3153 984 3210 Idem
1025 3168 1150 3220 rex,
1194 3160 1250 3207 et
1289 3151 1544 3207 sacerdos
1588 3150 1785 3207 dicitur
1826 3152 1954 3205 dum
1981 3151 2048 3207 de
2073 3167 2164 3222 gc-
2264 3156 2405 3208 mila:
2451 3154 2711 3208 uniuersi:
2753 3164 2803 3208 et
2851 3152 3248 3223 baptizabantur
3297 3152 3360 3206 ab
3408 3151 3498 3205 illo
3534 3153 3590 3206 in
3616 3150 3866 3208 Iordanis

572 3263 707 3304 nere
746 3246 916 3302 David
957 3246 1101 3316 regis
1140 3243 1390 3299 Christus
1423 3243 1699 3299 nascitur:
1733 3254 1787 3299 et
1814 3244 2035 3299 vocibus
2062 3259 2162 3299 va-
2190 3235 2237 3299 C
2266 3249 2480 3319 ﬂumine
2528 3248 2823 3317 conﬁtentes
2869 3256 3081 3319 peccata
3129 3264 3245 3300 sua.
3291 3246 3529 3302 Joannes
3568 3249 3740 3319 gratia
3767 3246 3865 3301 Dei

569 3349 686 3395 tum
727 3338 955 3396 Levitici
991 3336 1209 3409 generis
1256 3336 1633 3408 prophetatur.
1696 3336 1850 3393 Unde
1884 3336 2160 3407 sequitur:

574 3433 697 3489 Vox
725 3432 1014 3489 clamantis
1042 3433 1097 3487 in
1123 3431 1342 3487 deserto
1362 3472 1377 3498 ,
1401 3440 1456 3487 et
1483 3430 1711 3501 reliqua.
1739 3430 1858 3486 Vox
1888 3441 1971 3486 est
1995 3430 2163 3487 Joan-

572 3541 700 3580 nes:
741 3523 809 3580 de
851 3538 957 3594 qua
996 3537 1133 3578 voce
1171 3522 1756 3599 clamabatDominus
1792 3522 1950 3578 Jesus
1978 3523 2045 3578 ad
2072 3525 2167 3579 Ju-

576 3616 762 3682 daeos,
793 3615 937 3686 quod
980 3614 1121 3670 inter
1158 3623 1316 3668 natos
1358 3613 1647 3669 mulierum
1676 3613 1852 3684 major
1879 3614 1974 3669 illo
2020 3626 2165 3671 esset

570 3725 757 3767 nemo.
785 3709 1004 3765 Clamor
1028 3716 1209 3763 autem
1241 3707 1308 3761 ad
1340 3707 1537 3763 surdos
1563 3707 1724 3777 longe
1756 3709 1965 3777 positos
1989 3750 2005 3775 ,
2046 3711 2164 3767 sive

569 3818 694 3859 cum
738 3800 1114 3872 indignatione
1160 3800 1278 3854 ﬁeri
1320 3800 1501 3855 solet:
1550 3814 1673 3871 qua:
1700 3798 1923 3855 Judaico
1953 3812 2163 3857 certum

572 3905 659 3952 est
704 3894 959 3973 evenisse
1002 3892 1239 3971 populo,
1269 3892 1394 3946 dum
1428 3893 1588 3964 longe
1616 3901 1699 3947 est
1730 3907 1761 3947 a
1788 3895 2162 3962 peccatoribus

571 3991 740 4057 salus,
773 3997 830 4044 et
856 4003 1018 4044 aures
1046 4003 1170 4043 suas
1202 3988 1439 4057 graviter
1469 3987 1882 4055 obturavcrunt,
1911 3990 2052 4045 sicut
2075 4006 2162 4045 as-

564 4084 721 4154 pides
767 4082 945 4136 surda:
968 4121 983 4145 ,
1017 4091 1071 4136 et
1112 4080 1537 4151 indignationem
1564 4090 1620 4135 et
1640 4080 1777 4135 iram
1803 4123 1818 4147 ,
1851 4090 1906 4136 et
1937 4081 2161 4138 tribula-

566 4176 775 4229 tionem
802 4187 833 4226 a
862 4171 1080 4226 Christo
1111 4172 1301 4226 audire
1327 4181 1667 4226 meruerunt.
1719 4171 1776 4225 In
1813 4171 2030 4228 deserto
2057 4189 2158 4228 au-

568 4280 680 4322 tem
723 4264 783 4319 fit
817 4278 923 4319 vox
947 4304 963 4331 ,
1004 4271 1059 4318 et
1088 4262 1316 4327 clamor,
1360 4262 1482 4332 quia
1514 4262 1717 4317 deserti
1761 4279 1790 4318 a
1813 4263 2005 4334 spiritu
2036 4265 2155 4335 Dei,

568 4367 709 4420 sicut
731 4364 929 4420 domus
960 4378 1157 4418 vacans
1185 4372 1240 4417 et
1284 4372 1507 4433 scopata
1532 4382 1545 4416 :
1587 4363 1791 4419 deserti
1815 4380 1846 4419 a
1868 4365 2154 4435 prOpheta,

563 4473 592 4511 a
619 4471 762 4527 rege,
793 4465 956 4526 atque
974 4453 1283 4510 sacerdOte.
1317 4453 1473 4510 Unde
1492 4453 1730 4511 Joannes
1751 4465 1809 4512 et
1828 4459 1986 4513 Jesus
2010 4473 2159 4527 quae-

561 4559 721 4619 runt,
756 4548 885 4620 quid
915 4550 968 4603 in
1008 4548 1227 4604 deserto
1254 4548 1516 4603 amissum
1546 4558 1648 4604 est.
1684 4549 1785 4606 Ubi
1816 4552 1942 4607 vicit
1966 4552 2155 4608 diabo-

2269 3343 2678 3410 intcrpretatur.
2721 3342 2769 3397 Λ
2790 3342 2964 3412 gratia
2997 3341 3236 3396 narratio
3266 3338 3545 3411 incipitur.
3590 3339 3751 3397 Unde
3777 3355 3863 3396 se-

2268 3436 2482 3506 quitur:
2529 3435 2851 3504 Baptizans:
2900 3450 2995 3504 per
3022 3433 3355 3504 baptismum
3385 3433 3530 3488 enim
3561 3435 3737 3503 gratia
3766 3432 3859 3488 da-

2270 3534 2379 3591 tur,
2428 3541 2531 3592 qua
2583 3537 2803 3594 peccata
2845 3526 3013 3596 gratis
3040 3525 3411 3581 dimittuntur.
3440 3524 3602 3581 Unde
3625 3525 3850 3580 dicitur:

2266 3617 2422 3684 Quod
2469 3619 2636 3687 gratis
2685 3618 2977 3687 accepistis
3006 3659 3020 3686 ,
3053 3616 3223 3687 gratis
3269 3618 3420 3674 date.
3472 3618 3540 3672 Et
3562 3616 3844 3688 Apostolus

2266 3711 2381 3764 ait:
2422 3709 2611 3766 Gratia
2659 3710 2793 3765 salvi
2841 3710 2966 3765 facti
3012 3711 3145 3765 estis
3175 3725 3271 3781 per
3298 3710 3461 3765 fidem
3482 3749 3500 3777 ,
3533 3709 3707 3766 ethoc
3729 3724 3839 3763 non

2267 3816 2333 3856 ex
2365 3802 2523 3856 vobis
2549 3818 2563 3854 :
2615 3799 2712 3857 Dei
2760 3800 2905 3856 enim
2937 3800 3142 3856 donum
3171 3809 3293 3871 est,
3322 3817 3390 3857 ne
3416 3802 3540 3872 quis
3572 3801 3841 3873 glorietur.

2264 3892 2334 3949 Et
2364 3893 2661 3963 prmdicans
2684 3893 3010 3963 baptismum
3037 3894 3368 3965 pmnitentite
3396 3898 3452 3949 in
3474 3896 3849 3951 remissionem

2262 3998 2627 4059 peccatorum.
2642 3986 2796 4054 Quod
2816 3996 3229 4053 consummatur
3248 4002 3345 4057 per
3365 4002 3654 4057 sponsum,
3679 3988 3854 4043 initia-

2268 4090 2353 4135 tur
2381 4094 2480 4150 per
2504 4078 2956 4151 paranymphum.
2988 4078 3143 4134 Unde
3173 4080 3547 4136 catechumeni
3565 4120 3584 4148 ,
3613 4083 3725 4136 hoc
3754 4090 3849 4143 est,

2268 4170 2549 4241 instructi,
2592 4171 2856 4241 incipiunt
2884 4186 2978 4242 per
3001 4171 3340 4227 sacerdotem
3358 4212 3373 4238 ,
3401 4181 3457 4229 et
3482 4172 3848 4229 chrismantur

2261 4279 2358 4335 per
2389 4266 2724 4335 episc0pum.
2768 4264 2922 4321 Nunc
2952 4274 3133 4321 autem
3160 4282 3257 4337 per
3284 4267 3514 4323 amicum
3543 4270 3748 4338 sponsi
3774 4271 3845 4324 in-

2258 4356 2479 4414 ducitur
2522 4371 2760 4429 Sponsa:
2810 4374 2872 4412 ae
2922 4357 3003 4412 sic
3040 4373 3137 4429 per
3165 4358 3314 4416 fsaac
3339 4374 3566 4430 puerum
3599 4360 3854 4417 Rebecca

2256 4451 2421 4520 pallio
2469 4451 2645 4505 velata
2692 4450 2815 4506 albo
2853 4451 3195 4507 conducitur.
3244 4452 3313 4507 Et
3355 4452 3757 4524 egrediebatur
3792 4454 3855 4509 ad

2256 4541 2409 4598 illum
2439 4544 2617 4597 omnis
2646 4542 2847 4599 Judazte
2877 4544 3050 4615 regio,
3074 4554 3129 4600 et
3155 4544 3554 4618 Jcrosolymitte
3578 4550 3855 4617 universi,

561 4640 644 4695 lus
669 4682 685 4707 ,
728 4618 807 4695 ibi
848 4638 1122 4695 vincitur:
1170 4640 1262 4695 ubi
1310 4638 1507 4694 cecidit
1549 4638 1733 4709 homo,
1784 4642 1859 4698 ibi
1888 4645 2148 4714 exsurgit.
2176 4618 2231 4681 Ῑ)
2256 4644 2312 4689 ει
2351 4635 2761 4705 baptizabantur
2789 4637 2856 4691 ³1)
2897 4636 2990 4693 illo
3021 4639 3074 4691 in
3113 4636 3352 4694 Jordane
3394 4638 3647 4706 ﬂumine.
3684 4644 3856 4697 εοιιίὶ-

557 4733 703 4789 Ecce
732 4747 831 4800 ego
859 4731 1015 4786 mitto
1041 4731 1292 4802 angelum
1316 4746 1518 4789 meum.
1555 4731 1669 4788 Vox
1690 4736 1977 4808 πνεύματος
1998 4735 2146 4809 ἁγίου

2257 4737 2434 4782 tentes
2459 4739 2679 4797 peccata
2704 4743 2821 4783 sua.
2854 4729 3158 4797 Confessio,
3182 4731 3600 4801 etpulchritudo
3631 4735 3699 4790 in
3727 4751 3856 4792 ρους

2254 4831 2443 4892 spectu
2487 4822 2605 4892 ejus
2630 4864 2645 4890 ,
2677 4822 2731 4878 id
2764 4835 2875 4892 est,
2918 4824 3128 4894 sponsi.
3159 4824 3315 4880 Unde
3338 4825 3518 4883 desilit
3541 4843 3763 4897 sponsa
3790 4833 3858 4887 de

2253 4914 2502 4981 camelo,
2550 4930 2673 4971 cum
2722 4916 2968 4972 hutniliat
2991 4931 3054 4972 se
3082 4933 3225 4973 nunc
3252 4918 3495 4975 Ecclesia
3541 4923 3673 4979 viso
3724 4941 3859 4982 vero

2251 5004 2403 5061 Isaac
2433 5006 2561 5062 Jesu
2589 5007 2846 5078 Christo,
2896 5009 2952 5063 in
2995 5007 3148 5080 cujus
3178 5009 3460 5067 nativitate
3503 5012 3687 5071 risum
3728 5017 3859 5073 fecit

2249 5100 2396 5154 Deus
2417 5098 2607 5165 Sara}:
2634 5101 2776 5157 sicut
2805 5100 2873 5156 ad
2897 5100 3121 5156 Mariam
3144 5101 3365 5169 dicitur,
3401 5116 3645 5178 quagest
3694 5112 3859 5182 prin-

2246 5210 2373 5265 ceps
2402 5210 2525 5251 cum
2554 5196 2689 5265 Deo,
2734 5196 3028 5253 Benedicta
3059 5207 3116 5252 tu
3152 5197 3295 5254 inter
3323 5199 3605 5258 mulieres.
3643 5202 3860 5265 Iorda-

2244 5289 2331 5344 nis
2361 5298 2541 5343 autem
2562 5290 2823 5343 descensio
2851 5287 3019 5343 aliena
3040 5289 3430 5361 interpretatur
3454 5309 3466 5345 :
3494 5294 3590 5349 ubi
3610 5309 3859 5366 peccata

2243 5382 2556 5437 abluuntur.
2609 5380 2750 5438 Area
2792 5382 2965 5451 enim,
3020 5381 3258 5440 Iordane
3298 5387 3700 5459 transvadato,
3756 5410 3861 5466 per

2240 5489 2512 5529 marmora
2554 5476 2837 5545 peregrina
2880 5474 2934 5530 in
2970 5485 3170 5531 terram
3204 5477 3455 5532 transivit
3482 5479 3769 5553 alienam,
3802 5496 3861 5543 et

2239 5568 2417 5623 media
2447 5577 2599 5638 parte
2642 5569 2697 5624 in
2736 5583 2885 5624 mare
2927 5566 3225 5634 defluente,
3259 5568 3433 5624 altera
3458 5586 3583 5640 pars
3615 5580 3857 5649 turgida

2237 5662 2441 5716 montis
2485 5662 2712 5732 erigitur
2752 5660 2949 5716 forma.
2996 5662 3086 5718 Sic
3127 5676 3224 5717 nos
3250 5661 3379 5717 olim
3410 5662 3635 5719 alienati
3665 5683 3703 5722 a
3730 5669 3861 5727 Deo

2233 5768 2333 5826 per
2356 5755 2666 5827 superbiam
2694 5799 2708 5825 ,
2760 5770 2857 5826 per
2885 5754 3141 5825 baptismi
3171 5754 3478 5827 symbolum
3529 5755 3857 5835 humiliati,

2235 5846 2495 5921 erigimur
2524 5847 2580 5905 in
2610 5848 2757 5922 alta:
2798 5845 2934 5917 Quia
2975 5846 3067 5920 qui
3098 5861 3157 5907 se
3188 5845 3574 5919 humiliaverit,
3608 5852 3860 5915 exalta-

554 4841 653 4897 per
700 4823 1019 4880 Malachiam
1064 4824 1131 4878 ad
1177 4823 1397 4879 Patrem
1440 4834 1599 4881 sonat
1639 4826 1706 4882 de
1736 4826 1915 4895 Filio,
1944 4830 2036 4900 qui
2062 4838 2149 4884 est

553 4917 722 4974 facies
743 4917 939 4981 Patris.
979 4915 1121 4971 unde
1152 4918 1368 4987 agnitus
1389 4926 1493 4973 est.
1522 4919 1762 4989 Angelus
1790 4930 1969 4977 autem
2010 4938 2148 4977 nun-

550 5010 655 5063 tius
686 5008 1098 5078 interpretatur,
1141 5008 1237 5077 qui
1271 5010 1599 5077 prtenuntiat
1626 5010 1695 5065 de
1721 5009 1955 5067 Christo.
2016 5012 2144 5069 Post

550 5118 638 5156 me
687 5101 876 5171 venit,
923 5100 1014 5171 qui
1043 5110 1169 5156 ante
1211 5116 1297 5155 me
1328 5100 1497 5157 factus
1527 5110 1645 5157 est:
1688 5103 1780 5172 qui
1812 5105 2139 5174 praeparabit

543 5194 687 5249 viam
711 5205 879 5249 tuam.
910 5192 1010 5248 Via
1038 5193 1275 5260 Domini,
1307 5208 1412 5264 qua
1437 5194 1508 5250 ad
1530 5193 1779 5249 homines
1806 5194 2129 5266 ingreditur,

540 5284 860 5354 poenitentia
887 5295 992 5353 est,
1022 5299 1121 5356 per
1150 5301 1309 5356 quam
1336 5286 1477 5341 Deus
1506 5286 1574 5341 ad
1611 5301 1711 5341 nos
1735 5286 2047 5357 descendit,
2077 5302 2132 5347 et

539 5394 641 5434 nos
670 5380 735 5434 ad
768 5380 919 5435 illum
949 5380 1315 5437 ascendimus.
1362 5380 1515 5437 Unde
1541 5380 1719 5451 angeli
1749 5383 2125 5450 ascendentes,

534 5470 1041 5543 descendentesque
1090 5480 1468 5529 memorantur
1532 5471 1599 5527 ad
1643 5471 1812 5528 ﬁlium
1862 5473 2122 5532 hominis.

532 5564 728 5619 Parate
771 5566 913 5620 viam
959 5565 1218 5620 Domini:
1268 5565 1372 5619 hoc
1399 5573 1483 5620 est
1506 5606 1522 5631 ,
1554 5565 1926 5635 pmnitentiam
1957 5569 2120 5640 agite,

530 5670 585 5718 et
609 5660 923 5731 praedicata.
947 5661 1099 5717 Unde
1112 5666 1413 5737 παρασκευὴ
1435 5670 1562 5716 ante
1590 5662 1871 5717 sabbatum
1896 5663 2115 5735 dicitur,

528 5753 585 5808 id
616 5764 698 5808 est
720 5754 1041 5822 paenitentia
1064 5764 1191 5808 ante
1221 5755 1457 5825 requiem
1496 5752 1755 5809 futuram.
1787 5755 1926 5812 llinc
1956 5772 2115 5811 nam-

521 5863 629 5919 que
669 5845 882 5906 initium
919 5845 1321 5920 praedicationis
1353 5845 1574 5905 Joannis
1602 5854 1655 5904 et
1681 5844 1883 5904 Christi
1910 5848 2105 5907 oritur.
