3970 6304
159 246 277 307 595

814 239 1356 303 COMMENTARIUS
1394 240 1461 300 IN
1500 244 1949 313 EVANGELIUM
1988 243 2137 305 SEC.
2178 241 2494 305 MARCUM.
2534 243 2689 303 CAP.
2730 246 2773 302 Ι.

3321 246 3430 310 594

160 362 320 420 bitur.
356 355 488 415 Pars
520 363 701 414 autem
726 397 743 427 ,
766 372 887 430 quae
922 358 1043 415 ﬂuit
1069 360 1121 414 in
1156 374 1327 427 mare,
1359 361 1725 416 amaricatur:
1756 361 1811 426 Α
1834 362 2044 419 subter.
2075 360 2226 417 Sicut
2256 361 2613 418 excellentior
2648 373 2734 420 est
2776 363 2980 433 anima,
3025 377 3187 437 quam
3231 379 3431 438 corpus

162 469 284 511 cum
305 465 422 508 arca
454 450 575 518 Dei,
615 452 720 507 hoc
745 460 850 517 est,
880 465 1082 523 corpus
1107 451 1340 521 Christi,
1369 469 1476 509 non
1509 455 1738 511 munda-

162 549 229 602 tis
282 560 379 601 non
419 545 643 618 profuit,
695 545 791 602 sed
837 543 893 602 in
944 544 1189 603 deterius
1232 546 1323 603 illa
1368 547 1616 606 mutavit.
1643 548 1741 605 Se-

157 641 349 714 quitur.

224 732 291 788 Et
316 740 425 787 erat
467 729 699 786 Joannes
742 732 955 787 uestitus
982 732 1102 803 pilis
1132 732 1345 800 cameli,
1391 741 1440 788 et
1469 750 1601 790 zona
1630 734 1743 805 pel-

156 828 281 883 licea
302 826 434 878 circa
462 824 662 879 lumbos
686 839 706 878 .°
734 833 783 878 et
806 824 1052 891 locustas,
1081 834 1128 879 et
1154 825 1255 881 mel
1281 825 1511 881 silvestre
1536 827 1740 882 edebat:

158 929 197 974 et
222 916 537 991 prmdicabat
577 918 772 971 dicens.
821 915 1003 973 Vestis
1032 916 1313 988 prophetae
1334 959 1347 983 ,
1377 926 1435 974 et
1458 919 1613 973 cibus
1633 961 1645 983 ,
1683 928 1743 974 et

158 1023 300 1083 potus
345 1019 517 1069 totam
563 1021 835 1067 austeram
892 1011 1059 1067 vitam
1092 1012 1502 1082 prtedicantium
1533 1012 1739 1084 signiﬁ-

158 1114 303 1161 cant:
332 1114 387 1161 et
417 1104 629 1160 futuras
656 1113 847 1175 gentes
873 1104 940 1160 ad
964 1105 1191 1177 gratiam
1223 1106 1351 1177 Dei,
1392 1122 1512 1177 qum
1542 1115 1624 1161 est
1645 1105 1739 1161 Jo-

157 1214 330 1263 annes,
361 1199 513 1255 intus
540 1207 597 1255 et
624 1198 757 1255 foris
787 1215 910 1257 esse
952 1200 1382 1271 conjungendas.
1444 1201 1575 1256 Pilis
1606 1215 1738 1256 vero

156 1294 354 1360 cameli,
382 1292 585 1349 divites
609 1294 854 1365 gentium
882 1311 897 1348 :
934 1300 990 1349 et
1016 1308 1154 1349 zona
1181 1294 1408 1365 pellicea
1426 1335 1440 1360 ,
1469 1309 1739 1365 pauperes

159 1388 340 1444 mundo
381 1386 624 1453 mortui;
670 1388 899 1443 locustis
947 1388 1177 1443 serratis
1206 1430 1222 1453 ,
1270 1388 1549 1459 sapientes
1577 1387 1739 1457 hujus

158 1481 365 1537 mundi:
421 1480 513 1552 qui
568 1480 801 1551 stipulas
857 1478 1059 1536 Judaeis
1104 1478 1285 1535 aridas
1341 1480 1734 1551 relinquentes,

158 1574 412 1629 frumenta
440 1574 673 1646 mystica
699 1573 952 1629 cruribus
976 1572 1199 1628 trahunt
1221 1614 1236 1640 ,
1281 1583 1337 1628 et
1366 1573 1420 1627 in
1461 1573 1645 1628 calore
1674 1572 1738 1626 li-

157 1668 227 1723 dei
244 1668 413 1723 saltus
443 1667 780 1734 inhabitant;
805 1676 860 1722 et
882 1667 1044 1722 melle
1070 1666 1328 1735 silvestri,
1356 1665 1541 1721 fideles
1567 1665 1737 1735 inspi-

1842 461 1983 530 quod
2010 463 2169 530 regit,
2201 461 2272 516 ita
2299 463 2628 519 eminentior
2654 474 2740 519 est
2773 464 2997 534 spiritus
3035 478 3197 535 quam
3226 465 3431 520 anima.

1842 551 1950 608 Sed
2004 556 2201 608 mansit
2249 569 2415 624 super
2460 570 2583 611 eum
2628 556 2853 626 spiritus
2899 572 2915 610 :
2954 555 3071 611 haec
3115 565 3202 611 est
3247 556 3432 611 unctio

1842 643 2046 701 Christi
2076 645 2379 701 secundum
2424 661 2678 715 carnem,
2736 646 2805 703 de
2851 663 2959 719 qua
3015 648 3216 704 dicitur
3249 668 3262 705 :
3296 649 3432 705 Pro-

1842 746 2029 808 pterea
2058 740 2213 793 unxit
2241 749 2292 793 te
2321 739 2488 807 Deus,
2514 740 2656 796 Deus
2698 749 2822 797 tuus
2877 742 3000 798 oleo
3057 742 3263 799 ltutitizn
3312 758 3427 813 pra:

1842 832 2186 887 consortibus
2208 834 2339 887 tuis.
2372 832 2568 889 Oleum
2595 850 2706 889 non
2730 845 2910 905 potest
2937 850 3063 892 esse
3110 838 3212 892 sub
3243 853 3380 908 aqua
3408 854 3425 896 :

1842 926 1918 980 sic
1949 936 2168 981 creator
2199 941 2307 982 non
2335 936 2518 996 potest
2534 929 2636 984 sub
2659 940 2935 986 creatura.
2967 931 3160 987 Oleum
3181 931 3251 988 de
3280 947 3436 987 ama-

1841 1018 2078 1073 ritudine
2100 1019 2276 1090 surgit
2305 1019 2527 1088 radicis,
2554 1030 2611 1075 et
2640 1022 2695 1077 in
2718 1022 2972 1092 pabulum
2993 1023 3236 1089 luminis,
3288 1035 3343 1081 et
3371 1027 3430 1082 in

1841 1113 2202 1169 medicamina
2229 1112 2538 1183 vulnerum,
2584 1116 2719 1170 etin
2768 1114 3127 1172 refectionem
3180 1118 3434 1174 esurien-

1841 1206 1993 1272 tium,
2025 1205 2081 1259 in
2110 1206 2393 1261 cacumine
2418 1206 2639 1262 crescit.
2674 1207 2831 1264 Unde
2863 1208 2925 1264 tit
2948 1211 3135 1266 unctio
3174 1212 3428 1282 corporis

1840 1295 2079 1353 Christi?
2108 1296 2177 1353 de
2202 1298 2569 1354 amaritudine
2615 1300 2886 1369 passionis
2909 1345 2924 1370 ,
2979 1311 3035 1357 et
3078 1304 3323 1372 pervenit
3362 1306 3430 1361 ad

1839 1389 2064 1460 gloriam
2091 1389 2519 1446 resurrectionis
2551 1408 2567 1447 ;
2595 1392 2741 1448 unde
2767 1408 2870 1448 nos
2897 1395 3195 1464 Apostolus
3241 1396 3431 1453 admo-

1840 1492 1955 1550 net,
1988 1483 2174 1539 dicens
2204 1502 2219 1538 :
2253 1483 2366 1539 Hoc
2395 1485 2541 1540 enim
2563 1487 2763 1542 sentite
2790 1486 2848 1542 in
2876 1487 3034 1543 vobis
3060 1535 3076 1559 ,
3100 1490 3247 1560 quod
3290 1500 3346 1546 et
3371 1491 3429 1546 in

1837 1574 2057 1631 Christo
2083 1574 2233 1641 Jesu,
2257 1582 2314 1631 et
2332 1575 2563 1646 reliqua,
2591 1591 2763 1647 usque
2785 1578 2855 1633 ad
2886 1583 3121 1635 mortem
3138 1620 3154 1644 ,
3196 1592 3432 1639 mortem

1838 1678 2019 1723 autem
2050 1669 2228 1722 crucis
2260 1685 2275 1724 :
2310 1676 2534 1739 propter
2563 1670 2710 1740 quod
2751 1680 2808 1727 et
2854 1671 3000 1727 Deus
3057 1673 3316 1730 exaltavit
3362 1676 3433 1730 il-

156 1764 269 1819 ratis
298 1763 369 1820 de
401 1762 606 1820 inculta
634 1761 767 1817 silva
816 1761 1030 1832 ignibus
1073 1760 1365 1831 praeparati
1393 1774 1457 1814 ac
1483 1774 1734 1831 mergen—
1757 1760 1807 1822 B
1836 1761 1970 1831 lum,
2005 1771 2060 1816 et
2084 1760 2309 1815 donavit
2339 1761 2415 1816 illi
2467 1778 2665 1818 nomen
2690 1804 2706 1830 ,
2760 1763 2903 1834 quod
2934 1773 3019 1821 est
3054 1781 3220 1837 super
3270 1783 3435 1825 omne

156 1867 223 1912 tes
242 1856 644 1929 significantur.
686 1854 821 1922 Quae
851 1854 1032 1910 omnia
1057 1869 1084 1907 a
1116 1854 1287 1925 gratia
1319 1851 1601 1921 Evangelii
1632 1865 1727 1905 su-
1834 1868 2031 1910 nomen
2065 1871 2077 1907 :
2112 1853 2235 1924 quia
2270 1855 2529 1911 Dominus
2556 1855 2717 1913 Jesus
2758 1857 2816 1913 in
2844 1858 3017 1928 gloria
3059 1868 3144 1915 est
3185 1859 3283 1916 Dei
3322 1861 3427 1917 Pa-

160 1959 401 2008 muntur:
447 1950 507 2005 In
550 1964 653 2020 qua
684 1966 792 2005 non
830 1959 911 2005 est
939 1949 1219 2004 distinctio
1242 1946 1414 2002 Judaei
1445 1956 1500 2000 et
1526 1945 1723 2003 Graeci.
1830 1949 1955 2004 tris.

217 2044 367 2099 Venit
402 2044 596 2115 fortior
628 2059 709 2098 me
742 2052 856 2116 post
894 2060 989 2097 me.
1016 2042 1149 2110 Quis
1183 2040 1380 2095 fortior
1418 2047 1503 2095 est
1530 2040 1725 2109 gratia,
1903 2041 1972 2096 Et
1999 2047 2194 2112 factum
2219 2052 2292 2098 est
2320 2046 2376 2098 in
2402 2044 2581 2099 diebus
2612 2045 2756 2111 illis;
2807 2048 2945 2101 venit
2981 2047 3140 2103 Iesus
3169 2065 3203 2102 a
3238 2048 3426 2104 Naza-

154 2154 239 2211 qua
266 2146 492 2207 peccata
518 2137 849 2192 abluuntur?
877 2135 975 2191 Ille
1001 2135 1277 2202 nimirum,
1313 2134 1404 2205 qui
1447 2134 1646 2204 septies
1674 2142 1730 2189 et
1792 2146 1797 2153 ‘
1830 2136 1943 2190 reth
1966 2134 2202 2191 Galilazaz
2232 2153 2251 2191 :
2282 2145 2329 2191 et
2353 2137 2642 2208 baptizatus
2688 2146 2761 2193 est
2790 2138 2846 2191 in
2874 2138 3109 2194 Jordane
3134 2157 3168 2195 a
3195 2139 3421 2198 Joanne.

153 2232 444 2303 septuagies
468 2231 673 2302 septies
696 2229 930 2287 remittit
953 2237 1195 2299 peccata.
1230 2229 1414 2286 Gratia
1437 2228 1585 2299 prior
1612 2228 1730 2298 qui-
1831 2226 1902 2281 Et
1930 2229 2104 2282 statim
2131 2229 2415 2283 ascendens
2443 2227 2510 2283 de
2535 2245 2671 2298 aqua
2704 2229 2835 2283 vidit
2876 2230 3032 2286 caelos
3079 2242 3317 2302 apertos,
3372 2243 3426 2288 et

154 2324 255 2379 dem
283 2332 396 2391 est,
425 2323 523 2378 sed
555 2322 724 2378 semel
756 2321 984 2378 remittit
1008 2338 1103 2394 per
1135 2322 1488 2394 baptismum.
1519 2321 1729 2378 Miseri-
1829 2320 2069 2391 spiritum
2103 2329 2368 2392 tamquam
2389 2320 2678 2375 columbam
2698 2320 3113 2392 descendentem,
3136 2332 3188 2378 et
3211 2342 3425 2381 manen-

155 2416 311 2472 cordia
344 2430 483 2471 vero
508 2416 565 2470 in
594 2416 827 2471 miseros
852 2416 919 2471 ab
940 2415 1117 2470 Adam
1137 2430 1308 2486 usque
1334 2415 1403 2471 ad
1427 2414 1724 2487 Christum,
1832 2422 1932 2467 tem
1956 2414 2009 2468 in
2036 2415 2167 2485 ipso.
2200 2413 2270 2467 Et
2294 2430 2393 2469 vox
2417 2415 2561 2484 facta
2582 2424 2656 2469 est
2683 2414 2745 2468 de
2784 2416 2923 2471 caelis
2954 2431 2974 2469 :
3026 2414 3106 2470 Tn
3160 2432 3212 2471 es
3272 2417 3418 2486 ﬁlius

159 2524 236 2579 per
258 2508 605 2580 septuaginta
648 2514 856 2578 septem
884 2507 1269 2577 generationes
1297 2525 1311 2561 :
1358 2515 1416 2562 et
1453 2522 1625 2579 usque
1659 2506 1729 2564 ad
1830 2521 1973 2559 meus
1998 2505 2237 2573 dilectas,
2268 2506 2325 2559 in
2348 2514 2397 2561 te
2426 2505 2718 2578 coniplacui
2745 2514 2834 2563 :et
2859 2507 3036 2562 statim
3064 2508 3285 2579 spiritus
3332 2526 3424 2564 ex-

160 2609 355 2657 tentum
383 2599 742 2673 quadraginta
773 2609 1005 2670 quatuor
1046 2599 1214 2655 millia
1245 2601 1519 2672 pervenit.
1831 2600 1963 2672 pulit
1989 2616 2108 2654 eum
2136 2602 2192 2655 in
2218 2599 2478 2655 desertum
2506 2617 2526 2656 :
2552 2610 2602 2656 et
2626 2611 2736 2656 erat
2762 2601 2834 2655 ibi
2862 2602 2917 2657 in
2945 2601 3146 2657 deserto
3186 2605 3421 2674 quadra.

214 2695 369 2768 Cujus
395 2712 505 2750 non
531 2711 650 2749 sum
668 2695 854 2767 dignus
874 2694 1210 2768 procumbens
1232 2695 1429 2751 soluere
1451 2698 1728 2772 corrigiam
1829 2694 1977 2766 ginta
2001 2692 2202 2761 diebus,
2235 2702 2283 2748 et
2322 2693 2673 2765 quadraginta
2722 2694 2957 2750 noctibus
2985 2710 3003 2748 :
3033 2703 3084 2751 et
3132 2696 3424 2751 tentabalttr

165 2788 593 2845 calciamentorum
621 2791 757 2862 ejus.
782 2787 899 2845 Non
925 2798 1011 2844 est
1046 2788 1209 2861 digna
1248 2788 1365 2843 sola
1404 2792 1575 2861 gratia
1604 2806 1729 2862 pro-
1830 2804 1863 2841 a
1894 2788 2115 2843 Satana.
2148 2786 2381 2857 Eratque
2413 2805 2529 2842 cum
2564 2789 2759 2856 bestiis,
2782 2798 2833 2844 et
2858 2788 3033 2861 angeli
3060 2790 3429 2845 ministrabant

1830 2882 1931 2935 illi.
1958 2881 2171 2937 Marcus
2200 2880 2532 2953 evangelista
2562 2881 2702 2937 sicut
2729 2895 2925 2938 cervus
2942 2881 3012 2937 ad
3047 2882 3227 2939 fontes
3254 2897 3418 2954 aqua-

170 2979 312 3027 torum
354 2973 501 3044 ejus,
549 2972 601 3028 id
657 2984 762 3041 est,
808 2973 1128 3044 mysterium
1175 2973 1563 3030 incarnationis
1608 2976 1723 3032 Dei.
1829 2989 1949 3030 rum
1976 2973 2314 3039 desiderans,
2345 2972 2516 3029 saltus
2537 2973 2592 3027 in
2614 2972 2788 3042 planis
2836 2982 2894 3029 et
2932 2972 3119 3029 arduis
3158 2974 3252 3029 dat
3299 2992 3313 3028 :
3364 2983 3421 3030 et

170 3064 270 3122 Cal:
291 3068 447 3125 enim
477 3075 725 3123 extrema
760 3082 887 3138 pars
927 3075 1011 3123 cst
1047 3066 1315 3137 corporis.
1350 3066 1408 3122 In
1439 3066 1550 3122 ﬁne
1581 3069 1727 3124 enim
1830 3067 2066 3124 culmina
2096 3073 2307 3122 tantum
2334 3074 2617 3137 pratorum
2647 3067 2843 3136 carpit,
2878 3076 2931 3123 et
2956 3068 3165 3136 palmas
3209 3068 3263 3123 in
3293 3084 3422 3123 ver-

179 3157 485 3228 atljustitiam
507 3159 662 3215 adest
683 3158 932 3215 Salvator
951 3158 1284 3215 incarnatus.
1303 3158 1457 3215 Unde
1476 3158 1617 3216 bene
1634 3176 1731 3231 per
1757 3156 1804 3220 C
1834 3162 1941 3218 tice
1960 3169 2141 3234 portat
2170 3179 2185 3216 :
2217 3168 2272 3216 et
2297 3160 2447 3215 velut
2472 3161 2590 3230 apis
2617 3159 2902 3229 mellillua,
2926 3160 3092 3216 ﬂores
3141 3162 3281 3233 agri,
3331 3163 3422 3217 cui

187 3252 456 3321 prophetam
494 3251 699 3308 dicitur
730 3269 744 3305 :
793 3252 849 3307 in
891 3251 1179 3306 Idumazam
1209 3250 1494 3306 extendam
1527 3252 1728 3307 calcia-
1831 3252 1967 3310 odor
1988 3252 2107 3307 veri
2134 3252 2285 3307 Isaac
2312 3250 2630 3317 simulatur,
2673 3252 2986 3307 summatim
3013 3263 3195 3322 gustat
3225 3271 3239 3308 :
3277 3254 3424 3311 unde

190 3354 375 3402 mentum
403 3361 594 3402 meum
623 3363 637 3400 :
663 3344 785 3416 quia
817 3345 921 3400 nisi
944 3345 1200 3416 jungatur
1228 3344 1452 3401 scientia
1481 3347 1727 3417 spiritus,
1831 3359 1859 3399 a
1890 3343 2155 3399 Nazareth
2182 3342 2423 3399 Galilaea:
2448 3343 2757 3400 venientem
2784 3343 2968 3399 Jesum
2990 3346 3059 3401 ad
3090 3346 3419 3416 baptismum

189 3448 310 3491 nemo
322 3454 405 3509 per
424 3437 660 3509 gratiam
678 3437 1016 3493 remissionis
1037 3437 1323 3509 investigat
1345 3436 1730 3495 incarnationis
1831 3437 1889 3491 in
1913 3434 2148 3492 Iordane
2168 3448 2197 3487 a
2221 3433 2433 3489 Joanne
2454 3444 2739 3503 acceptum
2760 3443 2981 3490 enarrat
3007 3452 3020 3489 :
3053 3445 3109 3491 et
3135 3438 3321 3493 statim
3348 3438 3420 3495 de

183 3528 333 3591 Christi
378 3535 707 3608 mysterium
745 3534 1019 3606 quomodo
1070 3533 1309 3591 Verbum
1350 3549 1479 3592 caro
1527 3535 1729 3594 factum
1831 3544 1967 3601 aqua
1997 3527 2329 3597 ascendisse,
2358 3537 2415 3584 et
2437 3537 2661 3599 apertos
2687 3529 2855 3586 cmlos
2884 3529 3119 3597 vidisse,
3151 3540 3208 3588 et
3255 3533 3419 3602 spiri-

173 3638 235 3684 est
256 3647 269 3684 :
292 3630 439 3687 unde
480 3644 613 3686 caro
641 3628 861 3699 Christi,
904 3629 1049 3685 unde
1085 3629 1286 3698 anima,
1334 3629 1478 3684 unde
1506 3630 1732 3701 spiritus
1831 3631 1972 3687 tum,
2001 3629 2063 3676 ut
2081 3620 2387 3676 columbam
2410 3619 2783 3688 descendisse,
2818 3621 2948 3677 etin
2972 3622 3093 3693 ipso
3122 3624 3418 3682 mansisse:

169 3726 297 3781 sumit
320 3724 640 3793 exordium,
672 3732 733 3779 ut
762 3723 926 3779 homo
955 3738 1117 3779 verus
1152 3722 1247 3778 ﬁat
1271 3737 1368 3793 per
1394 3724 1575 3778 omnia
1609 3725 1731 3779 abs-
1833 3726 1889 3773 et
1914 3729 2050 3771 voce
2086 3713 2156 3770 de
2182 3712 2336 3769 cmlis
2366 3713 2505 3768 facta
2536 3713 2738 3780 Patris,
2770 3714 2825 3769 in
2851 3713 3057 3770 dilecto
3104 3714 3219 3771 tilio
3270 3731 3423 3771 com-

167 3829 249 3883 que
272 3826 503 3889 peccato
531 3836 544 3871 :
578 3824 633 3873 et
670 3816 815 3872 Deus
843 3830 1006 3872 verus
1036 3816 1090 3871 in
1121 3815 1232 3872 Deo
1264 3830 1398 3871 vero
1421 3816 1539 3870 sine
1584 3816 1732 3884 prin-
1832 3808 2105 3881 placuisse
2139 3816 2228 3862 :et
2257 3807 2511 3877 spiritum
2541 3822 2665 3862 eum
2702 3806 2761 3863 in
2789 3807 3067 3864 desertum
3112 3808 3419 3879 expulisse,

166 3906 279 3979 cipio
306 3911 462 3968 idem
494 3910 637 3966 ﬁlius
672 3912 934 3979 hominis,
966 3911 1056 3981 qui
1087 3918 1172 3967 est
1207 3912 1263 3965 in
1289 3910 1429 3967 ςωιο
1457 3928 1472 3965 ε
1511 3919 1567 3966 ει
1587 3928 1734 3982 quo-
1834 3908 1889 3957 et
1917 3908 2231 3955 tentatuma
2256 3898 2457 3953 Satana
2486 3897 2841 3968 quadraginta
2868 3898 3059 3954 diebus
3088 3907 3145 3954 et
3167 3899 3419 3955 noctibus

164 4003 297 4060 modo
324 4015 609 4077 tamquam
640 4019 871 4076 sponsus
901 4004 1200 4076 procedens
1228 4006 1298 4061 de
1335 4006 1573 4062 thalamo
1609 4022 1731 4075 suo,
1834 3994 2001 4049 fuisse
2028 4006 2151 4047 cum
2172 3989 2382 4056 bestiis,
2436 3998 2493 4046 et
2517 3990 2727 4061 angelis
2780 3989 3215 4048 ministrantibus
3268 4007 3420 4049 com-

164 4090 203 4146 id
227 4107 318 4164 est,
342 4096 603 4167 virginali
624 4106 800 4166 utero,
828 4098 1067 4152 clausum
1096 4098 1424 4168 relinquens.
1460 4097 1613 4153 Unde
1634 4100 1731 4153 ad.
1834 4096 2107 4144 moratum
2135 4100 2279 4143 8856-
2301 4085 2405 4153 Qui
2427 4084 2563 4141 οτάο
2589 4085 2874 4141 morali”?
2934 4086 3091 4142 "Obis
3120 4086 3420 4143 secundum

163 4191 394 4248 veniente
426 4205 555 4247 vero
593 4204 824 4261 sponso,
855 4190 1050 4246 domus
1074 4190 1370 4246 discalciati
1396 4190 1603 4247 ‘dicitur
1632 4191 1732 4247 do—
1836 4180 2035 4238 ωπίεῑί
2059 4178 2374 4250 exemplum
2404 4178 2721 4249 sequendus
2743 4187 2859 4249 δεῖ,
2910 4178 3297 4237 fe“malum!!!”
3349 4181 3418 4238 ad

163 4297 259 4340 mus
282 4283 543 4350 Joannis,
567 4283 658 4355 qui
685 4282 847 4338 dicit:
881 4283 971 4354 qui
1000 4283 1166 4338 habet
1193 4296 1469 4353 sponsam,
1502 4298 1734 4354 sponsus
1838 4275 2114 4333 consortia
2142 4274 2409 4347 angelica,
2434 4288 2601 4345 quem
2626 4273 2786 4330 Jesus
2817 4274 2969 4345 prius
3023 4288 3189 4346 Opere
3231 4284 3421 4331 osten-

162 4385 244 4431 est.
289 4375 456 4434 Unde
486 4376 538 4432 in
579 4377 761 4444 specie
799 4374 1070 4431 columbae
1106 4374 1337 4445 Spiritus
1372 4385 1592 4432 sanctus
1639 4378 1735 4434 de-
1837 4370 1941 4437 dit,
1963 4384 2123 4439 quam
2162 4382 2300 4425 voce
2329 4366 2572 4423 doceret.
2637 4367 2726 4422 Sic
2791 4382 2889 4421 nos
2951 4366 3021 4423 de
3081 4367 3429 4425 volubilitate

163 4468 364 4525 scendit.
400 4465 500 4523 Cui
533 4467 584 4522 in
625 4460 849 4523 Cantico
879 4469 1211 4523 canticorum
1252 4470 1463 4524 canitur
1493 4486 1507 4523 :
1536 4483 1735 4540 sponsa
1758 4533 1800 4540 Α
1838 4465 2049 4532 mundi,
2098 4462 2351 4534 pendulae
2388 4461 2686 4518 voluntatis
2734 4460 2904 4517 odore
2948 4460 3102 4517 floris
3155 4462 3425 4519 munditia

164 4573 276 4626 mea,
320 4560 510 4619 amica
544 4576 685 4627 mea,
725 4562 972 4630 proxima
1013 4576 1167 4627 mea,
1216 4561 1409 4617 dilecta
1436 4577 1595 4633 mea,
1641 4577 1733 4619 co-
1758 4533 1812 4596 D
1841 4559 2023 4624 tracti,
2052 4571 2174 4612 cum
2205 4554 2644 4610 adolescentibus
2664 4562 2792 4624 post
2817 4568 3081 4623 sponsum
3118 4554 3423 4611 currimus:

1843 4660 1898 4708 et
1917 4665 2016 4722 per
2035 4648 2291 4719 baptismi
2322 4655 2661 4703 sacramenta
2709 4646 2779 4701 de
2814 4645 3030 4703 duobus
3060 4648 3297 4705 fontibus
3344 4648 3429 4705 di-

1845 4742 2121 4807 lectionis,
2149 4741 2247 4796 Dei
2269 4748 2325 4795 et
2355 4738 2611 4809 proximi,
2639 4753 2669 4792 a
2700 4738 2879 4808 gratia
2900 4739 3241 4797 remissionis
3256 4741 3433 4797 ablui-

1846 4852 1990 4902 mur,
2029 4844 2084 4891 et
2122 4832 2477 4889 ascendentes
2517 4846 2615 4903 spe
2661 4832 2907 4890 coelestia
2959 4843 3172 4891 secreta
3213 4834 3427 4891 mundis

1848 4928 2028 4985 cordis
2055 4926 2230 4983 oculis
2269 4926 2564 4981 intuemur.
2618 4924 2827 4983 Dehinc
2879 4925 3138 4998 Spiritum
3186 4937 3432 4983 sanctum

1849 5022 2040 5093 spiritu
2086 5018 2325 5075 contrito
2361 5026 2416 5074 et
2446 5017 2770 5087 humiliato,
2815 5032 2940 5075 cum
2984 5018 3221 5089 simplici
3268 5018 3435 5076 corde

169 2880 394 2937 cumbens
422 2880 483 2959 in
509 2880 780 2952 baptismo
807 2881 1024 2937 solvere
1067 2880 1363 2952 corrigiam
1403 2881 1729 2938 calciamen-

162 4650 318 4711 lumba
367 4668 516 4711 mea.
564 4654 776 4727 Sponsa
818 4655 873 4711 in
915 4654 1262 4726 patriarchis,
1297 4656 1467 4710 amica
1519 4657 1572 4711 in
1604 4670 1731 4725 pro-

165 4746 335 4817 phetis,
366 4747 624 4819 proxima
647 4751 699 4802 in
721 4746 917 4819 .loseph
939 4757 994 4803 et
1020 4747 1206 4816 Maria,
1228 4747 1426 4803 dilecta
1452 4749 1505 4804 in
1526 4748 1736 4806 Joanne

162 4835 411 4909 Baptista,
440 4840 689 4897 columba
721 4840 777 4896 in
798 4838 1016 4896 Christo
1042 4850 1099 4895 et
1123 4840 1404 4909 apostolis,
1436 4840 1630 4910 quibus
1655 4840 1736 4896 di-

162 4931 321 4992 citur:
349 4935 543 4991 Estote
567 4934 859 5005 prudentes
888 4937 1027 4991 sicut
1048 4942 1354 5005 serpentes,
1385 4941 1441 4990 et
1461 4934 1736 5005 simplices

162 5024 283 5081 sicut
307 5026 605 5083 columbae.
634 5026 890 5100 Sequitur
922 5046 935 5081 :
1032 5010 1037 5017 ’

224 5117 331 5190 Ego
365 5118 627 5188 baptisavi
654 5134 739 5174 vos
767 5120 823 5173 in
847 5135 983 5190 aqua
1008 5135 1030 5172 ς
1059 5118 1150 5173 ille
1188 5134 1306 5175 vero
1337 5118 1614 5192 baptizabit
1656 5135 1744 5175 vos

166 5212 211 5265 in
247 5213 455 5285 Spiritu
491 5221 689 5267 sancto.
723 5212 822 5268 Dei
858 5226 987 5268 vero
1027 5211 1224 5267 fluvius
1260 5226 1478 5283 semper
1531 5212 1743 5281 plenus,

167 5317 371 5376 semper
399 5313 483 5361 est
523 5305 746 5376 aequalis
779 5322 793 5360 :
829 5304 896 5361 de
935 5320 1042 5376 quo
1071 5304 1275 5360 dictum
1314 5314 1440 5360 est:
1490 5305 1752 5361 Fluminis

171 5393 416 5468 impetus,
448 5396 684 5453 laetiﬁcat
707 5396 981 5453 civitatem
1015 5397 1130 5451 Dei.
1158 5398 1300 5465 Quid
1330 5398 1579 5465 interest,
1611 5399 1753 5453 inter

171 5502 353 5560 aquam
391 5500 446 5547 et
495 5490 758 5561 Spiritum
805 5499 1074 5559 sanctum,
1129 5491 1223 5560 qui
1271 5490 1551 5549 ferebatur
1595 5505 1756 5561 super

174 5581 371 5652 aquas?
394 5585 545 5653 Aqua
572 5583 931 5640 ministerium
961 5592 1046 5640 est
1073 5582 1307 5638 hominis
1334 5602 1347 5639 :
1369 5584 1607 5655 Spiritus
1627 5598 1760 5640 vero

176 5675 525 5733 ministerium
560 5685 645 5735 est
681 5677 801 5735 Dei.
836 5676 993 5735 Unde
1028 5677 1291 5747 seniptum
1346 5687 1429 5733 est
1463 5697 1476 5733 :
1527 5677 1761 5749 Spiritus

176 5765 269 5826 Dei
328 5769 600 5830 ferebatur
656 5787 821 5849 super
881 5788 1069 5848 aquas.
1129 5770 1341 5844 Super,
1390 5771 1604 5847 inquit,
1654 5788 1764 5830 non

1852 5114 2274 5174 descendentem
2302 5111 2371 5168 ad
2392 5120 2723 5179 mansuetos,
2754 5120 2811 5167 et
2839 5126 2964 5167 cum
2984 5110 3248 5167 charitate
3277 5126 3437 5165 num-

1853 5229 2015 5285 quam
2038 5211 2297 5279 cadente,
2347 5216 2661 5265 mancntem
2708 5206 3160 5277 suscipimus:et
3205 5219 3315 5264 vox
3367 5206 3441 5263 de

1857 5306 2013 5362 caelis
2042 5302 2253 5359 Domini
2275 5300 2344 5357 ad
2372 5314 2472 5356 nos
2493 5316 2524 5357 a
2552 5299 2669 5355 Deo
2698 5298 2929 5354 dilectos
2954 5295 3234 5368 dirigitur,
3291 5297 3446 5353 Beati

1862 5394 2096 5468 pacifici,
2131 5394 2386 5466 quoniam
2421 5391 2517 5447 filii
2547 5391 2644 5448 Dei
2692 5389 3055 5445 vocabuntur.
3099 5388 3170 5445 Et
3213 5398 3341 5446 tunc
3390 5388 3448 5445 in

1864 5487 2024 5543 nobis
2054 5486 2356 5555 complacet
2378 5484 2543 5540 Pater
2570 5496 2694 5539 cum
2724 5479 2885 5548 Filio,
2915 5488 2971 5536 et
3002 5480 3209 5553 Spiritu
3238 5489 3448 5541 sancto.

1866 5582 2085 5656 quando
2112 5580 2385 5637 efficimur
2414 5592 2557 5635 unus
2588 5575 2814 5647 spiritus
2840 5591 2964 5632 cum
2995 5574 3132 5633 Deo.
3174 5575 3326 5632 Unde
3362 5575 3451 5630 Fi-

1868 5675 1972 5731 lius
1997 5674 2213 5730 Patrem
2266 5671 2576 5741 interpellat
2625 5683 2727 5739 pro
2778 5668 2974 5737 nobis,
3021 5670 3256 5725 dicens:
3290 5668 3450 5724 Pater

1870 5778 2077 5837 sancte,
2103 5781 2363 5828 conserva
2392 5779 2488 5824 eos
2528 5765 2588 5821 in
2628 5764 2848 5823 nomine
2896 5772 3026 5833 tuo,
3072 5776 3211 5835 quos
3264 5760 3474 5841 dedisti
