3970 6304
557 349 663 409 595

1587 348 1649 406 s.
1690 349 2074 409 HIERONYMI
2112 316 2397 406 erantin
2436 348 2800 408 MANTISSA.

3722 350 3809 409 596

560 473 714 538 mihi,
740 478 799 526 ut
821 472 929 528 sint
958 483 1125 526 unum
1168 469 1311 526 sicut
1344 476 1400 524 et
1429 482 1529 525 nos
1559 483 1723 524 unum
1752 485 1960 527 sumus.
1995 470 2147 525 Tunc
2174 472 2221 532 Α
2250 468 2407 523 stinte
2450 467 2879 524 conversationis
2928 466 3304 524 abominantes
3354 484 3367 522 :
3411 466 3641 537 pellibus
3680 469 3806 525 enim

564 567 789 638 spiritus
817 581 917 620 nos
948 562 1172 635 expellit
1200 564 1255 618 in
1305 563 1526 619 deserto
1574 562 2005 634 quadragenario
2050 580 2151 617 nu-

566 674 722 716 mero
748 658 1032 715 tentandns
1057 673 1088 715 a
1115 660 1317 715 Satana
1351 675 1368 713 :
1396 667 1455 713 ut
1470 658 1735 729 patientia
1768 659 1925 713 nobis
1954 662 2171 728 proba—-

565 753 791 819 tionem,
818 752 1070 821 probatio
1095 763 1279 807 autem
1308 766 1486 820 spem,
1509 766 1635 821 spes
1660 765 1794 806 vero
1817 750 2142 807 charitatem

569 854 826 915 generet:
857 860 982 900 cum
1029 860 1141 900 non
1193 845 1266 899 sit
1296 843 1453 900 nobis
1508 842 1827 899 colluctatio
1883 844 2151 898 adversus

566 954 786 995 carnem
815 948 871 994 et
893 940 1215 1009 sanguinem
1252 956 1268 992 :
1293 938 1388 993 sed
1412 937 1676 993 adversus
1704 937 2059 1008 principatus,
2100 945 2154 991 et

568 1032 803 1104 reliqua.
860 1032 931 1087 Et
975 1041 1105 1086 tunc
1152 1030 1341 1087 bestiae
1381 1041 1585 1100 pacatas
1631 1039 1791 1085 erunt
1838 1028 2150 1095 nobiscum,

566 1144 691 1185 cum
718 1130 773 1184 in
804 1143 932 1184 arca
960 1128 1155 1183 animm
1185 1136 1409 1193 nostrae,
1434 1124 1635 1181 munda
1689 1139 1816 1179 cum
1858 1123 2156 1179 immundis

572 1222 900 1278 animalibus
931 1219 1360 1276 mansuescimus
1383 1260 1400 1286 ,
1453 1228 1511 1274 et
1552 1232 1678 1275 cum
1717 1216 1973 1273 leonibus
2017 1217 2156 1271 sicut

571 1314 761 1370 Daniel
818 1314 1077 1369 cubamus
1109 1331 1120 1367 :
1152 1316 1274 1367 cum
1333 1312 1558 1382 spiritus
1613 1325 1722 1367 non
1772 1309 1841 1365 sit
1893 1308 2157 1365 adversus

571 1424 817 1474 carnem,
850 1408 907 1464 et
930 1409 1247 1477 sanguinem
1276 1423 1292 1460 :
1318 1420 1419 1462 nec
1441 1420 1572 1461 caro
1593 1402 1931 1475 concupiscit
1959 1400 2156 1458 adver-

570 1518 662 1557 sus
687 1502 967 1571 spiritum.
1000 1501 1131 1557 Post
1156 1500 1271 1555 hinc
1312 1499 1493 1570 angeli
1526 1497 1786 1565 ministri,
1829 1496 1921 1566 qui
1964 1494 2159 1549 vident

566 1593 762 1649 faciem
790 1593 959 1661 patris
977 1592 1150 1647 nostri
1186 1593 1237 1645 in
1262 1591 1441 1657 caelis,
1468 1606 1686 1659 semper
1733 1588 2026 1643 mittuntur
2056 1600 2156 1641 no-

570 1685 676 1749 bis,
699 1693 758 1739 ut
784 1698 1046 1754 responsa
1075 1692 1129 1739 et
1152 1683 1349 1738 solatia
1390 1682 1649 1740 cordibus
1694 1689 1749 1735 et
1799 1679 2158 1751 vigilantibus

571 1777 725 1843 dent,
756 1777 1041 1833 dicentes:
1070 1776 1338 1831 Exaudita
1382 1784 1467 1831 est
1489 1774 1665 1829 oratio
1691 1782 1802 1829 tua.
1835 1772 1925 1838 Et,
1980 1771 2158 1827 Nolite

2255 562 2483 617 mortuis
2515 562 2711 633 tegitur
2739 562 2931 626 Adam,
2960 562 3050 633 qui
3080 564 3293 632 genitor
3322 572 3404 617 est
3432 572 3615 617 noster
3639 576 3811 616 secun-

2252 656 2378 710 dum
2402 670 2640 710 carnem.
2686 656 2751 710 Et
2776 670 2917 710 nunc
2946 656 3192 725 deposito
3222 666 3406 711 vetere
3443 655 3678 718 homine,
3707 671 3811 709 cum

2253 748 2460 802 actibus
2501 749 2636 815 suis,
2685 762 2879 803 novum
2918 758 3214 819 sequentes
3249 749 3527 804 hominem
3554 789 3569 813 ,
3608 748 3813 818 pellibus

2256 842 2486 911 tegimur
2516 841 2855 912 Salomonis,
2883 844 3078 913 quibus
3112 858 3311 913 sponsa
3336 843 3598 915 gloriatur
3626 857 3683 898 se
3720 843 3813 898 lac.

2255 946 2362 992 tam
2390 953 2512 993 esse
2544 939 2860 994 lormosam.
2891 938 3100 1005 Simon,
3133 939 3374 993 obediens
3413 954 3431 993 :
3464 936 3725 1003 Andreas,
3756 941 3817 991 υί-

2257 1030 2370 1083 rilis
2392 1046 2411 1083 :
2433 1029 2624 1098 Jacob,
2654 1031 3033 1102 supplantans:
3055 1031 3315 1097 Joannes,
3348 1031 3541 1101 gratia,
3568 1030 3619 1084 in
3647 1029 3817 1085 Latino

2256 1132 2433 1177 sonat.
2475 1121 2681 1189 Quibus
2707 1131 2939 1192 quatuor
2966 1123 3274 1179 nominibus
3310 1122 3362 1177 in
3404 1136 3596 1193 agmen
3628 1122 3821 1177 Domini

2256 1214 2637 1285 conjungimnr
2678 1232 2691 1269 :
2731 1214 3063 1284 obedientia,
3102 1225 3163 1269 ut
3189 1213 3471 1270 audiamur
3512 1230 3526 1267 :
3561 1212 3819 1277 virilitate,

2258 1314 2318 1361 ut
2353 1322 2653 1378 pugnemus
2702 1324 2717 1362 :
2769 1306 3240 1377 supplantatione,
3288 1317 3348 1362 ut
3391 1322 3816 1376 perseveremus:

2257 1405 2451 1475 gratia,
2484 1411 2542 1458 ut
2569 1419 2974 1461 conservemur.
3008 1404 3119 1459 Nisi
3146 1403 3287 1459 enim
3319 1402 3574 1467 dominus
3613 1401 3821 1456 aediﬁca.

2259 1497 2395 1550 verit
2419 1495 2663 1563 domum,
2690 1496 2743 1550 in
2770 1510 2970 1551 vanum
2995 1496 3263 1559 laborant,
3291 1496 3381 1564 qui
3404 1493 3671 1551 aediﬁcant
3698 1509 3818 1548 eam.

2259 1587 2392 1656 Quae
2418 1596 2651 1658 quatuor
2680 1588 2907 1644 virtutes
2935 1590 3237 1645 cardinales
3261 1588 3516 1643 dicuntur
3547 1604 3562 1642 :
3595 1587 3719 1656 quia
3747 1602 3823 1657 per

2261 1678 2625 1750 prudentiam,
2658 1682 2945 1736 ohedimus
2980 1700 2992 1734 ε
3024 1698 3120 1752 per
3145 1680 3432 1752 justitiam,
3476 1680 3706 1735 viriliter
3736 1680 3827 1748 agi-

2263 1789 2383 1829 mus
2414 1791 2427 1827 :
2460 1789 2559 1843 per
2602 1775 3036 1843 temperantiam,
3069 1784 3374 1845 serpentem
3410 1774 3711 1839 calcamus;
3752 1788 3828 1841 per

564 1870 784 1935 timere,
813 1867 1001 1924 Jesum
1024 1878 1333 1939 quaerentes
1361 1867 1722 1923 Nazarenam.
1751 1865 1836 1930 Et,
1873 1864 1990 1934 Ego
2021 1879 2158 1934 quos
2187 1857 2235 1917 B
2263 1863 2652 1928 fortitudinem,
2692 1866 2918 1934 gratiam
2960 1865 3053 1919 Dei
3098 1881 3391 1921 meremur.
3424 1865 3579 1918 Curis
3619 1864 3829 1917 fratrum

568 1976 712 2025 amo,
739 1976 930 2031 arguo,
959 1968 1016 2014 et
1046 1958 1253 2029 castigo
1282 1976 1292 2010 :
1326 1964 1406 2026 et,
1442 1957 1693 2013 Vincenti
1723 1955 1866 2010 dabo
1898 1954 2063 2011 edere
2090 1954 2159 2011 de

575 2053 743 2125 ligno,
775 2052 918 2121 quod
945 2060 1032 2107 est
1062 2053 1116 2105 in
1140 2050 1393 2121 paradiso
1427 2049 1525 2104 Dei
1549 2049 1674 2103 mei.
1710 2047 1969 2119 Sequitur
1999 2065 2013 2101 :

586 2192 587 2195 η
641 2145 933 2217 Postquam
960 2155 1137 2198 autem
1166 2143 1387 2197 traditus
1414 2153 1488 2196 est
1516 2139 1769 2205 Joannes,
1824 2141 1958 2195 venit
2006 2140 2161 2194 Jesus

571 2241 626 2293 in
651 2237 925 2294 Galilaeam
952 2238 1245 2307 prasdicans
1275 2233 1619 2307 Evangelium
1665 2235 1808 2306 regni
1836 2232 1953 2298 Dei,
2002 2240 2051 2286 et
2079 2232 2161 2285 di-

573 2348 692 2387 cens
723 2348 741 2384 :
770 2331 1029 2399 Quoniam
1056 2330 1331 2397 impletum
1352 2337 1426 2382 est
1451 2368 1467 2392 ,
1494 2338 1721 2394 tempus,
1775 2334 1823 2378 et
1871 2323 2159 2395 appropin-

576 2423 751 2493 quabit
779 2426 991 2491 regnum
1016 2421 1129 2475 Dei.
1157 2420 1449 2489 Postquam
1471 2417 1783 2485 accepimus
1806 2417 2034 2487 gratiam
2063 2430 2162 2484 pro

577 2516 777 2586 gratia,
807 2514 1045 2569 carnalia
1066 2513 1429 2576 decollantur,
1454 2509 1766 2579 spiritualia
1796 2508 2160 2563 vivilieantur:

579 2617 829 2663 cessante
859 2606 1071 2671 umbra,
1104 2605 1259 2660 adest
1287 2604 1511 2659 veritas.
1539 2602 1779 2659 Joannes
1812 2601 1865 2655 in
1912 2615 2160 2667 carcere,

574 2701 737 2756 lexin
762 2700 969 2762 iudica,
1000 2699 1163 2754 Jesus
1211 2700 1263 2753 in
1318 2697 1545 2753 Galilata
1572 2714 1583 2750 :
1609 2697 1755 2751 salus
1796 2696 1846 2749 in
1886 2695 2161 2765 gentibus,

575 2796 878 2866 praedicans
908 2796 1259 2867 Evangelium
1280 2795 1431 2865 regni
1464 2812 1477 2849 :
1504 2795 1654 2850 Beati
1683 2809 1949 2864 pauperes
2004 2794 2156 2864 spiri-

576 2900 655 2955 tu,
686 2890 943 2961 quoniam
970 2890 1209 2958 ipsorum
1257 2898 1343 2943 est
1375 2903 1603 2958 regnum
1634 2889 1921 2943 caelorum.
1975 2886 2163 2955 Regno

576 2990 799 3039 terreno
827 2981 1074 3036 succedit
1103 2988 1391 3050 paupertas
1417 2996 1433 3037 :
1467 2980 1772 3051 paupertati
1825 2977 2165 3034 Christiano-

575 3090 697 3130 rum
724 3072 983 3129 tribuitur
1012 3087 1239 3143 regnum
1268 3073 1684 3143 setnpiternum.
1717 3071 1871 3129 Unde
1897 3073 2164 3129 Dominus

576 3167 711 3223 dicit
741 3183 757 3221 :
790 3166 1033 3237 Regnum
1056 3172 1236 3221 meum
1263 3181 1369 3219 non
1394 3176 1477 3221 est
1505 3166 1572 3221 de
1595 3165 1697 3221 hoc
1718 3164 1943 3221 mundo.
1973 3165 2163 3220 Omnis

2262 1965 2556 2025 occupatus
2583 1955 2818 2010 Marcum
2846 1958 3231 2026 evangelistam
3260 1956 3572 2027 explanare,
3606 1966 3661 2009 ut
3680 1954 3831 2019 volui,

2262 2062 2368 2103 non
2410 2046 2554 2102 valui
2605 2067 2615 2101 :
2657 2047 2751 2103 scd
2806 2048 2957 2102 illum
3008 2050 3289 2117 imitatus,
3361 2048 3671 2103 summatim
3734 2048 3833 2115 eius

2263 2137 2479 2210 propria
2511 2148 2671 2208 tango
2696 2156 2707 2192 :
2736 2148 2790 2194 et
2819 2139 2960 2194 sicut
2984 2142 3124 2194 ltuth
3157 2135 3385 2211 cognata
3414 2140 3615 2193 Christi
3647 2139 3827 2208 SriCaS,

2263 2243 2319 2289 et
2347 2248 2594 2289 racemos
2613 2232 2681 2289 de
2714 2242 2837 2303 post
2867 2243 3156 2301 metentes,
3179 2234 3367 2290 Noemi
3395 2234 3599 2290 orbatae
3628 2234 3830 2301 colligo.

2265 2326 2371 2382 Sed
2400 2325 2601 2381 utinam
2642 2325 2708 2380 ad
2742 2326 2883 2381 Booz
2914 2342 3010 2397 per
3038 2325 3177 2381 hanc
3203 2329 3479 2397 penuriam
3510 2342 3683 2381 meam
3726 2342 3837 2381 con-

2262 2418 2405 2493 vivia
2438 2420 2798 2490 pervenirem,
2838 2422 3038 2476 lurtum
3077 2421 3342 2499 laudabile
3370 2420 3603 2477 iaciens!
3643 2421 3835 2476 Marcus

2263 2502 2405 2566 dicta
2429 2511 2700 2582 Evangelii
2734 2513 2784 2567 in
2813 2514 3128 2583 semetipso,
3164 2528 3268 2569 non
3307 2516 3357 2568 in
3402 2514 3709 2583 semetipsis
3743 2514 3837 2567 dis-

2264 2618 2491 2673 ponens,
2524 2603 2769 2658 ordinem
2804 2604 3042 2675 historiae
3066 2621 3174 2660 non
3203 2614 3443 2671 secutus,
3476 2604 3838 2678 mysteriorum

2265 2693 2509 2749 ordinem
2552 2706 2754 2749 servat.
2792 2694 2946 2752 Unde
2985 2697 3036 2750 in
3071 2697 3308 2752 sabbatis
3346 2700 3571 2768 primam
3604 2700 3836 2752 virtutem

2266 2800 2469 2853 narrat,
2499 2788 2686 2845 dicens
2709 2806 2725 2847 :

2338 2882 2403 2936 Et
2431 2884 2795 2957 ingrediuntur
2821 2884 3187 2957 Cap/iamcum
3218 2903 3237 2942 :
3261 2896 3307 2942 et
3328 2888 3503 2941 statim
3533 2888 3754 2942 sabbatis
3774 2889 3837 2942 in-
3868 2934 3873 2941 .

2265 2992 2471 3048 gressus
2496 2978 2550 3030 in
2572 2994 2891 3049 synagogam
2916 2979 3128 3055 docebat
3159 2996 3242 3034 eos
3266 2996 3284 3033 :
3312 2979 3374 3034 Et
3403 2980 3675 3050 stupebant
3702 2997 3840 3050 super

2267 3068 2504 3123 doctrina
2528 3074 2661 3137 eius.
2692 3071 2817 3125 Erat
2847 3073 2985 3126 enim
3015 3073 3204 3129 docens
3233 3090 3341 3142 eos,
3366 3075 3516 3146 quasi
3557 3085 3837 3145 potestatem

2220 3220 2227 3225 ,
2268 3160 2479 3227 habens,
2506 3174 2553 3215 et
2573 3180 2679 3216 non
2702 3165 2829 3218 sicut
2850 3165 3048 3220 scribis.
3086 3165 3152 3220 Et
3180 3176 3285 3241 erat
3309 3168 3362 3219 in
3389 3183 3653 3239 synagoga
3678 3184 3835 3222 eorum

574 3258 722 3315 enim
756 3259 930 3314 honor
956 3267 1231 3323 terrenus,
1256 3274 1464 3329 spuma:
1492 3272 1648 3329 aquae
1696 3258 1912 3328 gracili,
1947 3261 2033 3335 vel
2079 3259 2161 3312 [u-
2188 3241 2233 3303 C
2264 3253 2416 3307 homo
2446 3258 2498 3308 in
2521 3254 2709 3323 spiritu
2738 3256 3027 3329 immundo,
3058 3268 3105 3311 et
3135 3258 3437 3333 exclamavit
3468 3258 3641 3313 dicens
3670 3275 3689 3313 :
3715 3257 3836 3327 Quid

576 3365 692 3417 mo,
722 3351 809 3407 vel
843 3352 1060 3407 somnio
1081 3361 1445 3421 comparatur.
1481 3349 1738 3420 Sequitur
1770 3366 1784 3403 :

650 3442 1004 3512 Pwnitemini,
1039 3455 1087 3498 et
1134 3444 1326 3499 credite
1377 3441 1683 3514 Evangelia.
1742 3442 1812 3499 Et
1868 3444 2165 3515 prieteriens

574 3555 721 3593 secus
748 3552 889 3593 mare
913 3537 1169 3605 Galilww,
1198 3539 1326 3592 vidit
1354 3538 1620 3593 Simonem
1649 3546 1696 3591 et
1741 3536 2000 3592 Andream
2055 3537 2165 3606 (ra.

577 3647 709 3690 trem
738 3636 871 3705 ejus,
904 3635 1161 3687 mittentes
1186 3633 1319 3686 retia
1342 3633 1399 3685 in
1429 3648 1592 3685 mare.
1640 3629 1806 3685 Erant
1858 3643 2029 3687 autem
2084 3634 2163 3704 pi-

579 3739 823 3784 scatores.
847 3727 913 3781 Et
944 3728 1073 3781 dixit
1100 3728 1172 3780 eis
1199 3724 1388 3780 Jesus:
1425 3725 1606 3781 Venite
1625 3736 1740 3798 post
1764 3742 1865 3792 me,
1898 3737 1945 3781 et
1970 3727 2163 3796 faciam

580 3840 667 3878 vos
698 3822 811 3892 ﬁeri
840 3823 1124 3894 piscatores
1153 3820 1440 3874 hominum.
1468 3818 1535 3873 Et
1562 3821 1799 3889 protinus
1838 3821 2033 3875 relictis
2082 3838 2165 3877 re-

582 3916 735 3980 tibus,
769 3916 927 3969 secuti
949 3924 1069 3969 sunt
1098 3928 1237 3968 eum.
1268 3913 1336 3966 Et
1362 3928 1666 3984 progressus
1703 3913 1828 3967 inde
1879 3912 2157 3984 pusillum,

579 4009 704 4061 vidit
730 4006 986 4061 Jacobum
1014 4005 1273 4066 Zebedwi,
1320 4016 1369 4060 et
1398 4005 1657 4059 Joannem
1684 4008 1898 4076 fratrem
1945 4010 2081 4078 ejus,
2113 4018 2161 4062 et

576 4102 716 4169 ipsos
742 4092 1248 4169 contponentes'retia
1272 4100 1325 4151 in
1352 4100 1468 4152 navi
1488 4109 1569 4153 :et
1590 4101 1766 4153 statim
1793 4102 1989 4154 vocavit
2017 4102 2156 4156 illos.

578 4192 645 4246 Et
678 4190 857 4245 relicto
882 4201 1027 4262 patre
1054 4208 1147 4244 suo
1169 4191 1417 4245 Zebedazo
1443 4193 1496 4245 in
1520 4194 1635 4246 navi
1660 4208 1777 4246 cum
1804 4196 2157 4263 mercenariis,

576 4285 734 4338 secuti
759 4294 1035 4337 suntcum.
1065 4282 1201 4338 Nam
1231 4284 1334 4338 nisi
1366 4284 1745 4349 credideritis;
1800 4302 1907 4339 non
1964 4288 2161 4342 intelli-

577 4376 737 4447 getis.
778 4376 1209 4432 Amaritbdinem
1265 4378 1485 4445 radicis,
1537 4378 1770 4434 dulcedo
1820 4380 1966 4448 pomi
2008 4397 2157 4435 com-

576 4480 797 4539 pensat:
818 4469 1055 4539 pericula
1084 4472 1271 4536 maris,
1300 4485 1427 4541 spes
1455 4472 1589 4527 lucri
1609 4472 1878 4533 delectat:
1904 4474 2153 4530 dolorem

576 4562 1012 4634 ntedicinte,spes
1032 4564 1221 4618 salutis
1235 4566 1463 4635 mitigat.
1480 4566 1582 4633 Qui
1595 4566 1869 4623 desiderat
1897 4570 2147 4624 nucleum
2184 4610 2197 4635 _.

2266 3348 2411 3401 nobis
2433 3358 2480 3402 et
2510 3349 2620 3413 tibi,
2646 3349 2773 3404 Jesu
2800 3348 3110 3406 Nazarene:
3134 3353 3311 3406 t'enisti
3337 3354 3548 3423 perdere
3576 3354 3698 3408 nos?
3727 3354 3831 3407 Srio

2263 3443 2351 3511 qui
2380 3441 2472 3506 sis,
2503 3451 2713 3497 sanctus
2740 3442 2863 3497 Dei.
2893 3443 2960 3496 Et
2992 3445 3330 3499 comminatus
3358 3455 3431 3498 est
3461 3445 3509 3499 ei
3551 3444 3696 3500 Jesus
3716 3491 3729 3513 ,
3755 3446 3827 3497 di-

2264 3551 2380 3589 cens
2406 3551 2424 3589 :
2451 3536 2760 3602 obmutesce,
2787 3547 2835 3590 et
2866 3537 2947 3591 exi
2975 3538 3039 3592 de
3064 3537 3288 3593 homine.
3324 3537 3391 3593 Et
3415 3538 3695 3613 discerpcns
3723 3556 3821 3591 eum

2262 3629 2475 3699 spiritus
2505 3628 2821 3695 immundus,
2848 3639 2893 3683 et
2918 3630 3210 3686 exclamans
3242 3648 3356 3685 race
3391 3649 3601 3703 magna,
3626 3632 3728 3687 exiit
3758 3632 3814 3699 ab

2264 3743 2344 3781 co.
2373 3725 2442 3781 Et
2472 3726 2642 3781 mirati
2677 3736 2794 3781 sunt
2824 3741 3017 3789 omnes,
3048 3726 3121 3779 ita
3147 3737 3200 3779 ut
3240 3728 3597 3797 conquirerent
3622 3728 3732 3779 inter
3768 3739 3811 3775 se

2264 3820 2484 3873 dicentes
2529 3834 2548 3871 :
2597 3818 2857 3883 Quidnam
2887 3824 2960 3872 est
3007 3817 3140 3871 hoc?
3176 3833 3416 3889 quanam
3461 3818 3687 3871 doctrina
3726 3815 3815 3868 hac

2264 3914 2423 3969 nova?
2451 3912 2584 3979 Quia
2602 3915 2655 3967 in
2686 3921 2933 3979 potestate
2956 3911 3218 3983 spiritibus
3241 3914 3519 3965 immundis
3540 3890 3761 3979 iinperat,
3782 3921 3819 3961 et

2263 4005 2503 4060 obediunt
2532 4006 2600 4058 ei.
2630 4004 2701 4058 Et
2732 4005 2975 4073 processit
3001 4021 3180 4057 rumor
3222 4008 3335 4076 ejus
3361 4005 3535 4058 statim
3571 4010 3621 4058 in
3645 4020 3823 4057 omnem

2262 4101 2519 4170 regionem
2550 4096 2822 4152 Galila'at:
2856 4097 2923 4150 Et
2965 4099 3198 4168 protinus
3241 4098 3554 4169 egredientes
3591 4098 3649 4150 de
3688 4112 3825 4166 syna—

2261 4212 2409 4266 goga,
2441 4202 2677 4248 venerunt
2707 4190 2759 4244 in
2782 4190 2990 4245 domum
3016 4190 3268 4257 Simonis,
3301 4200 3347 4244 et
3370 4192 3590 4245 Andrea’
3615 4208 3721 4244 cum
3742 4188 3822 4239 Ju-

2261 4292 2385 4344 cobo
2417 4300 2461 4342 et
2488 4287 2711 4343 Joanne.
2748 4287 3089 4341 Recumbebat
3117 4298 3288 4339 autem
3310 4303 3487 4341 socrus
3522 4288 3737 4342 Simonis
3761 4289 3821 4356 [τε

2261 4384 2506 4436 bricitans
2537 4390 2585 4434 et
2606 4382 2782 4435 statim
2808 4380 2987 4434 dicunt
3017 4381 3063 4433 ei
3089 4383 3150 4434 de
3176 4381 3289 4434 illa.
3324 4368 3389 4431 Ei
3426 4380 3668 4434 accedens
3688 4420 3701 4444 ,
3730 4382 3821 4432 ele-

2260 4476 2388 4529 vavit
2418 4492 2531 4529 eam
2560 4472 2879 4547 apprehensa
2907 4489 3062 4525 manu
3086 4476 3230 4547 ejus,
3270 4482 3320 4526 et
3358 4476 3603 4524 continuo
3645 4470 3823 4531 dimisit

2257 4585 2368 4623 eam
2389 4568 2545 4638 febris
2587 4578 2678 4622 :et
2725 4567 3046 4620 ministrabat
3074 4567 3167 4620 eis.
3209 4564 3431 4631 Vespere
3480 4576 3644 4620 autem
3676 4565 3818 4633 facta,

569 4655 769 4725 frangit
789 4632 1404 4713 nuce'm.Ptnnitentiat-n
1432 4658 1564 4728 agit,
1584 4660 1672 4729 qui
1694 4661 2027 4716 vultaeterno
2044 4662 2143 4716 bo-
2173 4632 2228 4692 Β
2252 4676 2369 4715 cum
2389 4632 2669 4715 occidisset
2699 4659 2800 4724 sol,
2824 4657 3105 4724 aﬁet'ebant
3134 4659 3202 4710 ad
3230 4673 3347 4710 eum
3385 4673 3558 4711 omnes
3590 4632 3713 4709 male
3738 4657 3821 4705 lia-

566 4764 639 4803 no
650 4748 948 4803 adhaerere.
972 4750 1242 4805 Prmconia
1264 4750 1467 4806 Christi
1486 4768 1709 4809 narrare
1724 4753 1885 4823 digne
1900 4766 2143 4823 possunt,

563 4844 652 4911 qui
666 4842 733 4897 ad
750 4844 975 4911 palmam
991 4844 1336 4915 indulgentias
1360 4848 1991 4917 merueruntperveuire.
2014 4849 2144 4905 Post

565 4935 684 4992 haec
718 4947 981 4992 vocantur
1022 4938 1171 4991 mlSsi
1207 4946 1438 5007 quatuor
1472 4941 1789 5009 piscatores.
1827 4940 2036 5003 Simon,
2088 4951 2142 4996 et

563 5031 809 5086 Andreas
835 5049 847 5085 :
880 5030 1118 5085 Jacobus
1143 5041 1197 5085 et
1222 5032 1482 5097 Joannes,-
1508 5033 1711 5088 relictis
1739 5035 1961 5099 retibus,
1988 5042 2140 5103 patre

558 5133 613 5176 ct
642 5134 783 5177 nave
803 5136 929 5177 cum
953 5124 1324 5179 mercenariis.
1359 5124 1468 5179 Hac
1496 5124 1756 5194 quadriga
1789 5126 2034 5178 vehimur
2071 5126 2137 5179 ad

474 5248 479 5253 ι
556 5216 782 5279 anthera,
817 5226 875 5268 ut
910 5215 1057 5270 Elius
1106 5232 1120 5269 :
1154 5216 1238 5269 his
1279 5226 1510 5285 quatuor
1550 5217 1758 5284 angulis
1806 5220 2138 5272 construitur

556 5308 724 5374 prima
752 5309 990 5364 Ecclesia
1015 5326 1028 5361 :
1059 5310 1141 5364 his
1162 5317 1391 5377 quatuor
1414 5310 1608 5365 litteris
1631 5310 1930 5379 Hebraicis,
1956 5313 2007 5366 id
2032 5322 2134 5377 est,

528 5422 531 5425 ι
555 5396 1056 5467 Tetragrammaton
1085 5416 1280 5455 nomen
1309 5401 1523 5455 Domini
1552 5408 1865 5471 agnoscitur
1890 5418 1919 5457 a
1957 5403 2131 5458 nobis.

548 5493 756 5559 Quibus
796 5493 958 5548 simili
992 5495 1243 5563 exemplo
1270 5494 1603 5565 praecipitur,
1638 5507 1690 5549 ut
1733 5496 2015 5551 audiamus
2046 5512 2134 5550 vo-

546 5599 663 5639 cetn
698 5584 909 5638 Domini
937 5590 1199 5650 iocantis,
1240 5596 1291 5639 et
1334 5586 1719 5641 obliviscamur
1749 5588 2005 5657 populum
2047 5589 2129 5641 vi-

546 5680 767 5743 tiorum,
797 5687 853 5734 et
876 5679 1095 5733 domum
1120 5689 1359 5749 patorum
1388 5680 1711 5746 traditionis,
1739 5696 1859 5749 quze
1882 5689 1967 5735 est
1998 5680 2128 5734 stul-

492 5832 501 5841 _
546 5774 658 5828 titia
703 5776 812 5828 Deo
856 5791 868 5828 :
924 5783 979 5829 et
1015 5782 1129 5827 rete
1158 5778 1510 5841 aranearum,
1554 5776 1611 5829 in
1655 5789 1764 5844 quo
1815 5790 1913 5828 nos
1979 5774 2126 5829 velut

531 5869 731 5925 culices
759 5884 895 5939 pene
920 5869 1102 5939 lapsos
1131 5870 1347 5928 tenebat
1376 5886 1472 5928 aer
1512 5872 1687 5928 inanis
1722 5889 1734 5924 :
1783 5886 1974 5929 navem
2013 5872 2122 5941 pri-

2250 4756 2439 4819 bentes,
2471 4763 2519 4807 et
2547 4752 2801 4807 datmonia
2822 4750 3476 4821 habentes.Capharnaum
3510 4751 3628 4805 villa
3655 4766 3821 4829 conso-

2249 4846 2461 4901 lationis
2483 4846 2862 4914 interpretatur
2887 4862 2901 4897 :
2924 4844 3204 4899 sabbatum
3227 4856 3405 4898 autem
3432 4844 3644 4912 requies.
3663 4841 3819 4897 Homo

2249 4941 2302 4993 in
2330 4941 2518 5009 spiritu
2544 4939 2843 5003 immundo,
2868 4953 3039 5009 genus
3062 4938 3350 4992 humanum
3374 4947 3487 4993 est:
3510 4940 3558 4993 in
3588 4951 3690 5005 quo
3719 4930 3807 4987 im.

2248 5034 2510 5088 munditia
2536 5034 2779 5103 regnavit
2806 5032 2874 5087 ab
2900 5030 3094 5097 Adam,
3128 5046 3295 5101 usque
3320 5030 3385 5085 ad
3418 5030 3652 5103 Moysen.
3693 5028 3814 5082 Nam

2245 5130 2331 5199 qui
2360 5130 2477 5185 sine
2502 5128 2644 5197 Lege
2671 5137 3049 5197 peccaverunt,
3080 5127 3197 5183 sine
3226 5120 3365 5199 Lege
3397 5127 3697 5196 perierunt:
3726 5123 3810 5188 qui

2242 5222 2419 5278 sciens
2440 5230 2684 5277 sanctum
2706 5220 2823 5286 Dei,
2843 5221 3219 5275 obmutcSt-ere
3234 5220 3482 5287 jubetur:
3507 5218 3630 5273 dum
3653 5217 3812 5271 scien-

2244 5322 2323 5368 tes
2353 5312 2570 5381 quidem
2598 5312 2788 5371 Deum.
2823 5328 2928 5365 non
2980 5312 3123 5365 sicut
3153 5313 3321 5365 Deum
3363 5310 3810 5380 gloriﬁcaverunt,

2241 5406 2337 5460 sed
2372 5404 2873 5474 serrieruntpotius
2896 5414 3183 5469 creatura,
3216 5419 3373 5472 quam
3417 5404 3667 5467 creatori,
3706 5399 3807 5468 spi-

2239 5499 2373 5552 ritus
2415 5497 2724 5565 discerpens
2773 5497 3078 5564 hominem,
3113 5496 3244 5551 exiit
3294 5496 3364 5550 ab
3410 5512 3495 5551 eo.
3528 5494 3811 5565 Appropin-

2238 5602 2440 5663 quante
2466 5592 2659 5657 salute,
2689 5592 3082 5662 appropinquat
3112 5592 3353 5647 tentatio.
3390 5591 3597 5645 Pharao
3638 5587 3813 5644 dimis-

2232 5698 2325 5741 8tts
2368 5687 2435 5739 ab
2470 5686 2653 5753 Israel,
2681 5686 3022 5757 persequitur
3070 5684 3232 5740 lsrael
3265 5701 3280 5740 :
3325 5684 3573 5739 diabolus
3601 5691 3807 5737 conten-

2235 5787 2338 5843 tus,
2369 5778 2539 5848 surgit
2566 5780 2617 5831 in
2643 5778 2916 5833 scandala.
2964 5777 3164 5833 Socrus
3200 5777 3346 5831 Petri
3375 5776 3693 5837 febricitans,
3719 5784 3807 5825 se-

2231 5871 2406 5931 cunda
2452 5873 2651 5928 virtute
2695 5872 2927 5941 lavatur,
2982 5862 3037 5928 et
3078 5870 3416 5942 apprehensa
3469 5887 3625 5927 manu
3666 5867 3798 5937 ejus,
