3970 6304
254 250 345 319 597
374 266 375 269 ‘

867 258 1412 326 COMMENTARIUS
1447 246 1516 324 ut
1554 245 2007 329 inuentus
2045 248 2196 327 su’c.
2236 254 2550 328 umenti.
2591 268 2746 326 esp.
2786 269 2853 327 ιι.

3408 264 3515 329 598

248 380 462 432 sanatur.
507 360 702 432 Febris
749 376 1221 449 intemperantiam
1254 376 1521 451 signiﬁcat
1554 380 1567 435 ὲ
1603 376 1670 437 de
1710 378 1816 453 qua
1844 385 1891 443 A
1922 380 2054 444 Fili.
2088 383 2417 439 dimittuntur
2441 385 2530 439 tibi
2567 384 2777 457 peccata
2820 380 2929 439 tua.
2985 385 3156 440 Eram
3190 388 3365 441 autem
3406 382 3521 442 itlic

246 486 333 528 nos
368 472 455 528 lilii
493 472 780 545 synagogae
806 490 907 545 per
937 474 1153 529 manum
1181 466 1516 546 disciplima,
1548 470 1604 531 ‘et
1634 474 1819 532 eleva-

248 567 426 621 tionem
448 564 705 622 desiderii
730 560 1013 643 sanamur,
1043 576 1098 622 et
1127 568 1289 637 hujus
1319 568 1411 639 qui
1438 578 1593 624 sanat
1620 584 1720 624 nos
1749 564 1821 623 ad

241 664 530 729 vesperum,
572 656 901 717 declinantis
931 675 959 716 a
985 660 1165 729 nobis,
1211 662 1588 718 ministramus
1627 656 1818 718 volun-

243 752 347 805 lati.

304 842 364 896 Et
390 852 501 898 erat
526 845 695 899 omnis
715 845 893 899 civitas
912 842 1221 920 congregata
1246 848 1314 901 ad
1329 842 1569 921 januam,
1590 842 1634 901 et.
1667 848 1820 902 curti-

236 934 523 1000 ritntultos,
555 937 646 1009 qui
672 932 993 993 vexabantur
1018 928 1181 994 'variis
1220 940 1577 1012 languoribus.
1608 941 1673 995 Et
1712 941 1820 995 da:-

234 1028 391 1083 ntonia
418 1029 587 1083 multa
614 1030 851 1101 ejiciebat
873 1071 889 1095 ,
935 1042 982 1086 et
1024 1050 1129 1087 non
1169 1033 1369 1088 sinebat
1412 1051 1469 1088 ea
1500 1034 1660 1106 loqui,
1692 1038 1817 1107 quo-

234 1120 357 1174 κίστη
378 1121 610 1176 sciebant
636 1138 750 1177 eum
778 1140 795 1176 :
821 1121 889 1177 Et
907 1123 1139 1179 diluculo
1165 1114 1315 1181 valde
1344 1136 1557 1197 surgens
1585 1128 1818 1197 egressus

233 1213 343 1268 abiit
370 1212 426 1267 in
454 1213 719 1269 desertum
763 1217 956 1285 locum,
989 1216 1160 1289 ibique
1184 1217 1364 1271 orabat
1392 1232 1412 1273 ‘:
1439 1227 1486 1272 et
1515 1222 1819 1287 prosecutus

233 1316 298 1359 est
320 1321 433 1360 eum
463 1306 654 1362 Simon
676 1348 693 1372 ,
725 1314 771 1362 et
815 1309 904 1378 qui
932 1318 1050 1363 cum
1078 1308 1170 1363 illo
1205 1320 1379 1364 erant.
1422 1310 1491 1363 Et
1521 1326 1636 1363 cum
1677 1311 1819 1363 inve-

233 1401 409 1456 nissent
430 1417 572 1469 eum,
602 1403 847 1457 dixerunt
872 1405 941 1467 ei,
959 1405 1083 1475 quia
1104 1408 1277 1458 amnes
1300 1412 1539 1476 quierunt
1569 1414 1635 1457 te.
1657 1390 1724 1458 Et
1745 1404 1818 1457 ait

231 1494 372 1549 illis:
412 1493 611 1550 Eamus
640 1496 693 1550 in
740 1498 1007 1567 proximos
1044 1498 1181 1553 vicos
1211 1494 1255 1551 et
1283 1498 1531 1564 civitates,
1572 1506 1628 1552 ut
1655 1506 1701 1551 et
1746 1498 1820 1552 ibi

233 1586 491 1657 pradicem
508 1606 527 1644 :
557 1591 626 1643 ad
656 1591 751 1644 hoc
773 1592 908 1645 enim
928 1590 1061 1646 ve'r‘ti.
1083 1589 1149 1644 Et
1174 1600 1284 1646 erat
1309 1582 1598 1664 prtedicaas
1620 1592 1674 1644 in
1694 1592 1815 1662 Syn-

229 1684 394 1754 agogis
423 1684 605 1736 eorum
629 1723 644 1749 ,
675 1695 725 1737 et
775 1683 830 1736 in
859 1685 999 1737 omni
1045 1683 1286 1750 Cati/tea,
1329 1693 1377 1738 et
1424 1684 1681 1738 daemonia
1720 1684 1816 1756 ejii-

1920 478 2135 547 quidam
2163 477 2225 531 de
2251 477 2451 543 scribis,
2478 480 2705 533 sedentes
2753 489 2800 533 et
2845 480 3129 551 cogitantes
3170 480 3225 533 in
3271 480 3515 535 eordibi'ts

1918 573 2045 626 suis.
2092 572 2230 639 Quid
2268 571 2353 626 hic
2394 574 2469 627 sic
2507 570 2770 644 loquitur?
2800 566 3156 642 Blaspheinat.
3190 575 3320 639 Quis
3352 580 3519 641 potest

1920 664 2177 717 dimittere
2201 668 2435 737 peceata,
2462 666 2562 718 nisi
2584 667 2724 720 solus
2756 664 2936 722 Deus?
2967 667 3083 734 Quo
3104 666 3280 721 statim
3310 666 3516 736 cognito

1918 754 2072 810 Jesus
2099 757 2285 825 spiritu
2314 754 2433 823 suo,
2477 758 2601 828 quia
2640 759 2713 811 sic
2757 760 3043 828 cogitarent
3088 760 3225 811 intra
3264 775 3337 823 se,
3384 758 3515 811 dicit

1916 849 2024 902 illis
2047 865 2065 902 :
2098 848 2236 916 Quid
2271 850 2369 902 ista
2408 850 2643 921 cogitatis
2664 850 2723 904 in
2743 846 2987 905 cordibus
3016 852 3240 906 ueS'tris?
3268 850 3406 917 Quid
3434 860 3512 905 est

1921 942 2166 1012 facilius?
2188 941 2359 996 dicere
2379 934 2690 1013 p‘aralytico,
2714 941 3048 997 dimittuntur
3076 943 3169 997 tibi
3196 954 3517 1015 peccata,an

1918 1035 2119 1089 dicere:
2164 1050 2343 1105 surge,
2386 1035 2510 1091 tolle
2548 1028 2825 1108 grabatum
2876 1046 3042 1101 tuum,
3085 1044 3132 1090 et
3160 1036 3409 1103 antbula.’
3441 1035 3511 1092 Ut

1919 1135 2091 1180 autem
2134 1129 2310 1182 sciatis
2336 1168 2348 1190 ,
2395 1130 2517 1197 quia
2565 1130 2709 1197 ﬁlius
2750 1129 2980 1185 νιοῑηὶηῆ
3020 1128 3173 1184 'h‘abet
3213 1139 3514 1201 potestatem

1915 1220 1970 1273 in
2000 1232 2135 1275 terra
2162 1222 2453 1275 dimittendi
2477 1230 2709 1293 peccata,
2739 1218 2813 1275 ait
2839 1221 3125 1293 paralytico
3150 1240 3167 1276 :
3208 1221 3325 1277 Tibi
3366 1223 3506 1289 dico,

1920 1310 2105 1380 Surge,
2134 1306 2258 1367 tolle
2286 1313 2555 1383 grabatum
2581 1323 2745 1379 tuum,
2776 1322 2827 1368 et
2847 1312 2975 1368 vade
2999 1315 3055 1367 in
3082 1314 3293 1366 domum
3344 1310 3507 1368 tuam.

1916 1402 1989 1457 Et
2030 1394 2208 1459 statim
2250 1408 2475 1460 surrexit
2523 1406 2633 1472 ille,
2668 1416 2716 1461 et
2740 1407 2940 1462 sublato
2969 1408 3203 1478 grabato,
3234 1407 3359 1462 abiit
3382 1407 3508 1461 inde

1918 1488 2095 1551 coram
2125 1492 2398 1553 omnibus:
2428 1501 2501 1553 ita
2527 1498 2581 1553 iit
2610 1501 2921 1555 mirarentur
2948 1517 3141 1566 omnes,
3177 1510 3225 1553 et
3256 1501 3510 1567 honoriﬁ-

1914 1582 2303 1662 carentDeum,
2342 1595 2610 1651 dicentes:
2653 1595 2775 1665 quia
2818 1592 3099 1663 numquam
3144 1594 3219 1648 sic
3262 1595 3507 1648 vidimus;

1916 1682 1986 1737 Et
2013 1700 2247 1756 egressus
2277 1678 2349 1741 est
2380 1700 2560 1741 rursus
2590 1686 2658 1740 ad
2684 1700 2845 1751 mare,
2881 1689 3150 1757 omnisque
3180 1684 3331 1740 turba
3351 1687 3516 1740 venie-

227 1777 376 1831 ciens.
406 1776 475 1830 [ἢ
497 1778 637 1832 venit
657 1777 726 1831 a‘d
747 1794 865 1833 eum
888 1779 1143 1849 leprosus,
1168 1779 1452 1850 deprecans
1478 1793 1591 1832 eum
1616 1795 1636 1832 τ
1657 1786 1702 1832 et
1724 1784 1811 1851 g‘e—
1841 1758 1889 1832 li
1916 1777 1999 1829 bat
2025 1778 2093 1829 ad
2120 1790 2256 1843 eum,
2286 1788 2332 1833 et
2363 1777 2576 1832 docebat
2599 1793 2707 1833 eos.
2751 1779 2818 1834 Et
2860 1788 2977 1833 cum
3023 1778 3308 1850 prteteriret
3332 1818 3347 1839 ,
3388 1777 3516 1830 vidit

226 1884 291 1921 nu
324 1870 475 1939 ﬂeto,
518 1870 655 1926 dixit
682 1888 700 1925 :
722 1870 790 1927 Si
818 1873 912 1938 vis,
944 1881 1085 1943 potes
1112 1889 1192 1926 me
1232 1873 1502 1927 mundare.
1542 1871 1695 1927 Jesus
1719 1874 1816 1926 au-

227 1972 326 2014 tem
348 1964 581 2018 misertus
611 1966 747 2037 ejus,
782 1965 1008 2020 extendit
1053 1980 1263 2019 manum
1288 1981 1456 2028 suam,
1504 1978 1553 2019 et
1602 1968 1814 2033 tangens

224 2064 358 2119 eum,
384 2056 453 2108 ait
476 2054 558 2108 illi
591 2072 610 2110 :
646 2054 795 2121 Volo,
830 2056 1101 2110 mundare.
1128 2055 1194 2109 Et
1235 2072 1349 2109 cum
1378 2056 1614 2119 discisset,
1641 2048 1813 2108 statim

223 2144 446 2200 discessit
464 2149 529 2199 ab
556 2154 617 2199 ‘eo
645 2145 789 2218 lepra
810 2156 857 2200 et
874 2149 1155 2201 mundatus
1185 2156 1282 2213 est,
1309 2158 1356 2201 et
1379 2148 1721 2200 comminatus
1741 2155 1816 2199 est

224 2239 286 2300 ei,
316 2239 593 2309 statimque
621 2240 771 2307 cjecit
809 2238 985 2305 illum,
1018 2249 1067 2295 et
1120 2240 1245 2294 dicit
1288 2241 1334 2293 ei
1380 2257 1399 2294 :
1432 2239 1585 2309 Vide,
1625 2238 1817 2293 nemini

226 2332 424 2400 dixeris,
452 2332 544 2385 sed
568 2333 717 2402 vade,
742 2334 953 2388 ostende
971 2344 1018 2387 te
1039 2334 1263 2403 principi
1287 2334 1633 2397 sacerdotum,
1658 2341 1703 2387 et
1726 2336 1812 2402 of-

227 2422 294 2490 fer
317 2438 411 2493 pro
433 2425 804 2478 etnundatiOne
834 2434 944 2493 tua,
973 2440 1088 2497 qute
1114 2428 1361 2495 pra'cepit
1388 2425 1598 2495 Moyses
1624 2426 1681 2479 in
1713 2432 1815 2479 tes-

228 2516 481 2569 timonium
529 2512 658 2571 illis.
693 2518 755 2571 At
802 2517 893 2571 ille
922 2534 1155 2588 egressus
1176 2559 1192 2583 ,
1225 2520 1374 2591 coepit
1402 2520 1693 2589 praedicare
1716 2560 1730 2584 ,
1764 2518 1813 2572 e't

226 2607 487 2676 diffamare
507 2620 819 2664 sermonem.
843 2610 1014 2666 lanna
1040 2612 1214 2681 regni,
1239 2612 1518 2666 moraliter
1545 2610 1815 2679 poeniten-

227 2706 286 2755 tia
308 2711 413 2773 est,
446 2718 573 2757 cum
600 2704 706 2759 lide
730 2723 743 2758 :
772 2716 891 2774 quae
921 2716 1175 2775 operatur
1201 2706 1429 2760 salutem
1461 2704 1813 2773 languoribus

230 2796 401 2851 variis.
437 2796 604 2851 Varia
648 2798 851 2852 etenim
880 2807 1008 2852 sunt
1063 2798 1211 2866 vilia,
1270 2798 1465 2867 quibus
1515 2781 1816 2867 languescil

230 2890 402 2944 civitas
449 2890 661 2945 mundi.
696 2890 851 2947 Unde
900 2892 1150 2961 leprosus
1195 2892 1348 2945 tertia
1406 2892 1605 2945 virtute
1657 2890 1815 2943 moh-

230 2985 367 3039 datur
402 3003 415 3037 :
456 2984 764 3053 deprecans
810 3001 951 3055 genu
1002 2986 1142 3041 ﬂexu
1180 2985 1391 3041 Domini
1437 2984 1809 3053 voluntatem,

232 3077 303 3145 qui
346 3090 456 3132 non
511 3077 626 3131 vult
665 3086 901 3133 mortem
956 3078 1277 3147 peccaturis,
1331 3077 1425 3132 sed
1474 3087 1531 3131 ut
1578 3075 1811 3131 c'onv'e'rL

1916 1866 2039 1921 Levi
2064 1868 2267 1939 Alphati
2292 1871 2550 1923 sedentem
2576 1879 2641 1924 aa
2664 1872 2929 1935 telonium,
2961 1883 3009 1926 et
3037 1872 3110 1924 ait
3136 1870 3255 1925 illi:
3282 1871 3513 1939 Sequere

1916 1977 2015 2013 me.
2066 1960 2132 2013 Et
2174 1960 2411 2031 surgens,
2452 1973 2660 2015 secutus
2696 1971 2769 2015 est
2798 1979 2932 2016 eum.
2966 1962 3033 2016 Et
3063 1964 3255 2033 factum
3287 1973 3360 2015 est
3390 1978 3508 2014 cum

1915 2055 2230 2108 acc'umber’et
2256 2052 2309 2107 in
2334 2053 2485 2107 domo
2513 2055 2677 2117 illius,
2709 2054 2858 2108 multi
2886 2054 3146 2123 publicani
3184 2064 3231 2108 et
3269 2062 3507 2121 peccato—

1913 2164 1995 2201 res
2017 2148 2169 2201 simul
2199 2147 2580 2202 discumbebant
2616 2162 2731 2201 cum
2774 2146 2922 2213 Jesu,
2964 2156 3011 2202 et
3051 2147 3323 2217 discipulis
3368 2151 3505 2218 ejus.

1917 2236 2082 2291 Erant
2130 2240 2263 2293 enim
2302 2236 2454 2291 inulti
2468 2281 2481 2299 ,
2522 2240 2609 2307 qui
2652 2239 2991 2310 sequebantur
3037 2254 3172 2293 eum.
3222 2237 3289 2291 Et
3326 2238 3508 2291 scriba:

1914 2340 1963 2385 et
1987 2324 2232 2402 pharistei
2260 2332 2509 2396 videntes,
2540 2333 2662 2401 quia
2702 2328 3037 2385 man‘ducaret
3062 2347 3180 2385 cum
3216 2331 3507 2399 peccaturi.

1916 2422 2009 2477 bus
2036 2437 2084 2478 et
2112 2424 2421 2495 publicanis;
2446 2422 2682 2479 dicebant
2711 2424 2979 2496 diScipulis
3004 2429 3117 2497 ejus
3144 2441 3163 2479 :
3194 2440 3352 2495 quare
3388 2439 3506 2476 cum

1917 2516 2226 2585 publicanis,
2255 2528 2303 2571 et
2333 2519 2684 2589 peccatoribus
2708 2512 2988 2572 mimducat
3017 2527 3064 2571 et
3100 2518 3223 2570 bibit
3261 2518 3506 2587 magister

1917 2615 2119 2666 vester?
2148 2612 2264 2666 Hoc
2285 2614 2483 2682 audito,
2508 2612 2660 2668 Jesus
2681 2616 2749 2667 ait
2776 2614 2919 2668 illis:
2950 2613 3072 2668 Non
3096 2618 3296 2667 necesse
3319 2612 3510 2665 habent

1915 2706 2030 2758 sani
2058 2707 2268 2772 medico,
2300 2708 2389 2761 sed
2418 2710 2509 2777 qui
2532 2708 2663 2761 male
2692 2708 2917 2763 habent:
2950 2706 3073 2760 Non
3102 2708 3238 2759 enim
3274 2706 3389 2760 veni
3418 2712 3509 2759 vo-

1915 2804 2033 2850 care
2050 2799 2241 2868 justos,
2275 2798 2364 2850 sed
2385 2794 2699 2870 peccatores.
2729 2798 2796 2851 Et
2826 2807 2974 2852 erant
3008 2799 3253 2869 discipuli
3279 2796 3507 2851 Joannis

1914 2899 1960 2943 et
1983 2886 2557 2963 phariswijtjunan'tes,
2588 2902 2633 2945 et
2658 2893 2882 2957 veniunt,
2907 2899 2954 2945 et
2978 2889 3254 2944 dicuntilti
3279 2906 3297 2946 :
3332 2889 3508 2956 Quare

1914 2983 2154 3052 discipuli
2185 2981 2406 3037 Joannis
2432 2992 2478 3038 "et
2504 2984 2876 3053 pharisatorum
2908 2984 3177 3055 jejunant',
3222 2982 3297 3034 tui
3336 2986 3509 3034 autem

1918 3077 2165 3149 discipuli
2196 3080 2297 3131 non
2331 3076 2615 3151 jejunum?
2645 3077 2713 3131 Et
2757 3079 2831 3131 ait
2867 3077 2975 3131 illis
3005 3075 3202 3131 Iesus:
3236 3074 3505 3141 Numquid

242 3178 378 3234 tatur,
437 3178 498 3224 et
545 3167 710 3224 vivat.
793 3146 967 3239 Lepra
1022 3179 1200 3225 nostra
1220 3211 1234 3235 ,
1311 3178 1593 3239 peccatum
1645 3166 1808 3238 primi
1910 3146 2121 3243 possunt
2150 3173 2249 3241 ﬁlii
2269 3146 2589 3238 nuptiarum,
2618 3173 2865 3243 quamdiu
2894 3170 3011 3225 cum
3040 3169 3146 3224 illis
3171 3174 3388 3238 sponsus
3411 3176 3506 3230 est;

248 3257 445 3315 hominis
503 3268 586 3315 est
630 3279 644 3314 :
678 3275 798 3331 qua:
852 3274 882 3314 a
933 3262 1108 3329 capite
1142 3261 1339 3331 cmpit,
1388 3260 1604 3332 quando
1644 3254 1811 3331 regna
1909 3265 2190 3337 iejunare?
2222 3268 2428 3332 Quanto
2450 3278 2677 3334 tempore
2698 3265 2887 3318 habent
2909 3280 3081 3318 secum
3104 3278 3372 3332 sponsum,
3400 3277 3506 3313 non

254 3353 396 3407 mundi
422 3353 777 3408 desideravit.
802 3353 974 3407 Radix
1000 3355 1147 3407 enim
1171 3353 1414 3408 omnium
1438 3352 1704 3408 malorum
1727 3356 1813 3408 est

247 3445 504 3514 cupiditas.
538 3444 692 3502 Unde
718 3446 868 3501 Giezi
899 3447 1185 3501 avaritiam
1231 3456 1470 3512 secutus,
1511 3448 1658 3515 lepra
1698 3446 1811 3499 sul”-

238 3535 458 3594 lonoitur
478 3557 492 3594 :
516 3548 636 3610 qna:
659 3540 928 3596 sacerdOti
949 3550 1078 3595 vero
1099 3540 1394 3595 secundum
1420 3540 1666 3595 ordinem
1690 3530 1814 3594 Mel-

232 3634 510 3689 chisedech
531 3644 771 3700 ostensa,
791 3636 1066 3691 oblatione
1088 3635 1397 3699 mandatur,
1420 3634 1653 3688 dicenti:
1678 3630 1814 3689 Date

230 3723 648 3795 eleemosynam,
678 3738 733 3782 et
760 3742 886 3782 ecce
915 3726 1097 3783 onmia
1123 3727 1323 3782 munda
1348 3736 1473 3781 Sunt
1501 3720 1677 3782 vobis.
1710 3724 1815 3783 Se-

228 3816 405 3882 quitur
432 3816 505 3871 de
530 3818 765 3888 propriis
784 3819 976 3874 Marci.

282 3908 377 3964 Ita
402 3919 463 3963 ut
481 3914 595 3982 jam
621 3929 722 3965 non
746 3921 914 3980 posset
934 3912 1205 3983 manifeste
1223 3913 1437 3967 introire
1464 3913 1517 3966 in
1538 3912 1812 3983 civitatem,

223 4002 301 4053 sed
334 4002 471 4065 [oris
499 4003 554 4054 in
582 4004 797 4056 desertis
828 4002 958 4058 locis
986 4018 1117 4070 esse,
1146 4014 1193 4057 et
1224 4004 1585 4058 conveniebant
1610 4004 1679 4057 ad
1699 4018 1817 4058 eum

226 4094 477 4164 undique.
511 4092 673 4149 Certe
702 4109 809 4149 non
836 4080 1090 4150 omnibus
1121 4095 1500 4150 tuanifestatus
1524 4104 1608 4151 est
1632 4094 1814 4162 Jesus,

227 4188 306 4255 qui
352 4187 486 4241 latis
528 4195 691 4257 atque
728 4188 900 4258 planis
935 4186 1179 4243 serviunt
1204 4187 1473 4252 laudibus,
1503 4197 1556 4241 et
1585 4187 1818 4258 propriis

231 4280 631 4351 voluptatibus:
665 4284 759 4336 sed
791 4281 896 4347 his,
925 4282 1013 4352 qui
1044 4281 1175 4336 furis
1211 4294 1332 4336 cum
1379 4281 1538 4336 Petro
1578 4290 1812 4335 exeunt:

229 4375 348 4432 etin
375 4374 617 4428 desertis
644 4373 802 4439 locis,
834 4388 953 4443 qua:
982 4374 1145 4443 elegit
1177 4373 1434 4428 Dominus
1458 4371 1526 4426 ad
1556 4371 1820 4427 orandum

231 4479 281 4521 et
304 4466 667 4523 reﬁciendum
696 4468 974 4535 pOpulum,
1008 4467 1097 4537 qui
1136 4463 1395 4521 de‘Serunt
1432 4463 1820 4521 delectatiunes

1912 3369 2123 3428 possunt
2139 3361 2403 3429 jejunare.
2443 3357 2659 3411 Veniant
2688 3367 2859 3411 autem
2906 3358 3034 3422 dies,
3079 3370 3197 3408 cum
3241 3356 3508 3424 auferetur

1912 3453 1975 3506 ab
2000 3453 2074 3505 eis
2101 3470 2319 3521 sponsus
2344 3469 2360 3508 :
2393 3461 2440 3505 et
2471 3460 2594 3506 tunc
2611 3450 2929 3521 jejunabunt
2952 3451 3009 3503 in
3036 3448 3142 3503 illis
3167 3448 3367 3502 diebus.
3394 3445 3506 3499 Ne-

1914 3560 1996 3599 mo
2022 3544 2367 3599 assumentum
2392 3545 2553 3616 panni
2591 3546 2737 3598 rudis
2783 3542 2945 3598 assuit
2982 3544 3278 3598 vestimento
3325 3541 3511 3606 veteri,

1914 3638 2106 3709 alioqui
2130 3638 2296 3707 aufert
2323 3639 2732 3709 supplementum
2757 3648 2943 3691 novum
2971 3652 3003 3689 a
3027 3637 3218 3690 veteri:
3245 3643 3292 3689 et
3334 3636 3507 3704 major
3588 3702 3591 3711 Ι

1916 3732 2137 3785 scissura
2160 3731 2239 3800 fit.
2276 3730 2339 3784 Et
2366 3742 2516 3784 nemo
2540 3732 2695 3784 mittit
2720 3732 2898 3784 vinum
2928 3746 3113 3783 novum.
3144 3730 3197 3779 in
3237 3736 3374 3781 utres
3416 3742 3503 3779 ve-

1916 3828 2083 3880 teres:
2111 3826 2339 3895 alioquin
2368 3820 2647 3892 disruptpet
2672 3826 2846 3877 vinum
2869 3834 3023 3889 utres,
3059 3831 3107 3875 et
3129 3823 3302 3873 vinum
3338 3817 3503 3884 effun-

1914 3916 2086 3981 detur,
2111 3925 2156 3970 et
2186 3929 2325 3970 utres
2352 3916 2606 3988 peribunt.
2637 3916 2743 3971 Sed
2768 3916 2940 3968 vinum
2968 3930 3149 3967 novum
3172 3913 3224 3965 in
3252 3921 3387 3965 utres
3410 3928 3506 3963 no-

1914 4004 2005 4063 vos
2043 4010 2172 4063 mitti
2213 4008 2376 4063 debet.
2404 4007 2473 4061 Et
2518 4009 2713 4077 factum
2746 4016 2820 4061 est
2861 4008 3045 4061 iterum
3088 4020 3205 4057 cum
3251 4001 3507 4059 Dominus

1917 4100 2135 4155 sabbatis
2160 4100 2450 4154 ambularet
2479 4118 2568 4169 per
2596 4109 2729 4165 sata,
2756 4110 2805 4153 et
2833 4098 3075 4169 discipuli
3102 4099 3216 4167 ejus
3240 4105 3503 4165 coeperunt

1914 4194 2194 4264 prtegredi,
2228 4203 2275 4247 et
2303 4194 2484 4247 vellere
2510 4193 2702 4262 spicas.
2748 4192 3006 4245 Pharisaei
3054 4202 3225 4242 autem
3274 4188 3508 4241 dicebant

1918 4286 1965 4340 ei
1987 4302 2006 4339 :
2038 4286 2188 4349 Ecce,
2220 4288 2343 4354 quid
2373 4287 2569 4357 faciunt
2597 4286 2839 4354 discipuli
2866 4286 2942 4338 tui
2971 4284 3215 4348 sabbatis;
3244 4281 3381 4353 quod
3405 4297 3503 4335 non

1912 4374 2072 4432 ficet?
2092 4376 2155 4430 Et
2177 4380 2247 4431 ait
2264 4376 2371 4431 illis
2388 4395 2405 4434 :
2421 4375 2722 4448 Numquam
2743 4377 2956 4448 legistis,
2973 4376 3099 4446 quid
3118 4376 3297 4443 fecerit
3320 4372 3513 4440 David,

1920 4471 2125 4539 quando
2155 4471 2504 4525 necessitatem
2534 4470 2732 4533 habuit,
2756 4478 2805 4521 et
2834 4468 3011 4521 esuriit
3039 4468 3172 4538 ipse,
3206 4473 3253 4520 et
3281 4466 3369 4535 qui
3394 4481 3510 4517 cum

234 4562 443 4627 ιιιυηόί,
470 4568 529 4615 et
552 4559 807 4617 deserunt
830 4559 1033 4624 omnia,
1062 4575 1181 4629 ([11:13
1212 4556 1511 4627 possident,
1534 4566 1591 4609 ιιι
1614 4554 1816 4609 dicant:
1849 4549 1896 4608 1)
1920 4572 1981 4617 eo
2014 4573 2157 4617 erant
2180 4581 2197 4620 ς
2226 4564 2477 4633 quomodo
2506 4562 2729 4616 introivit
2756 4562 2810 4615 in
2835 4562 3048 4614 domum
3084 4560 3182 4614 Dei
3222 4560 3313 4614 sub
3353 4560 3517 4613 Abiu-

231 4651 414 4709 Portio
441 4667 564 4709 mea
597 4653 875 4707 Dominus.
902 4651 1089 4707 Gloria
1117 4665 1244 4704 vero
1270 4648 1480 4703 Domini
1510 4646 1823 4701 manifesta—

233 4756 312 4803 tur
352 4748 467 4811 bis,
518 4747 610 4817 qui
657 4748 990 4802 cont'eniunt
1014 4745 1251 4813 undique
1276 4761 1292 4797 :
1321 4742 1374 4796 id
1404 4752 1509 4808 est,
1541 4757 1638 4810 per
1666 4742 1824 4810 plana

233 4848 284 4893 et
324 4838 499 4893 ardua
526 4856 544 4893 :
586 4838 841 4909 quosque
889 4838 1020 4893 nihil
1061 4844 1238 4907 potest
1265 4851 1294 4891 a
1324 4833 1589 4890 cliaritate
1616 4830 1825 4889 Christi

230 4948 516 5006 separare.

867 5010 1095 5069 CAPUT
1134 5010 1197 5066 ll.

304 5128 372 5184 ἃ
399 5131 587 5184 iterum
617 5128 822 5182 intravit
852 5124 1224 5197 Capharnaum
1250 5133 1365 5197 post
1412 5123 1548 5191 dies,
1588 5133 1635 5175 et
1677 5122 1829 5177 audi-

240 5226 344 5274 tum
366 5231 467 5285 'est,
498 5221 633 5289 quod
664 5220 715 5273 in
732 5220 892 5272 domo
919 5216 1068 5283 esset,
1100 5227 1147 5271 et
1176 5223 1521 5271 convenerunt
1560 5214 1733 5279 multi,
1774 5223 1829 5267 ut

242 5330 343 5369 non
363 5323 566 5383 caperet
592 5329 753 5380 neque
771 5312 839 5367 ad
857 5315 1094 5379 ianuam,
1119 5320 1166 5364 et
1189 5312 1491 5382 loquebatur
1506 5311 1580 5363 eis
1600 5310 1825 5363 verbum.

247 5406 311 5463 Et
350 5417 599 5464 venerunt
635 5407 705 5460 ad
744 5422 858 5461 eum
884 5408 1101 5477 ferentes
1130 5404 1493 5475 paralyticum,
1524 5404 1613 5471 qui
1641 5419 1672 5455 a
1702 5417 1830 5473 qua-

249 5508 363 5555 tuor
379 5496 682 5573 portabatar
707 5514 725 5552 :
751 5508 798 5552 et
829 5514 944 5552 cum
986 5510 1087 5551 non
1118 5507 1322 5569 possent
1355 5496 1542 5563 offerre
1564 5496 1687 5562 eum
1726 5493 1827 5561 illi,

249 5610 353 5662 prce
375 5595 545 5662 turba,
574 5599 895 5648 nudaverant
921 5603 1104 5645 tectum
1134 5590 1219 5644 ubi
1247 5600 1391 5645 erat:
1436 5598 1481 5644 et
1518 5588 1835 5662 patefacien-

251 5694 323 5740 tes
352 5689 692 5742 submiserunt
721 5688 988 5757 grabatum
1013 5686 1067 5739 in
1105 5699 1205 5752 quo
1248 5683 1567 5753 paralyticus
1604 5682 1829 5755 jaccbat.

254 5774 383 5831 Cum
404 5789 573 5835 autem
594 5779 801 5835 vidisset
821 5777 971 5833 Jcsus
994 5776 1149 5848 [idem
1171 5775 1407 5845 illorum,
1429 5776 1503 5829 ait
1522 5773 1835 5846 paralytico:

1922 4660 2043 4711 thar
2070 4660 2299 4729 principe
2326 4660 2669 4719 sacerdotum,
2697 4664 2744 4710 et
2772 4671 2933 4728 panes
2962 4655 3331 4728 prepositionis
3372 4668 3519 4707 man-

1926 4753 2151 4815 ducavit,
2173 4768 2298 4821 quos
2326 4767 2427 4804 non
2453 4749 2639 4806 licebat
2661 4748 2981 4805 manducare
3006 4751 3106 4804 nisi
3131 4749 3478 4804 sacerdotibus
3493 4748 3520 4801 ?

1927 4855 1972 4900 et
2011 4844 2149 4898 dedit
2183 4845 2277 4907 eis,
2307 4852 2355 4897 et
2376 4845 2462 4913 qui
2488 4860 2604 4897 cum
2629 4859 2687 4898 eo
2711 4844 2882 4900 erant.
2910 4843 2975 4897 Et
3005 4843 3205 4897 dicebat
3240 4843 3309 4895 eis
3334 4858 3352 4897 :
3386 4840 3521 4895 Sab-

1929 4939 2103 4992 batum
2135 4947 2341 5008 propter
2372 4936 2627 4991 hominem
2654 4938 2851 5005 factum
2877 4947 2973 5004 est,
3006 4947 3053 4989 et
3080 4952 3180 4990 non
3209 4934 3361 4988 homo
3398 4946 3523 5003 pro-

1936 5044 2047 5103 pter
2066 5032 2351 5088 sabbatum.
2378 5028 2563 5102 Itaque
2586 5032 2825 5086 dominus
2848 5040 2920 5085 est
2948 5030 3089 5100 ﬁlius
3121 5027 3341 5082 hominis
3368 5027 3526 5081 etiam

1935 5126 2150 5180 sabbati.
2184 5124 2388 5180 Deinde
2410 5134 2601 5194 quarta
2627 5124 2850 5187 virtute,
2878 5122 3099 5179 veniunt
3144 5130 3374 5190 quatuor
3420 5121 3524 5176 viri

1937 5229 2213 5289 portantes
2256 5217 2613 5288 paralyticum
2654 5217 2708 5272 in
2741 5216 2999 5287 grabato:
3030 5212 3120 5283 qui
3147 5211 3305 5267 turba
3331 5210 3529 5267 oﬂ’cnsi

1937 5312 2140 5367 nudant
2165 5321 2387 5367 tectum.
2419 5312 2661 5379 Quorum
2684 5326 2782 5380 per
2811 5308 2971 5363 ﬁdem
2998 5306 3347 5362 dimittuntur
3372 5321 3528 5375 para-

1939 5406 2101 5478 lytico
2129 5416 2387 5476 peccata:
2422 5409 2512 5475 qui
2548 5413 2728 5475 portat
2756 5403 2977 5463 lectum,
3005 5417 3112 5471 quo
3142 5411 3383 5471 portatus
3419 5407 3523 5463 est,

1941 5508 1997 5553 et.
2034 5495 2178 5552 vadit
2231 5496 2286 5552 in
2312 5498 2531 5551 domum
2561 5511 2711 5551 suam
2742 5509 2923 5548 coram
2954 5495 3222 5549 omnibus.
3258 5492 3525 5562 Paralysis

1940 5599 2118 5646 autem
2138 5600 2293 5663 typus
2323 5599 2405 5644 est
2434 5589 2673 5657 corporis
2697 5605 2711 5643 :
2740 5603 2847 5657 quo
2879 5588 3026 5658 piger
3050 5587 3193 5656 jacet
3222 5587 3271 5639 in
3302 5584 3525 5638 tnolIitia

1938 5683 2137 5751 carnis,
2160 5684 2361 5738 habens
2375 5680 2696 5737 desiderium
2719 5681 2938 5735 salutis:
2963 5678 3267 5749 etcorporis
3290 5675 3524 5747 ignavia,

1940 5786 1995 5834 ct
2034 5775 2209 5848 duplis
2252 5772 2683 5846 cogitationibus,
2730 5789 2793 5831 ac
2832 5773 2876 5829 si
2918 5781 3202 5831 enervatus
3244 5766 3536 5839 membris.
