3970 6304
501 262 610 322 599

1530 262 1589 321 s.
1630 254 2018 320 HIERONYMI
2055 220 2339 316 creavit
2376 255 2739 318 MANTISSA.

3631 270 3727 333 600

498 378 765 438 oﬁ'endit:
797 392 960 451 quem
980 383 1197 451 portant
1233 383 1483 450 quatuor,
1509 393 1643 451 quas
1670 391 1832 449 supra
1858 373 2092 431 diximus
2115 372 2173 434 Α
2195 370 2457 439 creditur,
2482 372 2537 427 in
2569 373 2769 430 montis
2798 372 2955 429 istius
2982 381 3067 431 est
3084 374 3255 448 gratia
3282 377 3725 455 constitutum,'qui

498 475 748 539 virtutes,
773 474 839 528 ad
864 472 1069 543 tegulas
1092 470 1407 540 divinitatis,
1435 480 1492 527 et
1517 472 1815 542 sapientiae,
1849 468 1903 524 in
1929 468 2093 523 domo

499 567 682 624 carnis
708 564 909 620 Christi
939 563 1255 634 patefactas.
1285 563 1385 619 Cui
1415 564 1531 621 vice
1572 564 1768 620 dicitur
1814 560 2054 617 muneris
2073 606 2088 630 ,

496 672 719 732 portare
739 674 980 728 carnem,
1005 675 1124 728 quae
1151 674 1211 715 se
1236 659 1481 730 portabat
1502 676 1519 716 ;
1548 670 1606 714 ut
1625 672 1722 728 per
1743 656 1902 712 aliam
1924 656 2088 725 viam,

500 769 625 811 cum
654 754 823 824 magis
852 753 907 811 in
938 769 1091 809 suam
1112 753 1297 810 redeat
1322 754 1619 825 regionem.
1648 752 1778 808 Post
1816 750 1936 807 haec
1970 764 2100 820 pec—

501 856 654 903 cator
674 846 801 901 Levi
828 845 1060 916 Alphtei.
1082 846 1232 913 Levi,
1255 846 1521 918 appositus
1550 846 1935 916 interpretatur
1959 861 1970 896 :
2001 840 2094 912 qui

505 941 697 997 relicto
729 940 930 996 telonio
955 942 1294 1011 negotiorum
1319 940 1680 1005 saecularium,
1711 939 1890 994 solum
1914 936 2100 1006 sequi-

506 1041 593 1089 tur
622 1032 842 1088 verbum
867 1032 1012 1102 quod
1039 1032 1168 1087 dicit
1192 1050 1206 1088 :
1237 1032 1338 1101 Qui
1367 1046 1473 1087 non
1502 1031 1893 1087 renuntiaverit
1924 1026 2101 1083 omni-

504 1124 629 1194 bus,
652 1139 772 1196 qute
798 1124 1058 1195 possidet,
1083 1139 1191 1181 non
1215 1134 1392 1192 potest
1414 1138 1570 1180 meus
1595 1138 1717 1181 esse
1738 1121 2052 1195 discipulus.

1121 1221 1352 1278 CAPUT
1392 1221 1479 1278 Ill.

576 1312 648 1369 Et
677 1315 905 1371 introivit
932 1317 1119 1370 iterum
1146 1315 1203 1370 in
1229 1314 1577 1389 synagogam',
1611 1324 1659 1371 et
1697 1320 1808 1370 erat
1846 1312 1917 1368 ibi
1947 1314 2102 1369 homo

507 1404 699 1461 habens
720 1423 932 1461 manum
958 1407 1189 1473 aridam,
1236 1415 1283 1460 et
1313 1406 1650 1461 observabant
1677 1422 1810 1471 eum,
1844 1405 1889 1459 si
1914 1403 2101 1459 sabba-

504 1500 570 1554 tis
590 1509 825 1563 curaret,
859 1506 914 1553 ut
949 1506 1254 1554 accusarent
1285 1499 1456 1554 illum.
1486 1498 1557 1553 Et
1585 1500 1657 1553 ait
1683 1498 1877 1552 homini
1898 1496 2106 1552 habenti

507 1609 719 1645 manum
747 1592 949 1646 aridam
981 1608 999 1646 :
1027 1592 1198 1662 Surge
1224 1592 1279 1646 in
1303 1593 1551 1646 medium.
1579 1590 1649 1646 Et
1673 1590 1801 1644 dicit
1822 1590 1892 1644 eis
1923 1606 1942 1644 :
1963 1588 2105 1643 Licet

500 1684 727 1739 sabbatis
753 1685 1074 1757 benefacere,
1117 1703 1189 1739 an
1214 1686 1351 1741 male
1378 1702 1397 1740 :
1426 1687 1653 1741 animam
1677 1684 1876 1739 salvam
1913 1685 2102 1755 facere,

2196 476 2283 523 est
2309 481 2466 522 mons
2490 467 2778 535 montium,
2808 476 2865 524 et
2893 477 3201 525 sanctorum
3234 489 3245 525 :
3279 486 3407 544 quos
3429 478 3646 545 quotidie
3669 482 3726 535 ad

2196 573 2255 615 se
2282 558 2350 614 de
2393 560 2752 629 praesentibus
2790 562 3052 617 arumnis
3077 562 3285 619 invitat.
3328 564 3383 620 In
3413 579 3630 624 montem
3652 587 3730 627 vo-

2196 660 2387 708 cantur
2414 653 2613 709 excelsi
2644 655 2839 710 merito
2867 665 2922 712 et
2949 657 3137 721 verbo,
3168 669 3228 714 ut
3245 659 3389 716 locus
3408 663 3601 719 meritis
3623 680 3733 721 cou-

2196 755 2355 818 gruat
2379 748 2538 815 altis,
2584 757 2643 804 ut
2690 759 2874 806 essent
2902 751 3190 807 duodecim
3226 769 3347 810 cum
3376 754 3483 813 illo.
3515 758 3734 827 Speciem

2197 840 2366 896 Jacob
2401 840 2591 898 dilexit
2633 842 2927 912 Dominus,
2955 854 3014 901 et
3042 861 3168 912 cum
3192 847 3453 906 divideret
3477 851 3735 910 altissimus

2197 942 2387 1004 gentes
2406 974 2421 1000 ,
2451 943 2505 989 et
2530 944 2810 1005 separaret
2839 937 2981 993 ﬁlios
3000 937 3160 1007 Adae,
3184 943 3369 997 statuit
3394 944 3632 1001 terminos
3655 961 3736 1017 po-

2199 1026 2452 1096 pulorum
2471 1027 2625 1097 juxta
2653 1045 2943 1085 numerum
2970 1030 3203 1087 ﬁliorum
3229 1033 3389 1091 Israel
3415 1053 3427 1089 :
3455 1044 3513 1091 ut
3535 1039 3634 1093 sint
3655 1041 3739 1109 ipsi

2200 1134 2366 1191 super
2386 1120 2611 1177 thronos
2631 1122 2941 1190 duodecim,
2970 1124 3278 1195 iudicantes
3303 1128 3573 1186 duodecim
3598 1131 3741 1188 tribus

2201 1210 2370 1268 Israel
2400 1213 2623 1283 :quibus
2647 1214 2769 1270 data
2797 1225 2881 1271 cst
2902 1227 3162 1287 putestas,
3184 1234 3345 1291 quam
3374 1220 3532 1276 Filius
3554 1238 3583 1277 a
3608 1222 3742 1280 Patre

2202 1308 2416 1378 accepit
2444 1308 2742 1365 secundum
2763 1326 2987 1368 carnem
3004 1353 3021 1377 ,
3051 1322 3109 1368 ut
3138 1327 3303 1384 opera
3328 1330 3444 1385 quae
3468 1315 3577 1386 ipse
3603 1315 3740 1383 iecit,

2204 1411 2260 1456 et
2285 1400 2386 1471 ipsi
2412 1400 2638 1469 faciant,
2668 1412 2725 1459 et
2756 1404 2961 1473 majora
2988 1404 3183 1462 horum
3205 1406 3422 1462 iaciant.
3440 1408 3504 1463 Et
3524 1409 3745 1481 imposuit

2203 1493 2415 1552 Simoni
2465 1510 2663 1553 nomen
2715 1496 2926 1554 Petrus.
2960 1499 3036 1554 De
3075 1499 3379 1556 obedientia
3424 1503 3651 1557 ascendit
3692 1504 3746 1560 ad

2206 1586 2576 1656 agnitionem:
2604 1586 2705 1655 Qui
2728 1589 2874 1645 enim
2905 1590 3068 1646 habet
3104 1590 3322 1647 dabitur
3348 1592 3429 1657 ei,
3465 1602 3517 1649 et
3542 1593 3747 1650 abunda-

2206 1678 2289 1735 bit
2314 1698 2327 1733 :
2356 1689 2412 1737 et
2438 1680 2730 1749 Jacobum,
2761 1681 2851 1753 qui
2877 1684 3230 1755 supplantata
3256 1684 3418 1740 habet
3436 1693 3541 1742 tota
3566 1686 3749 1743 deside-

503 1796 573 1834 an
599 1779 850 1850 perdere?
872 1778 939 1831 At
967 1778 1050 1832 illi
1089 1780 1345 1834 tacebant.
1379 1778 1444 1834 Et
1490 1778 1905 1850 circumspiciens
1935 1794 2020 1832 eos
2049 1777 2104 1831 in
2129 1764 2180 1827 Β
2208 1771 2292 1827 ria
2319 1773 2531 1840 carnis,
2556 1782 2611 1829 et
2636 1773 2922 1844 Joannem,
2950 1778 3041 1847 qui
3066 1778 3242 1847 gratia
3274 1778 3496 1849 accepit,
3526 1779 3654 1850 quod
3675 1780 3748 1835 alii

504 1872 607 1937 ira,
640 1872 976 1926 contristatus
998 1888 1153 1944 super
1173 1873 1401 1927 ccecilale
1432 1872 1604 1926 cordis
1628 1886 1830 1934 eorum,
1863 1867 1989 1923 dicit
2013 1868 2111 1923 Ito-

509 1964 637 2017 mini
666 1980 685 2019 :
716 1963 953 2020 Extende
982 1982 1195 2021 manum
1236 1975 1401 2020 tuam.
1438 1964 1506 2018 Et
1527 1963 1756 2018 extendit
1797 1980 1816 2016 :
1858 1962 1929 2015 Et
1955 1962 2107 2016 resti-

509 2066 618 2111 tuta
646 2065 720 2111 est
746 2074 933 2111 mortus
962 2056 1130 2112 illius.
1154 2056 1412 2112 Exeuntes
1434 2065 1605 2112 autem
1633 2054 1901 2128 pharisazi,
1933 2056 2108 2110 statim

506 2166 624 2203 cum
646 2150 963 2205 Herodianis
982 2151 1260 2206 consilium
1281 2150 1536 2219 faciebant
1559 2149 1801 2203 adversus
1819 2164 1955 2217 eum,
1979 2164 2112 2218 quo-

511 2244 667 2297 modo
694 2259 809 2297 eum
834 2243 1125 2312 perderent.
1168 2242 1321 2297 Jesus
1349 2252 1523 2297 autem
1560 2259 1677 2296 cum
1706 2242 1974 2312 discipulis
2000 2241 2111 2295 suis

511 2336 717 2391 secessit
737 2335 807 2389 ad
827 2352 992 2403 mare,
1016 2344 1065 2389 et
1094 2334 1259 2389 multa
1286 2334 1433 2389 turba
1455 2352 1486 2388 a
1509 2333 1728 2388 Galilrea
1748 2343 1795 2387 et
1823 2330 2013 2386 Judwa
2033 2348 2113 2386 se-

513 2439 636 2484 cuta
654 2438 728 2484 est
744 2446 884 2497 eum,
907 2439 955 2484 et
979 2430 1042 2483 ab
1064 2427 1429 2499 Jerosolymis,
1454 2438 1502 2482 et
1526 2427 1588 2480 ab
1616 2426 1869 2493 Idumcea,
1899 2434 1945 2477 et
1970 2435 2112 2479 trans

512 2522 799 2576 Iordanem
827 2538 847 2574 :
876 2531 927 2575 et
964 2521 1055 2592 qui
1088 2522 1228 2574 circa
1251 2518 1449 2589 Tyrum
1479 2527 1525 2572 et
1556 2518 1805 2574 Sidonetn
1836 2514 2112 2570 multitudo

515 2631 723 2685 magna,
750 2613 1022 2667 audientes
1046 2628 1161 2683 qua:
1183 2612 1423 2683 faciebat,
1472 2618 1715 2666 venerunt
1761 2608 1828 2662 ad
1872 2622 2009 2662 eum.
2042 2606 2113 2659 Et

517 2706 650 2760 dixit
674 2703 945 2776 discipulis
974 2704 1111 2771 suis,
1144 2712 1201 2757 ut
1242 2702 1481 2758 navicula
1514 2703 1609 2757 sibi
1640 2701 1949 2757 deseruirent
1990 2713 2116 2769 pro-

515 2807 630 2870 pter
655 2797 879 2865 turbam,
909 2813 973 2853 ne
993 2799 1385 2870 comprimerent
1415 2812 1550 2850 eum.
1586 2794 1784 2849 Multos
1805 2795 1941 2847 enim
1960 2809 2117 2847 sana-

519 2893 625 2958 bat,
653 2893 729 2945 ita
768 2899 825 2945 ut
852 2892 1110 2947 irruerent
1128 2892 1186 2945 in
1208 2908 1347 2956 eum,
1383 2900 1437 2945 ut
1461 2891 1614 2945 illum
1644 2896 1930 2961 tangerent,
1967 2895 2116 2957 quot-

516 2995 637 3059 quot
670 2985 921 3041 Itabebant
964 2985 1167 3057 plagas.
1198 2984 1266 3039 Et
1300 2986 1514 3057 spiritus
1540 2982 1793 3037 immundi
1821 2997 1939 3035 cum
1967 2980 2117 3034 illum

518 3082 781 3149 videbant,
814 3082 1147 3151 procidebant
1185 3082 1251 3135 ei.
1284 3081 1351 3135 Et
1384 3079 1704 3144 clamabant,
1738 3078 1959 3131 dicentes
1992 3091 2009 3129 :
2037 3074 2115 3129 Tu

2210 1880 2310 1937 per
2345 1865 2591 1922 laborem
2621 1876 2810 1925 tenent
2853 1888 2865 1923 :
2907 1878 2963 1925 et
2992 1870 3251 1940 imposuit
3276 1871 3356 1926 eis
3392 1872 3601 1927 nomina
3635 1871 3747 1927 Boa-

2210 1974 2436 2031 nerges,
2480 1961 2623 2031 quod
2653 1972 2765 2029 est,
2808 1964 2909 2034 ﬁlii
2945 1966 3165 2020 tonitrui
3193 1982 3212 2019 :
3242 1981 3468 2037 quorum
3505 1968 3650 2022 trium
3680 1982 3753 2022 su-

2212 2052 2376 2108 blime
2405 2055 2657 2109 meritum
2678 2097 2693 2121 ,
2726 2057 2778 2110 in
2808 2066 2991 2113 monte
3020 2069 3264 2115 meretur
3282 2061 3469 2116 audire
3499 2061 3751 2117 tonitruum

2211 2142 2417 2213 Patris,
2444 2159 2540 2214 per
2569 2148 2766 2203 nubem
2791 2147 2859 2204 de
2887 2148 3033 2205 Filio
3076 2152 3317 2207 tonantis
3345 2171 3358 2207 :
3399 2152 3494 2209 Hic
3532 2162 3608 2209 est
3640 2153 3753 2208 ﬁlius

2213 2251 2367 2291 meus
2397 2235 2656 2304 dilectus,
2684 2249 2745 2294 ιιι
2770 2256 2867 2311 per
2894 2242 3093 2298 nubem
3134 2246 3351 2310 carnis,
3403 2255 3455 2301 et
3495 2244 3589 2315 ipsi
3611 2244 3753 2314 ignem

2212 2329 2397 2397 verbi,
2420 2344 2483 2386 ac
2513 2334 2559 2384 si
2592 2331 2801 2403 fulgura
2825 2335 2878 2389 in
2906 2336 3144 2404 pluviam
3171 2347 3490 2409 spargerent
3516 2338 3567 2393 in
3590 2338 3750 2393 terris:

2214 2422 2471 2490 quoniam
2503 2421 2645 2478 Deus
2677 2423 2889 2495 fulgura
2932 2428 2987 2482 in
3019 2429 3258 2497 pluviam
3286 2430 3410 2485 fecit
3446 2447 3459 2483 :
3510 2440 3563 2484 ut
3588 2429 3755 2485 exstin-

2213 2522 2344 2583 guat
2374 2515 2745 2572 misericordia
2764 2558 2779 2583 ,
2811 2519 2955 2587 quod
2975 2520 3247 2590 judicium
3278 2522 3464 2578 inurit.
3494 2522 3634 2579 Unde
3657 2536 3755 2593 pro-

2214 2602 2375 2673 pheta
2405 2604 2567 2660 dicit:
2600 2606 3032 2664 Misericordiam
3057 2621 3115 2667 et
3137 2613 3407 2681 judicium
3429 2612 3640 2669 cantabo
3662 2613 3753 2674 tibi,

2217 2696 2467 2753 Domine.
2500 2698 2568 2753 Et
2590 2698 2885 2769 Andream,
2917 2703 3008 2773 qui
3034 2704 3178 2760 virili
3212 2706 3385 2762 forma
3407 2707 3513 2763 vim
3530 2706 3645 2761 facit
3660 2720 3758 2776 per-

2216 2787 2408 2844 ditioni
2437 2806 2580 2857 suae,
2613 2801 2665 2847 ut
2697 2809 3020 2864 responsum
3052 2799 3249 2854 mortis
3290 2799 3346 2854 in
3388 2814 3447 2855 se
3468 2813 3662 2869 semper
3684 2798 3760 2851 ha-

2217 2881 2344 2938 beat
2379 2900 2392 2938 :
2427 2892 2482 2939 et
2506 2886 2685 2941 anima
2712 2887 2831 2956 ejus
2860 2889 2931 2943 sit
2959 2904 3178 2959 semper
3206 2893 3264 2947 in
3296 2893 3534 2948 manibus
3570 2893 3683 2947 suis.
3708 2891 3759 2945 Et

2218 2974 2557 3047 Philippum,
2577 2980 2676 3049 ‘qui
2712 2991 2793 3036 est
2824 2998 2879 3036 os
2909 2984 3162 3055 lampadis
3195 3003 3218 3040 :
3253 2989 3343 3058 qui
3373 2988 3653 3042 illuminare
3682 3000 3758 3055 p0-

2221 3076 2327 3124 test
2375 3085 2469 3127 ore
2490 3114 2504 3139 ,
2536 3074 2680 3143 quod
2711 3076 2875 3132 corde
2905 3080 3178 3150 concepit.
3230 3079 3327 3136 Cui
3359 3082 3502 3138 dedit
3543 3080 3758 3137 Dominus

527 3193 579 3231 es
604 3177 747 3247 ﬁlius
780 3174 895 3232 Dei.
926 3175 994 3230 Et
1022 3174 1341 3231 vehementer
1370 3172 1778 3228 comminabatur
1803 3172 1895 3235 eis,
1918 3185 1982 3224 ne
2002 3184 2114 3222 ma-
2143 3154 2192 3219 C
2221 3163 2561 3231 apertionem
2614 3167 2725 3223 oris
2773 3170 3089 3228 illuminati.
3143 3172 3363 3231 Scimus
3405 3177 3542 3231 hunc
3580 3174 3757 3230 modum

520 3272 827 3343 nifestarent
871 3270 1041 3324 illum.
1076 3268 1278 3336 Quinta
1304 3267 1526 3333 virtute,
1560 3275 1677 3324 erat
1702 3265 1867 3321 homo
1895 3278 2115 3319 manum

522 3361 731 3417 habens
758 3360 1000 3431 aridam,
1033 3361 1123 3416 cui
1145 3360 1365 3429 dicitur,
1400 3359 1653 3414 Extende
1682 3372 1902 3412 manum
1932 3364 2112 3410 tuam:

524 3455 616 3524 qui
649 3453 921 3524 signiﬁcat
941 3468 1153 3519 avaros,
1186 3454 1279 3523 qui
1303 3453 1555 3507 nolentes
1585 3450 1735 3519 dare,
1759 3449 1947 3504 volunt
1976 3447 2118 3503 acci-

523 3560 656 3615 pere
690 3562 703 3597 :
737 3545 989 3615 praedari,
1023 3553 1078 3599 et
1104 3559 1215 3600 non
1237 3545 1439 3615 largiri.
1468 3544 1673 3612 Quibus
1704 3541 2002 3613 diciturgut
2022 3556 2119 3597 ex-

526 3637 752 3692 tendant
791 3651 983 3692 manus
1014 3650 1163 3704 suas,
1198 3636 1253 3691 id
1278 3646 1382 3702 est,
1414 3635 1504 3706 qui
1530 3634 1834 3699 iurabatur,
1866 3633 1981 3703 jam
2007 3648 2117 3690 non

524 3732 782 3787 furetur:
825 3731 997 3801 magis
1036 3740 1217 3786 autem
1250 3728 1460 3784 laboret
1487 3726 1765 3798 operando
1791 3740 1952 3780 manu
1991 3740 2113 3793 sua,

527 3827 674 3897 quod
704 3828 904 3881 bonum
946 3834 1029 3881 est
1060 3843 1071 3875 :
1106 3834 1165 3880 ut
1192 3823 1391 3879 habeat
1416 3821 1562 3878 unde
1591 3818 1955 3878 communicet
1977 3817 2118 3873 indi-

524 3920 795 3991 gentibus.

602 4013 669 4066 Et
700 4012 981 4068 ascendens
1014 4013 1070 4066 in
1105 4021 1350 4076 montem,
1378 4010 1570 4065 uocauit
1600 4008 1667 4062 ad
1706 4023 1761 4061 se
1801 4021 1928 4075 quos
1957 4003 2119 4059 voluit

527 4108 657 4175 ipse,
689 4114 736 4159 et
758 4114 1001 4158 venerunt
1028 4105 1096 4157 ad
1133 4119 1268 4157 eum.
1309 4100 1381 4155 Et
1407 4102 1527 4170 fecit
1557 4110 1613 4153 ut
1643 4108 1808 4154 essent
1847 4097 2117 4152 duodecim

526 4215 641 4252 cum
668 4196 779 4262 illo,
813 4204 862 4247 et
910 4202 965 4248 ut
1002 4196 1226 4247 mitteret
1268 4209 1354 4246 eos
1383 4191 1686 4263 prwdicare.
1737 4185 1806 4242 Et
1846 4189 1986 4244 dedit
2012 4188 2118 4242 illis

528 4298 832 4360 potestatem
857 4288 1073 4343 curandi
1102 4286 1463 4356 inﬁrmitates,
1496 4294 1543 4339 et
1571 4284 1808 4355 ejiciendi
1834 4284 2113 4338 dwmonia.

525 4382 599 4436 Et
626 4382 869 4451 imposuit
900 4382 1102 4437 Simoni
1128 4396 1313 4434 nomen
1351 4378 1585 4446 Petrus;
1614 4389 1661 4432 et
1681 4376 1933 4431 Jacobum
1959 4376 2119 4432 Zebe-

527 4476 651 4542 dwi,
683 4483 729 4528 et
750 4472 1008 4528 Joannem
1050 4478 1264 4545 fratrem
1290 4471 1517 4528 Jacobi:
1547 4480 1596 4525 et
1619 4470 1866 4540 imposuit
1910 4470 1981 4524 eis
2020 4487 2115 4524 no-

528 4570 672 4621 mina
692 4566 1003 4638 Boanerges,
1032 4567 1278 4639 quodest,
1304 4566 1400 4636 ﬁlii
1424 4564 1633 4620 tonitrui
1647 4579 1667 4629 ;
1693 4573 1740 4618 et
1760 4562 2036 4629 Andream,
2063 4573 2111 4618 et

528 4661 857 4732 Philippum,
887 4670 933 4714 et
958 4660 1413 4727 Bartholomteum,
1443 4669 1491 4715 et
1530 4658 1852 4724 Matthwum,
1893 4668 1941 4714 et
1974 4656 2112 4712 Tho-

529 4773 688 4821 mam,
715 4764 763 4809 et
790 4754 1038 4808 Jacobum
1064 4755 1292 4823 Alplnei,
1334 4764 1381 4808 et
1406 4752 1751 4816 Thaddazum,
1778 4760 1826 4805 et
1849 4750 2111 4807 Simonem

533 4850 903 4915 Chananazum,
937 4858 981 4902 et
1009 4846 1205 4901 Iudam
1233 4846 1557 4914 Iscariotem,
1590 4846 1678 4916 qui
1705 4854 1753 4899 et
1791 4844 2006 4900 tradidit
2047 4846 2113 4899 il-

530 4947 660 5001 lum.
692 4945 788 4999 Est
814 4941 1154 4998 consuetudo
1181 4940 1478 5014 Scriptura:
1505 4940 1703 4996 divina:
1722 4940 2011 5010 allegorice
2035 4940 2114 4993 lo—

528 5040 643 5111 qui,
679 5048 731 5093 et
763 5054 887 5093 cum
917 5037 1064 5093 aliud
1108 5036 1275 5104 dicat,
1326 5036 1474 5093 aliud
1503 5037 1635 5092 velit
1679 5036 1926 5106 intelligi.
1958 5034 2111 5102 Quod

526 5132 581 5186 in
611 5131 920 5202 Evangeliis
942 5132 1177 5201 positum
1205 5118 1521 5201 frequenter
1546 5129 1925 5185 invenieszsed
1956 5127 2113 5183 nobis

529 5240 757 5281 necesse
770 5238 872 5289 est,
891 5236 947 5281 ut
968 5227 1046 5281 sic
1059 5224 1359 5281 excelsiora
1374 5223 1622 5280 sensibus
1645 5221 1848 5277 nostris
1868 5221 2110 5292 applice-

531 5333 673 5384 mus,
708 5326 767 5371 ut
790 5327 967 5374 tamen
1000 5325 1195 5374 cuncta
1219 5316 1516 5375 secundum
1550 5314 1789 5372 historias
1829 5313 2110 5371 veritatem

527 5423 817 5465 cernamus
831 5426 844 5463 :
859 5408 1109 5465 Christus
1121 5410 1267 5465 enim
1291 5409 1442 5465 solus
1462 5406 1815 5478 spiritualiter
1827 5421 1979 5463 mons
1993 5415 2105 5463 est:

527 5518 688 5557 mons
714 5503 934 5573 quidem
958 5503 1235 5560 brevitera
1249 5503 1683 5573 nobislaudatus,
1699 5504 1793 5559 sed
1808 5504 2111 5560 caelestium

521 5610 711 5651 rerum
737 5595 993 5666 qualitate
1022 5598 1295 5665 copiosus,
1330 5612 1395 5651 ex
1422 5611 1530 5667 quo
1559 5612 1712 5665 aqua:
1754 5597 1888 5652 viva:
1914 5595 2110 5649 decur-

524 5695 651 5741 runt
665 5703 680 5741 :
696 5686 776 5742 lac
788 5688 842 5741 in
857 5688 1201 5757 parvulorum
1216 5688 1448 5743 salutem
1463 5696 1793 5758 praeparatur
1810 5705 1821 5739 :
1840 5684 2110 5758 pinguedo

526 5780 819 5849 spiritualis
865 5781 1198 5855 agnoscitur,
1246 5790 1303 5839 et
1348 5781 1606 5853 quidquid
1655 5795 1865 5838 summe
1908 5780 2109 5840 bonum

2222 3252 2514 3311 locutionis
2559 3260 2841 3329 proprium
2870 3263 3278 3335 Scripturarum
3309 3283 3432 3325 esse
3458 3269 3754 3331 divinarum.

2219 3347 2435 3417 quando
2487 3349 2843 3409 Hebr-morum
2886 3359 3105 3413 nomina
3136 3360 3206 3415 ad
3243 3362 3461 3432 aliquod
3490 3361 3754 3435 mysterium

2218 3440 2630 3511 signiﬁcationis
2660 3456 2788 3502 sunt
2836 3451 3005 3518 posita
3044 3472 3058 3507 :
3100 3454 3250 3522 quod
3283 3472 3424 3511 nunc
3473 3456 3757 3526 Evangelista

2219 3550 2286 3591 ex
2312 3535 2407 3592 Dei
2440 3552 2673 3606 persona
2720 3541 3075 3600 vehementer
3104 3545 3368 3603 affectans
3409 3548 3674 3605 interserit.
3707 3546 3757 3599 Et

2222 3631 2680 3689 Bartholomteum
2699 3678 2714 3702 ,
2742 3640 2831 3706 qui
2862 3636 3008 3707 ﬁlius
3048 3648 3121 3695 est
3148 3644 3506 3713 suspendentis
3531 3658 3686 3715 aquas.
3707 3638 3756 3694 Et

2220 3727 2340 3797 quis
2367 3734 2453 3782 est
2478 3727 2623 3783 ﬁlius
2652 3731 3036 3800 suspendentis
3064 3748 3255 3803 aquas,
3289 3737 3392 3791 nisi
3421 3738 3509 3805 qui
3537 3736 3682 3791 dixit:
3706 3732 3753 3785 Et

2219 3819 2489 3874 mandabo
2514 3822 2749 3877 nubibus
2778 3826 2911 3880 meis
2932 3840 3001 3881 ne
3018 3826 3208 3896 pluant
3234 3843 3399 3901 super
3418 3845 3535 3884 eam
3551 3822 3753 3883 imbrem?

2218 3912 2427 3968 Nomen
2457 3929 2587 3970 vero
2617 3915 2714 3970 ﬁlii
2745 3916 2870 3985 Dei,
2908 3934 3003 3989 per
3034 3936 3224 3989 pacem
3255 3933 3311 3978 et
3337 3922 3661 3977 dilectionem
3680 3930 3746 3971 ac-

2217 4004 2452 4075 quiritur
2494 4006 2720 4063 inimici.
2758 4008 2908 4065 Beati
2959 4012 3105 4067 enim
3137 4014 3380 4082 paciﬁci,
3426 4013 3660 4085 quoniam
3682 4006 3751 4063 lilii

2220 4098 2315 4155 Dei
2360 4109 2485 4155 sunt
2521 4118 2531 4154 :
2562 4110 2617 4156 et
2644 4101 2852 4173 diligite
2889 4104 3137 4162 inimicos
3167 4117 3417 4178 vestros,
3461 4117 3516 4162 ut
3554 4106 3659 4161 sitis
3684 4102 3756 4155 ﬁlii

2218 4191 2346 4261 Dei,
2372 4202 2432 4249 et
2459 4194 2682 4264 reliqua.
2713 4197 2781 4251 Et
2817 4196 3129 4255 Matthaeum
3150 4242 3166 4265 ,
3201 4203 3293 4271 qui
3332 4210 3414 4256 est
3450 4202 3669 4263 donatus,
3692 4192 3758 4248 cui

2219 4286 2453 4341 donatur
2481 4302 2511 4342 a
2544 4286 2774 4345 Domino
2792 4332 2807 4357 ,
2835 4300 2893 4345 ut
2924 4308 3033 4347 non
3061 4292 3241 4348 solum
3270 4294 3629 4349 remissionem
3656 4301 3759 4359 pec-

2218 4389 2464 4435 catorum
2495 4380 2847 4451 adipiscatur,
2888 4386 2983 4440 sed
3009 4386 3061 4441 in
3092 4402 3327 4442 numero
3356 4386 3641 4442 ascribatur
3664 4394 3759 4449 apo-

2219 4473 2486 4530 stolorum
2513 4490 2528 4527 :
2558 4482 2616 4530 ut
2644 4474 2731 4531 leo
2774 4485 2827 4532 et
2856 4477 2955 4532 bos
2988 4478 3149 4533 simul
3190 4479 3502 4547 comedant,
3546 4486 3597 4532 et
3630 4475 3758 4542 lupus

2218 4582 2341 4623 cum
2390 4582 2529 4638 agno
2559 4578 2827 4638 pascatur.
2874 4569 2942 4625 Et
2986 4570 3285 4638 Thomam,
3314 4571 3405 4643 qui
3446 4578 3526 4627 est
3558 4570 3756 4638 abyssus.

2217 4657 2367 4714 Multi
2388 4659 2531 4714 enim
2560 4660 2823 4728 profunda
2852 4662 3086 4718 scientes
3110 4663 3228 4731 Dei,
3251 4665 3471 4719 minimc
3492 4658 3756 4733 proferunt,

2218 4764 2277 4811 ut
2304 4754 2502 4809 Paulus
2530 4754 2606 4810 ait
2638 4772 2653 4810 :
2685 4754 2814 4810 Scio
2855 4756 3132 4813 hominem
3156 4800 3173 4826 ,
3201 4766 3259 4815 et
3302 4758 3509 4828 reliqua
3537 4774 3552 4813 :
3588 4764 3755 4822 usque.

2219 4866 2339 4921 qua:
2365 4864 2475 4904 non
2502 4849 2631 4904 licet
2650 4848 2959 4905 hominibus
2983 4851 3151 4922 loqui.
3183 4851 3251 4907 Et
3277 4852 3530 4909 Jacobum
3556 4845 3754 4918 Alphmi.

2219 4944 2273 4999 id
2320 4954 2437 5012 est,
2486 4945 2623 5000 docti
2657 4945 2741 5002 vel
2785 4946 3069 5002 millesimi.
3124 4946 3288 5019 Cujus
3324 4964 3356 5003 a
3402 4948 3565 5003 latere
3591 4940 3756 4999 cadunt

2216 5036 2385 5102 mille,
2415 5047 2469 5094 et
2497 5038 2684 5095 decem
2712 5038 2879 5093 millia
2905 5055 2935 5093 a
2965 5039 3172 5095 dextris
3199 5039 3338 5110 eius.
3370 5037 3597 5094 Jacobus
3623 5032 3751 5089 alter.

2213 5130 2302 5187 cui
2332 5132 2629 5186 colluctatio
2670 5146 2776 5188 non
2804 5141 2891 5187 est
2928 5131 3193 5189 adversus
3240 5146 3453 5189 carnem
3498 5137 3551 5185 et
3573 5120 3755 5193 sangui‘

2213 5240 2339 5281 nem
2371 5242 2385 5279 :
2414 5225 2512 5281 sed
2538 5225 2799 5281 adversus
2830 5226 3143 5295 spirituales
3188 5225 3475 5297 nequitias.
3518 5222 3582 5276 Et
3605 5212 3754 5274 Tbad-

2214 5317 2425 5384 datum,
2458 5318 2550 5389 qui
2578 5325 2683 5384 est,
2712 5318 2993 5386 corculum,
3026 5320 3080 5375 id
3111 5329 3215 5386 est,
3246 5318 3425 5375 cordis
3446 5314 3610 5371 cultor
3638 5329 3649 5362 :
3677 5305 3751 5376 qui

2213 5418 2503 5467 conservat
2531 5424 2628 5466 cor
2652 5424 2809 5466 suum
2833 5415 2981 5467 omni
3004 5411 3270 5468 custodia.
3287 5408 3530 5466 Munditia
3553 5412 3751 5469 namque

2214 5504 2393 5561 cordis
2418 5503 2562 5559 Deus
2586 5503 2819 5571 videtur,
2848 5514 2909 5560 ut
2938 5520 3036 5575 per
3072 5506 3269 5560 vitrum
3312 5500 3560 5557 mundum
3604 5496 3749 5549 forma

2212 5596 2517 5653 ostenditur
2578 5611 2857 5667 expressa.
2926 5599 2991 5654 Et
3056 5597 3327 5654 Simonem
3384 5594 3745 5650 Chananmum.

2212 5689 2304 5760 qui
2347 5698 2401 5744 et
2430 5688 2652 5744 zelotes.
2684 5689 2906 5755 Simon,
2950 5707 3141 5760 ponens
3179 5688 3436 5746 tristitiam
3464 5684 3745 5749 interpreta-

2214 5792 2319 5845 tur.
2347 5782 2500 5841 Beati
2532 5796 2801 5857 namque,
2831 5784 2922 5854 qui
2964 5785 3149 5861 lugent
3180 5802 3193 5841 :
3227 5782 3471 5854 quoniam
3506 5772 3600 5848 ipsi
3635 5781 3741 5826 con—
