3970 6304
187 331 265 391 601

775 278 1319 385 COMMENTARIUS
1355 322 1424 382 IN
1462 317 1914 381 EVANGELIUM
1952 320 2107 379 SEC.
2142 318 2460 383 MARCUM.
2498 319 2657 378 CAP.
2696 319 2788 378 IV.

3318 320 3427 379 602

181 440 722 503 solabuntur.'l‘rinum
741 441 943 499 luctum
964 440 1172 513 implet,
1193 440 1285 514 qui
1306 439 1735 497 consolationem
1760 438 1816 500 Α
1914 438 2017 506 Qui
2042 448 2214 491 autem
2238 437 2664 508 blasphemaverit
2690 439 2745 494 in
2774 438 3014 509 spiritum
3044 445 3300 505 sanctum,
3323 455 3430 495 non

180 543 384 598 futuram
402 538 621 611 quaerit.
648 538 818 594 Deilet
847 544 1069 609 peccata
1086 536 1303 607 propria
1332 550 1457 592 cum
1486 533 1656 590 David
1678 542 1734 590 et

180 635 320 692 Maria
344 652 357 688 :
385 633 477 689 ﬂet
498 647 620 689 cum
647 631 897 687 ﬂentibus
914 647 1041 687 cum
1071 630 1240 686 Paulo
1265 648 1278 683 :
1305 638 1361 686 et
1388 628 1483 684 ﬂet
1507 628 1735 685 mullum

179 744 282 786 cum
321 727 551 793 Joanne,
581 727 677 798 qui
707 726 921 782 dicebat
951 744 969 781 :
996 726 1064 781 Et
1089 740 1192 795 ego
1234 724 1429 780 ﬂebam
1458 723 1687 779 multum
1714 738 1730 776 :

179 826 284 897 quia
313 838 467 879 nemo
489 821 687 892 dignus
712 819 963 875 inventus
987 825 1073 874 est
1090 859 1106 885 ,
1129 818 1221 888 qui
1246 817 1483 888 aperiret
1512 815 1733 882 librum,

179 929 223 974 et
260 916 485 972 solveret
530 912 805 984 signacula
848 911 993 981 ejus.
1035 910 1255 967 Zelotes
1300 918 1481 965 autem
1510 906 1730 978 dicitur,

179 1024 313 1081 quem
337 1008 487 1065 zelus
527 1005 722 1062 domus
748 1004 847 1061 Dei
872 1003 1113 1061 comedit
1139 1021 1153 1057 :
1199 1011 1260 1058 ut
1282 1001 1519 1059 Phinees
1546 1016 1733 1057 sacer-

178 1104 285 1168 dos,
314 1112 365 1157 ut
408 1111 588 1157 cesset
613 1098 913 1171 quassatio.
944 1097 1012 1153 Et
1050 1096 1245 1153 Judam
1278 1094 1611 1165 Iscariotem,
1639 1093 1735 1165 qui

180 1195 371 1252 tradidit
414 1194 567 1249 illum
599 1209 616 1249 :
659 1191 753 1263 qui
797 1205 906 1247 non
951 1189 1098 1245 delet
1133 1196 1413 1259 peccatum
1446 1201 1603 1241 suum
1636 1199 1734 1255 per

180 1288 521 1361 pmnitenliam
545 1310 562 1343 :
588 1301 692 1343 nec
711 1286 845 1341 illud
864 1284 1073 1341 deletur
1095 1298 1191 1354 per
1213 1282 1553 1340 memoriam.
1579 1279 1735 1339 Unde

180 1384 233 1437 de
253 1398 311 1439 eo
329 1381 526 1438 dicitur
547 1397 561 1435 :
586 1379 656 1435 Et
678 1388 960 1451 peccatum
979 1378 1168 1433 matris
1188 1377 1308 1446 ejus
1335 1390 1439 1431 non
1464 1374 1732 1431 deleatur.

182 1477 308 1531 Fiant
346 1483 534 1531 contra
571 1472 861 1528 Dominum
910 1485 1146 1541 semper.
1198 1468 1395 1534 Judas,
1450 1467 1731 1537 conﬁtens,

182 1570 249 1626 vel
273 1568 522 1642 gloriosus
553 1566 963 1634 interpretatur.
995 1561 1268 1618 lscariotis
1297 1570 1475 1616 autem
1496 1601 1512 1625 ,
1544 1574 1738 1614 memo-

184 1665 290 1719 riam
316 1663 511 1717 mortis.
546 1659 901 1717 Confessores
926 1668 1057 1714 sunt
1086 1658 1235 1713 multi
1282 1656 1335 1711 in
1376 1654 1616 1711 Ecclesia
1646 1669 1741 1709 su-

183 1757 307 1826 perbi
328 1765 381 1811 et
404 1753 626 1827 gloriosi
654 1771 667 1806 :
710 1767 943 1824 quorum
969 1751 1177 1822 primus
1205 1747 1394 1805 Simon
1436 1745 1648 1817 Magus,
1682 1752 1738 1800 et

1837 532 1989 587 habet
2015 531 2365 586 remissionem
2388 533 2441 587 in
2468 544 2739 601 mternum,
2762 535 2851 589 sed
2870 551 2987 588 reus
3015 534 3112 589 erit
3136 535 3316 589 wterni
3338 535 3429 588 de-

1838 628 1944 683 licti
1971 643 1989 681 :
2016 626 2258 697 quoniam
2306 626 2563 693 dicebant,
2602 628 2844 699 spiritum
2890 627 3217 681 immundum
3254 628 3427 681 habet.

1836 722 1975 792 Quia
2007 737 2116 778 non
2146 730 2389 779 meretur
2418 722 2789 791 paenitentiam
2815 736 2999 791 agere,
3028 729 3087 774 ut
3110 720 3429 791 recipiatur,

1836 816 1928 887 qui
1972 814 2247 871 Christum
2286 814 2635 884 intelligens,
2686 813 2986 885 principem
3033 814 3427 869 dmmoniorum

1836 926 1957 967 esse
1986 909 2203 966 dicebat
2232 927 2246 965 :
2280 909 2405 981 quia
2437 924 2728 979 numquam
2754 909 2981 963 solvitur
3010 923 3040 962 a
3068 923 3309 975 carcere,
3337 910 3430 980 qui

1835 1004 2191 1077 quadrantem
2237 1002 2391 1059 verbi
2420 1002 2775 1058 novissimum
2804 1018 2911 1057 non
2957 984 3181 1057 solverit
3208 1011 3333 1058 ante
3361 1002 3427 1057 ll-

1836 1117 1957 1157 nem
1988 1100 2132 1155 vitae.
2170 1098 2411 1166 Quatuor
2448 1113 2684 1168 namque
2732 1097 2975 1166 partibus
3013 1097 3269 1154 denarius
3299 1098 3427 1153 vita:

1836 1194 2090 1251 fundatur
2116 1200 2337 1248 aeterna:
2363 1208 2380 1246 :
2410 1199 2470 1245 ut
2508 1190 2654 1261 quod
2686 1189 2849 1245 corde
2877 1189 3088 1257 credis,
3121 1206 3215 1247 ore
3260 1191 3429 1246 conii-

1838 1290 2003 1345 tearis
2032 1306 2048 1344 :
2080 1298 2135 1344 et
2159 1286 2304 1358 quod
2352 1285 2633 1341 conﬁteris
2655 1323 2671 1351 ,
2716 1299 2882 1354 Opere
2911 1284 3134 1355 impleas
3156 1327 3170 1350 ,
3206 1293 3261 1341 et
3285 1284 3428 1354 quod

1835 1380 2178 1453 impleveris,
2211 1380 2411 1436 docere
2457 1393 2565 1432 non
2591 1392 2793 1433 cesses.
2839 1376 2941 1445 Qui
2982 1378 3126 1433 enim
3159 1377 3345 1434 fecerit
3370 1387 3431 1437 et

1838 1475 2123 1545 docuerit,
2181 1472 2271 1530 hic
2323 1486 2547 1544 magnus
2599 1470 2881 1528 vocabitur
2935 1470 2992 1529 in
3043 1487 3211 1544 regno
3265 1473 3429 1529 cmlo-

1838 1584 1982 1624 rum.

1908 1660 1979 1716 Et
2006 1662 2217 1716 veniunt
2241 1668 2401 1716 mater
2422 1664 2533 1735 ejus
2555 1671 2603 1715 et
2628 1662 2811 1733 fratres
2840 1678 2860 1715 :
2890 1669 2937 1716 et
2966 1660 3093 1731 foris
3120 1670 3309 1717 stantes
3336 1662 3432 1716 mi-

1837 1764 2017 1809 serunt
2056 1754 2126 1807 ad
2168 1770 2286 1809 eum
2333 1765 2569 1809 vocantes
2616 1770 2732 1808 eum
2764 1769 2784 1809 :
2831 1762 2879 1807 et
2918 1752 3123 1807 sedebat
3152 1754 3291 1807 circa
3318 1771 3433 1808 eum

184 1850 333 1915 Arius,
362 1857 416 1903 et
443 1846 628 1903 caeteri
650 1845 914 1913 ltazrelici,
940 1859 1171 1916 quorum
1199 1840 1461 1897 memoria
1484 1838 1734 1895 mortalis
1763 1839 1813 1900 B
1839 1847 2009 1913 turba,
2039 1855 2088 1901 et
2114 1846 2297 1901 dicunt
2328 1846 2375 1900 ei
2398 1864 2417 1901 :
2448 1846 2585 1901 Ecce
2605 1856 2772 1901 mater
2804 1855 2893 1899 tua
2912 1886 2927 1910 ,
2954 1855 3001 1899 et
3032 1848 3217 1905 fratres
3249 1846 3324 1899 tui
3349 1849 3433 1915 fo-

186 1942 283 1998 ideo
307 1942 357 1997 in
388 1939 637 1997 Ecclesia
662 1938 969 1995 celebratur
993 1982 1007 2007 ,
1037 1946 1096 1992 ut
1131 1934 1457 1992 devitentur.
1488 1932 1583 1987 lia:
1608 1941 1738 1989 sunt

186 2037 433 2093 duodecim
464 2034 783 2091 dill‘erentiae
813 2032 1181 2103 apostolorum
1208 2040 1263 2086 et
1288 2028 1733 2100 praedicatorum:

191 2131 264 2201 qui
287 2131 447 2199 terni,
474 2127 723 2201 quaterni
762 2128 907 2184 circa
942 2125 1350 2183 tabernaculum
1394 2123 1604 2179 Domini
1634 2137 1734 2179 ex-

185 2224 388 2280 cubant:
424 2232 483 2279 et
520 2230 706 2278 sancta
763 2221 976 2277 Domini
1006 2220 1169 2276 verba
1218 2216 1460 2273 humeris
1507 2230 1732 2287 operum

188 2316 382 2387 propriis
410 2323 629 2385 portant
660 2331 675 2369 :
720 2323 779 2369 ut
805 2311 1216 2368 tabernaculum
1244 2324 1409 2365 unum
1439 2306 1738 2363 mansioni-

189 2408 269 2462 bus
294 2408 461 2463 multis
499 2406 570 2463 ad
599 2416 799 2463 terram
824 2402 1265 2473 repromissionis
1293 2408 1514 2473 portent
1545 2418 1560 2456 :
1600 2414 1738 2470 quos

190 2499 318 2555 unius
348 2498 653 2570 exemplum
692 2497 759 2553 ad
806 2498 1058 2553 timorem
1098 2494 1383 2563 humiliat,
1430 2504 1489 2550 ut
1515 2493 1739 2564 angelos

191 2593 384 2650 Luciferi
406 2594 551 2650 illius
579 2606 737 2648 casus
764 2599 1094 2656 conservet,
1124 2597 1181 2645 ut
1208 2604 1314 2644 non
1342 2586 1605 2659 glorietur
1648 2602 1739 2643 sa-

193 2688 315 2756 piens
337 2688 384 2743 in
414 2686 679 2759 sapientia
706 2700 802 2743 sua
832 2703 844 2740 :
874 2683 969 2741 sed
999 2683 1091 2755 qui
1119 2682 1407 2754 gloriatur,
1429 2680 1485 2737 in
1506 2680 1737 2738 Domino

195 2780 427 2849 glorietur.

249 2874 303 2928 Et
324 2875 523 2930 veniunt
552 2873 622 2927 ad
652 2872 889 2936 domum,
919 2877 968 2926 et
993 2867 1227 2925 convenit
1250 2867 1441 2923 iterum
1464 2866 1641 2934 turba,
1663 2868 1737 2921 ita

198 2976 238 3020 st
255 2982 341 3021 non
364 2972 568 3036 possent
596 2980 761 3035 neque
801 2979 987 3032 panem
1026 2961 1339 3015 manducare
1361 2974 1380 3013 :
1418 2965 1469 3014 et
1496 2975 1615 3013 cum
1643 2976 1738 3013 au-

202 3058 353 3114 dissent
376 3060 479 3125 sui,
506 3058 744 3114 exierunt
772 3066 939 3111 tenere
976 3071 1111 3110 eum.
1144 3052 1400 3107 Dicebant
1428 3053 1585 3118 enim,
1610 3068 1738 3123 quo-

205 3154 307 3205 niam
331 3154 375 3206 in
399 3154 628 3222 furorem
655 3164 831 3204 versus
854 3158 951 3203 est.
976 3146 1046 3201 Et
1068 3145 1273 3211 scribae,
1303 3144 1392 3217 qui
1431 3143 1493 3198 ab
1522 3143 1735 3200 Jeroso-

212 3244 317 3313 lysis
348 3244 745 3310 descenderant,
767 3242 1026 3309 dicebant,
1053 3240 1299 3311 quoniam
1322 3236 1605 3292 Beelzebub
1642 3237 1736 3291 ha-
1761 3227 1807 3291 C

216 3337 295 3393 bet:
314 3348 351 3394 et
374 3340 496 3412 quia
523 3340 578 3392 in
620 3338 852 3408 principe
882 3334 1257 3390 dtemoniorum
1284 3331 1427 3405 ejicit
1451 3330 1729 3385 daemonia.

217 3425 268 3483 Et
289 3434 539 3488 conrocatis
572 3433 669 3499 eis,
691 3432 744 3486 in
770 3428 1028 3503 parabolis
1068 3427 1266 3482 dicebat
1294 3424 1437 3479 illis:
1463 3424 1736 3492 Quomodo

209 3527 568 3594 WSatanas
618 3525 875 3581 Satanam
916 3521 1143 3596 ejicere?
1189 3519 1256 3574 Et
1286 3519 1330 3573 si
1358 3535 1572 3591 regnum
1599 3519 1655 3571 in
1682 3532 1737 3573 se

203 3620 432 3689 diridatur,
462 3638 569 3675 non
602 3627 764 3689 potest
786 3632 1003 3690 regnum
1029 3613 1167 3669 illud
1186 3622 1343 3669 stare.
1384 3612 1454 3666 Et
1478 3614 1522 3666 si
1552 3611 1737 3667 domus

194 3728 316 3779 “per
335 3717 659 3781 semetipsum
689 3712 1045 3780 dispertiatur,
1096 3725 1200 3762 non
1226 3716 1390 3779 potest
1417 3706 1599 3761 domus
1643 3704 1737 3758 illa

189 3815 299 3860 stare
317 3824 335 3861 :
359 3819 403 3863 et
428 3808 476 3863 si
508 3806 736 3863 Satanas
762 3802 1145 3858 consurrexerit
1174 3801 1228 3854 in
1248 3800 1595 3868 semetipsum,
1627 3798 1739 3851 dis-

184 3900 366 3967 perlitus
406 3908 529 3955 est:
582 3905 760 3951 etnon
806 3895 991 3967 poterit
1035 3903 1209 3958 stare,
1258 3892 1349 3945 sed
1374 3890 1531 3961 ﬁnem
1552 3888 1732 3945 habet.

184 3990 329 4046 Nemo
347 4002 507 4066 potest
536 4008 661 4045 vasa
691 3990 842 4060 fortis
870 3988 1131 4060 ingressus
1160 3985 1217 4039 in
1247 3985 1460 4037 domum
1487 3982 1732 4052 diripere,

177 4087 261 4139 nisi
284 4090 420 4159 prius
447 4088 639 4157 fortem
666 4084 849 4153 alliget
872 4099 889 4135 :
921 4091 968 4136 et
995 4089 1119 4135 tunc
1142 4080 1351 4134 domum
1373 4079 1483 4149 ejus
1511 4078 1734 4148 diripiet.

176 4178 316 4233 Amen
336 4181 450 4235 dico
474 4180 640 4243 vobis,
664 4178 913 4247 quoniam
935 4174 1107 4228 omnia
1136 4173 1461 4226 dimittentur
1492 4169 1614 4238 ﬁliis
1643 4169 1740 4223 ho-

176 4271 351 4326 minum
369 4280 583 4343 peccata
604 4279 653 4324 et
672 4266 1023 4341 blasphemiae,
1036 4265 1224 4337 quibus
1236 4262 1738 4335 blasphemaverunt.

177 4363 257 4419 llic
281 4367 496 4438 proprie
527 4364 741 4419 Marcus
766 4359 1058 4416 convenire
1078 4358 1287 4423 .Iesum,
1311 4371 1432 4411 cum
1462 4355 1739 4426 discipulis

171 4458 271 4514 suis
309 4460 376 4515 ad
404 4461 626 4515 domum
650 4464 835 4513 narrat
867 4471 880 4507 :
916 4454 983 4509 Et
1024 4453 1219 4508 iterum
1267 4449 1455 4504 turbas
1481 4494 1495 4519 ,
1526 4458 1585 4503 ut
1630 4462 1739 4504 non

174 4564 371 4619 possent
400 4568 596 4625 panem
645 4548 1004 4616 manducare,
1051 4546 1371 4600 convenisse
1408 4558 1739 4599 commemo-

1837 1943 1911 1995 ris
1937 1950 2179 2013 quaerunt
2209 1949 2275 1994 te.
2303 1938 2373 1994 Et
2398 1939 2711 2011 respondens
2741 1940 2814 1992 eis
2840 1940 2913 1993 ait
2943 1954 2962 1991 :
2995 1938 3127 2005 Qua:
3164 1947 3237 1993 est
3265 1948 3433 1993 mater

1836 2050 1970 2102 mea,
1999 2042 2047 2088 et
2069 2036 2257 2106 fratres
2286 2034 2385 2087 mei
2408 2034 2432 2088 Ξ)
2462 2032 2528 2087 Ει
2550 2033 2972 2103 circumspiciens
2995 2049 3105 2099 eos,
3132 2034 3219 2103 qui
3242 2034 3295 2087 in
3325 2034 3433 2087 cir-

1837 2129 1981 2183 cuitu
2021 2129 2136 2200 ejus
2162 2126 2409 2181 sedebant
2429 2168 2445 2195 ,
2475 2126 2549 2181 ait
2576 2144 2595 2181 :
2628 2125 2763 2181 Ecce
2788 2134 2953 2180 mater
2980 2141 3093 2179 mea
3113 2168 3129 2193 ,
3171 2134 3219 2179 et
3240 2129 3434 2197 fratres

1837 2223 1960 2279 mei.
1992 2221 2093 2288 Qui
2120 2224 2252 2277 enim
2275 2221 2451 2293 fecerit
2475 2220 2801 2275 voluntatem
2828 2218 2943 2285 Dei,
2976 2218 3063 2274 hic
3083 2220 3246 2291 frater
3265 2235 3430 2286 meus,

1836 2326 1885 2372 et
1909 2333 2056 2372 soror
2080 2330 2213 2383 mea,
2247 2324 2294 2369 et
2323 2324 2487 2370 mater
2516 2331 2629 2370 mea
2654 2324 2748 2369 est.
2780 2313 2853 2370 Ut
2887 2312 3128 2369 sciamus
3170 2326 3270 2367 nos
3308 2326 3432 2367 esse

1837 2410 2035 2466 fratres
2055 2408 2171 2479 ejus
2197 2416 2251 2464 et
2273 2415 2526 2474 matrem,
2550 2407 2595 2463 si
2622 2407 2963 2461 voluntatem
2989 2404 3166 2461 Patris
3192 2403 3309 2477 ejus
3336 2403 3429 2459 im-

1838 2504 2171 2577 pleverimus
2204 2519 2219 2557 :
2252 2510 2312 2557 ut
2350 2500 2667 2557 cobazredes
2696 2501 2868 2556 simus
2903 2499 3057 2571 ejus,
3096 2500 3189 2571 qui
3234 2514 3341 2555 non
3374 2499 3429 2555 in

1836 2598 2077 2667 sexibus,
2110 2594 2208 2652 sed
2232 2594 2286 2651 in
2310 2594 2467 2651 factis
2494 2595 2777 2651 discernit.

2448 2686 2680 2744 CAPUT
2717 2685 2809 2742 IV.

1877 2795 1883 2802 '
1907 2782 1979 2839 Et
2005 2784 2187 2839 iterum
2213 2782 2365 2851 erepit
2391 2780 2575 2835 docere
2604 2782 2672 2835 ad
2710 2795 2855 2834 mare
2877 2820 2895 2846 ,
2940 2785 2988 2834 et
3026 2784 3337 2851 congregata
3358 2783 3433 2833 est

1836 2877 1908 2932 ad
1928 2893 2044 2932 eum
2069 2876 2218 2931 turba
2238 2874 2426 2939 multa,
2454 2874 2529 2927 ita
2556 2879 2612 2927 ut
2658 2873 2714 2927 in
2739 2872 2915 2926 navim
2945 2870 3252 2937 ascendens,
3280 2870 3431 2925 sede-

1834 2980 1912 3025 ret
1948 2972 2002 3025 in
2027 2969 2162 3024 mari
2182 3012 2197 3037 ,
2247 2977 2294 3023 et
2318 2967 2484 3022 omnis
2510 2965 2661 3021 turba
2687 2966 2826 3020 circa
2853 2979 2997 3019 mare
3037 2979 3194 3035 super
3239 2971 3433 3018 terram

1837 3073 1973 3131 erat,
2001 3072 2050 3120 et
2078 3061 2289 3118 docebat
2314 3078 2400 3118 eos
2427 3062 2479 3115 in
2523 3058 2785 3130 parabolis
2808 3058 2998 3125 multa,
3029 3068 3076 3114 et
3106 3057 3304 3112 dicebat
3325 3056 3432 3111 illis

1838 3159 1891 3213 in
1920 3157 2159 3213 doctrina
2188 3173 2285 3212 sua
2314 3171 2333 3211 :
2362 3154 2579 3210 Audite.
2614 3152 2751 3207 Ecce
2779 3152 2883 3207 exit
2902 3152 3159 3207 seminans
3185 3151 3254 3205 ad
3281 3150 3437 3205 semi-

1839 3254 2090 3308 nandum.
2135 3250 2204 3307 Et
2249 3250 2377 3304 dum
2404 3250 2646 3318 seminat,
2679 3248 2826 3304 aliud
2855 3248 3041 3302 cecidit
3068 3264 3216 3303 secus
3258 3246 3391 3301 viam
3415 3260 3437 3302 :

1838 3358 1883 3405 et
1904 3354 2151 3403 venerunt
2176 3345 2408 3400 volucres
2439 3344 2552 3399 caeli
2572 3385 2587 3405 ,
2631 3351 2678 3396 et
2720 3341 3058 3397 comederunt
3086 3340 3244 3395 illud.
3274 3338 3437 3393 Aliud

1837 3457 1954 3496 vero
1975 3438 2155 3494 cecidit
2196 3454 2351 3507 super
2378 3444 2603 3507 petrosa,
2633 3434 2719 3488 ubi
2744 3450 2845 3488 non
2870 3432 3053 3487 habuit
3080 3440 3272 3485 terram
3299 3429 3437 3484 mul-

1839 3544 1966 3599 tam,
1992 3541 2039 3587 et
2064 3531 2240 3585 statim
2267 3537 2503 3585 exortum
2531 3535 2627 3597 est,
2656 3527 2905 3598 quoniam
2929 3542 3036 3580 non
3066 3524 3283 3579 habebat
3311 3522 3435 3577 alti-

1839 3627 2067 3681 tudinem
2100 3632 2249 3679 terrte
2271 3638 2289 3679 :
2315 3630 2365 3677 et
2396 3622 2601 3691 quando
2628 3631 2839 3677 exortus
2871 3628 2949 3676 est
2977 3620 3077 3688 sol,
3108 3618 3435 3685 extcstuavit,

1839 3727 1887 3773 et
1913 3733 1971 3773 eo
1990 3718 2128 3790 quod
2157 3732 2259 3771 non
2276 3714 2493 3769 habebat
2521 3714 2773 3780 radicem,
2789 3714 3015 3768 exaruit.
3036 3711 3106 3766 Et
3131 3711 3279 3767 aliud
3306 3712 3439 3765 ceci-

1839 3809 1915 3863 dit
1940 3809 1995 3862 iu
2023 3808 2199 3880 spinas
2225 3848 2240 3873 ,
2271 3816 2318 3862 et
2359 3805 2705 3861 ascenderunt
2734 3807 2895 3877 spina:
2916 3846 2931 3869 ,
2964 3812 3012 3859 et
3055 3802 3438 3871 suffacaverunt

1838 3899 1995 3965 illud,
2023 3908 2069 3953 et
2098 3900 2329 3969 fructum
2356 3914 2459 3952 non
2492 3898 2657 3952 dedit.
2686 3895 2757 3953 Et
2783 3896 2931 3951 aliud
2955 3896 3137 3949 cecidit
3160 3895 3213 3947 in
3244 3903 3437 3949 terram

1840 3991 2047 4055 bonam,
2075 3997 2124 4045 et
2152 3989 2307 4043 dabat
2337 3990 2565 4057 fructum
2588 3988 2947 4043 ascendentem
2964 4031 2978 4056 ,
3013 3995 3061 4040 et
3082 3994 3389 4039 crescentem
3416 4002 3439 4042 :

1839 4093 1887 4137 et
1916 4079 2166 4149 afferebat
2192 4096 2352 4134 unum
2380 4077 2727 4144 tricesimum,
2768 4088 2816 4135 et
2842 4095 3001 4134 unum
3022 4082 3397 4152 sexagesimum
3416 4122 3433 4149 ,

1840 4188 1889 4233 et
1917 4194 2077 4231 unum
2098 4176 2451 4231 centesimum.
2486 4174 2556 4228 Et
2582 4173 2785 4228 dicebat
2806 4190 2824 4228 :
2848 4173 2953 4239 Qui
2976 4172 3125 4227 habet
3152 4188 3305 4226 aures
3335 4190 3436 4226 au-

1841 4272 2053 4338 diendi,
2086 4270 2289 4325 audiat.
2324 4260 2391 4323 Et
2421 4285 2537 4323 cum
2568 4277 2701 4323 esset
2733 4268 3019 4338 singularis
3044 4310 3060 4336 ,
3090 4267 3442 4337 interrogave-

1841 4376 1963 4421 runt
1994 4382 2108 4420 eum
2133 4365 2188 4419 hi
2216 4364 2325 4435 (qui
2354 4380 2472 4418 cum
2496 4379 2555 4417 eo
2582 4360 2755 4433 erant)
2788 4361 3085 4426 duodecim,
3110 4359 3436 4433 parabolam.

1841 4458 1912 4513 Et
1938 4456 2139 4512 dicebat
2169 4457 2244 4509 eis
2276 4473 2293 4512 :
2325 4452 2481 4509 Vobis
2504 4454 2681 4507 datum
2706 4461 2777 4507 est
2800 4468 2950 4507 nosse
2973 4454 3275 4523 mysterium
3296 4453 3441 4523 regni

1842 4548 1942 4605 Dei
1972 4566 1991 4606 :
2026 4548 2133 4603 illis
2174 4556 2350 4603 autem
2371 4588 2387 4614 ,
2418 4546 2507 4618 qui
2536 4546 2665 4615 foris
2695 4554 2849 4611 sunt,
2880 4544 2933 4598 in
2968 4544 3233 4615 parabolis
3263 4542 3439 4597 omnia

174 4655 261 4699 rat.
291 4646 354 4702 Et
376 4645 673 4716 discipulos
704 4652 945 4713 putasse.
976 4638 1121 4711 Quod
1146 4640 1197 4693 in
1238 4637 1476 4693 furorem
1503 4646 1738 4693 vertere-
1764 4625 1819 4687 Π
1844 4644 1976 4713 fiunt
2003 4650 2097 4700 :ut
2121 4640 2350 4706 videant,
2378 4649 2426 4694 et
2447 4656 2549 4694 non
2562 4637 2767 4693 videant
2796 4655 2814 4695 :
2842 4647 2889 4692 et
2914 4636 3179 4693 audientes
3200 4637 3439 4702 audiant,

175 4747 268 4809 tur,
298 4741 418 4813 quia
442 4740 659 4806 scribae,
689 4738 778 4810 qui
805 4738 873 4793 ab
899 4733 1255 4805 Jerosolymis
1278 4742 1569 4801 venerant,
1594 4731 1739 4787 dice-

176 4831 317 4889 bant:
346 4831 645 4889 Beelzebub
663 4831 847 4885 habet.
874 4828 1025 4885 Sicut
1047 4824 1485 4883 exaltauturcoeli
1508 4838 1537 4877 a
1565 4832 1736 4879 terra:

172 4924 240 4979 sic
263 4928 506 4982 exaltata:
535 4932 660 4979 sunt
687 4922 792 4978 via:
836 4920 1046 4977 Domini
1074 4936 1104 4976 a
1141 4919 1245 4974 viis
1271 4918 1492 4973 nostris.
1526 4915 1606 4971 Ad
1638 4915 1741 4971 hoc

174 5032 383 5087 namque
408 5020 593 5085 venit,
627 5016 769 5088 quod
798 5014 1006 5070 audivit
1035 5023 1090 5068 et
1117 5011 1341 5083 patitur,
1370 5010 1462 5081 qui
1484 5008 1641 5065 nobis
1659 5007 1742 5063 di-

170 5111 233 5165 cit
262 5132 275 5169 :
298 5114 442 5169 Beati
474 5112 629 5169 eritis
654 5126 776 5167 cum
804 5108 1185 5165 maledixerint
1212 5105 1366 5162 vobis
1394 5104 1663 5169 homines,
1686 5111 1741 5158 et

175 5205 388 5275 reliqua,
431 5219 634 5275 usque,
681 5216 892 5258 merces
921 5211 1100 5256 vestra
1141 5200 1196 5255 in
1234 5198 1409 5254 caelis.
1443 5196 1644 5251 Domus
1671 5193 1740 5249 ad

172 5313 314 5366 quam
343 5300 604 5367 veniunt,
640 5295 909 5369 primitiva
953 5305 1040 5351 est
1068 5293 1334 5349 Ecclesia.
1382 5290 1578 5347 Turba:
1618 5304 1740 5360 qua:

175 5389 451 5463 impediunt
479 5406 672 5463 panem
704 5388 1055 5454 manducare,
1087 5398 1312 5458 peccata
1338 5394 1394 5442 et
1418 5384 1547 5440 vitia
1573 5391 1735 5439 sunt:

175 5484 280 5551 quia
307 5485 396 5557 qui
424 5484 718 5541 manducat
739 5483 960 5553 indigne
979 5525 995 5550 ,
1025 5480 1289 5552 judicium
1313 5479 1420 5534 sibi
1448 5476 1739 5534 manducat

176 5588 221 5631 et
245 5579 395 5647 bibit,
427 5594 537 5636 non
561 5578 869 5648 dijudicans
896 5591 1094 5646 corpus
1119 5574 1354 5630 Domini.
1383 5573 1537 5630 Unde
1557 5564 1763 5627 Domi;

177 5683 262 5724 nus
288 5672 342 5728 in
382 5670 622 5727 furorem
651 5671 911 5735 vertitur,
940 5684 1062 5725 cum
1090 5669 1216 5723 dicit
1246 5686 1261 5723 :
1294 5664 1408 5723 Nisi
1448 5667 1741 5722 manduca-

177 5762 343 5818 veritis
370 5778 589 5819 carnem
621 5762 716 5818 lilii
744 5762 1013 5831 hominis,
1059 5770 1116 5820 et
1157 5760 1368 5835 reliqua
1397 5774 1596 5836 usque,
1628 5775 1737 5819 non

178 5848 418 5913 habebitis
439 5855 605 5914 vitam
632 5857 683 5913 in
716 5855 889 5915 vobis.

1019 5902 1025 5908 '
1056 5912 1082 5935 ν.

1841 4746 1890 4793 et
1938 4752 2043 4791 non
2071 4733 2361 4805 intelligant
2399 4751 2418 4791 :
2444 4749 2507 4787 ne
2550 4732 2757 4805 quando
2787 4742 3147 4787 convertantur
3176 4742 3225 4785 et
3255 4731 3435 4785 dimit-

1844 4840 2020 4886 tantur
2069 4830 2142 4885 eis
2174 4834 2405 4898 peccata.
2440 4824 2508 4879 Et
2549 4826 2622 4878 ait
2664 4822 2771 4878 illis
2804 4842 2823 4881 :
2860 4824 3091 4880 Nescitis
3138 4822 3440 4895 parabolam

1842 4924 1998 4992 hanc,
2030 4932 2080 4978 et
2119 4920 2375 4995 quomodo
2416 4936 2589 4974 omnes
2633 4919 2909 4989 parabolas
2944 4916 3306 4990 cognoscetis?
3339 4916 3440 4983 Qui

1838 5020 2097 5087 seminat,
2138 5016 2345 5073 verbum
2390 5016 2631 5071 seminat.
2662 5014 2737 5071 Hi
2775 5025 2945 5071 autem
2984 5022 3141 5083 sunt,
3174 5014 3264 5082 qui
3300 5013 3439 5067 circa

1846 5117 2001 5181 viam,
2023 5115 2111 5169 ubi
2136 5112 2421 5168 seminatur
2448 5110 2677 5178 verbum,
2710 5119 2757 5165 et
2782 5126 2900 5164 cum
2928 5107 3206 5171 audierint,
3241 5107 3441 5175 confes-

1848 5210 1939 5262 tim
1960 5207 2095 5263 venit
2136 5204 2386 5269 Satanas,
2429 5212 2477 5257 et
2505 5205 2679 5275 aufert
2706 5203 2939 5267 verbum,
2966 5199 3103 5270 quod
3130 5199 3440 5255 seminatum

1845 5311 1918 5358 est
1942 5302 1998 5356 in
2024 5300 2263 5357 cordibus
2289 5315 2488 5354 eorum.
2512 5296 2580 5351 Et
2607 5296 2662 5350 hi
2686 5309 2804 5351 sunt
2825 5337 2839 5362 ,
2869 5294 3125 5360 similiter,
3166 5294 3253 5365 qui
3281 5312 3438 5365 super

1846 5405 2052 5463 petrosa
2078 5394 2399 5449 seminantur
2428 5407 2448 5446 :
2476 5391 2566 5462 qui
2594 5406 2707 5444 cum
2738 5386 3001 5442 audierint
3038 5384 3245 5441 verbum
3270 5428 3285 5453 ,
3330 5397 3437 5441 sta-

1846 5489 1939 5543 tim
1965 5504 2080 5541 cum
2104 5485 2301 5559 gaudio
2328 5483 2587 5553 accipiunt
2626 5478 2759 5534 illud
2792 5496 2809 5539 :
2839 5485 2887 5532 et
2924 5494 3028 5531 non
3068 5476 3253 5532 habent
3291 5477 3437 5531 radi-

1842 5599 1951 5638 cem
1976 5582 2029 5636 in
2058 5597 2113 5635 se
2136 5623 2151 5647 ,
2189 5581 2283 5636 sed
2315 5578 2619 5652 ternporales
2655 5582 2775 5630 sunt
2801 5591 2819 5631 :
2858 5573 3045 5629 deinde
3074 5582 3187 5628 orta
3216 5571 3435 5627 tribula-

1842 5678 2000 5741 tione,
2031 5685 2079 5731 et
2110 5675 2465 5747 persecutione
2491 5678 2695 5742 prapter
2723 5669 2950 5735 verbum,
2985 5667 3255 5739 confestim
3284 5684 3435 5721 scan-

1842 5771 2157 5826 dalizantur.
2191 5767 2260 5823 Et
2288 5768 2382 5822 alii
2410 5773 2530 5819 sunt
2556 5806 2571 5830 ,
2601 5764 2693 5832 qui
2721 5764 2776 5819 in
2800 5764 2966 5835 spinis
2993 5763 3329 5818 seminantur.
3354 5759 3430 5814 Hi

1842 5872 1999 5932 sunt,
2028 5860 2117 5937 qui
2140 5860 2346 5921 verbum
2373 5855 2594 5913 audiunt
2620 5871 2636 5912 :
2660 5865 2709 5914 et
2735 5870 2977 5913 terumna:
3002 5850 3181 5911 satculi
3201 5891 3218 5920 ,
3264 5858 3311 5905 et
3336 5850 3425 5905 dc-
