3970 6304
286 384 373 444 603

909 384 1456 447 COMMENTARIUS
1488 376 1555 446 IN
1598 358 2054 444 nvsxcsttu‘u
2093 384 2242 444 ssc.
2286 378 2598 448 uAacuu.
2642 389 2792 448 CAP.
2836 390 2901 447 v.

3443 386 3547 445 606

285 517 352 560 tus
373 511 418 559 et
449 519 591 559 mare
612 492 855 560 obediunt
887 506 935 559 ei
960 507 985 562 ?
1012 505 1213 575 Puppis
1241 506 1474 585 mortuis
1519 503 1751 577 pellibus
1782 500 1863 554 vi-
1888 496 1943 561 Α
1966 501 2085 555 naui
2108 519 2287 556 rursus
2309 514 2447 558 trans
2470 506 2676 572 fretum,
2702 504 2937 567 convenit
2961 504 3109 560 turba
3138 495 3300 558 multa
3321 474 3389 556 ad
3412 519 3551 567 eum,

284 612 368 654 vos
392 598 638 652 continet
657 640 672 664 ,
702 608 754 653 et
783 598 979 652 ﬂuctus
1008 608 1187 657 arcet.
1214 609 1269 652 et
1294 599 1436 667 ligno
1463 596 1769 671 solidatur,
1804 591 1856 648 id

283 702 376 755 est,
400 707 567 747 cruce
591 704 643 748 et
672 703 848 747 morte
888 694 1129 757 Domini,
1162 692 1405 763 Ecclesia
1440 692 1705 747 salvatur.
1729 688 1859 743 Cer-

283 782 442 847 vical,
475 799 676 853 corpus
705 783 926 837 Domini
965 792 1083 838 est:
1110 782 1196 837 cui
1225 782 1479 837 divinitas
1523 782 1662 837 sicut
1699 762 1889 849 caput‘

280 876 531 931 inclinata
563 886 668 932 est.
710 874 912 945 Puppis
934 918 949 944 ,
982 874 1193 932 initium
1230 876 1485 931 Ecclesia:
1514 882 1637 930 est:
1672 872 1724 925 in
1756 887 1856 939 qua

278 968 534 1022 Dominus
574 969 777 1023 dormit
816 970 995 1024 morte
1034 958 1344 1038 corporali:
1394 958 1529 1034 Quia
1568 980 1858 1034 numquam

278 1060 544 1127 dormiet,
574 1062 663 1132 qui
688 1054 929 1117 custodit
955 1050 1141 1116 Israel.
1179 1060 1557 1115 Comminatur
1592 1064 1759 1113 vento
1808 1047 1863 1111 et

278 1152 430 1220 mari,
463 1163 519 1207 ut
550 1162 747 1219 taceat,
781 1150 848 1208 de
875 1154 987 1223 quo‘
1006 1146 1205 1233 dicitur
1230 1168 1244 1210 :
1276 1144 1354 1207 Tu
1383 1149 1682 1207 dominaris
1712 1159 1865 1220 potea

280 1247 400 1303 stati
441 1248 608 1303 maris
632 1290 647 1315 ,
680 1254 735 1304 et
764 1236 993 1318 reliqua.
1026 1232 1243 1304 Venias
1274 1234 1331 1303 et
1360 1246 1510 1302 mare
1530 1284 1546 1311 ,
1587 1234 1863 1299 daimones

283 1352 334 1397 et
362 1334 741 1411 persecutores
790 1350 958 1397 Sunt:
994 1341 1194 1411 quibus
1225 1328 1396 1408 di'éi't,
1440 1347 1598 1394 tace:
1646 1330 1863 1409 Quand‘d

288 1435 573 1505 compescit
616 1434 795 1490 edicta
842 1432 1031 1505 regum
1081 1426 1431 1504 iniquorum,
1478 1430 1538 1487 ut
1588 1428 1862 1486 voluerit:

290 1533 401 1599 quia
435 1544 539 1583 non
573 1540 654 1584 est
680 1522 937 1594 hominis,
968 1518 1023 1583 ut
1045 1516 1244 1596 dirigat
1270 1540 1488 1596 gressus
1517 1539 1666 1580 suos.
1699 1516 1867 1579 Trah-

295 1621 518 1693 quillitas
548 1636 741 1692 magna
764 1664 777 1685 ,
808 1616 913 1691 pax
945 1621 1204 1675 Eccl'esite
1231 1629 1315 1674 est
1355 1616 1479 1691 post
1505 1614 1822 1689 pressuram
1852 1658 1865 1682 ,

297 1718 403 1770 sive
430 1714 665 1784 tbeoria,
695 1724 822 1784 post
847 1714 1111 1768 actualein
1146 1712 1333 1767 vitam.

907 1803 1135 1860 CAPUT
1173 1804 1239 1859 ν.

1961 605 2007 650 et
2030 608 2139 651 erat
2165 600 2299 652 circa
2336 616 2514 654 mare:
2546 612 2591 654 et
2618 602 2751 655 venit
2779 601 2984 671 quidam
3026 602 3090 654 de
3127 598 3549 670 arcliisynagogis

1963 689 2166 743 nomine
2187 687 2392 757 Jairus,
2424 700 2468 745 et
2499 693 2675 746 videns
2706 709 2841 758 eum,
2875 693 3094 761 procidit
3124 693 3191 745 ad
3220 692 3371 762 pedes
3396 693 3510 761 ejus
3533 729 3550 753 ,

1960 790 2005 852 et
2034 780 2405 850 deprecabatur
2449 800 2563 838 eum
2608 785 2854 852 multant,
2904 786 3077 839 dicens
3108 800 3125 837 :
3156 770 3417 850 Quoniam
3439 772 3551 849 ﬁlizi

1962 888 2075 924 mea
2104 875 2154 926 in
2184 876 2428 929 extremis
2471 887 2566 943 est,
2590 878 2734 942 veni,
2764 877 2968 945 impone
3012 892 3196 929 manus
3222 891 3378 942 snper
3408 890 3517 926 eam
3537 917 3551 941 ,

1963 956 2017 1021 ut
2040 968 2183 1021 salva
2208 969 2297 1031 sit,
2330 978 2378 1021 et
2406 969 2558 1021 vivat.
2596 968 2661 1022 Et
2691 959 2816 1022 abiit
2851 984 2965 1022 cum
2994 969 3087 1023 illo
3117 1013 3131 1037 ,
3169 976 3218 1022 et
3247 960 3553 1037 sequebatur

1963 1054 2077 1113 eum
2107 1065 2254 1114 turba
2281 1060 2447 1114 multa
2473 1078 2493 1115 :
2538 1070 2583 1115 et
2629 1056 3033 1130 comprimebant
3075 1078 3205 1115 eum.
3237 1059 3306 1114 Et
3344 1044 3575 1123 mulier,

1964 1171 2079 1225 qua:
2119 1144 2225 1209 erat
2280 1157 2333 1209 in
2375 1157 2628 1227 profluvio
2669 1155 2938 1227 sanguinis
2976 1158 3125 1210 annis
3170 1157 3473 1221 duodecim,
3507 1162 3557 1208 et

1968 1248 2135 1318 fuerat
2163 1248 2325 1301 multa
2356 1266 2593 1319 perpessa
2616 1266 2647 1302 a
2670 1249 3020 1317 compluribus
3042 1249 3270 1311 medicis,
3304 1259 3350 1302 et
3371 1264 3557 1319 erogao

1966 1349 2109 1395 verat
2142 1342 2313 1393 omnia
2335 1358 2462 1407 sua,
2496 1358 2591 1395 nec
2612 1342 2896 1411 quidquam
2927 1326 3246 1410 profecerat,
3279 1341 3365 1395 sed
3392 1330 3553 1409 magis

1968 1424 2190 1489 deterius
2220 1434 2434 1489 habebat
2459 1452 2476 1488 :
2504 1452 2618 1488 cum
2645 1436 2872 1509 audisset
2897 1438 2958 1489 de
2984 1434 3127 1489 Jesn.
3159 1433 3344 1504 Legio,
3370 1433 3423 1488 id
3450 1443 3554 1499 est,

1971 1528 2156 1582 decem
2190 1529 2381 1594 millia,
2415 1544 2535 1596 quae
2563 1528 2766 1582 cadunt
2793 1527 2859 1582 ad
2889 1512 3180 1582 dexteram
3210 1527 3406 1595 Patris,
3434 1540 3553 1596 quae

1974 1630 2057 1675 est
2088 1620 2355 1675 Christus.
2386 1620 2483 1675 Cui
2511 1620 2782 1675 dmmonio
2807 1636 2935 1691 grex
2972 1635 3258 1688 porcorum
3285 1616 3551 1673 creditur:

1972 1716 2056 1766 cui
2091 1712 2225 1767 nihil
2252 1723 2335 1767 est
2359 1710 2512 1782 utile,
2546 1713 2645 1767 nisi
2676 1721 2733 1767 ut
2753 1712 2913 1767 simul
2940 1712 2989 1767 in
3019 1713 3251 1785 abysso,
3279 1710 3328 1764 id
3349 1720 3432 1765 est
3453 1752 3466 1774 ,
3502 1707 3556 1764 in

1974 1806 2209 1872 interno,
2239 1807 2358 1861 sine
2388 1816 2635 1875 respectu
2670 1797 3059 1861 misericordiae
3099 1804 3392 1859 snti'oeetur
3417 1844 3431 1867 ,
3463 1818 3558 1871 per

362 1896 422 1950 Et
452 1908 695 1953 venerunt
721 1894 864 1952 trans
889 1898 1076 1966 fretum
1103 1896 1261 1981 maris
1291 1897 1343 1951 in
1366 1896 1625 1967 regionem
1652 1893 1871 1947 Gerase-
1903 1892 1949 1958 Β
1979 1900 2236 1969 impetum
2264 1903 2561 1955 immatura)
2596 1904 2783 1956 mortis
2810 1920 2825 1959 :
2854 1918 2882 1954 a
2914 1902 3112 1971 quibus
3137 1892 3347 1971 fugiunt
3382 1897 3560 1965 multi,

303 2008 487 2045 norum.
516 1990 584 2044 Et
609 1994 813 2046 exeunti
844 1982 890 2046 ei
922 1992 984 2044 de
1010 1990 1152 2057 navi,
1183 1990 1357 2044 statim
1393 1989 1613 2042 occurrit
1652 1988 1714 2040 de
1757 2002 1868 2040 mo-

307 2085 538 2137 numentis
555 2072 708 2138 bomo
729 2086 780 2138 in
798 2085 982 2156 spiritu
1004 2084 1288 2151 immundo,
1313 2083 1400 2152 qui
1425 2082 1747 2137 domicilium
1774 2080 1868 2135 Ita-

310 2176 431 2229 bebat
459 2179 508 2231 in
535 2162 895 2231 monumentis.
923 2174 991 2230 Et
1022 2193 1181 2246 neque
1220 2177 1412 2230 catenis
1442 2174 1559 2248 jam
1600 2174 1867 2245 quisquam

312 2280 480 2336 poterat
504 2282 617 2325 eum
644 2271 809 2343 ligare
831 2286 847 2324 :
869 2271 1111 2341 quoniam
1137 2286 1272 2342 saepe
1303 2268 1629 2339 compedibus
1657 2277 1704 2321 et
1734 2277 1869 2321 cate—

314 2364 375 2417 nis
398 2352 610 2432 vinctus,
645 2358 952 2436 disrupisset
982 2358 1188 2419 catenas
1209 2406 1222 2429 ,
1253 2372 1301 2418 et
1343 2354 1609 2435 compedes
1656 2358 1869 2415 commi-

317 2456 498 2522 nuisset,
528 2466 575 2511 et
602 2454 750 2511 nemo
773 2448 971 2529 poterlit
994 2474 1107 2512 eum
1127 2454 1359 2511 domare.
1390 2452 1455 2510 Et
1483 2456 1682 2523 semper
1706 2448 1787 2507 die
1810 2444 1870 2507 ac

317 2560 435 2604 nocte
460 2552 509 2603 in
537 2548 900 2614 incitamentis,
929 2561 975 2604 et
1002 2552 1054 2603 in
1086 2544 1343 2603 indutibus
1384 2550 1492 2602 erat
1533 2547 1761 2601 clamans
1783 2588 1797 2609 ,
1821 2536 1871 2601 el

318 2628 551 2700 concidens
592 2662 647 2699 se
676 2640 955 2717 lapidibus.
998 2643 1188 2698 Videns
1235 2636 1407 2696 autem
1434 2634 1617 2695 Iesum
1638 2659 1669 2695 a
1696 2624 1867 2710 lange,

318 2739 505 2791 cucurrit
530 2732 575 2792 et
599 2722 835 2791 adoravit
861 2746 1070 2804 eum,_et
1093 2728 1324 2790 clamans
1344 2740 1464 2789 voce
1484 2721 1671 2804 magna
1699 2726 1827 2785 dixit
1852 2747 1872 2786 .'

321 2827 432 2891 Quid
459 2829 582 2883 mihi
607 2816 656 2886 et
688 2832 797 2899 tibi,
827 2800 1112 2896 ἄρεα,Ῠὶιὶ
1146 2810 1240 2881 Dei
1271 2816 1507 2881 altissimi
1531 2800 1782 2896 ?'Adj‘uro
1823 2808 1871 2879 ie

320 2936 388 2990 per
406 2920 582 2988 Deum,
605 2941 668 2977 ne
698 2942 774 2977 me
796 2933 1065 2993 torqueas:
1091 2918 1307 2975 Dicebat
1328 2922 1461 2974 enim
1482 2902 1593 2973 illi:
1624 2910 1871 2986 Eui,spi-

315 3013 421 3068 ritus
440 3015 722 3083 immunda,
747 3015 808 3068 ab
831 3014 1057 3069 homine.
1077 3010 1144 3067 Et
1171 3004 1522 3081 interrogabat
1547 3004 1690 3065 eum:
1717 3006 1871 3077 Quod

310 3109 383 3161 tibi
405 3127 585 3165 nomen
615 3120 687 3164 est
711 3098 734 3164 ἶ)
755 3098 917 3166 Séxta
945 3100 1149 3163 virtute
1183 3096 1408 3162 Satiatur
1433 3149 1447 3171 ,
1478 3108 1567 3177 qui
1594 3102 1648 3161 in
1680 3120 1871 3160 monu-

305 3196 477 3259 mentis
526 3192 867 3258 donii‘cilium
910 3194 1183 3255 li’ab‘ebat:
1231 3214 1329 3253 nec
1375 3200 1585 3254 catenis
1637 3196 1869 3268 ligatus,

1972 1995 2060 2065 qui
2092 1995 2382 2064 pascebant
2414 2010 2527 2049 eos.
2560 1995 2861 2065 Flagellato
2889 1996 3089 2050 etenim
3123 1995 3309 2060 stulto,
3340 1992 3557 2065 sapiens

1972 2086 2289 2157 prudentior
2319 2086 2397 2139 lit.
2432 2085 2501 2139 Et
2531 2095 2723 2154 rogant
2766 2085 2951 2140 Jesum
2975 2094 3072 2157 ,ut
3101 2094 3259 2139 exeat
3288 2099 3316 2136 a
3362 2083 3559 2136 finibus

1971 2195 2192 2233 eorum:
2227 2187 2283 2233 ut
2307 2178 2383 2234 ait
2408 2178 2629 2233 Petrus:
2662 2178 2757 2231 Exi
2786 2193 2811 2229 a
2839 2172 2925 2232 me
2946 2218 2962 2243 ,
3004 2158 3229 2230 Domine
3257 2217 3271 2240 ,
3301 2172 3556 2245 quoniam

1973 2273 2281 2351 immundus
2321 2287 2441 2326 sum
2482 2289 2496 2326 :
2538 2272 2614 2327 Ne
2647 2280 2866 2342 tangant
2912 2286 3091 2325 arcam
3140 2270 3232 2323 Dei
3266 2310 3281 2336 ,
3334 2278 3391 2321 ut
3424 2267 3557 2332 Oza,

1975 2369 2147 2423 Homo
2175 2377 2399 2422 sanatus
2426 2366 2657 2421 mittitur
2681 2367 2733 2421 in
2764 2366 2979 2421 domum
3013 2380 3188 2429 suam,
3222 2371 3276 2417 et
3302 2361 3564 2432 prmdicat

1975 2465 2026 2515 in
2051 2460 2308 2528 Decapoli
2334 2474 2348 2515 :
2378 2458 2504 2513 dum
2533 2475 2563 2511 a
2591 2458 2833 2513 Romano
2857 2474 3000 2513 nunc
3021 2471 3211 2526 regno,
3235 2454 3405 2529 Judaei
3426 2469 3559 2508 eon-

1972 2536 2281 2623 vertuntur,
2317 2556 2403 2625 qui
2439 2559 2489 2610 in
2523 2556 2705 2610 littera
2749 2538 2956 2610 tantum
3006 2554 3245 2625 pendent
3289 2551 3555 2622 decalogi.

1973 2653 2105 2708 Post
2127 2651 2242 2705 lure
2268 2651 2418 2707 venit
2446 2650 2625 2705 Jairus
2656 2649 3141 2722 arcliisynagogus,
3172 2649 3295 2717 quia
3323 2662 3443 2701 cum
3476 2646 3559 2700 iu-

1977 2743 2199 2798 iraverit
2231 2744 2511 2813 plenitudo
2535 2743 2776 2813 gentium
2795 2783 2812 2809 ,
2840 2752 2969 2796 tunc
2991 2742 3166 2795 omnis
3192 2739 3356 2795 Israel
3379 2740 3560 2794 salvus

1975 2838 2086 2892 fiet.
2122 2836 2322 2923 .lairus,
2356 2838 2470 2891 sive
2499 2836 2822 2901 illuminaus,
2853 2836 2967 2895 sive
2998 2835 3319 2888 illuminatus
3339 2876 3353 2901 ,
3386 2833 3557 2923 inter-

1975 2942 2235 3003 pretatur,
2267 2900 2320 2986 id
2347 2939 2448 2997 est,
2472 2930 2725 2984 Judaicus
2753 2929 2982 2999 pupillus
3020 2928 3207 2983 umbra
3241 2928 3431 2981 littera:
3464 2900 3560 2979 dc-

1975 3024 2173 3096 posita,
2207 3024 2396 3093 spiritu
2442 3014 2748 3077 illustratus
2780 3031 2833 3076 et
2864 3020 3236 3075 illuminatus:
3271 3017 3558 3088 procidens

1974 3118 2039 3172 ad
2072 3117 2239 3187 pedes
2271 3116 2468 3183 Verbi,
2506 3115 2561 3171 id
2606 3125 2729 3183 est,
2773 3115 2839 3169 ad
2884 3106 3310 3168 incarnationem
3339 3110 3466 3167 Jesu
3498 3126 3559 3167 se

1976 3213 2286 3277 lmmilians,
2317 3222 2470 3281 rogat
2498 3228 2597 3282 pro
2627 3213 2752 3265 lilia.
2779 3212 2880 3279 Qui
2912 3210 3012 3266 sibi
3040 3209 3192 3275 vivit,
3218 3210 3353 3264 alios
3378 3200 3557 3264 vivere

298 3312 380 3353 nec
402 3292 786 3365 compedibus.
811 3290 984 3349 Nemo
1009 3292 1154 3347 enim
1193 3286 1415 3346 domare
1464 3284 1586 3376 eum
1634 3285 1867 3360 poterat.
1895 3284 1940 3348 C
1977 3306 2124 3362 facii.
2175 3304 2447 3360 Abraham
2498 3315 2552 3359 ει
2598 3305 2812 3376 Moyses
2863 3313 2917 3359 ει
2960 3302 3177 3359 Samuel
3226 3292 3419 3372 rogant
3461 3317 3559 3371 pro

301 3386 342 3448 iu
368 3384 648 3448 montibus
673 3402 720 3445 et
755 3386 806 3444 iii
837 3387 1205 3443 monumentis
1230 3380 1346 3442 erat
1376 3374 1640 3453 clamans,
1667 3392 1722 3439 et
1743 3390 1872 3437 con—

294 3488 462 3544 cidens
491 3503 554 3543 se
578 3476 871 3557 lapidibus.
894 3470 993 3539 llic
1023 3492 1104 3537 est
1126 3478 1603 3549 desperatissimus
1630 3476 1869 3549 gentium

284 3582 538 3653 populus,
569 3597 728 3650 quem
760 3587 1042 3633 enumerat
1064 3574 1383 3645 Apostolus:
1418 3573 1719 3641 Superbus,
1756 3572 1867 3627 ela-

278 3685 392 3739 tus,
438 3674 793 3741 immundus,
827 3664 1206 3742 sanguinariu‘s
1228 3711 1242 3737 ,
1279 3658 1560 3723 idololatra
1588 3708 1601 3731 ,
1644 3664 1871 3736 ignomi-

276 3769 469 3823 niosus
492 3809 505 3833 ,
538 3782 644 3821 nec
675 3769 725 3823 in
763 3760 879 3836 iege
921 3760 1163 3831 natura},
1209 3770 1312 3817 nec
1344 3759 1469 3827 Dei,
1505 3774 1603 3816 nec
1637 3746 1872 3815 iiumano’

282 3863 476 3917 timore
501 3862 781 3931 alligatus.

353 3956 420 4011 Et
445 3957 569 4011 dicit
596 3957 672 4009 ei:
696 3955 851 4025 Legio
872 3948 999 4007 inihi
1028 3968 1213 4007 nomen
1237 3959 1331 4017 est,
1356 3950 1476 4021 quia
1497 3942 1646 4001 multi
1671 3964 1869 4001 sumus.

300 4045 356 4101 Et
383 4049 754 4118 deprecabatur
778 4064 893 4099 eum
923 4042 1159 4111 multum,
1186 4060 1247 4097 ne
1267 4059 1319 4096 se
1340 4041 1610 4114 expelleret
1632 4052 1773 4093 extra
1796 4054 1874 4092 re-

305 4142 512 4211 gionem.
549 4141 679 4194 Erat
717 4151 886 4193 autem
916 4138 984 4191 ibi
1005 4139 1141 4190 circa
1192 4144 1416 4189 montem
1443 4151 1565 4206 grex
1606 4128 1872 4201 porcorum

304 4252 500 4303 magnus
529 4250 759 4304 pascens.
788 4230 851 4285 Et
877 4230 1289 4303 deprecabantur
1309 4244 1423 4282 eum
1443 4226 1670 4291 spiritus.
1703 4226 1875 4277 dicen-

305 4337 402 4379 tes:
430 4328 575 4381 Mitte
597 4344 689 4380 nos
718 4328 767 4378 in
799 4341 998 4389 porcos,
1024 4332 1077 4374 ut
1106 4322 1159 4375 in
1181 4338 1263 4374 eos
1292 4314 1629 4373 introeamus.
1654 4308 1722 4371 El
1750 4333 1874 4369 con-

307 4420 436 4471 cessit
463 4419 532 4472 eis
561 4420 733 4471 statim
762 4413 935 4470 Iesus.
972 4410 1036 4467 Et
1064 4398 1303 4468 exeu'nles
1334 4412 1541 4481 spiritus
1578 4408 1831 4462 immundi
1856 4450 1871 4474 ,

306 4512 594 4567 introierunt
625 4513 676 4564 in
706 4527 910 4582 porcos,
947 4518 995 4563 et
1022 4524 1209 4580 magno
1252 4506 1445 4576 impetu
1487 4521 1610 4574 grex
1640 4502 1877 4573 praecipi-

306 4612 428 4658 tatus
452 4618 521 4659 est
552 4607 601 4659 in
644 4603 785 4659 mare
827 4604 894 4656 ad
927 4594 1030 4656 duo
1065 4594 1263 4661 millia,
1308 4610 1353 4653 et
1383 4596 1620 4664 sit/foculi
1662 4607 1780 4650 sunt
1821 4597 1873 4649 in

1977 3400 2129 3470 plebe
2154 3390 2363 3453 mortua
2389 3443 2403 3467 ,
2431 3408 2485 3455 et
2504 3444 2505 3447 η
2525 3399 2773 3467 sequitur
2800 3397 2957 3453 Jesus
2982 3411 3176 3465 preces
3215 3390 3427 3451 eorum.
3463 3395 3561 3451 Se-

1977 3495 2139 3563 ptima
2169 3494 2367 3547 virtute
2388 3491 2681 3567 suscitatur
2703 3502 2938 3546 mortua.
2968 3489 3072 3545 Sed
3104 3489 3241 3543 inter
3270 3489 3409 3543 viam
3442 3500 3561 3542 tan-

1974 3588 2049 3658 git
2080 3585 2342 3640 ﬁmbriam
2383 3594 2529 3639 retro
2560 3583 2759 3638 mulier
2800 3582 3148 3653 sanguinaria
3181 3597 3339 3652 :quII:
3371 3582 3559 3651 prolli—

1974 3692 2150 3753 gatam
2183 3696 2308 3735 eum
2345 3680 2518 3735 salute
2560 3678 2793 3753 perdidit
2846 3679 2900 3733 in
2933 3678 3170 3733 medicos
3216 3676 3349 3730 nihil
3390 3666 3560 3745 proti-

1976 3758 2205 3840 Cientes,
2253 3773 2635 3828 substantiam.
2684 3752 2931 3839 septumo
2978 3771 3065 3824 die
3112 3766 3379 3838 requievit
3421 3768 3563 3821 Deus

1975 3866 2042 3921 ab
2066 3866 2316 3921 omnibus
2344 3863 2602 3934 operibus
2628 3864 2759 3918 suis.
2786 3862 3011 3931 Quando
3032 3863 3323 3915 suscitatur
3352 3869 3563 3913 mortua

1977 3959 2142 4025 intus,
2175 3968 2227 4013 et
2251 3956 2509 4011 semiviva
2533 3970 2654 4010 cum
2690 3955 2886 4008 turbis.
2912 3954 3118 4009 Fluxus
3148 3950 3427 4022 sanguinis
3454 3962 3566 4006 stc-

1976 4049 2233 4105 rilitatem
2258 4046 2388 4101 facit
2417 4064 2431 4103 :
2463 4046 2607 4100 unde
2628 4046 2827 4099 dicitur
2857 4045 2925 4099 ad
2954 4043 3251 4099 Ecclesium
3281 4042 3558 4117 gentium:

1978 4142 2208 4215 Laetare,
2241 4140 2470 4217 sterilis,
2495 4154 2614 4208 qua:
2647 4153 2754 4193 non
2786 4138 2950 4207 paris.

2054 4230 2208 4288 Venit
2240 4234 2292 4287 in
2333 4222 2482 4285 turba
2527 4242 2685 4295 retro,
2731 4241 2776 4285 ct
2824 4230 2989 4300 tetigit
3028 4222 3384 4283 vestimentum
3432 4230 3567 4299 ejus.

1979 4325 2193 4381 Dicebat
2237 4316 2372 4380 enim
2398 4342 2415 4379 :
2447 4326 2569 4396 quia
2601 4324 2643 4376 si
2675 4322 2752 4376 vel
2783 4322 3133 4375 vestimentum
3174 4322 3286 4392 ejus
3331 4319 3564 4390 tetigero,

1980 4422 2124 4473 salva
2147 4422 2250 4472 ero.
2278 4416 2346 4470 Et
2367 4414 2639 4487 confestim
2664 4416 2885 4468 siccatus
2908 4421 2979 4467 est
3004 4416 3121 4483 fons
3144 4410 3409 4485 sanguinis
3431 4412 3565 4480 ejus,

1979 4522 2025 4566 et
2059 4513 2218 4567 sensit
2245 4527 2476 4583 corpore,
2500 4510 2621 4576 quia
2660 4520 2843 4563 sanata
2871 4519 2998 4563 esset
3026 4525 3057 4561 a
3088 4506 3266 4578 plaga.
3305 4508 3368 4561 Et
3396 4512 3569 4561 statim

1979 4604 2132 4659 Jesus
2155 4604 2209 4657 in
2234 4605 2507 4674 semetipso
2529 4617 2838 4672 cognoscens
2861 4602 3122 4667 virtutem,
3153 4616 3267 4669 qua:
3289 4601 3483 4656 exierat
3508 4600 3571 4654 de

307 4699 440 4752 mari.
469 4694 565 4766 Qui
592 4696 763 4751 autem
799 4690 1073 4768 pascebant
1103 4710 1188 4747 eos
1211 4734 1225 4757 ,
1266 4684 1582 4761 fugerunt'et
1610 4691 1875 4743 nuntiave-
1900 4669 1955 4731 D
1980 4696 2103 4760 illo,
2140 4710 2413 4749 conversus
2462 4694 2528 4747 ad
2574 4693 2774 4747 turbam
2800 4693 2983 4747 aiebat
3006 4708 3025 4748 ;
3058 4694 3185 4758 Quis
3231 4694 3393 4763 reﬁgit
3424 4692 3577 4745 υεειὶ..

304 4801 410 4843 runt
436 4792 486 4844 in
511 4780 785 4854 civitatem,
829 4774 876 4841 ei
918 4788 969 4841 in
998 4782 1171 4855 agros.
1211 4778 1275 4836 Et
1308 4776 1500 4853 egressi
1532 4778 1651 4836 sunt
1679 4782 1872 4847 videre,

305 4882 418 4949 quid
441 4894 565 4937 esset
596 4882 723 4951 facti
745 4898 763 4933 :
794 4891 840 4933 et
868 4878 1074 4933 veniunt
1101 4876 1168 4930 ad
1194 4872 1394 4939 Iesum,
1420 4883 1469 4928 et
1500 4872 1670 4927 vident
1699 4872 1872 4935 illum,

304 4974 382 5041 qui
417 4991 446 5027 a
472 4972 724 5028 dwnionio
752 4962 1050 5038 vexabatur,
1095 4968 1351 5023 sedentem
1391 4965 1629 5019 vestitum
1656 4975 1702 5020 et
1736 4968 1876 5019 sana:

304 5066 493 5132 mentis,
541 5076 589 5121 et
629 5062 938 5121 timuerunt.
974 5060 1044 5116 Et
1083 5064 1421 5116 'nar'raverunt
1453 5054 1592 5125 illis,
1621 5059 1709 5129 qui
1736 5058 1874 5112 vide-

300 5169 405 5210 rant
427 5159 645 5227 qualiter
673 5159 867 5227 factum
894 5160 1021 5210 esset
1043 5155 1110 5218 ei,
1136 5154 1225 5225 qui
1255 5152 1570 5207 dminonium
1599 5150 1871 5215 habuerat,

298 5244 357 5304 de
379 5253 560 5322 porcis.
589 5240 657 5305 Et
680 5246 866 5321 rogare
904 5260 1160 5322 cceperunt
1201 5262 1349 5311 eum,
1388 5254 1443 5299 ut
1484 5242 1767 5299 discederet
1813 5245 1875 5297 de

299 5342 475 5407 ﬁnibus
503 5360 696 5398 eorum.
726 5340 954 5413 Cumque
998 5341 1285 5394 ascenderet
1314 5340 1517 5399 navim,
1552 5339 1696 5407 (cepit
1725 5334 1875 5388 illum

300 5434 572 5503 deprecari,
595 5438 681 5506 qui
711 5452 743 5487 a
779 5434 1033 5488 daemonio
1054 5442 1264 5485 vexatus
1295 5432 1488 5501 fuerat,
1520 5441 1575 5483 ut
1606 5439 1730 5481 esset
1759 5446 1874 5481 cunt

299 5526 404 5582 illo.
432 5530 581 5585 Iesus
611 5539 781 5582 autem
811 5544 912 5581 non
944 5528 1150 5579 admisit
1180 5543 1293 5578 eum
1316 5567 1328 5587 ,
1357 5525 1445 5577 sed
1478 5525 1550 5575 ait
1578 5524 1655 5576 illi
1681 5540 1697 5575 .'
1731 5512 1875 5576 Vade

300 5618 585 5693 inidomum
616 5631 757 5675 tuam
784 5612 852 5674 ad
877 5630 1010 5685 tuos,
1044 5629 1090 5670 et
1134 5618 1385 5671 aununtia
1426 5612 1531 5670 illis
1559 5627 1749 5685 quanta
1780 5616 1873 5669 tibi

294 5709 539 5770 Dominus
564 5715 764 5787 fecerit,
798 5726 843 5771 et
874 5716 1112 5767 misertus
1140 5713 1202 5765 sit
1232 5711 1328 5764 tui.
1361 5710 1429 5763 Et
1460 5712 1616 5775 abiit,
1643 5721 1688 5765 et
1728 5714 1875 5763 emit

292 5813 567 5878 prwdicare
612 5814 666 5866 in
709 5808 975 5884 Decapoli,
1009 5820 1203 5883 quanta
1246 5809 1342 5863 sibi
1366 5810 1566 5880 fecisiet
1598 5806 1780 5871 Iesus,
1829 5817 1875 5861 et

293 5916 459 5958 omnes
516 5904 863 5961 mirabantur.
915 5903 982 5959 Et
1033 5919 1151 5959 cum
1190 5901 1585 5959 transcendisset
1621 5900 1777 5957 Iesus
1814 5888 1878 5958 ’ἱιι

1980 4798 2153 4841 menta
2202 4788 2370 4840 mea?
2424 4786 2489 4839 Et
2552 4784 2788 4840 dicebant
2833 4788 2882 4839 ei
2936 4786 3179 4858 discipuli
3235 4785 3361 4839 sui:
3422 4783 3569 4837 Vides

1976 4883 2175 4938 turbam
2199 4880 2614 4948 comprimentem
2636 4888 2713 4945 te,
2748 4889 2795 4931 et
2822 4880 2951 4934 dicis
2974 4922 2987 4943 ,
3020 4882 3131 4951 quis
3158 4897 3237 4933 me
3263 4876 3469 4950 tetigit?
3495 4875 3561 4930 Et

1979 4973 2416 5041 circumspiciebat
2458 4971 2626 5024 videre
2658 4988 2770 5026 eam
2790 5013 2806 5038 ,
2838 4987 2951 5041 qua:
2984 4971 3083 5025 hoc
3115 4972 3326 5041 fecerat.
3373 4967 3562 5022 Mulier

1980 5082 2097 5120 vero
2128 5067 2307 5119 timens
2335 5104 2349 5128 ,
2382 5074 2429 5118 et
2458 5074 2676 5119 tremens
2699 5106 2713 5130 ,
2758 5066 2920 5118 sciens
2960 5064 3098 5135 quod
3130 5066 3329 5132 factum
3359 5071 3487 5115 esset
3516 5061 3571 5113 in

1981 5175 2065 5222 se,
2094 5161 2229 5210 venit
2250 5144 2295 5209 ei
2323 5156 2542 5227 procidit
2571 5167 2692 5209 ante
2720 5172 2835 5209 eum
2861 5200 2874 5219 ,
2906 5166 2950 5208 et
2984 5153 3115 5207 dixit
3136 5153 3180 5204 ei
3205 5168 3405 5205 onmem
3432 5152 3570 5205 veri-

1983 5258 2156 5303 tatem.
2189 5247 2291 5303 Ille
2310 5261 2480 5303 autem
2521 5249 2652 5302 dixit
2694 5249 2779 5301 ei:
2815 5244 2979 5313 Filia,
3006 5244 3132 5314 ﬁdes
3173 5254 3262 5297 tua
3288 5254 3337 5297 te
3376 5245 3571 5299 salvam

1983 5344 2101 5413 fecit
2130 5388 2142 5412 ,
2183 5342 2309 5395 vade
2349 5342 2400 5395 in
2432 5358 2555 5411 pace
2576 5357 2595 5396 :
2626 5351 2671 5395 et
2704 5352 2807 5394 esto
2830 5355 2958 5393 sana
2989 5356 3019 5389 a
3049 5338 3206 5410 plaga
3240 5348 3349 5393 tua.
3384 5336 3567 5391 Adhuc

1981 5451 2041 5487 eo
2069 5436 2304 5504 loquente
2324 5436 2529 5487 veniunt
2557 5432 2623 5486 ad
2644 5433 3135 5502 archisgnagogum,
3160 5430 3385 5484 dicentes
3409 5448 3427 5483 :
3447 5431 3568 5499 quia

1983 5528 2093 5595 ﬁlia
2141 5536 2229 5579 tua
2278 5536 2479 5579 mortua
2523 5536 2626 5587 est,
2680 5524 2805 5593 quid
2849 5523 2985 5576 ultra
3024 5540 3180 5576 vexas
3212 5522 3568 5593 magistrum?

1980 5619 2132 5674 Jesus
2162 5632 2329 5673 autem
2368 5621 2547 5674 audito
2587 5620 2733 5672 verba
2756 5659 2769 5679 ,
2800 5615 2934 5687 quod
2964 5617 3262 5682 dicebatur,
3297 5617 3367 5668 ait
3397 5615 3568 5668 are/ii-

1978 5731 2239 5788 synagoga
2272 5732 2289 5769 :
2319 5712 2448 5767 Noli
2494 5714 2666 5765 timere
2692 5754 2706 5777 ,
2742 5713 3100 5765 tantummodo
3137 5710 3306 5763 crede.
3346 5708 3409 5760 Et
3462 5726 3566 5763 non

1979 5811 2182 5861 admisit
2204 5824 2505 5879 quemquam
2533 5824 2585 5860 se
2613 5809 2783 5873 sequi,
2820 5806 2917 5859 nisi
2952 5806 3181 5867 Petrum,
3212 5813 3258 5855 et
3284 5799 3559 5871 Iacobum,

1974 5898 2028 5959 et
2065 5900 2323 5960 Joannem
2350 5902 2562 5969 fratrem
2583 5898 2787 5958 Jacobi.
2823 5899 2886 5953 Et
2916 5897 3124 5954 veniunt
3148 5896 3206 5951 in
3229 5895 3445 5952 domum
3477 5913 3567 5951 ar-
