3970 6304
468 276 573 337 607

1507 275 1568 334 S.
1610 271 1994 334 HIERONYMI
2029 272 2313 335 OPERUM
2353 275 2718 351 MANTISSA.

3580 291 3690 371 [608

465 396 802 472 chisynagogi
833 414 853 458 :
880 404 929 454 et
964 396 1092 453 vidit
1136 396 1413 467 tumultum
1436 435 1452 463 ,
1500 405 1548 452 et
1586 400 1764 469 ﬂentes
1789 439 1805 465 ,
1845 406 1895 453 et
1942 399 2058 470 eju-
2086 396 2141 461 Δ
2166 396 2327 454 datur
2352 400 2432 455 eis
2461 408 2703 470 potestas
2746 406 3016 473 praecepta
3060 398 3322 457 docendi:
3354 410 3410 460 ut
3448 407 3693 468 comitetur

467 490 632 546 lantes
664 491 919 557 multum,
948 500 995 547 et
1027 492 1286 563 ingressus
1317 492 1391 546 ait
1428 490 1579 546 illis:
1605 490 1745 559 Quid
1777 490 2056 545 turbamini

462 590 513 637 et
533 582 785 655 ploratis.’
805 582 979 653 puella
1005 598 1107 636 non
1135 584 1213 637 est
1239 591 1465 648 mortua,
1493 582 1581 637 sed
1611 581 1821 636 dormit.
1841 581 1911 637 Et
1937 582 2061 636 irri-

464 665 653 729 debant
679 690 816 729 eum.
846 672 970 745 Ipse
997 689 1116 730 vero
1136 674 1312 744 ejectis
1341 673 1596 740 omnibus,
1624 674 1840 728 assumit
1860 683 2058 747 patrem

467 775 517 822 et
558 775 777 821 matrem
814 765 1029 838 puellae,
1067 774 1114 821 et
1138 769 1226 835 qui
1255 783 1426 823 secum
1455 773 1601 822 erant
1625 783 1645 822 :
1675 775 1724 821 et
1752 767 2060 837 ingrediun-

465 866 553 913 tur
589 858 677 914 ubi
703 857 879 929 puella
901 868 1013 914 erat
1029 862 1211 933 jacens
1242 901 1258 927 ,
1300 869 1349 913 et
1377 868 1552 915 tenens
1582 876 1794 915 manum
1823 860 2011 934 puella:
2037 901 2056 928 ,

469 953 546 1008 ait
570 952 650 1007 illi
676 969 694 1007 :
725 951 932 1008 Talitha
955 954 1114 1021 cumi,
1145 954 1284 1024 quod
1308 961 1386 1009 est
1413 954 1828 1027 interpretatum,
1857 954 2056 1024 puella,

466 1046 560 1100 tibi
588 1047 730 1111 dico,
761 1063 936 1119 surge.
982 1045 1054 1101 Et
1083 1047 1354 1119 confestim
1391 1049 1614 1103 surrexit
1641 1048 1846 1121 puella,
1873 1057 1921 1103 et
1949 1065 2059 1103 am-

468 1137 697 1192 bulabat.
722 1135 853 1191 Erat
878 1147 1049 1194 autem
1072 1155 1329 1195 annorum
1359 1139 1631 1193 duodecim
1651 1180 1667 1207 ,
1705 1138 1751 1193 et
1783 1139 2061 1213 obstupue-

466 1240 588 1284 runt
616 1238 823 1301 stupore
850 1247 1061 1302 magno.
1093 1228 1164 1284 Et
1194 1233 1435 1304 praecepit
1461 1231 1566 1285 illis
1591 1231 1911 1287 vehementer
1937 1272 1954 1298 ,
2001 1241 2060 1287 ut

468 1341 616 1379 nemo
651 1324 709 1378 id
735 1326 889 1380 sciret
920 1340 938 1378 :
967 1332 1016 1378 et
1054 1325 1187 1380 dixit
1212 1326 1327 1379 dari
1371 1325 1451 1379 illi
1480 1325 1814 1381 manducare.
1856 1324 1914 1381 Id
1939 1333 2056 1394 est,
2087 1340 2093 1346 ’

470 1425 594 1488 post
614 1417 1089 1473 resurrectionem.
1122 1416 1422 1473 Fimbriam
1455 1418 1662 1488 tangit,
1710 1431 1777 1472 ac
1819 1419 1865 1473 si
1903 1432 2057 1489 cym-

472 1508 597 1565 bala
626 1519 681 1567 et
708 1510 845 1565 mala
869 1509 1061 1580 punica
1094 1553 1109 1578 ,
1150 1525 1271 1581 quae
1301 1508 1539 1580 pendent
1557 1508 1628 1565 de
1656 1509 1918 1565 extremis
1947 1509 2059 1564 oris

469 1608 668 1662 tunica:
695 1606 895 1662 summi
921 1604 1243 1661 sacerdotis.
1262 1604 1606 1677 Cymbalum,
1625 1603 2023 1660 confessionem
2043 1622 2055 1657 :

470 1699 669 1755 malum
717 1699 1003 1768 punicum,
1035 1696 1286 1772 martyrii
1313 1699 1647 1755 voluntatem
1670 1740 1686 1766 ,
1721 1706 1777 1754 et
1801 1698 2058 1752 virtutum

468 1793 797 1859 candorem,
829 1793 944 1849 sive
967 1794 1236 1848 unitatem
1273 1791 1554 1863 signiﬁcat.
1590 1791 1673 1846 Ad
1705 1790 1938 1862 puellam
1968 1790 2052 1845 di-
2085 1795 2133 1856 B
2158 1790 2274 1872 ιίοει
2313 1816 2406 1870 ubi

467 1884 613 1941 citur
641 1902 655 1938 :
681 1885 895 1940 Talitha
922 1885 1089 1952 cumi,
1117 1884 1171 1939 id
1192 1892 1295 1951 est,
1320 1884 1514 1956 puella,
1539 1899 1712 1955 surge.
1732 1883 2058 1955 Archisyna-

466 1990 610 2047 gogo
667 1976 911 2033 dicitur:
952 1974 1088 2030 Filia
1139 1985 1228 2030 tua
1274 1982 1489 2030 mortua
1530 1984 1632 2029 est.
1677 1973 1836 2030 Jesus
1873 1983 2057 2030 autem

464 2070 599 2125 dixit
629 2088 641 2123 :
674 2068 795 2124 Non
836 2077 920 2125 est
951 2076 1189 2134 mortua,
1220 2066 1316 2123 sed
1344 2066 1567 2123 dormit.
1597 2065 1905 2137 Utrumque
1930 2075 2014 2123 est
2040 2083 2057 2125 :

468 2171 684 2217 mortua
711 2169 799 2218 est
814 2162 967 2217 vobis
990 2204 1007 2229 ,
1036 2161 1169 2216 mihi
1204 2160 1427 2216 dormit.
1459 2164 1737 2216 Annorum
1767 2159 2058 2215 duodecim

466 2262 585 2310 erat
604 2254 805 2326 puella,
829 2265 883 2310 et
911 2253 1068 2310 annis
1094 2253 1377 2309 duodecim
1401 2261 1519 2308 erat
1545 2251 1743 2307 mulier
1770 2266 2055 2322 perpessa.

467 2346 695 2404 Peccata
726 2363 836 2403 non
860 2347 1221 2417 credentium,
1254 2355 1519 2417 apparent
1539 2347 1594 2401 in
1615 2345 1767 2401 initio
1793 2346 1917 2402 ﬁdei
1938 2359 2058 2402 cre-

467 2439 732 2495 dentium.
774 2439 930 2497 Unde
971 2440 1205 2496 dicitur:
1236 2438 1477 2495 Credidit
1508 2438 1781 2496 Abraham
1824 2438 1971 2510 Deo,
2001 2448 2057 2498 et

467 2541 774 2607 rcputatum
797 2540 883 2590 est
905 2533 955 2589 ei
984 2531 1051 2589 ad
1075 2532 1370 2603 justitiam.

1079 2688 1310 2747 CAPUT
1355 2688 1443 2747 VI.

471 2826 486 2842 '
542 2822 613 2880 Et
627 2833 857 2896 egressus
873 2824 1010 2892 inde,
1035 2823 1465 2894 abiitinpatriam
1480 2839 1664 2879 suam:
1695 2832 1745 2880 et
1774 2824 2057 2896 sequeban-

469 2922 557 2970 tur
573 2932 688 2970 eum
708 2917 949 2988 discipuli
967 2916 1071 2970 sui.
1091 2915 1157 2970 Et
1170 2916 1304 2988 facto
1324 2916 1531 2971 sabbato
1552 2917 1698 2988 coepit
1717 2918 1770 2971 in
1794 2934 2059 2991 synagoga

475 3009 659 3063 docere
684 3052 701 3076 ,
742 3018 790 3061 et
839 3008 989 3063 multi
1016 3009 1284 3064 audientes
1313 3008 1703 3064 admirabantur
1734 3011 1789 3063 in
1820 3011 2059 3067 doctrina

469 3102 585 3172 ejus
606 3139 623 3167 ,
676 3098 903 3152 dicentes
938 3113 956 3152 :
992 3096 1143 3153 Unde
1180 3098 1299 3153 huic
1324 3096 1435 3153 htec
1479 3099 1700 3153 omnia?
1744 3098 1813 3152 Et
1839 3115 1958 3172 qua:
1984 3110 2059 3157 est

2160 491 2389 548 verbum
2411 493 2573 548 simul
2600 503 2654 550 et
2682 494 2880 550 factum
2919 514 2931 550 :
2961 503 3018 551 et.
3042 510 3165 551 cum
3192 496 3462 563 promissis
3485 499 3691 560 invisibi-

2160 582 2334 651 libus,
2376 585 2617 641 visibiles
2655 586 2883 643 virtutes
2927 587 3167 643 micent:
3198 596 3253 642 et
3299 603 3415 645 cum
3460 595 3695 665 ungebam

2158 676 2283 734 oleo
2309 693 2505 749 περι-οε,
2536 680 2910 737 inﬁrmitatem
2932 680 3057 737 fidei
3079 682 3279 739 virtute
3299 676 3682 759 corroborant].

2230 790 2300 847 Et
2333 793 2527 849 audivit
2554 810 2647 850 rex
2675 794 2914 852 Herodes
2958 795 2979 865 (
3004 798 3335 868 manifestum
3377 802 3502 855 enim
3534 803 3697 869 factum

2159 894 2235 942 est
2272 903 2459 943 nomen
2493 890 2656 960 ejus)
2695 900 2743 946 et
2785 890 2989 946 dicebat
3021 907 3041 946 :
3072 891 3209 958 Quia
3249 891 3470 951 Joannes
3495 893 3700 968 Baptista

2158 981 2441 1035 resurrexit
2482 998 2515 1035 a
2558 974 2820 1037 mortuis:
2846 991 2895 1037 et
2930 991 3204 1056 prapterea
3232 984 3434 1040 virtutes
3462 998 3704 1058 operantur

2160 1074 2214 1127 in
2235 1072 2349 1128 illo.
2379 1073 2485 1129 Alii
2513 1086 2689 1130 autem
2714 1075 2985 1144 dicebant,
3025 1077 3147 1148 quia
3188 1075 3333 1132 Elius
3360 1087 3430 1132 est
3456 1094 3474 1133 :
3501 1080 3583 1134 alii
3609 1096 3705 1134 vero

2162 1165 2402 1221 dicebant
2429 1182 2448 1221 :
2479 1166 2617 1234 Quia
2646 1167 2901 1238 propheta
2926 1176 3001 1224 est
3022 1212 3038 1239 ,
3083 1171 3234 1249 quasi
3268 1186 3397 1226 unus
3423 1188 3483 1227 ex
3517 1174 3709 1243 prophe-

2163 1259 2250 1314 tis.
2281 1258 2582 1316 Lucernam
2611 1261 2711 1317 sub
2731 1261 2914 1318 modio
2939 1262 3202 1320 abscondi
3232 1262 3310 1319 fas
3338 1280 3439 1320 non
3468 1275 3565 1324 est.

2236 1351 2353 1420 Quo
2372 1353 2552 1409 audito
2577 1354 2838 1425 Herodes,
2862 1355 2937 1410 ait
2958 1371 2979 1411 :
3003 1355 3171 1424 Quem
3196 1373 3289 1428 ego
3310 1357 3548 1414 decollavi
3568 1358 3711 1414 Joan-

2161 1461 2279 1500 nem
2303 1489 2319 1514 ,
2354 1446 2435 1500 hic
2476 1463 2510 1500 a
2544 1448 2760 1502 mortuis
2798 1448 3101 1504 resurrexit.
3152 1447 3278 1520 Ipse
3326 1451 3460 1505 enim
3505 1449 3711 1506 Herodes

2162 1537 2300 1592 misit
2327 1554 2388 1593 ac
2419 1539 2580 1593 tenuit
2602 1538 2865 1595 Joannem
2891 1579 2909 1605 ,
2951 1551 3002 1596 et
3022 1541 3188 1595 vinxit
3220 1557 3336 1596 eum
3361 1543 3417 1596 in
3443 1558 3676 1597 carcerem
3698 1587 3710 1611 ,

2162 1637 2371 1700 propter
2411 1629 2769 1685 Herodiadem
2830 1648 3047 1688 uxorem
3092 1633 3331 1707 Philippi
3383 1635 3555 1705 fratris
3604 1634 3712 1690 sui:

2162 1723 2285 1791 quia
2307 1722 2525 1777 duxerat
2550 1740 2683 1777 eam.
2709 1723 2924 1780 Dicebat
2944 1726 3080 1780 enim
3102 1725 3335 1780 Joannes
3365 1725 3553 1781 Herodi
3574 1742 3590 1781 :
3611 1725 3713 1781 Non

2450 1816 2636 1872 habere
2672 1834 2887 1874 uxorem
2929 1820 3110 1891 fratris
3152 1819 3255 1877 tui.
3281 1818 3533 1875 Herodias
3567 1829 3710 1875 autem

2157 1909 2505 1965 insidiabatur
2526 1908 2609 1965 illi
2634 1953 2650 1978 ,
2687 1922 2734 1967 et
2754 1912 2955 1967 volebat
2977 1913 3213 1968 occidere
3239 1929 3387 1980 eum,
3417 1929 3505 1969 nec
3524 1923 3713 1986 poterat.

2158 2000 2395 2057 Herodes
2423 2003 2560 2058 enim
2580 2003 2831 2059 metuebat
2854 2002 3145 2071 Joannem,
3175 2013 3225 2059 et
3247 2005 3410 2061 sciens
3439 2022 3548 2061 eum
3573 2007 3715 2060 virum

2148 2095 2373 2165 justum,
2407 2103 2453 2151 et
2482 2106 2739 2162 sanctum,
2773 2105 2822 2151 et
2852 2098 3170 2153 custodiebat
3196 2114 3313 2153 eum
3338 2113 3359 2155 :
3388 2108 3438 2153 et
3459 2098 3627 2153 audito
3645 2113 3714 2161 eo,

2157 2187 2324 2242 multa
2353 2188 2610 2259 faciebat,
2644 2198 2693 2245 et
2723 2191 2936 2247 libenter
2959 2207 3076 2246 eum
3100 2192 3367 2247 audiebat.
3402 2190 3470 2247 Et
3495 2207 3604 2246 cum
3625 2189 3717 2243 dies

2157 2291 2477 2352 opportunus
2503 2282 2771 2338 accidisset
2798 2325 2814 2350 ,
2845 2283 3082 2340 Herodes
3109 2282 3308 2339 natalis
3337 2284 3418 2340 sui
3446 2300 3627 2339 ctenam
3648 2283 3716 2353 fe-

2157 2375 2225 2429 cit
2254 2376 2602 2449 principibus,
2635 2386 2681 2433 et
2708 2378 2925 2434 tribunis
2945 2420 2962 2446 ,
3003 2388 3051 2433 et
3093 2380 3278 2451 primis
3304 2379 3551 2435 Galilwte.
3587 2376 3718 2433 Cunt-

2154 2483 2252 2537 que
2290 2468 2550 2523 introisset
2581 2469 2695 2538 ﬁlia
2724 2470 2887 2541 ipsius
2913 2470 3242 2527 Herodiadis
3264 2514 3279 2538 ,
3323 2480 3373 2528 et
3399 2471 3623 2549 saltasset
3641 2512 3656 2538 ,
3678 2479 3716 2525 et

2156 2559 2434 2631 placuisset
2468 2559 2712 2629 Herodi,
2756 2562 3015 2635 simulque
3042 2564 3457 2620 recumbentibus
3479 2605 3495 2631 ,
3534 2554 3622 2618 rex
3659 2562 3717 2615 ait

2154 2651 2344 2724 puella:
2369 2671 2389 2710 :
2420 2651 2548 2709 Pete
2575 2671 2608 2709 a
2631 2671 2711 2710 me
2728 2656 2869 2726 quod
2890 2656 2965 2710 vis
2990 2700 3006 2726 ,
3049 2664 3098 2711 et
3134 2656 3273 2713 dabo
3318 2657 3428 2712 tibi.
3468 2655 3534 2711 Et
3547 2653 3717 2727 juravit

2156 2744 2273 2799 illi:
2295 2745 2417 2815 quia
2445 2745 2695 2817 quidquid
2727 2747 2966 2819 petieris,
2998 2746 3132 2802 dabo
3161 2748 3256 2804 tibi
3286 2764 3306 2802 :
3338 2748 3457 2804 licet
3476 2746 3718 2802 dimidium

2155 2842 2302 2914 regni
2328 2842 2450 2896 mei.
2496 2840 2624 2909 Quae
2661 2857 2778 2895 cum
2806 2843 3036 2908 exisset,
3069 2842 3205 2898 dixit
3241 2844 3395 2899 matri
3431 2858 3576 2898 sure:
3600 2839 3719 2907 Quid

2158 2934 2374 3004 petam?
2402 2932 2468 2987 At
2511 2932 2607 2987 illa
2632 2933 2803 3000 dixit,
2844 2943 3001 3005 caput
3030 2934 3257 2991 Joannis
3288 2935 3558 3008 Baptistw.
3587 2933 3719 2989 Cum-

2157 3042 2257 3097 que
2299 3025 2560 3080 introisset
2589 3027 2764 3082 statim
2787 3043 2906 3082 cum
2931 3029 3264 3098 festinatione
3284 3030 3357 3085 ad
3378 3046 3542 3102 regem
3565 3071 3579 3097 ,
3614 3028 3721 3102 peti-

2160 3119 2264 3184 vit,
2290 3120 2463 3173 dicens
2485 3135 2504 3173 :
2542 3118 2671 3176 Volo
2696 3162 2710 3186 ,
2742 3131 2801 3176 ut
2826 3123 3063 3191 protinus
3083 3125 3174 3179 des
3201 3126 3334 3181 mihi
3356 3126 3411 3181 in
3436 3126 3574 3180 disco
3594 3131 3721 3194 caput

468 3193 725 3263 sapientia
744 3232 761 3259 ,
791 3208 907 3264 qua:
935 3191 1058 3246 data
1085 3202 1160 3247 est
1188 3191 1302 3263 illi},
1335 3201 1381 3248 et
1410 3192 1618 3248 virtutes
1649 3191 1780 3248 tales
1799 3235 1813 3261 ,
1834 3211 1948 3265 qua:
1969 3213 2058 3267 per

2163 3212 2377 3269 Joannis
2406 3213 2673 3286 Baptista.
2705 3214 2774 3270 Et
2799 3217 3132 3273 contristatus
3158 3228 3237 3274 est
3259 3236 3355 3276 rex
3389 3228 3593 3291 prapter
3617 3177 3719 3290 jits—

431 3286 437 3295 ‘
472 3301 659 3339 manus
706 3287 823 3355 ejus
863 3285 1203 3356 efﬁciuntur?
1250 3283 1442 3340 Nonne
1488 3285 1570 3340 hic
1614 3293 1689 3339 est
1731 3286 1877 3357 faber
1916 3288 2057 3358 filius

471 3376 693 3443 Marica,
727 3379 892 3450 frater
910 3376 1127 3447 Jacobi,
1156 3386 1203 3434 et
1221 3377 1450 3451 Ioseph,
1491 3388 1538 3433 et
1567 3378 1755 3448 ludat,
1788 3389 1836 3435 et
1878 3381 2057 3438 Simo-

470 3470 601 3525 nis?
648 3469 838 3525 Nonne
877 3480 925 3526 et
970 3486 1171 3525 sorores
1212 3474 1322 3543 ejus
1371 3471 1455 3525 hic
1490 3472 1757 3527 nobiscum
1797 3482 1918 3528 sunt
1946 3491 1965 3529 :
1989 3475 2059 3529 Et

470 3565 965 3621 scandalizabantur
989 3566 1041 3619 in
1063 3563 1180 3620 illo.
1209 3564 1280 3620 Et
1301 3565 1500 3620 dicebat
1525 3566 1629 3620 illis
1657 3565 1830 3623 Iesus.
1853 3568 2059 3626 Deinde

472 3656 591 3713 iens
633 3658 686 3714 in
730 3659 965 3729 patriam
1007 3673 1161 3714 suam
1187 3699 1203 3722 ,
1246 3658 1389 3714 [ilius
1426 3657 1594 3727 labri,
1627 3659 1787 3717 Jesus
1816 3671 2056 3719 vocatur.

474 3748 544 3805 Et
572 3748 677 3806 hoc
704 3756 933 3824 mystice
965 3768 978 3806 :
1004 3750 1100 3806 sed
1131 3749 1271 3806 fabri
1292 3793 1308 3820 ,
1342 3750 1431 3822 qui
1464 3751 1753 3809 fabricatus
1784 3763 1869 3809 est
1897 3770 2059 3811 auro-

472 3857 586 3896 ram
611 3853 667 3897 et
695 3844 897 3911 solem,
920 3843 973 3899 id
1003 3853 1109 3910 est,
1140 3843 1444 3899 Ecclesiam
1475 3843 1706 3914 primam
1738 3854 1793 3901 et
1821 3860 2059 3919 sequen-

473 3944 580 3991 tem
613 3953 627 3989 :
663 3936 715 3991 in
746 3952 973 4007 quarum
1006 3936 1206 4007 ﬁgura,
1241 3936 1439 3991 mulier
1464 3944 1518 3992 et
1543 3937 1720 4008 puella
1770 3950 2056 3999 sanantur.

545 4031 683 4098 Quia
725 4048 826 4086 non
869 4042 944 4087 est
982 4032 1232 4104 propheta
1268 4034 1379 4087 sine
1420 4032 1613 4089 honore
1654 4034 1758 4089 nisi
1803 4036 1856 4088 in
1886 4037 2061 4107 patria

470 4137 588 4188 sua,
613 4132 659 4177 et
688 4123 741 4176 in
767 4124 919 4177 domo
949 4140 1067 4190 sua,
1094 4134 1142 4177 et
1178 4124 1233 4178 in
1262 4125 1571 4195 cognatione
1592 4142 1707 4181 sua.
1735 4125 1803 4180 Et
1832 4143 1935 4181 non
1964 4145 2059 4200 po-

462 4226 604 4281 terat
648 4216 719 4271 ibi
760 4217 999 4272 virtutem
1030 4216 1195 4272 ullam
1238 4220 1582 4290 facere:nisi
1605 4236 1797 4292 paucos
1823 4221 2059 4291 inﬁrmos

473 4308 729 4379 impositis
779 4309 1014 4363 manibus
1057 4309 1275 4364 curavit.
1318 4309 1387 4363 Et
1419 4310 1704 4365 mirabatur
1728 4322 1942 4384 propter
1967 4314 2055 4367 in-

472 4397 824 4454 credulitatem
857 4417 1065 4466 eorum,
1110 4409 1157 4453 et
1188 4401 1437 4455 circuibat
1467 4401 1678 4457 castella
1700 4402 1756 4456 in
1787 4403 2011 4457 circuitu
2041 4444 2056 4471 ,

472 4489 679 4545 docens.
708 4491 776 4546 Et
806 4493 1101 4548 convocavit
1132 4492 1405 4549 duodecim
1423 4535 1437 4560 ,
1475 4503 1525 4547 et
1558 4496 1710 4565 capit
1739 4511 1826 4551 eos
1854 4497 2057 4551 mittere

474 4582 648 4649 binos,
695 4592 745 4636 et
791 4584 947 4637 dabat
982 4584 1090 4638 illis
1113 4594 1410 4655 potestatem
1436 4584 1729 4656 Spirituum
1760 4586 2060 4642 immundo-

473 4690 607 4728 rum.
641 4672 712 4728 Et
738 4677 980 4748 pracepit
1007 4675 1116 4731 illis
1141 4718 1157 4743 ,
1194 4694 1257 4731 ne
1280 4677 1408 4749 quid
1439 4678 1675 4733 tollerent
1710 4678 1764 4733 in
1797 4681 1878 4734 via
1900 4722 1916 4747 ,
1958 4680 2059 4735 nisi

473 4769 673 4840 virgam
718 4777 920 4822 tantum
947 4784 967 4823 :
996 4786 1098 4823 non
1142 4787 1317 4841 peram
1340 4812 1356 4839 ,
1387 4788 1487 4826 non
1526 4788 1709 4843 panem
1734 4814 1750 4841 ,
1798 4789 1959 4845 neque
2003 4774 2059 4829 in

469 4875 605 4913 zona
644 4874 754 4927 aes,
799 4860 891 4914 sed
926 4862 1171 4916 calciatos
1210 4864 1493 4931 sandaliis,
1547 4874 1594 4919 et
1639 4882 1704 4920 ne
1725 4866 2059 4923 induerentur

472 4954 670 5007 duabus
701 4954 909 5007 tunicis.
938 4952 1006 5008 Et
1027 4955 1223 5009 dicebat
1247 4957 1319 5010 eis
1348 4973 1366 5010 :
1393 4957 1725 5031 Quocumque
1746 4962 2061 5017 introieritis

470 5045 525 5100 in
552 5046 783 5113 domum,
807 5045 917 5100 illic
939 5057 1136 5102 manete
1157 5049 1319 5103 donec
1346 5052 1538 5106 exeatis
1562 5053 1701 5107 inde.
1727 5054 1796 5109 Et
1816 5057 2056 5128 quicum-

472 5155 569 5210 que
589 5155 689 5193 non
712 5141 993 5209 receperint
1021 5156 1131 5209 vos,
1161 5159 1320 5212 neque
1348 5146 1606 5201 audierint
1650 5164 1736 5204 vos
1766 5167 1783 5204 :
1814 5164 2057 5209 exeuntes

475 5233 596 5287 inde
614 5274 631 5300 ,
668 5237 889 5289 excutite
918 5240 1181 5307 pulverem
1206 5238 1272 5293 de
1296 5240 1514 5311 pedibus
1538 5245 1717 5299 vestris
1742 5244 1796 5299 in
1824 5247 2057 5303 testimo-

476 5326 623 5380 nium
650 5324 778 5381 illis.
818 5324 889 5381 Et
926 5339 1163 5385 exeuntes
1192 5332 1577 5403 prtedicabont,
1612 5344 1668 5391 ut
1708 5338 2059 5409 paenitentiam

476 5424 690 5488 agerent
738 5431 757 5471 :
800 5426 848 5473 et
881 5416 1135 5478 dwmonia
1175 5423 1337 5479 multa
1367 5425 1673 5495 ejiciebant,
1717 5438 1765 5483 et
1801 5431 2061 5503 ungebant

476 5513 587 5567 oleo
628 5512 817 5566 multos
871 5528 1033 5585 (egros
1094 5527 1143 5571 et
1187 5520 1520 5574 sanabuntur.
1564 5519 1863 5580 Comitatur
1916 5542 2063 5597 saepe

476 5606 653 5661 vilitas
708 5605 969 5676 originem
1000 5648 1013 5670 .
1069 5619 1126 5664 ut
1175 5621 1258 5668 est
1290 5657 1305 5679 ,
1358 5617 1479 5685 quis
1533 5624 1616 5670 est
1665 5616 1803 5671 ﬁlius
1861 5617 2062 5674 lsaim?

477 5698 585 5756 Sed
632 5698 849 5754 humilia
883 5699 1140 5757 Dominus
1182 5705 1435 5775 reSpicit,
1483 5715 1538 5761 et
1567 5707 1675 5761 alta
1705 5723 1733 5762 a
1774 5709 1931 5780 longe
1969 5725 2061 5766 co-

475 5791 704 5863 gnoscit.
753 5792 1050 5869 _Mittuntur
1101 5794 1301 5857 deinde
1348 5799 1632 5859 duodecim
1678 5804 1946 5878 apostoli,
2004 5813 2062 5866 et

2147 3306 2437 3379 jurandum
2466 3322 2487 3361 :
2523 3316 2571 3361 et
2606 3317 2816 3380 propter
2856 3308 3012 3365 simul
3052 3313 3413 3370 recumbentes
3459 3311 3615 3369 noluit
3631 3324 3726 3366 eaut

2158 3399 2461 3454 contristare
2489 3416 2508 3454 :
2538 3400 2629 3454 sed
2674 3402 2830 3456 misso
2878 3403 3200 3475 spiculatore
3223 3448 3239 3472 ,
3286 3406 3533 3479 praecepit
3567 3399 3725 3475 afferri

2158 3500 2311 3564 caput
2355 3494 2466 3565 ejus
2506 3493 2561 3547 in
2602 3494 2785 3563 disco,
2818 3503 2865 3550 et
2907 3496 3049 3551 dedit
3069 3497 3206 3551 illud
3246 3498 3439 3570 puella:
3463 3538 3479 3565 ,
3509 3505 3555 3552 et
3578 3492 3726 3568 puella

2159 3583 2302 3639 dedit
2341 3584 2495 3639 matri
2514 3601 2644 3643 suat.
2673 3586 2789 3654 Quo
2808 3588 2987 3642 audite
3011 3630 3029 3656 ,
3058 3590 3312 3661 discipuli
3338 3592 3454 3662 ejus
3479 3594 3722 3650 venerunt,

2159 3686 2207 3732 et
2235 3677 2461 3731 tulerunt
2482 3694 2670 3748 corpus
2696 3682 2833 3753 ejus,
2854 3688 2901 3735 et
2924 3690 3208 3750 posuerunt
3227 3680 3366 3737 illud
3388 3682 3443 3737 in
3466 3693 3727 3736 monumen-

2160 3778 2234 3826 to.
2265 3769 2373 3825 Per
2399 3769 2629 3826 ironiam
2669 3785 2928 3842 expresse
2957 3774 3285 3843 pronuntiat
3331 3772 3578 3829 Herodes
3596 3768 3726 3842 pelli-

2160 3875 2309 3916 cens.
2337 3861 2507 3932 Caput
2535 3861 2689 3933 legis,
2718 3864 2862 3933 quod
2891 3873 2975 3918 est
2997 3862 3280 3930 Christus,
3315 3864 3385 3922 de
3414 3877 3633 3936 corpore
3649 3858 3725 3915 ab-

2160 3952 2383 4008 sciditur
2410 3955 2629 4024 proprio
2655 3996 2671 4020 ,
2705 3954 2757 4009 id
2787 3964 2902 4021 est,
2941 3954 3176 4013 Judaico
3205 3958 3455 4028 populo,
3499 3966 3555 4013 et
3598 3954 3724 4010 datur

2157 4044 2345 4114 gentili
2375 4044 2580 4114 puella:
2607 4086 2622 4110 ,
2660 4045 2711 4100 id
2742 4053 2827 4101 est
2861 4046 3122 4103 Romanae
3155 4049 3429 4104 Ecclesia:
3458 4064 3473 4103 :
3505 4042 3724 4118 etpuellt

2160 4137 2252 4193 dat
2281 4138 2440 4192 matri
2471 4152 2582 4192 sua:
2612 4136 2897 4205 adulterte,
2933 4138 2984 4193 id
3014 4147 3117 4206 est,
3146 4139 3460 4212 Synagogze
3482 4138 3732 4194 creditura:

2160 4230 2215 4284 in
2256 4228 2383 4285 fine.
2432 4228 2646 4299 Corpus
2696 4229 2919 4285 Joannis
2966 4230 3278 4301 sepelitur,
3326 4242 3494 4301 caput
3531 4232 3582 4286 in
3610 4228 3735 4284 disco

2160 4326 2462 4382 collocatur
2484 4367 2501 4393 ,
2542 4326 2717 4382 littera
2767 4326 2933 4383 humo
2974 4327 3176 4399 tegitur
3201 4370 3217 4396 ,
3249 4330 3483 4400 spiritus
3518 4328 3569 4383 in
3602 4320 3736 4379 altari

2163 4421 2459 4476 honoratur
2487 4435 2551 4475 ac
2574 4420 2831 4475 sumitur.

2231 4513 2302 4568 Et
2330 4513 2678 4569 convenientes
2700 4513 2922 4586 apostoli
2959 4513 3030 4568 ad
3063 4512 3254 4575 Iesum
3278 4556 3296 4585 ,
3344 4512 3739 4570 renuntiaverunt

2164 4607 2209 4661 ei
2232 4607 2403 4661 omnia
2427 4650 2440 4673 ,
2475 4622 2594 4678 quae
2618 4616 2825 4678 egerant
2860 4616 2911 4661 et
2943 4608 3254 4664 docuerant.
3301 4607 3390 4665 Ad
3421 4608 3595 4663 locum
3618 4599 3739 4658 unde

2165 4708 2373 4757 exeunt
2402 4698 2654 4770 ﬂumina,
2689 4708 3059 4757 revertuntur.
3112 4701 3231 4759 Deo
3290 4717 3517 4775 semper
3562 4695 3739 4773 gratias

2165 4792 2408 4849 referunt
2428 4791 2598 4861 missi,
2622 4792 2765 4864 quod
2794 4801 3138 4864 acceperant.

2237 4883 2307 4939 Et
2334 4886 2406 4939 ait
2436 4885 2541 4940 illis
2566 4900 2585 4939 :
2613 4883 2791 4940 Venite
2814 4902 3046 4940 seorsum
3074 4886 3128 4940 in
3158 4885 3431 4943 desertum
3457 4885 3636 4941 locum.

2237 4976 2307 5031 Et
2331 4976 2437 5033 hoc
2463 4977 2687 5049 proprie
2719 4976 2950 5033 Marcus.
2994 4978 3260 5035 Seorsum
3306 4978 3463 5037 ducit
3495 4989 3625 5049 quos
3646 4972 3738 5026 elc-

2163 5069 2274 5138 git,
2304 5078 2365 5123 ut
2390 5070 2532 5125 inter
2557 5068 2732 5124 malos
2756 5069 3005 5125 viventes
3027 5110 3044 5139 ,
3094 5071 3246 5124 mala
3286 5086 3397 5126 non
3428 5066 3696 5126 intendant
3723 5077 3736 5114 :

2161 5169 2220 5216 ut
2245 5162 2347 5217 Lot
2374 5162 2426 5217 in
2453 5160 2726 5229 Sodomis,
2756 5170 2810 5217 et
2835 5160 2937 5218 Job
2960 5160 3015 5217 iu
3039 5168 3189 5217 terra
3214 5160 3361 5232 Hus,
3389 5172 3446 5219 et
3472 5158 3664 5217 Abdias
3684 5152 3731 5208 iu

2163 5254 2327 5312 domo
2355 5256 2562 5312 Achab.

2235 5348 2306 5404 Et
2334 5348 2601 5423 requiescit
2644 5347 2912 5421 pusillum.
2954 5346 3122 5404 Erant
3157 5348 3301 5404 enim
3328 5394 3343 5419 ,
3382 5348 3476 5423 qui
3500 5342 3739 5401 veniebant

2163 5452 2210 5497 et
2238 5442 2473 5497 redibant
2498 5443 2669 5499 multi.
2709 5440 2779 5496 Et
2826 5458 2917 5496 nec
2944 5442 3178 5514 spatium
3222 5439 3577 5497 manducandi
3603 5435 3737 5490 habe-

2165 5535 2308 5589 bant.
2351 5533 2419 5588 Et
2466 5536 2794 5590 ascendentes
2836 5534 2892 5589 in
2926 5537 3097 5589 navim
3142 5537 3390 5592 abierunt
3418 5536 3472 5589 in
3503 5534 3736 5588 desertum

2165 5630 2336 5684 locum
2364 5646 2608 5685 seorsum.
2657 5628 2726 5683 Et
2764 5629 2997 5685 viderunt
3027 5645 3110 5685 eos
3140 5631 3389 5686 abeuntes
3416 5672 3431 5696 ,
3478 5638 3525 5683 et
3565 5640 3731 5697 cogno-

2166 5730 2345 5775 verunt
2373 5720 2559 5789 multi,
2590 5731 2639 5775 et
2670 5721 2927 5791 pedestres
2947 5724 3010 5776 de
3034 5723 3275 5778 omnibus
3306 5719 3593 5777 civitatibus
3623 5730 3732 5771 con-

2165 5827 2441 5878 currerunt
2466 5817 2626 5889 illuc,
2658 5825 2705 5871 et
2732 5823 3085 5890 praevenerunt
3124 5833 3237 5875 eos.
3295 5816 3368 5875 Et
3411 5814 3584 5872 exiens
3630 5806 3742 5864 vidit
