3970 6304
513 249 611 313 6H

1551 252 1610 313 S.
1651 248 2032 313 HIERONYMI
2071 248 2356 313 OPERUM
2399 252 2765 325 MANTISSA.
3651 272 3707 329 51

482 358 674 451 statim,
707 380 761 427 ut
790 372 989 449 audivit
1016 370 1081 449 de
1104 387 1161 427 eo
1182 411 1195 438 ,
1229 374 1379 451 cujus
1421 371 1533 443 ﬁlia
1576 370 1793 427 habebat
1835 372 2073 444 spiritum
2098 368 2153 431 Α
2177 370 2620 442 cogitationibus,
2650 382 2705 428 et
2756 369 2968 425 actibus
3020 368 3717 451 inordinatis,sermonibus-

486 467 830 535 immundum,
865 465 1071 519 intravit
1117 473 1164 518 et
1193 463 1415 536 procidit
1454 466 1522 518 ad
1562 464 1713 537 pedes
1757 468 1891 538 ejus.
1944 463 2073 517 Erat

489 561 628 613 enim
657 560 843 612 mulier
882 558 1086 627 gentilis
1117 548 1517 626 Symphcenissa
1549 572 1750 626 genere,
1780 565 1825 609 et
1856 555 2070 628 rogabat

483 668 619 719 eum,
647 662 700 703 ut
729 649 1043 703 dwmonium
1067 649 1271 719 ejiceret
1298 649 1360 702 de
1383 648 1493 717 ﬁlia
1517 651 1651 720 ejus.
1678 650 1780 715 Qui
1801 650 1933 703 dixit
1959 649 2075 704 illi:

488 742 612 799 Siue
640 744 783 814 prius
810 742 1036 795 saturari
1061 742 1220 809 ﬁlios.
1249 740 1373 795 Non
1402 752 1477 815 est
1505 746 1637 795 enim
1668 743 1855 796 bonum
1876 758 2082 796 sumere

486 852 672 905 panem
699 834 949 903 ﬁliorum,
980 842 1027 887 et
1060 835 1257 887 mittere
1291 835 1523 889 canibus.
1552 836 1617 888 At
1645 834 1739 889 illa
1770 833 2034 904 respondit
2062 879 2077 903 ,

487 942 531 985 et
554 931 677 999 dicit
700 932 779 984 illi
803 947 819 985 :
848 929 1056 1001 Utique,
1085 928 1325 997 Domine,
1354 948 1473 983 nam
1498 930 1670 985 catelli
1692 930 1965 984 comedunt
1988 929 2079 984 sub

485 1041 661 1078 mensa
691 1024 754 1078 de
796 1026 943 1078 micis
981 1039 1279 1092 puerorum.
1312 1022 1378 1077 Et
1409 1024 1478 1077 ait
1524 1024 1603 1077 illi
1634 1040 1654 1078 :
1684 1021 1909 1093 Propter
1942 1022 2080 1077 hunc

487 1135 771 1172 sermonem
811 1119 971 1184 vade,
1024 1117 1149 1181 exiit
1180 1118 1491 1173 dwmonium
1518 1136 1550 1172 a
1578 1118 1692 1188 ﬁlia
1724 1131 1831 1172 tua.
1866 1117 1934 1172 Et
1964 1134 2080 1171 cum

489 1214 693 1266 abiisset
718 1211 931 1266 domum
969 1226 1136 1277 suam,
1168 1211 1360 1264 invenit
1390 1211 1615 1282 puellam
1636 1214 1895 1282 jacenlem
1922 1228 2081 1281 supra

491 1310 698 1371 lectum,
750 1317 796 1359 et
828 1307 1139 1360 da'monium
1181 1306 1387 1359 exiisse.
1435 1304 1835 1359 Pharisaeorum
1880 1318 2078 1373 supero

486 1400 655 1456 ﬂnttm
680 1401 955 1467 latratum,
974 1400 1121 1453 furca
1147 1398 1378 1453 rationis
1400 1398 1673 1464 obtundit,
1700 1398 1752 1453 id
1778 1409 1882 1467 est,
1907 1398 2076 1477 Moysi

487 1504 543 1549 ct
591 1494 742 1548 Isaiae
790 1494 1190 1563 increpatione,
1238 1500 1296 1546 ut
1325 1507 1423 1546 nos
1454 1491 1806 1547 adversantes
1839 1493 2077 1546 licereses

490 1586 669 1641 verbis
697 1585 993 1653 Scriptura:
1021 1586 1324 1639 vincamus.
1358 1584 1618 1640 Videntes
1644 1585 1944 1652 discipulos
1969 1598 2076 1639 non

490 1677 615 1733 lotis
668 1677 920 1732 manibus
968 1676 1315 1742 manducare,
1359 1675 1503 1747 quod
1550 1675 1787 1731 futuram
1836 1677 2072 1747 gentium

2187 480 2290 535 que
2329 465 2703 536 incompositis
2743 463 2993 532 ducitur,
3029 465 3121 535 qui
3157 468 3331 522 sanari
3375 482 3611 527 meretur.
3642 476 3719 532 Di-

2183 557 2285 628 giti
2315 557 2407 627 qui
2437 558 2488 611 in
2512 572 2672 612 aures
2697 556 2816 626 ejus
2844 556 3153 623 mittuntur,
3187 559 3344 615 verba
3371 562 3574 631 spiritus
3592 581 3717 636 sunt,

2184 650 2252 705 de
2280 667 2387 721 quo
2416 650 2655 705 dicitur:
2690 650 2899 722 Digitus
2934 652 3026 707 Dei
3061 650 3149 706 hic
3174 661 3275 707 est.
3307 653 3392 721 Et,
3423 655 3586 727 Opera
3607 659 3722 731 digi-

2186 754 2361 798 torum
2395 752 2610 798 tuorum
2650 754 2777 798 sunt
2805 744 2949 801 caali.

2255 835 2323 890 Et
2356 853 2607 908 exspuens
2635 838 2797 910 tetigit
2829 836 3063 909 linguam
3104 841 3238 909 ejus.
3267 836 3459 909 Spuma
3495 842 3559 900 de
3588 860 3728 904 carne

2185 929 2425 995 Domini,
2459 939 2543 986 est
2569 930 2751 985 divina
2798 931 3061 1002 sapientia
3093 951 3105 986 :
3135 950 3252 1004 qua:
3282 936 3438 991 solvit
3483 939 3727 997 vinculum

2184 1022 2450 1080 labiorum
2473 1025 2696 1080 humani
2726 1028 2945 1097 generis
2974 1045 2988 1081 :
3021 1037 3081 1083 ut
3102 1028 3280 1085 dicat:
3306 1029 3480 1086 Credo
3507 1031 3557 1087 in
3585 1034 3731 1091 Deum

2183 1116 2400 1174 Patrem
2432 1120 2883 1189 omnipotentem,
2919 1130 3029 1177 etc.

2257 1211 2324 1265 Et
2350 1214 2637 1284 suspiciens
2658 1214 2712 1267 in
2740 1215 2927 1269 caelum
2945 1215 3214 1286 ingemuit.
3240 1214 3297 1272 Id
3319 1226 3419 1286 est,
3442 1232 3536 1273 nos
3548 1234 3738 1289 gemere

2182 1302 2384 1372 docuit,
2445 1304 2581 1359 etin
2630 1305 2828 1361 coelum
2882 1306 3197 1362 thesaurum
3246 1309 3423 1363 cordis
3452 1313 3615 1367 nostri
3642 1313 3736 1367 eri-

2181 1411 2355 1466 gere:
2406 1396 2550 1467 quod
2591 1412 2688 1467 per
2728 1398 2985 1468 gemitum
3036 1401 3469 1469 compunctionis
3519 1402 3737 1473 intimas,

2181 1484 2370 1543 frivola
2402 1488 2587 1543 laetitia
2618 1489 2799 1545 carnis
2827 1501 3105 1562 purgatur,
3129 1500 3186 1547 ut
3209 1492 3406 1549 dicitur
3432 1512 3443 1547 :
3470 1493 3737 1567 Rugiebam

2181 1596 2211 1636 a
2240 1582 2445 1652 gemitu
2473 1582 2673 1646 cordis,
2704 1592 2811 1640 etc.

2256 1672 2324 1726 Et
2361 1676 2435 1728 ait
2478 1676 2597 1729 illi:
2626 1674 2834 1744 Epheta
2860 1721 2874 1746 ,
2906 1678 3047 1748 quod
3096 1687 3212 1746 est,
3260 1679 3541 1750 adaperire.
3587 1681 3739 1737 Corde

489 1770 925 1825 communionem
978 1770 1269 1840 signiﬁcat.
1320 1768 1582 1825 Munditia
1632 1782 1686 1824 et
1744 1769 2068 1840 baptismum
2099 1775 2148 1835 Β
2176 1768 2320 1827 enim
2349 1766 2588 1823 creditur
2616 1768 2683 1823 ad
2710 1768 2977 1839 justitiam
3008 1787 3023 1825 :
3064 1785 3159 1827 ore
3188 1778 3370 1827 autem
3409 1774 3664 1827 confessio
3690 1773 3738 1828 iit

488 1864 852 1934 pltarisaicum
886 1864 1073 1917 sterile
1096 1872 1196 1917 cst.
1222 1860 1653 1917 Comrnunieatio
1682 1878 1789 1917 non
1815 1865 1922 1917 lota
1948 1879 2079 1933 apo-

494 1957 707 2024 stolica,
759 1954 1008 2011 extendit
1052 1955 1313 2025 palmites
1363 1970 1492 2010 suos
1542 1970 1713 2024 usque
1762 1955 1829 2010 ad
1879 1972 2076 2011 mare:

489 2050 631 2120 quod
661 2051 819 2119 culpa
852 2050 1025 2118 majus
1055 2060 1158 2105 est.
1203 2048 1447 2106 Traditio
1478 2059 1657 2105 autem
1692 2049 1992 2119 pbarisaica
2024 2050 2079 2106 in

492 2144 718 2211 mensis,
735 2154 787 2198 et
818 2142 975 2214 puris
999 2142 1145 2197 vasis
1173 2158 1279 2197 non
1302 2151 1385 2197 est
1409 2144 1712 2209 tractanda,
1738 2142 1832 2196 sed
1857 2144 2075 2197 abscin-

491 2236 669 2291 denda
711 2245 765 2291 et
808 2235 1070 2291 radenda.
1108 2238 1265 2305 Scepe
1310 2236 1455 2292 enim
1493 2237 1873 2292 traditionibus
1904 2239 2080 2292 homi-

492 2346 643 2392 num,
675 2330 925 2384 mandata
961 2330 1054 2383 Dei
1086 2328 1305 2383 cedunt.
1333 2328 1461 2383 Post
1494 2329 1593 2383 hoc
1616 2330 1849 2398 signum,
1886 2331 2082 2385 mulier

493 2423 932 2496 SyrophteniSsa,
976 2422 1130 2493 cujus
1170 2424 1275 2477 tilia
1309 2424 1557 2493 spiritum
1610 2424 1949 2479 immundum
1983 2425 2081 2480 lia-

396 2590 405 2597 _
493 2517 674 2577 bebat,
730 2518 940 2569 intrans
984 2515 1215 2584 procidit
1261 2515 1327 2569 ad
1371 2515 1537 2585 pedes
1581 2516 1719 2585 ejus.
1763 2517 1891 2571 Erat
1935 2518 2080 2573 enim

496 2608 717 2679 gentilis
747 2608 985 2664 mulier:
1018 2616 1175 2678 rogat
1202 2623 1302 2679 pro
1333 2608 1466 2676 ﬁlia,
1514 2624 1633 2679 qum
1664 2620 1747 2664 est
1791 2620 1962 2665 mater
1984 2626 2082 2666 no-

492 2710 629 2769 stra,
662 2701 905 2755 Romana
936 2700 1184 2755 Ecclesia
1217 2718 1230 2754 :
1263 2710 1316 2756 et
1346 2712 1467 2756 nata
1505 2702 1856 2768 dmmoniaca,
1891 2703 2082 2758 barba-

490 2795 603 2849 riea
637 2804 720 2849 est
745 2793 1107 2849 Oecidentulis
1140 2794 1307 2857 natio,
1337 2793 1491 2864 cujus
1522 2792 1651 2850 ﬁdes
1699 2794 1821 2849 l‘eeit
1850 2795 1917 2851 de
1946 2811 2081 2852 cane

502 2903 658 2942 ovem
688 2904 703 2939 :
736 2885 873 2941 mica
898 2886 1200 2956 spiritualis
1230 2888 1558 2952 intellectus,
1581 2902 1689 2941 non
1719 2903 1913 2957 panem
1944 2890 2082 2943 frac-

496 2993 607 3037 tum
642 2982 839 3035 litterae
870 2996 1087 3037 sumere
1118 2980 1285 3049 cupit.
1308 2981 1533 3047 Fidelis,
1560 2982 1794 3052 prudens
1821 2992 1875 3038 et
1906 2984 2083 3038 humi-

495 3077 561 3131 lis
589 3085 858 3139 merctur,
888 3076 1032 3145 quod
1066 3075 1257 3145 poscit.

2185 1860 2249 1914 ad
2278 1862 2531 1915 salutem.

2256 1953 2325 2009 Et
2353 1955 2524 2009 statim
2552 1964 2748 2026 aperta:
2783 1967 2906 2012 sunt
2936 1974 3089 2017 aures
3134 1962 3249 2033 ejus
3272 2003 3286 2027 ,
3337 1970 3385 2014 et
3432 1961 3643 2015 solutum
3685 1972 3745 2014 est

2185 2048 2445 2101 rinculum
2471 2047 2665 2122 lingua:
2692 2050 2826 2119 ejus,
2850 2059 2898 2104 et
2923 2048 3232 2122 loquebatur
3254 2054 3625 2121 rectc.Apcrt:o
3641 2063 3746 2107 sunt

2184 2157 2345 2195 aures
2374 2141 2491 2209 ejus
2517 2141 2583 2196 ad
2614 2141 2866 2213 hymnos,
2896 2143 3131 2207 cantica,
3153 2155 3211 2199 et
3242 2147 3481 2214 psalmos
3508 2164 3521 2200 :
3548 2146 3747 2200 solvitur

2187 2234 2389 2305 lingua,
2418 2245 2474 2289 ut
2505 2246 2715 2290 eructet
2744 2236 2975 2290 verbum
3000 2237 3228 2304 bonum,
3258 2240 3402 2311 quod
3429 2254 3528 2293 non
3553 2249 3749 2309 possunt

2191 2331 2352 2385 mina:
2405 2344 2506 2385 nec
2562 2330 2792 2385 verbera
2845 2330 3150 2399 cohibere,
3231 2344 3295 2388 ut
3360 2334 3434 2388 ait
3490 2326 3749 2404 Apostolus

2191 2420 2428 2476 Paulus:
2464 2422 2579 2492 Ego
2617 2422 2861 2489 vinctus,
2894 2423 2988 2479 sed
3025 2437 3131 2479 non
3162 2434 3250 2480 est
3292 2425 3565 2495 alligatum
3595 2426 3641 2479 in
3680 2439 3750 2479 me

2188 2516 2413 2572 verbum
2450 2517 2564 2571 Dei.

2260 2606 2330 2661 Et
2354 2610 2595 2680 prrecepit
2634 2609 2760 2676 illis,
2790 2625 2854 2663 ne
2882 2611 2964 2663 cui
2987 2610 3243 2665 dicerent.
3270 2611 3390 2668 Non
3418 2610 3475 2667 in
3502 2610 3754 2666 virtutibus

2190 2700 2534 2772 gloriandum
2554 2717 2676 2758 esse
2699 2700 2884 2757 docuit
2913 2719 2926 2756 :
2960 2704 3055 2761 sed
3088 2704 3141 2760 in
3167 2720 3360 2773 cruce,
3396 2716 3450 2763 et
3476 2706 3528 2761 in
3546 2705 3754 2760 bumilia~

2188 2795 2357 2850 tione.

2264 2890 2472 2954 Quanto
2520 2898 2692 2943 autem
2738 2891 2809 2944 eis
2857 2892 3229 2963 pra’cipiebat,
3281 2902 3425 2946 tanto
3468 2891 3623 2963 magis
3660 2891 3755 2962 plus

2189 2980 2574 3050 prredicabant,
2608 2991 2740 3036 eteo
2781 2985 3005 3055 amplius
3047 2983 3475 3054 admirabantur,
3516 2984 3759 3038 dicentes:

2188 3071 2327 3127 Bene
2356 3073 2528 3127 omnia
2577 3075 2733 3143 fecit,
2781 3083 2829 3128 et
2874 3077 3058 3130 surdos
3086 3077 3214 3145 fecit
3245 3076 3435 3131 audire
3462 3119 3476 3143 ,
3533 3084 3577 3131 et
3619 3082 3757 3127 mutos

570 3169 635 3223 Et
658 3174 841 3224 iterum
870 3171 1042 3225 exiens
1072 3170 1134 3224 de
1165 3171 1353 3241 ﬁnibus
1384 3169 1529 3241 Tyri,
1559 3172 1694 3225 venit
1723 3188 1812 3244 per
1838 3171 2083 3228 Sidonem
2111 3168 2155 3231 C
2190 3168 2353 3240 loqui.
2406 3168 2612 3224 Civitas
2668 3170 2719 3225 in
2779 3181 2965 3227 monte
3016 3170 3197 3240 posita
3259 3172 3505 3243 undique
3556 3169 3758 3225 circum-

496 3264 565 3316 ad
591 3278 733 3316 mare
762 3262 996 3318 Gallione
1017 3264 1147 3317 inter
1172 3264 1366 3317 medios
1397 3266 1521 3331 ﬁnes
1547 3263 1880 3334 Decapoleos.
1912 3266 1977 3320 Et
1999 3266 2086 3322 hic

498 3358 720 3427 prOprie
752 3368 936 3411 narrat
965 3357 1179 3412 Marcus
1200 3356 1464 3412 decimam
1497 3358 1771 3413 virtutem.
1801 3359 1975 3431 Tyrus
2000 3361 2085 3415 in-

504 3459 838 3522 terpretatur
867 3452 1131 3522 angustia,
1162 3452 1472 3523 signiﬁcans
1502 3451 1766 3517 Judaram,
1802 3455 1886 3508 cui
1909 3455 2089 3508 Domi~

502 3563 601 3602 nus
629 3547 762 3601 dicit
795 3566 805 3601 :
835 3555 1247 3617 coangustatum
1280 3558 1363 3602 est
1392 3554 1649 3615 stratum,
1677 3546 1840 3603 breve
1861 3556 1945 3603 est
1972 3548 2086 3619 pal-

499 3637 652 3706 lium,
681 3648 969 3709 utrumque
997 3639 1213 3707 Operire
1243 3655 1346 3691 non
1376 3649 1552 3709 potest
1578 3656 1590 3691 :
1621 3647 1680 3693 ut
1710 3638 2003 3695 transferat
2029 3656 2089 3695 se

440 3735 447 3743 ’
500 3733 565 3787 ad
598 3743 787 3804 gentes
834 3732 987 3786 alias.
1036 3730 1206 3787 Sidon
1250 3747 1380 3785 vero
1423 3732 1626 3786 venatio
1667 3733 2084 3802 interpretatur,

501 3843 621 3897 qua:
652 3824 767 3880 fera
799 3823 1169 3894 indomitaque
1202 3832 1385 3878 nostra
1432 3825 1580 3878 natio
1604 3834 1710 3893 est,
1745 3833 1797 3879 et
1838 3824 1987 3879 venit
2018 3825 2085 3879 ad

503 3937 651 3977 mare
682 3921 941 3981 Galilmm,
974 3920 1115 3990 quod
1146 3921 1413 3991 fructuosa
1458 3918 1753 3974 volubilitas
1784 3930 1867 3977 est
1898 3939 1911 3976 :
1945 3922 2089 3979 inter

502 4018 708 4074 medios
752 4018 885 4071 ﬁnes
917 4016 1279 4086 Decapoleos,
1330 4015 1473 4086 quod
1509 4016 1901 4087 interpretatur
1929 4017 2089 4073 deca-

506 4112 611 4178 logi
640 4109 913 4165 mandata.
939 4107 1191 4163 Salvator
1222 4108 1286 4161 ad
1336 4108 1623 4162 salvundas
1652 4117 1839 4178 gentes
1865 4109 1935 4163 ab
1958 4124 2089 4185 apo—

505 4206 660 4260 stolis
690 4203 908 4259 ducitur
939 4220 951 4256 :
986 4204 1078 4272 qui
1112 4201 1464 4272 interroganti
1491 4219 1549 4258 se
1577 4204 1931 4271 adolescenti,
1959 4206 2086 4275 quid

505 4297 731 4365 faceret,
767 4297 1048 4366 respondit
1079 4312 1092 4349 :
1129 4293 1277 4347 Nosti
1321 4296 1594 4348 inundata.

576 4392 643 4446 Et
673 4392 929 4446 adducant
959 4391 1002 4445 ei
1028 4390 1243 4443 surdum
1264 4398 1310 4443 et
1334 4398 1550 4443 mutum.
1583 4388 1765 4445 Genus
1796 4389 2088 4446 humanum

507 4504 602 4560 per
635 4488 803 4542 multa
835 4488 1098 4550 membra,
1128 4500 1191 4541 ac
1214 4485 1257 4539 si
1289 4500 1428 4539 unus
1451 4484 1614 4539 homo
1644 4486 1788 4537 varia
1822 4494 1973 4553 peste
1994 4486 2091 4540 ab—

2190 3270 2396 3333 specta,
2429 3261 2689 3318 abscondi
2717 3279 2826 3319 non
2858 3272 3035 3335 potest
3062 3282 3072 3316 :
3100 3264 3392 3320 humilitas
3420 3277 3629 3333 semper
3648 3274 3757 3332 prte-

2190 3354 2334 3409 cedit
2360 3352 2610 3425 gloriam.

2772 3426 3001 3483 CAPUT
3043 3426 3185 3482 VIII.

2263 3539 2329 3595 In
2368 3541 2546 3596 diebus
2572 3540 2699 3609 illis,
2736 3543 2921 3597 iterum
2952 3557 3067 3596 cum
3102 3542 3262 3597 turba
3308 3541 3481 3597 multa
3510 3548 3649 3604 esset,
3687 3550 3754 3590 nec

2191 3634 2457 3701 haberent,
2506 3636 2647 3707 quod
2689 3636 3067 3690 manducarent
3099 3652 3117 3691 :
3150 3638 3459 3691 convocatis
3491 3631 3743 3704 discipulis,

2191 3728 2265 3779 ait
2292 3727 2398 3781 illis
2425 3743 2444 3781 .'
2468 3726 2719 3782 Misereor
2742 3744 2899 3799 super
2928 3728 3153 3794 turbam,
3191 3731 3322 3799 quia
3351 3745 3469 3784 ecce
3490 3732 3601 3801 jam
3621 3722 3749 3778 triduo

2191 3825 2445 3879 sustinent
2466 3841 2567 3891 me,
2602 3842 2691 3879 nec
2718 3822 2904 3879 habent
2931 3825 3069 3896 quod
3096 3827 3428 3879 manducent
3460 3840 3477 3877 :
3505 3834 3551 3877 et
3577 3824 3618 3877 si
3639 3816 3755 3872 dimi.

2192 3933 2307 3973 sero
2328 3935 2414 3972 eos
2436 3920 2645 3991 jejunos
2678 3920 2730 3973 in
2760 3919 2968 3972 domum
2990 3935 3161 3985 suam,
3190 3919 3447 3990 deﬁcient
3472 3920 3524 3972 in
3546 3918 3641 3971 via.
3663 3911 3764 3980 Qui-

2193 4012 2313 4065 dam
2344 4013 2479 4066 enim
2511 4027 2573 4065 ea:
2613 4012 2688 4066 eis
2731 4011 2795 4065 de
2824 4010 2976 4081 longe
3004 4020 3282 4065 venerunt.
3321 4010 3393 4063 Et
3425 4006 3764 4081 responderunt

2192 4105 2237 4158 ei
2267 4104 2507 4175 discipuli
2547 4105 2677 4157 sui:
2716 4102 2865 4158 Unde
2898 4104 3023 4159 istos
3070 4107 3189 4174 quis
3238 4107 3436 4175 poterit
3482 4103 3563 4156 hic
3612 4098 3768 4153 satiare

2193 4198 2409 4267 panibus
2438 4197 2490 4250 in
2530 4196 2808 4251 solitudine
2830 4197 2855 4249 7
2885 4194 2955 4250 Et
2988 4188 3339 4269 intermgavit
3371 4214 3458 4251 eos
3490 4214 3506 4246 :
3541 4195 3669 4262 Quot
3695 4205 3771 4259 par

2192 4308 2280 4344 nes
2313 4289 2543 4344 habetis?
2570 4291 2671 4356 Qui
2702 4291 2984 4344 dixerunt:
3013 4290 3252 4358 Septem.
3273 4289 3344 4344 Et
3370 4291 3612 4362 prtecepit
3638 4282 3774 4337 turba:

2192 4384 2511 4437 discumbere
2546 4400 2701 4453 super
2730 4394 2939 4437 terram.
2976 4381 3044 4436 Et
3077 4385 3353 4452 accipiens
3385 4395 3579 4453 septem
3603 4392 3770 4451 panes,

2194 4478 2386 4547 gratias
2416 4493 2592 4547 agens,
2625 4477 2813 4548 fregit:
2843 4485 2890 4529 et
2913 4476 3066 4528 dabat
3089 4476 3376 4549 discipulis
3408 4477 3539 4542 suis,
3569 4482 3618 4527 ut
3640 4484 3775 4542 appo-

508 4589 754 4648 sumptus
786 4586 1172 4633 cnutneratur:
1209 4578 1261 4632 in
1293 4577 1628 4648 protoplasto
1659 4588 1914 4643 caecatur,
1961 4577 2086 4633 dum
2117 4567 2170 4628 Ι)
2194 4580 2394 4624 ﬂerent.
2429 4569 2496 4621 Et
2525 4579 2877 4639 opposuerunt
2909 4567 3089 4632 turbaz,
3143 4580 3192 4620 et
3226 4568 3490 4623 habebant
3529 4562 3775 4638 pisciculo5

510 4674 659 4727 videt
691 4688 705 4728 :
738 4670 934 4725 surdus
961 4671 1038 4735 iit,
1072 4687 1193 4725 cum
1225 4671 1415 4725 audit:
1443 4669 1569 4724 dum
1592 4670 1867 4737 odoratur,
1898 4686 2087 4725 emun-

505 4770 688 4843 gitur:
717 4766 1061 4829 obmutcScit,
1107 4764 1235 4818 dum
1279 4765 1518 4834 loquitur
1548 4782 1560 4818 :
1596 4780 1820 4818 mancus
1847 4763 1926 4831 ﬁt,
1958 4766 2085 4819 dum

507 4876 723 4931 manum
758 4858 1034 4913 extendit:
1067 4856 1395 4922 incurvatur,
1429 4856 1555 4911 dum
1587 4857 1848 4926 erigitur:
1889 4856 2088 4927 hydro-

507 4955 659 5025 picus
700 4950 777 5019 ﬁt,
814 4950 941 5004 dum
983 4948 1355 5014 concupiscit:
1403 4946 1627 5002 claudus
1675 4950 1732 5001 lit
1758 4990 1771 5010 ,
1805 4947 1930 5001 dum
1964 4962 2088 5017 pro-

508 5050 792 5121 greditur:
826 5045 973 5115 lepra
1001 5042 1351 5108 snli'unditur,
1382 5042 1505 5095 dum
1538 5042 1808 5095 nudatur:
1843 5040 2089 5096 dmmone

510 5143 784 5213 impletur,
818 5140 943 5194 dum
986 5136 1386 5193 divininilatem
1417 5134 1626 5206 appetit
1656 5149 1669 5188 :
1706 5143 1878 5190 morte
1927 5136 2091 5191 mori-

510 5245 618 5300 tur,
646 5234 772 5288 dum
802 5232 1065 5287 audacter
1090 5239 1330 5295 excusat,
1366 5229 1509 5298 quod
1540 5228 1912 5305 inobedienter
1940 5244 2091 5283 com-

508 5325 680 5381 misit.
1979 5306 1987 5315 ’

581 5417 647 5472 Et
674 5414 1074 5487 deprecabantur
1102 5430 1239 5481 eum,
1269 5422 1325 5467 ut
1353 5413 1580 5484 imponat
1626 5410 1705 5465 illi
1736 5428 1963 5466 manum.
1996 5410 2087 5467 In-

503 5520 784 5567 carnalum
825 5507 941 5563 fore
971 5506 1293 5575 Dominum,
1327 5506 1481 5563 multi
1506 5506 1636 5576 justi
1665 5513 1719 5561 et
1761 5505 2088 5576 patriarcha:

503 5604 793 5675 cupiebant
824 5614 877 5656 et
905 5600 1182 5668 Optabam.

570 5696 970 5770 Apprehendens
1017 5712 1130 5748 eum
1161 5697 1223 5747 de
1258 5693 1403 5749 turba
1432 5712 1679 5758 seorsum,
1712 5694 1850 5748 misit
1897 5694 2087 5765 digitos

494 5808 612 5848 suos
638 5793 691 5848 in
734 5790 1000 5847 auriculas
1030 5788 1165 5858 eius.
1217 5787 1477 5847 Seorsum
1507 5802 1727 5863 semper
1766 5787 2086 5869 turbulentis

2199 4678 2412 4730 paucos,
2445 4672 2491 4715 et
2522 4664 2661 4731 ipsos
2690 4661 2971 4737 benedixit,
3017 4670 3065 4713 et
3106 4662 3278 4732 jussit
3306 4660 3527 4731 opponi.
3558 4655 3624 4710 Et
3648 4668 3775 4707 man-

2196 4758 2533 4823 ducaverunt,
2563 4765 2613 4811 et
2657 4756 2878 4809 saturati
2902 4763 3042 4809 sinit.
3074 4752 3139 4806 Et
3172 4756 3511 4809 sustulerunt
3550 4748 3680 4822 quod
3697 4763 3773 4800 su-

2196 4861 2458 4922 peraverat
2489 4851 2551 4903 de
2582 4850 2905 4920 fragmentis,
2937 4857 3127 4918 septem
3156 4857 3399 4918 sportas.
3433 4846 3598 4902 Erant
3627 4850 3775 4897 autem

2196 4949 2284 5020 qui
2330 4946 2787 5011 manducaverant,
2833 4945 2983 5018 quasi
3024 4954 3257 5015 quatuor
3286 4946 3483 5006 millia,
3529 4950 3573 4996 et
3604 4936 3775 4992 dimisit

2196 5057 2299 5094 eos.
2354 5039 2419 5093 Et
2449 5039 2621 5092 statim
2652 5038 2931 5091 ascendens
2985 5036 3159 5089 navim
3202 5052 3325 5089 cum
3367 5033 3634 5107 discipulis
3660 5028 3774 5089 suis,

2194 5136 2330 5189 venit
2379 5136 2428 5188 in
2456 5144 2624 5206 partes
2656 5130 3034 5196 Dalmanutha,
3064 5141 3112 5184 et
3143 5132 3395 5185 exierunt
3440 5126 3697 5199 pharisa’i,
3741 5130 3778 5173 ct

2194 5238 2450 5300 cwperunt
2475 5227 2774 5298 conquirere
2802 5240 2919 5279 cum
2948 5241 3027 5293 eo,
3059 5236 3360 5296 quwrentes
3382 5224 3449 5280 ab
3482 5224 3571 5279 illo
3600 5221 3778 5292 signum

2196 5322 2259 5375 de
2305 5320 2450 5382 cazlo,
2485 5328 2734 5373 tentantes
2772 5334 2911 5371 eum.
2961 5316 3029 5371 Et
3068 5316 3430 5388 ingemiscens
3470 5315 3652 5386 spiritu
3680 5310 3780 5363 ait:

2199 5413 2335 5480 Quid
2356 5411 2617 5483 generatio
2647 5410 2747 5464 ista
2774 5411 2981 5480 signum
3010 5408 3196 5482 quierit
3223 5409 3250 5463 Ρ
3279 5410 3448 5463 Amen
3478 5408 3593 5461 dico
3620 5403 3746 5459 vobis
3766 5439 3780 5465 ,

2192 5508 2238 5561 si
2266 5506 2471 5560 dabitur
2510 5504 2832 5576 generationi
2872 5504 2956 5557 isti
2986 5502 3215 5575 signum.
3251 5502 3326 5557 Et
3372 5503 3634 5557 dimittens
3665 5508 3781 5551 eos:

2190 5599 2467 5651 ascendens
2494 5599 2678 5650 iterum
2711 5601 2903 5658 navim,
2955 5595 3081 5649 abiit
3113 5605 3269 5649 trans
3303 5595 3518 5665 fretum.
3548 5589 3615 5646 Et
3656 5584 3783 5643 obliti

2187 5701 2304 5745 sunt
2363 5707 2515 5760 panes
2556 5706 2751 5742 sumere
2778 5698 2824 5741 et
2866 5688 2963 5742 nisi
2992 5704 3149 5741 unum
3180 5703 3379 5759 panem
3411 5704 3513 5742 non
3552 5682 3781 5736 habebant

2186 5800 2359 5840 secum
2388 5786 2440 5839 in
2475 5784 2612 5840 navi.
2646 5779 2717 5838 Et
2742 5779 3071 5854 pracipicbat
3096 5778 3170 5836 eis
3198 5820 3219 5851 ,
3260 5779 3488 5837 dicens:
3526 5775 3702 5832 Videte
3738 5776 3781 5824 et
