3970 6304
184 394 190 401 θ
228 300 313 360 διε
839 300 1382 393 counpursuws
1421 300 1491 365 IN
1527 298 1983 385 EYANGELtUtt
2019 300 2168 367 suc.
2210 298 2525 369 usucuu.
2569 299 2721 361 CAP.
2765 298 2858 359 ix.

3330 356 3331 361 η
3381 302 3490 361 δη

226 427 378 491 cavete
406 434 436 471 a
467 417 720 489 fermento
760 418 1157 492 pharisteorum,
1189 429 1234 483 et
1266 422 1518 491 fermento
1548 418 1794 474 Herodis.
1826 422 1881 483 Α
1972 418 2039 473 Ει
2070 422 2114 473 si
2141 420 2193 473 in
2220 420 2385 473 uicum
2414 421 2694 485 introieris,
2726 418 2920 473 nemini
2947 418 3163 474 dixeris.
3198 415 3268 471 Et
3321 436 3493 490 egres-

226 510 284 565 Et
312 496 599 583 cogitabant
624 514 690 566 ad
712 494 1022 567 alterutrum
1048 514 1270 579 dicentes
1296 528 1314 568 :
1338 514 1458 585 quia
1490 528 1648 584 panes
1693 498 1798 568 non

229 604 471 659 habemus.
503 605 617 671 Quo
638 606 874 677 cognito,
909 605 981 658 ait
1004 602 1108 659 illis
1137 602 1291 660 Jesus
1317 621 1336 660 :
1368 605 1505 671 Quid
1533 606 1797 677 cogitatis,

227 697 329 768 quia
360 713 515 765 panes
546 709 646 750 non
677 696 920 751 habetis?
957 695 1207 750 Nondum
1239 697 1565 771 cognoscitis,
1600 713 1690 749 nec
1722 699 1801 749 in-

230 789 441 861 telligitis
470 790 495 842 ?
522 790 705 844 Adhuc
736 800 980 844 ctecatum
999 789 1196 844 habetis
1221 806 1307 843 cor
1330 801 1549 845 vestrum
1579 806 1596 843 :
1628 789 1803 845 oculos

227 881 476 950 habentes,
506 900 609 937 non
640 884 821 937 ridetis
851 898 869 937 :
896 894 940 938 et
967 900 1123 937 aures
1171 885 1430 950 habentes,
1457 901 1559 938 non
1586 884 1800 939 auditis.

230 975 327 1030 Nec
349 978 717 1043 recordamini,
742 976 951 1047 quando
978 977 1200 1047 quinque
1229 995 1388 1049 panes
1416 978 1549 1049 {regi
1570 979 1625 1032 in
1654 977 1805 1049 quin-

229 1085 310 1138 que
337 1068 523 1135 millia,
555 1078 600 1122 et
629 1078 751 1139 quot
779 1070 1029 1138 captiinos
1055 1062 1465 1145 fragmentorum
1495 1069 1671 1138 plenos
1699 1086 1806 1124 sus-

232 1160 476 1225 tulistis,?
521 1158 712 1213 Dicunt
742 1160 829 1213 ei:
870 1157 1178 1213 Duodecim.
1237 1158 1462 1233 Quando
1514 1170 1562 1213 et
1609 1168 1803 1230 septem

232 1268 371 1324 panes
399 1252 451 1305 in
481 1261 703 1322 quatuor
731 1250 901 1305 millia
924 1294 939 1317 ,
986 1261 1109 1322 quot
1154 1262 1353 1323 sportas
1400 1256 1805 1322 fragmentorum

236 1344 446 1398 tulistis?
475 1340 545 1397 Et
589 1344 768 1398 dicunt
794 1345 841 1398 ei
866 1361 884 1398 .'
927 1342 1156 1419 Septem.
1194 1343 1257 1398 Et
1284 1344 1483 1419 dicebat
1504 1347 1574 1398 eis
1604 1361 1623 1399 :
1664 1344 1805 1409 Quo-

237 1439 369 1488 modo
400 1435 631 1490 nondum
671 1435 961 1506 intelligitis
983 1436 1009 1490 ?
1062 1436 1127 1490 Et
1154 1438 1363 1491 veniunt
1413 1435 1725 1503 Bethsaida,
1758 1447 1805 1491 et

239 1528 483 1583 adducunt
510 1531 559 1583 ei
590 1546 798 1584 aecum.
820 1528 1112 1585 Undecima
1146 1530 1344 1585 virtute
1372 1540 1579 1599 septem
1611 1545 1803 1599 panes,

241 1632 447 1693 quatuor
470 1622 675 1692 jejunis
703 1623 943 1678 millibus
986 1622 1340 1693 franguntur,
1375 1633 1433 1678 et
1462 1626 1612 1693 pauci
1648 1624 1807 1693 pisci-

245 1717 331 1771 culi
362 1715 753 1770 benedicuntur
780 1732 793 1768 :
823 1727 876 1769 et
908 1715 977 1771 de
1022 1715 1339 1785 fragmentis
1370 1724 1575 1786 septem
1606 1722 1806 1784 sportte

1904 527 1989 566 sus
2019 520 2089 565 est
2110 510 2262 565 Jesus
2290 521 2334 565 et
2360 512 2598 584 discipuli
2629 515 2740 586 ejus
2769 512 2823 565 in
2848 509 3061 565 castella
3084 508 3332 566 Caesarem
3359 511 3494 565 Phi-

1907 604 2057 675 lippi,
2092 614 2137 657 et
2161 604 2213 658 in
2235 604 2313 657 ria
2341 604 2690 676 interrogabat
2714 602 3003 675 discipulos
3031 620 3172 670 suos,
3198 603 3372 657 dicens
3399 604 3493 658 eis:

1909 696 2069 763 Quem
2100 713 2178 751 me
2204 697 2381 767 dicunt
2409 714 2516 751 esse
2548 699 2777 751 homines
2801 698 2824 750 ?
2851 696 2940 767 qui
2983 677 3359 765 responderunt
3388 696 3492 761 illi,

1906 790 2131 843 dicentes
2165 804 2181 842 :
2221 788 2478 843 Joannem
2514 788 2806 861 Baptistam
2833 805 2852 843 :
2880 789 2973 843 alii
3005 788 3182 844 Eliam
3208 832 3223 857 ,
3263 789 3356 843 alii
3382 806 3499 843 vero

1906 884 2057 965 quasi
2083 899 2243 937 unum
2290 883 2353 936 de
2399 881 2684 953 praphetis.
2720 882 2862 937 Tunc
2908 883 3038 937 dixit
3074 882 3181 937 illis
3214 898 3231 935 :
3263 900 3350 937 uos
3377 900 3495 939 vero

1906 992 2055 1047 quem
2085 992 2161 1029 me
2192 992 2299 1030 esse
2322 976 2491 1029 dicitis
2519 977 2542 1029 ?
2572 974 2907 1043 Respondeas
2940 973 3149 1037 Petrus,
3182 976 3255 1029 ait
3285 975 3332 1029 ei
3356 989 3375 1032 :
3420 973 3498 1029 Tu

1908 1084 1957 1121 es
1982 1066 2237 1122 Christus.
2276 1066 2339 1122 Et
2362 1069 2708 1122 comminatus
2738 1077 2811 1123 est
2839 1069 2936 1133 eis,
2982 1086 3045 1123 ne
3066 1068 3150 1143 cui
3178 1070 3405 1123 dicerent
3436 1070 3501 1125 de

1905 1163 2019 1217 illo.
2054 1162 2108 1218 Id
2142 1172 2265 1229 est,
2296 1163 2485 1219 vicinis
2517 1163 2817 1219 crccitatem
2850 1172 2995 1217 tuam
3028 1178 3247 1233 semper
3273 1179 3494 1231 enarra,

1907 1275 2013 1315 non
2048 1262 2299 1314 virtutem
2327 1278 2341 1314 :
2374 1270 2433 1315 ut
2479 1259 2555 1314 ait
2599 1260 2793 1314 Paulus
2825 1276 2840 1317 :
2873 1258 2972 1327 Qui
3004 1258 3080 1315 fui
3122 1242 3495 1333 blaSpliemus,

1908 1361 1963 1407 et
1990 1360 2305 1422 persecutus
2335 1365 2451 1405 sum
2480 1351 2773 1406 Ecclesiam
2806 1350 2924 1406 Dei.
3132 1334 3137 1343 ’

1980 1438 2049 1497 Et
2074 1444 2221 1515 coepit
2253 1444 2433 1498 docere
2459 1461 2564 1509 eos,
2591 1446 2835 1514 quoniam
2862 1453 3059 1514 oportet
3088 1444 3257 1514 [ilium
3278 1445 3500 1499 hominis

1910 1534 2073 1589 multa
2106 1537 2237 1602 pati,
2268 1544 2319 1589 et
2343 1535 2613 1608 reprobari
2642 1553 2674 1589 a
2701 1535 3011 1603 senioribus,
3042 1545 3091 1590 et
3116 1553 3147 1590 a
3173 1538 3382 1592 summis
3412 1556 3498 1592 sa-

1908 1626 2204 1681 cerdotibus
2234 1636 2282 1681 et
2310 1628 2508 1689 scribis,
2541 1636 2587 1681 et
2611 1628 2795 1693 occidi,
2830 1638 2879 1683 et
2922 1636 3033 1696 post
3066 1636 3165 1682 tres
3193 1628 3301 1683 dies
3324 1648 3497 1685 resur-

1908 1736 2047 1792 gere,
2064 1730 2107 1775 et
2122 1722 2294 1783 palam
2316 1721 2522 1775 verbum
2539 1720 2862 1793 loquebatur.
2882 1721 2947 1775 Et
2969 1722 3360 1793 apprehendens
3378 1742 3494 1778 cum

248 1813 396 1882 plentc
418 1810 801 1865 sustolluntur.
834 1809 1056 1875 Septem
1079 1824 1268 1878 panes,
1298 1809 1437 1864 dona
1466 1816 1806 1879 suntseptem
1844 1824 1882 1905 β
1916 1809 2123 1897 Petrus,
2150 1815 2298 1884 caspit
2319 1815 2589 1891 increpare
2619 1832 2752 1869 eum.
2791 1815 2891 1880 Qui
2914 1831 3213 1882 conversus,
3242 1826 3289 1871 et
3320 1817 3501 1871 uidens

250 1904 455 1975 Spiritus
477 1905 673 1983 sancti.
709 1904 954 1971 Quatuor
982 1902 1174 1969 millia,
1205 1918 1378 1957 annus
1407 1912 1491 1957 est
1531 1903 1657 1958 novi
1699 1902 1804 1957 Te-
1854 1888 1881 1905 ¹’
1911 1888 2193 1979 discipulos
2231 1888 2373 1969 suos,
2417 1908 2754 1959 comminatus
2781 1917 2856 1959 est
2888 1905 3066 1976 Petro,
3099 1908 3314 1965 dicens:
3359 1907 3501 1963 Vade

254 2000 475 2053 stamenti
504 2014 630 2053 cum
659 2009 892 2067 quatuor
924 1998 1277 2068 temporibus.
1325 1997 1543 2068 Septem
1570 2005 1805 2067 sportte,

256 2094 415 2161 primte
441 2101 646 2161 septem
677 2090 959 2147 Ecclesiae.
998 2091 1318 2159 Fragmenta
1342 2106 1562 2159 panum,
1594 2090 1808 2161 mystici

260 2180 531 2240 intellectus
562 2166 754 2255 prima:
797 2185 1117 2256 septimanm
1148 2195 1292 2240 sunt.
1341 2184 1599 2241 Piseiculi
1644 2186 1810 2240 bene-

261 2279 389 2344 dicti,
435 2280 555 2333 libri
602 2288 728 2333 sunt
779 2268 905 2355 novi
943 2279 1273 2334 Testamenti
1303 2297 1317 2335 :
1346 2281 1599 2351 quoniam
1648 2279 1811 2351 piscis

262 2370 345 2423 assi
373 2384 573 2440 partem
606 2370 869 2427 Dominus
901 2386 1195 2443 resurgens
1228 2372 1490 2441 postulat,
1525 2382 1579 2427 et
1604 2377 1810 2442 piscem

263 2464 623 2532 superpositum
666 2464 874 2534 prunis,
903 2463 1185 2535 discipulis
1224 2463 1277 2518 in
1324 2472 1546 2534 captura
1586 2464 1811 2533 piscium

267 2558 473 2626 porrigit.
517 2558 641 2612 Post
678 2540 799 2613 lucc
826 2560 1052 2613 veniunt
1094 2558 1418 2624 Bethsaida,
1458 2574 1577 2629 quae
1628 2558 1814 2612 domus

268 2649 380 2703 rallis
407 2649 824 2725 interpretatur,
863 2666 986 2721 qua:
1034 2664 1121 2705 (εει
1148 2652 1250 2705 alia
1284 2651 1385 2706 nisi
1422 2650 1675 2716 mundus,
1722 2652 1813 2721 qui

270 2755 332 2798 est
351 2745 490 2800 vallis
516 2746 916 2817 lacrymarum?
942 2745 1233 2800 Adducunt
1253 2744 1572 2799 duodecima
1590 2746 1813 2811 virtute,

272 2851 431 2891 eccum
463 2838 551 2907 qui
582 2854 693 2890 non
726 2837 895 2902 videt,
921 2852 1022 2893 nec
1041 2846 1167 2892 ante
1191 2852 1293 2893 nec
1315 2848 1482 2904 retro,
1517 2836 1573 2913 id
1595 2846 1699 2903 est,
1724 2837 1813 2907 qui

273 2926 364 2991 iuit,
390 2929 475 2998 qui
502 2937 606 2991 est,
642 2930 731 2998 qui
762 2929 889 2985 erit.

324 3021 378 3074 Et
397 3024 640 3093 rogabant
668 3038 785 3076 eum
825 3034 879 3076 ut
910 3023 1060 3077 illum
1090 3032 1339 3094 tangeret.
1385 3022 1449 3076 Et
1495 3023 1818 3094 apprehensa

274 3129 392 3169 manu
419 3116 557 3171 caci.
593 3116 729 3182 Quis
757 3125 844 3169 est
872 3116 963 3186 qui
1010 3116 1266 3186 tangitur,
1298 3116 1398 3170 nisi
1426 3115 1518 3185 qui
1558 3129 1819 3193 compun-

1911 2010 2047 2052 retro
2076 2016 2173 2069 me,
2208 1999 2433 2067 Satana,
2464 2003 2709 2069 quoniam
2744 2020 2847 2056 non
2888 2005 3028 2070 sapis
3060 2021 3175 2075 qua:
3214 2003 3315 2059 Dei
3352 1998 3501 2074 sunt,

1911 2094 2003 2145 sed
2031 2109 2145 2161 qua:
2164 2103 2282 2146 sunt
2309 2092 2594 2147 hominum.
2624 2094 2690 2146 Et
2713 2105 2994 2150 convocata
3024 2098 3172 2150 turba
3192 2114 3305 2152 cum
3337 2099 3500 2154 disci-

1916 2184 2051 2253 pulis
2076 2186 2204 2253 suis,
2231 2184 2363 2239 dixit
2392 2187 2465 2239 eis
2490 2202 2507 2241 :
2534 2183 2725 2258 Siquis
2755 2187 2861 2241 vult
2893 2205 2972 2243 me
2991 2190 3153 2260 sequi,
3181 2190 3392 2264 deneget
3419 2208 3505 2246 se-

1916 2280 2206 2347 metipsum,
2238 2287 2286 2332 et
2310 2279 2457 2333 tollat
2477 2296 2678 2333 crucem
2714 2297 2883 2346 suam,
2916 2292 2963 2335 et
2994 2291 3237 2353 sequatur
3270 2299 3364 2336 me.
3402 2281 3507 2350 Qui

1913 2371 2047 2422 enim
2069 2371 2285 2424 voluerit
2307 2372 2533 2424 animam
2559 2388 2705 2425 suam
2726 2371 2921 2425 salvam
2945 2375 3137 2442 facere,
3164 2375 3339 2445 perdet
3364 2392 3499 2430 eam:

1915 2464 2004 2533 qui
2048 2472 2217 2516 autent
2274 2462 2556 2531 perdiderit
2614 2465 2838 2517 animam
2878 2481 3025 2517 suam
3059 2474 3269 2535 propter
3314 2484 3391 2519 me
3454 2476 3504 2521 ct

1921 2542 2285 2627 Evangelium,
2319 2557 2511 2609 salvam
2542 2557 2697 2626 faciet
2733 2573 2865 2609 eam.
2914 2558 3051 2624 Quid
3092 2559 3228 2612 enim
3280 2558 3508 2627 proderit

1918 2646 2135 2710 homini,
2168 2648 2212 2700 si
2252 2645 2475 2701 lucretur
2504 2649 2751 2715 mundum
2806 2657 3003 2713 totum,
3052 2658 3099 2702 et
3149 2649 3507 2704 detrimentum

1918 2741 2105 2793 anima:
2130 2755 2238 2793 sua:
2267 2740 2471 2810 faciat?
2498 2738 2600 2792 Aut
2628 2739 2755 2810 quid
2787 2739 2938 2793 homo
2967 2741 3382 2794 commutationis
3413 2741 3508 2793 da-

1921 2830 1993 2883 bit
2021 2846 2112 2895 pro
2138 2831 2311 2882 anima
2334 2832 2475 2885 sua?
2508 2830 2611 2898 Qui
2648 2822 2787 2885 'enim
2818 2848 2897 2885 me
2948 2833 3195 2898 confusus
3227 2833 3383 2902 fuerit
3414 2876 3427 2898 ,
3460 2842 3511 2887 et

1919 2922 2069 2976 verba
2100 2938 2210 2975 mea
2232 2923 2285 2976 in
2309 2924 2637 2993 generatione
2660 2924 2757 2977 ista
2786 2924 3024 2977 adultera
3050 2932 3097 2976 et
3128 2926 3430 2992 peccatrice,
3457 2935 3504 2978 et

1924 3013 2066 3084 [ilius
2098 3006 2624 3086 hominisconfundet
2676 3032 2789 3069 eum
2813 3058 2828 3082 ,
2881 3033 2997 3070 cum
3027 3019 3219 3071 uenerit
3261 3018 3314 3070 in
3345 3018 3511 3088 gloria

1924 3105 2105 3163 Patris
2126 3109 2229 3173 sui,
2261 3125 2375 3161 cum
2405 3108 2603 3180 angelis
2633 3111 2844 3164 sanctis.
2876 3110 3028 3165 Sicut
3057 3112 3389 3181 gubernator
3419 3126 3513 3182 pe-

275 3208 414 3277 gitur?
440 3210 504 3266 Et
535 3209 898 3279 apprehendit
942 3224 1160 3264 manum
1189 3210 1341 3274 (περὶ,
1378 3215 1437 3263 ut
1466 3208 1811 3275 lamentatio;
1844 3217 1890 3278 ο
1921 3202 2057 3255 ritus
2091 3210 2465 3269 tempestatem
2497 3202 2550 3257 in
2576 3201 2967 3275 tranquillitate
3002 3219 3335 3273 prtncaveus,
3374 3219 3509 3258 nau-

274 3314 359 3356 nem
383 3302 450 3357 de
477 3284 727 3357 cmcilate
755 3300 937 3356 cordis
984 3302 1065 3355 sui
1113 3309 1236 3369 agat
1273 3298 1478 3354 deﬂens
1504 3341 1517 3363 ,
1570 3307 1626 3379 ut
1658 3299 1815 3355 .Iere-

277 3395 369 3450 nits
425 3394 771 3451 eversionem
819 3394 1055 3450 civitatis
1103 3393 1234 3448 Dei:
1280 3391 1380 3447 hoc
1434 3401 1566 3458 est,
1620 3392 1817 3446 animas

270 3500 370 3541 ωε.

314 3578 503 3638 Eduxit
530 3596 648 3633 eum
676 3586 826 3634 extra
851 3578 1099 3644 vicum,et
1126 3593 1377 3650 exspuens
1402 3577 1456 3631 in
1487 3574 1664 3631 oculos
1687 3578 1818 3648 ejus,

244 3674 485 3746 inpositis
517 3673 757 3726 manibus
804 3672 913 3726 suis
943 3672 1273 3741 interrogauit
1301 3686 1421 3723 eum
1449 3669 1493 3724 si
1521 3670 1645 3739 quid
1676 3668 1821 3722 uide-

235 3778 325 3823 ret.
359 3769 418 3824 ld
442 3777 549 3833 est,
589 3767 922 3823 vicinitatem
954 3766 1241 3820 malorum.
1270 3764 1637 3832 Corrumpunt
1676 3762 1822 3818 enim

236 3876 411 3918 mores
435 3861 612 3915 bonos
644 3858 913 3928 colloquia
941 3857 1101 3913 male.
1133 3856 1493 3925 Etexspnens
1532 3853 1586 3907 in
1631 3853 1824 3909 oculos

232 3958 367 4025 ejus,
386 3963 449 4009 ut
465 3954 646 4009 videat
673 3953 1008 4008 voluntatem
1030 3950 1240 4005 Domini
1265 3965 1361 4020 per
1388 3948 1571 4003 ﬂatum
1594 3947 1826 4019 Spiritus

235 4048 407 4105 sancti
449 4065 465 4103 :
495 4044 762 4115 impositis
794 4044 1065 4108 manibus,
1092 4042 1458 4112 interrogabat
1486 4055 1612 4096 eum
1642 4040 1685 4095 si
1726 4040 1825 4095 ali-

238 4141 363 4211 quid
412 4141 645 4196 videret.
681 4139 784 4195 Per
824 4154 987 4208 opera
1041 4135 1257 4191 Domini
1294 4135 1441 4190 videt
1489 4136 1823 4204 majestatem

244 4236 419 4306 ejus.A
436 4234 805 4306 magnitudine
816 4234 959 4288 enim
972 4240 1256 4293 creaturas,
1272 4239 1484 4285 creator
1496 4228 1821 4297 agnoscitur.

314 4329 377 4383 Et
402 4330 657 4400 aspiciens
680 4328 753 4381 ait
786 4344 805 4381 :
849 4326 1008 4380 Video
1035 4324 1269 4377 homines
1299 4323 1433 4375 velut
1472 4321 1680 4374 arbores
1711 4335 1823 4372 am-

248 4421 493 4477 bulantes.
528 4420 731 4476 Deinde
759 4420 944 4475 iterum
972 4416 1220 4488 irnposuit
1245 4430 1431 4468 manus
1462 4429 1618 4483 super
1647 4414 1827 4466 oculos

247 4515 375 4583 ejus,
398 4527 442 4568 et
473 4516 625 4587 capit
652 4513 822 4569 ridere
850 4531 869 4566 :
896 4521 945 4565 et
964 4511 1237 4568 restitutus
1263 4517 1361 4572 est,
1396 4492 1470 4561 ita
1496 4516 1551 4559 ut
1581 4506 1723 4560 clare
1748 4507 1825 4559 ui-

1923 3304 2002 3349 tas
2046 3304 2261 3364 paratos
2290 3294 2402 3349 vult
2440 3310 2563 3351 esse
2592 3311 2742 3353 suos.
2776 3294 2931 3351 Unde
2962 3296 3223 3351 Dominus
3259 3317 3270 3350 :
3300 3296 3354 3352 Si
3383 3298 3507 3365 quis

1922 3388 2042 3443 vult
2067 3400 2188 3459 post
2215 3405 2299 3444 me
2320 3394 2500 3460 sequi,
2534 3390 2765 3461 deneget
2796 3391 3147 3460 semetipsum
3173 3410 3186 3447 :
3219 3392 3268 3447 id
3297 3404 3401 3460 est,
3434 3395 3514 3447 al-

1923 3490 2009 3537 ter
2036 3498 2102 3537 ex
2128 3481 2304 3537 altero
2335 3482 2622 3555 efﬁciatur.
2658 3483 2785 3538 Post
2811 3484 3282 3540 confirmationem
3305 3486 3503 3553 crucis,

1923 3574 2094 3645 gloria
2127 3573 2541 3630 resurrecﬁonis
2580 3575 2903 3631 ostenditur.
2932 3576 3087 3657 Unde
3119 3578 3365 3649 sequitur
3397 3590 3511 3635 ter-

1924 3669 1993 3725 tia
2026 3669 2233 3724 decima
2256 3669 2480 3725 virtute.
3208 3660 3213 3671 ’

2530 3763 2759 3821 CAPUT
2780 3763 2890 3827 ⁵ΙΧ.

1995 3855 2066 3911 Et
2093 3856 2291 3912 dicebat
2315 3855 2422 3935 illis
2447 3872 2467 3912 :
2496 3857 2658 3911 Amen
2687 3858 2801 3911 dico
2828 3857 2989 3924 vobis,
3016 3857 3135 3926 quia
3157 3866 3278 3913 sunt
3301 3854 3517 3926 quidam

1926 3952 1991 4005 de
2020 3951 2102 4003 hic
2131 3950 2383 4004 stantibus
2401 3992 2414 4015 ,
2447 3949 2537 4025 qui
2561 3966 2664 4003 non
2688 3949 2964 4023 gustabunt
2986 3959 3224 4018 mortem,
3252 3951 3413 4005 donec
3444 3953 3520 4005 vi-

1926 4026 2083 4099 deant
2102 4061 2313 4116 regnum
2344 4043 2441 4097 Dei
2468 4044 2677 4098 veniens
2707 4046 2757 4097 in
2785 4043 2989 4097 virtute.
3023 4042 3090 4097 Et
3116 4054 3231 4113 post
3260 4046 3369 4098 dies
3400 4064 3509 4113 sex,

1927 4139 2207 4210 assumpsit
2233 4136 2385 4211 Iesus
2416 4135 2652 4201 Petrum,
2683 4146 2728 4190 et
2768 4135 3043 4203 Iacobum,
3080 4145 3129 4191 et
3168 4136 3446 4201 Joannem,
3474 4147 3521 4191 et

1928 4230 2076 4284 duxit
2099 4232 2215 4284 illos
2237 4231 2289 4282 in
2314 4238 2535 4283 montem
2564 4229 2821 4283 excelsum
2844 4246 3071 4283 seorsum
3091 4229 3246 4294 solos,
3275 4241 3319 4283 et
3348 4237 3523 4283 trans-
3579 4212 3585 4219 ’

1929 4318 2183 4390 figuratus
2214 4326 2286 4369 est
2314 4331 2490 4369 coram
2514 4315 2659 4387 ipsis.
2687 4313 2755 4367 Et
2772 4314 3075 4383 vestimenta
3105 4318 3214 4387 ejus
3243 4315 3384 4383 facta
3406 4326 3525 4368 sunt

1929 4408 2258 4482 splendentia
2291 4418 2338 4461 et
2378 4408 2603 4461 candida
2642 4408 2793 4459 nimis
2822 4408 2961 4460 velut
2991 4409 3083 4460 nia:
3108 4448 3121 4469 ,
3164 4408 3338 4476 qualia
3392 4404 3524 4476 fullo

1929 4520 2033 4557 non
2075 4511 2243 4570 potest
2276 4519 2428 4573 super
2473 4510 2665 4555 terram
2695 4501 2923 4553 candida
2958 4501 3151 4570 facere.
3190 4499 3254 4553 Et
3282 4501 3528 4572 apparuit

246 4606 378 4661 deret
407 4610 581 4662 omnia
611 4624 629 4659 :
648 4615 695 4660 et
718 4606 862 4659 misit
888 4603 1045 4658 illum
1066 4603 1119 4655 in
1140 4603 1352 4655 domum
1390 4616 1539 4653 suam
1562 4638 1578 4665 ,
1612 4600 1825 4652 dicens:
1854 4601 1909 4663 D
1934 4598 2041 4650 illis
2074 4594 2222 4650 Elias
2255 4612 2369 4648 cum
2400 4592 2545 4649 Moss
2574 4611 2591 4647 :
2627 4592 2693 4647 Et
2741 4603 2885 4649 erant
2914 4595 3179 4665 loquentes
3226 4610 3342 4647 cum
3378 4592 3524 4647 Jesu.

253 4700 389 4755 Vade
414 4705 468 4759 in
493 4704 707 4756 domum
735 4709 898 4754 tuam.
933 4696 989 4752 Id
1019 4707 1123 4760 est,
1152 4708 1341 4749 omnes
1365 4693 1615 4747 homines
1637 4691 1830 4746 existi—

243 4810 391 4851 mans
407 4794 723 4863 superiores
741 4794 864 4858 sibi,
892 4791 1169 4860 indignum
1192 4804 1252 4842 se
1270 4787 1539 4855 judicans,
1563 4783 1825 4851 utDavid,

240 4890 415 4944 vocari
450 4889 727 4945 hominem
754 4933 767 4955 ,
818 4897 873 4942 et
925 4900 1115 4941 canem
1162 4891 1430 4937 mortuum
1457 4922 1472 4947 ,
1502 4888 1557 4935 et.
1599 4880 1829 4950 pulicem

238 4998 421 5039 unum.
456 4985 655 5039 lterum
700 4996 895 5036 manus
926 4979 1107 5052 posuit
1136 4992 1302 5048 super
1344 4975 1534 5031 oculos
1561 4974 1676 5043 ejus
1705 5014 1718 5038 ,
1772 4982 1829 5027 ut

235 5077 444 5133 videret
468 5077 616 5132 clare
646 5076 850 5139 omnia,
885 5073 938 5129 id
964 5081 1070 5137 est,
1099 5086 1192 5142 per
1214 5084 1378 5140 opera
1403 5067 1659 5133 visibilis,
1692 5065 1825 5120 invi-

236 5170 472 5226 visibilia
503 5170 856 5239 intelligeret,
892 5175 948 5221 et
997 5180 1117 5235 qua:
1168 5163 1361 5219 oculus
1403 5176 1509 5214 non
1541 5158 1719 5213 vidit:
1773 5168 1829 5214 et

233 5263 395 5318 clare
439 5263 635 5318 anima:
664 5276 775 5316 sua:
820 5268 1044 5321 statum,
1078 5265 1205 5327 post
1234 5253 1538 5324 rubiginem
1572 5250 1781 5322 peccati
1810 5291 1825 5315 ,

234 5355 421 5411 mundi
450 5355 635 5411 cordis
658 5351 820 5408 oculo
850 5356 1225 5406 contueretur.
1262 5345 1417 5401 Beati
1447 5344 1591 5399 enim
1626 5340 1826 5399 mundo

236 5449 403 5507 corde
434 5467 446 5501 :
474 5446 730 5519 quoniam
764 5446 865 5516 ipsi
901 5445 1067 5499 Deum
1095 5441 1377 5497 videbunt.
1420 5437 1486 5493 Et
1524 5435 1670 5492 misit
1700 5451 1825 5491 eum

238 5535 291 5591 iu
317 5540 534 5594 (tororum
582 5553 763 5603 suam,
796 5545 855 5591 ut
895 5535 1104 5590 videret
1153 5535 1204 5588 iu
1253 5547 1313 5587 se
1343 5573 1358 5597 ,
1390 5530 1537 5600 quod
1566 5538 1689 5585 ante
1720 5544 1825 5583 non

243 5630 394 5688 vidit.
436 5632 555 5687 Non
594 5630 738 5687 enim
779 5638 928 5699 putat
983 5628 1145 5681 homo
1191 5626 1489 5692 desperans
1538 5622 1605 5678 de
1652 5622 1829 5677 salute

244 5727 461 5781 omnino
485 5740 669 5797 posse,
697 5726 840 5793 quod
876 5722 1034 5777 facile
1059 5719 1395 5777 illuminatus
1429 5732 1525 5789 per
1546 5732 1695 5788 spem
1729 5730 1823 5788 po-

245 5829 349 5879 test
376 5824 657 5895 perlicere.
695 5822 763 5878 Et
789 5818 923 5877 dicit
947 5817 1003 5877 ei
1035 5835 1049 5874 ;

1933 4689 2002 4744 Et
2032 4690 2350 4761 respondens
2386 4688 2593 4751 Petrus,
2621 4688 2693 4741 ait
2719 4687 2847 4741 Jesu
2876 4705 2895 4741 :
2924 4686 3110 4753 Rabbi,
3134 4686 3322 4742 bonum
3344 4698 3528 4742 estnos

1933 4787 2016 4839 hic
2037 4800 2166 4852 esse,
2196 4790 2244 4837 et
2274 4783 2525 4854 faciamus
2555 4782 2637 4835 hic
2681 4782 2782 4835 tria
2814 4782 3168 4849 tabernacula,
3206 4782 3297 4836 tibi
3322 4798 3524 4848 unum,

1930 4887 1979 4931 et
2006 4876 2177 4946 Moysi
2204 4890 2383 4941 unum,
2409 4882 2456 4927 et
2486 4872 2618 4926 Elia:
2641 4888 2821 4926 unum.
2849 4872 2974 4927 Non
3000 4874 3138 4928 enim
3168 4874 3378 4938 sciebat,
3404 4872 3530 4941 quid

1933 4971 2144 5022 diceret.
2182 4966 2344 5020 Erant
2366 4965 2506 5019 enim
2533 4966 2716 5019 timore
2740 4966 2992 5020 exterriti.
3028 4963 3099 5020 Et
3128 4968 3267 5034 facta
3310 4972 3383 5018 est
3430 4981 3530 5017 nu-

1935 5061 2019 5116 bes
2062 5058 2373 5114 obumbrans
2400 5072 2487 5112 eos
2531 5072 2550 5112 :
2604 5065 2651 5110 et
2677 5058 2815 5111 venit
2866 5073 2964 5112 vos;
2998 5057 3061 5110 de
3091 5057 3254 5124 nube,
3302 5055 3476 5109 dicens
3510 5071 3529 5109 :

1934 5156 2037 5212 Hic
2076 5166 2149 5211 est
2182 5155 2321 5226 ﬁlius
2358 5170 2506 5209 meus
2534 5154 2893 5220 charissimus,
2925 5154 3103 5209 audite
3128 5153 3300 5207 illum.
3332 5151 3402 5207 Et
3423 5163 3533 5207 sta-

1934 5251 2025 5303 tim
2072 5248 2560 5319 circumspicientes,
2597 5247 2851 5301 neminem
2893 5244 3119 5314 amplius
3150 5245 3391 5301 viderunt
3429 5245 3531 5300 nisi

1932 5339 1966 5394 J
1972 5357 2112 5395 esum
2136 5348 2339 5393 tantum
2356 5332 2547 5399 secum.
2581 5336 2649 5390 Et
2677 5336 3105 5392 descendentibus
3128 5334 3237 5391 illis
3259 5339 3322 5391 de
3338 5348 3530 5399 monte,

1932 5430 2177 5501 precepit
2200 5428 2308 5482 illis
2334 5471 2349 5495 ,
2399 5444 2464 5483 ne
2492 5430 2579 5483 cui
2605 5446 2723 5500 qua:
2769 5428 3013 5482 vidissent
3040 5468 3055 5493 ,
3083 5439 3354 5483 narrarent
3381 5474 3393 5493 ,
3430 5428 3532 5481 nisi

1934 5539 2051 5576 cum
2088 5521 2229 5592 ﬁlius
2280 5521 2508 5575 hominis
2548 5540 2579 5573 a
2627 5522 2844 5574 mortuis
2872 5524 3232 5576 resurrexerit.
3259 5522 3387 5577 Post
3416 5521 3534 5575 dies

1938 5632 2032 5671 sex
2061 5615 2114 5669 in
2149 5624 2336 5670 monte
2365 5614 2585 5670 excelso
2614 5612 3033 5682 transﬁguratus
3049 5623 3134 5669 est
3154 5629 3337 5670 coram
3365 5611 3533 5667 disci-

1939 5711 2081 5783 pulis
2111 5711 2224 5766 suis
2257 5727 2273 5768 :
2316 5726 2385 5765 ne
2408 5710 2661 5771 timerent
2686 5708 2977 5778 opprobria
3006 5708 3203 5771 crucis,
3251 5711 3341 5776 qui
3383 5706 3538 5763 vide-

1936 5815 2063 5862 rant
2082 5804 2254 5862 oculis
2278 5804 2394 5860 suis
2415 5801 2645 5873 gloriam
2679 5802 2870 5858 luturce
2900 5798 3337 5859 resurrectionis.

3634 5444 3647 5491 l
