3970 6304
392 5418 401 5465 l

576 306 682 379 eis
1605 312 1669 377 s.
1706 310 2093 375 mancum
2128 307 2413 372 ornuuu
2451 286 2816 371 uiarum.
2962 304 3005 345 υ
3154 281 3162 286 ’
3686 316 3774 382 διε

646 439 713 495 Et
732 436 935 495 verbum
965 434 1325 494 continuerunt
1348 432 1491 507 apud
1520 451 1593 503 se,
1626 436 2010 506 conquirentes,
2033 430 2155 506 quid
2184 434 2238 495 Α
2260 448 2408 488 muns
2450 440 2597 504 pater
2634 431 2782 501 pueri
2805 445 2925 486 cum
2951 423 3195 500 lacrymis
3217 424 3379 484 aiebat
3403 445 3423 485 :
3444 426 3608 503 Credo,
3631 434 3781 494 Domia

574 541 703 589 esset
733 550 849 588 cum
870 550 902 587 a
924 532 1136 586 mortuis
1156 529 1521 587 resurrexerit.
1542 526 1611 582 Et
1636 529 2021 601 interrogabant
2048 544 2161 581 eum

575 629 800 684 dicentes
826 643 844 680 :
877 624 1017 694 Quid
1050 642 1169 697 ergo
1217 625 1396 679 dicunt
1425 624 1672 694 pharistei
1725 632 1773 676 et
1800 621 1999 689 scribw,
2038 620 2164 690 quia

577 722 753 776 Etiam
796 728 1033 791 oporteat
1072 721 1246 774 venire
1273 718 1495 789 primum
1524 718 1550 772 ?
1593 714 1693 783 Qui
1733 714 2055 785 respondens
2090 713 2163 767 ait

576 816 683 870 illis
713 832 732 869 :
762 814 906 870 Elias
926 832 1044 869 cum
1073 814 1285 881 venerit,
1312 813 1479 881 primo
1505 811 1738 865 restituet
1760 808 1954 875 omnia,
1987 817 2035 861 et
2064 822 2164 876 quo

575 909 729 963 modo
758 908 1006 979 scriptum
1029 917 1103 962 est
1130 908 1185 962 in
1208 907 1377 977 ﬁlium
1400 904 1649 973 hominis,
1676 912 1731 957 ut
1753 900 1917 956 multa
1937 900 2167 973 patiatur

577 1011 624 1056 et
644 1010 1019 1056 contemnatur.
1056 1001 1164 1056 Sed
1196 1000 1312 1053 dico
1342 998 1504 1065 vobis,
1527 997 1648 1069 quia
1678 1005 1726 1050 et
1756 993 1906 1049 Elius
1934 995 2090 1058 venit,
2118 1004 2166 1047 et

575 1098 807 1165 fecerunt
832 1094 913 1148 illi
935 1109 1270 1164 quascumque
1308 1091 1600 1153 voluerunt,
1640 1089 1774 1144 sicut
1820 1087 2070 1159 scriptum
2094 1094 2167 1139 est

573 1186 639 1239 de
664 1203 744 1239 eo.
775 1184 889 1241 lloc
923 1185 1139 1255 proprie
1162 1183 1347 1251 Marci,
1382 1182 1433 1236 id
1456 1190 1561 1247 est,
1612 1195 1734 1235 cum
1766 1177 2027 1248 absorpta
2053 1176 2168 1231 fue-

572 1278 647 1334 rit
676 1292 826 1333 mors
846 1277 903 1333 in
928 1276 1180 1344 victoria,
1210 1292 1319 1330 non
1349 1284 1509 1330 erunt
1542 1274 1597 1327 in
1625 1271 1888 1327 memoria
1922 1269 2164 1340 propria,

574 1380 631 1427 et
661 1386 766 1426 non
798 1369 1096 1426 ascendent
1146 1383 1316 1440 super
1342 1382 1439 1423 cor
1468 1384 1481 1420 :
1510 1380 1631 1422 cum
1665 1360 1954 1420 abstulerit
1976 1360 2166 1418 Domi-

579 1480 681 1520 nus
702 1464 895 1520 sordes
919 1463 1045 1517 ﬁlia:
1066 1462 1223 1528 Sion,
1252 1458 1505 1516 auferens
1530 1473 1750 1514 omnem
1774 1456 2068 1527 lacrymam
2097 1452 2166 1508 ab

580 1556 733 1613 omni
763 1556 900 1612 facie
930 1564 1270 1612 sanctorum.

648 1649 718 1705 Et
742 1653 947 1707 veniens
968 1650 1037 1704 ad
1066 1648 1351 1720 discipulos
1377 1662 1499 1701 suos
1527 1643 1655 1699 vidit
1681 1641 1886 1698 turbant
1926 1655 2169 1711 magnam

575 1747 717 1801 circa
760 1761 868 1809 eos,
911 1754 958 1799 et
984 1744 1175 1798 scribas
1226 1742 1584 1811 conquirentes
1612 1755 1728 1793 cum
1748 1737 1873 1791 illis.
1900 1734 1967 1790 Et
1995 1738 2171 1805 confe-

2266 543 2351 592 ne,
2380 527 2574 595 adjuva
2600 524 3018 579 incredulitatem
3044 538 3231 578 meam.
3286 522 3410 591 Quae
3452 534 3566 581 sunt
3605 532 3777 599 omnia,

2263 620 2367 674 nisi
2393 634 2513 688 qua:
2536 620 2589 674 in
2617 619 2838 673 nomine
2869 615 3022 684 Jesu,
3048 615 3104 670 id
3134 625 3254 682 est,
3291 616 3470 671 salutis
3498 618 3779 687 postulantur

2265 728 2388 769 cum
2416 710 2715 783 lacrymis?
2740 710 2900 766 Pater
2928 709 3081 782 pueri
3105 707 3282 763 aiebat
3307 725 3319 759 :
3352 708 3535 774 Credo.
3564 709 3777 780 Domine,

2268 804 2463 874 adjuva
2484 802 2924 858 incredulitatem
2955 816 3154 857 meam.
3181 798 3474 857 Credulitas
3499 812 3661 857 nostra
3688 845 3701 869 ,
3739 816 3784 860 nt

2266 903 2501 953 rostrata
2530 895 2711 965 lingua
2743 894 2955 949 inﬁrma
2981 902 3085 959 est,
3114 893 3213 946 nisi
3240 892 3413 947 innixa
3450 891 3679 948 subsistat
3717 910 3781 950 ro-

2268 990 2385 1046 bori
2407 989 2662 1061 adjutorii
2692 989 2809 1045 Dei.
2838 987 3003 1043 Fides
3028 1002 3151 1042 cum
3184 986 3429 1057 lacrymis
3450 1028 3465 1054 ,
3493 994 3658 1058 optata
3692 997 3785 1044 vota

2268 1086 2417 1155 capit
2442 1102 2456 1139 :
2489 1092 2547 1139 ut
2576 1092 2661 1141 est
2691 1102 2705 1139 :
2730 1082 2850 1138 Fiat
2877 1082 2971 1137 tibi
3000 1080 3295 1137 secundum
3321 1080 3474 1137 ﬁdem
3498 1089 3650 1136 tuam.

2344 1178 2411 1233 Et
2441 1196 2557 1233 cum
2581 1178 2794 1233 vidisset
2817 1175 2852 1232 J
2858 1192 2974 1232 esus
3006 1184 3393 1231 concurrentem
3422 1175 3609 1229 turbam
3634 1220 3646 1243 ,
3688 1192 3787 1229 cont-

2272 1273 2497 1327 minatus
2520 1279 2592 1327 est
2616 1270 2821 1343 spiritui
2842 1268 3133 1335 immundo,
3161 1269 3335 1322 dicens
3355 1267 3453 1321 illi.
3478 1266 3667 1321 Dehinc
3688 1266 3785 1323 Mar-

2272 1382 2369 1424 cus
2398 1366 2617 1440 proprie
2643 1373 2850 1421 narrat.
2880 1363 3021 1419 Mina
3052 1362 3302 1429 Domini,
3335 1360 3569 1432 potentia
3591 1360 3693 1431 ejus
3715 1371 3785 1417 est.

2346 1461 2519 1518 Surde
2544 1470 2601 1537 et
2620 1468 2761 1515 mute
2786 1459 3021 1531 spiritus,
3054 1474 3147 1529 ego
3192 1457 3437 1530 prtecipio
3473 1455 3577 1509 tibi.
3619 1456 3787 1526 Spiritui

2274 1557 2504 1628 imputat
2529 1555 2698 1622 Deus,
2725 1554 2869 1625 quod
2901 1551 3108 1608 homini
3145 1550 3391 1607 diabolus
3411 1556 3619 1621 praestat.
3651 1565 3666 1604 :
3700 1550 3791 1603 dum

2274 1649 2365 1705 ille
2394 1663 2683 1719 numquam
2711 1646 2925 1702 audiret
2946 1660 3047 1700 nec
3070 1644 3405 1715 loqueretur,
3434 1640 3569 1713 quod
3597 1649 3792 1712 peccator

2275 1746 2490 1815 penitus
2518 1741 2745 1809 audivit,
2780 1749 2836 1797 et
2855 1739 3119 1810 loquitur.

576 1839 696 1896 stim
742 1837 906 1892 omnis
937 1836 1161 1908 populus
1193 1834 1367 1889 videns
1395 1831 1613 1899 Iesum,
1645 1829 1967 1900 stupefactus
1990 1836 2085 1893 est,
2118 1835 2168 1880 ct
2198 1822 2247 1884 B
2345 1837 2447 1893 Exi
2472 1838 2536 1891 ab
2564 1854 2643 1905 εο,
2674 1846 2721 1890 ει
2748 1834 2975 1907 amplius
3002 1849 3064 1888 ηε
3095 1833 3326 1887 intra“.
3347 1830 3399 1885 ίη
3429 1844 3556 1885 eum,
3579 1824 3643 1883 Ει
3665 1825 3795 1882 mla.

576 1941 887 2003 expaverunt
918 1940 965 1985 et
985 1938 1310 1985 accurrentes
1334 1927 1629 1983 salutabant
1657 1942 1794 1979 eum.
1815 1923 1931 1978 Non
1954 1931 2038 1977 est
2064 1920 2167 1975 ho-

575 2025 708 2080 mini
737 2024 952 2095 requies
980 2022 1082 2077 sub
1104 2022 1244 2077 sole.
1272 2020 1507 2092 Semper
1530 2018 1784 2090 parvulos
1806 2014 2009 2073 occidit
2030 2014 2169 2069 invi-

2271 1948 2445 1999 mans,
2474 1939 2521 1985 et
2550 1930 2775 1985 multum
2800 1929 3096 1999 discerpens
3125 1943 3268 1995 eum,
3294 1925 3416 1981 exiit
3451 1924 3512 1979 ab
3543 1939 3618 1978 eo.
3641 1922 3796 1979 Esiens

2271 2023 2341 2081 ab
2362 2023 2604 2090 homine,
2630 2036 2920 2092 numquam
2951 2018 3270 2087 revertitur,
3318 2019 3365 2075 si
3391 2032 3483 2073 cor
3502 2030 3645 2072 suum
3669 2014 3797 2070 clavis

532 5138 549 5165 .
596 5106 759 5160 Stulte
788 5104 1096 5161 immolaret
1141 5103 1281 5160 ﬁlios
1315 5119 1444 5161 suos
1472 5103 1782 5162 dumoniis.
1818 5104 1973 5162 Unde
2001 5106 2183 5177 sequi-

2274 2116 2541 2172 seraverit
2568 2113 2911 2183 humilitatis,
2936 2121 2992 2169 et
3021 2111 3306 2168 charitatis
3353 2126 3369 2165 :
3402 2118 3458 2165 et
3491 2110 3673 2166 ostium
3693 2106 3799 2162 obti-

2274 2210 2455 2267 nuerit
2485 2211 2649 2265 homo
2677 2208 2978 2265 munitatis.
3024 2205 3184 2263 Unde
3222 2204 3487 2277 propheta
3523 2203 3677 2259 dicit:
3704 2202 3802 2257 Esto

2272 2303 2407 2361 mihi
2436 2304 2490 2360 in
2523 2304 2694 2359 Deum
2719 2312 3081 2373 protectorem
3112 2310 3168 2358 et
3197 2300 3254 2357 in
3280 2300 3459 2357 locum
3483 2298 3802 2362 munitum,ut

2272 2400 2479 2455 salvum
2513 2413 2599 2454 me
2628 2397 2818 2454 facias.

2345 2490 2414 2545 Et
2438 2495 2603 2561 factus
2630 2500 2707 2545 est
2728 2491 2864 2545 sicut
2893 2498 3127 2546 mortuus
3159 2505 3178 2547 :
3208 2490 3288 2543 ita
3314 2497 3371 2543 ut
3410 2486 3553 2542 multi
3594 2485 3801 2548 dicerent,

2272 2588 2394 2659 quia
2413 2595 2642 2640 mortuus
2672 2594 2766 2640 est.
2791 2582 2948 2639 Iesus
2970 2592 3141 2638 autem
3167 2592 3351 2637 tenens
3372 2597 3576 2636 ntanum
3598 2582 3712 2651 ejus,
3731 2575 3808 2628 ele-

575 2118 688 2184 dia,
717 2131 941 2186 magnos
965 2116 1273 2186 percutiunt
1298 2113 1509 2184 fulgura
1531 2121 1768 2169 montes.
1792 2111 1900 2166 Alii
1924 2110 2169 2167 dicentes

577 2226 702 2267 cum
734 2208 840 2265 ﬁde
870 2226 885 2264 :
928 2208 1020 2263 alii
1054 2207 1361 2264 invidentes
1387 2222 1510 2262 cum
1560 2206 1699 2262 fastu
1724 2247 1740 2273 ,
1771 2204 1838 2259 ad
1871 2204 2168 2259 Ecclesium

579 2304 930 2360 conveniunt.
964 2301 1035 2358 Et
1060 2302 1294 2374 populus
1316 2302 1509 2357 videns
1537 2316 1683 2367 eum,
1708 2300 2038 2370 stupefactus
2061 2308 2166 2365 est,

574 2406 632 2453 et
659 2402 1020 2467 expaverunt.
1047 2394 1163 2449 Non
1211 2404 1296 2451 est
1339 2394 1502 2448 timor
1550 2393 1604 2447 in
1664 2392 1952 2448 charitate.
1985 2390 2171 2445 Timor

578 2490 726 2544 enim
755 2498 839 2545 est
878 2502 1181 2555 servorum,
1210 2497 1530 2557 stupescere
1549 2485 1864 2542 stultorum.

599 2634 607 2643 ,
649 2578 719 2634 Et
742 2580 1079 2650 interrogavit
1124 2595 1208 2633 eos
1238 2595 1257 2633 :
1282 2579 1410 2650 quid
1442 2579 1577 2632 inter
1607 2595 1695 2633 vos
1730 2577 2029 2649 conquiritis
2053 2576 2081 2632 ?
2103 2574 2171 2631 Et

576 2672 897 2745 respondens
921 2688 1057 2728 unus
1084 2672 1149 2728 de
1179 2672 1359 2739 turba,
1390 2673 1520 2727 dixit
1551 2689 1569 2725 :
1603 2671 1857 2746 Magister
1880 2712 1896 2739 ,
1935 2670 2088 2725 attuli
2110 2672 2166 2741 ﬁ-

2272 2682 2406 2734 vavit
2429 2696 2565 2743 eum,
2594 2685 2641 2733 et
2672 2679 2919 2733 surrexit.
2951 2675 3171 2734 Sanatis
3196 2677 3408 2733 etenim
3432 2673 3635 2737 dicitur,
3654 2668 3807 2725 mortui

576 2765 704 2821 lium
738 2782 912 2821 meum
936 2767 1006 2821 ad
1036 2776 1103 2832 te,
1136 2765 1408 2821 habentem
1426 2766 1667 2836 spiritum
1694 2774 1891 2821 mutum
1912 2781 1931 2819 .'
1952 2766 2041 2836 qui
2060 2765 2166 2819 ubi-

2275 2773 2431 2839 estis,
2463 2782 2519 2827 et
2543 2771 2653 2827 vita
2686 2780 2865 2827 vestra
2907 2769 3229 2826 abscondita
3272 2779 3361 2826 est
3408 2784 3525 2825 cum
3552 2765 3737 2823 Christo
3769 2763 3807 2817 in

578 2876 794 2928 cumque
819 2876 935 2914 eum
963 2858 1380 2931 apprehenderit,
1412 2859 1583 2912 allidit
1606 2859 1779 2924 illum,
1811 2868 1859 2912 et
1880 2866 2102 2927 spumat,
2127 2867 2166 2911 et

2277 2866 2411 2923 Deo.
2441 2865 2595 2922 Unde
2622 2865 2907 2921 inﬁrmitas
2949 2864 3392 2921 Christianorum
3427 2880 3534 2921 non
3562 2871 3637 2918 est
3657 2870 3806 2921 mors,

577 2955 759 3009 stridet
796 2954 1035 3009 dentibus
1086 2964 1131 3009 et
1159 2955 1367 3009 arescit.
1422 2952 1491 3007 Et
1521 2954 1634 3007 dixi
1662 2952 1933 3025 discipulis
1963 2952 2086 3019 tuis,
2118 2961 2176 3005 ut
2275 2958 2372 3015 sed
2394 2958 2585 3014 mortis
2610 2957 2928 3014 similitudo,

582 3050 829 3119 ελίεενεηι
855 3048 1036 3115 illum.
1065 3058 1116 3102 ει
1144 3064 1250 3100 τιοη
1268 3055 1565 3116 Pomm"!!-
1595 3044 1698 3111 Qui
1728 3044 2043 3115 respondens
2081 3044 2172 3109 eis,
2350 3049 2420 3105 Et
2448 3068 2560 3105 cum
2594 3051 2889 3106 introissent
2916 3052 2970 3106 in
2999 3051 3235 3121 domum,
3267 3051 3514 3124 discipuli
3541 3052 3641 3124 ejus
3660 3054 3809 3103 secreto

580 3140 715 3194 dixit
736 3155 756 3196 :
788 3140 833 3194 0
860 3141 1128 3214 generatio
1157 3139 1449 3208 incredula,
1479 3138 1730 3211 quamdiu
1759 3140 1899 3223 apud
1925 3154 2013 3192 vos
2039 3154 2125 3191 ero
2151 3138 2177 3191 ?
2211 3213 2247 3223 _
2276 3142 2661 3214 interrogabant
2688 3159 2801 3197 eum
2823 3160 2843 3197 :
2877 3141 3051 3209 Quare
3096 3160 3192 3199 nos
3235 3161 3342 3199 non
3389 3143 3635 3216 potuimus
3668 3139 3811 3209 ejicere

580 3233 831 3305 quamdiu
857 3213 942 3288 vos
976 3234 1193 3304 patiar?
1220 3232 1414 3300 All'erte
1458 3232 1610 3287 illum
1650 3231 1718 3285 ad
1766 3247 1865 3285 me.
1894 3220 1962 3285 Et
1985 3231 2175 3285 attule-
2202 3213 2248 3279 C
2279 3239 2435 3295 eum?
2466 3213 2533 3291 Et
2554 3237 2688 3292 dixit
2717 3238 2824 3292 illis
2848 3254 2867 3292 :
2894 3236 3013 3292 Hoc
3037 3255 3201 3309 genus
3231 3240 3290 3293 in
3320 3213 3473 3293 nullo
3501 3244 3647 3309 potest
3668 3233 3804 3293 exire,

584 3336 710 3380 runt
735 3343 872 3381 eum.
906 3326 1109 3381 Etcum
1140 3326 1351 3381 vidisset
1370 3342 1508 3396 eum,
1531 3325 1705 3378 statim
1725 3325 1942 3395 spiritus
1963 3333 2169 3377 contur—
2274 3330 2373 3385 nisi
2393 3330 2447 3384 in
2470 3330 2709 3384 oratione
2736 3340 2784 3383 et
2800 3330 3030 3403 jejunio.
3054 3328 3123 3383 Et
3151 3330 3281 3386 inde
3302 3332 3527 3403 profecti
3564 3338 3807 3400 pra'tergre-

583 3421 719 3476 bavit
741 3421 913 3488 illurn,
944 3431 993 3476 et
1020 3422 1175 3475 elisus
1200 3421 1256 3475 in
1304 3428 1520 3486 terram,
1552 3418 1879 3474 volutabatur
1900 3434 2166 3489 spumans,

2274 3426 2543 3481 diebantur
2570 3424 2849 3481 Galilteam
2878 3443 2897 3481 :
2927 3442 3019 3481 nec
3043 3426 3247 3481 volebat
3268 3426 3705 3501 quemquamscire.
3724 3422 3805 3473 llo-

581 3526 631 3571 et
652 3516 983 3588 interrogavit
1008 3523 1210 3586 patrem
1251 3516 1363 3586 ejus
1388 3530 1406 3567 :
1434 3513 1700 3581 Quantum
1725 3511 1971 3583 temporis
1996 3520 2071 3565 est
2110 3525 2173 3565 ex
2273 3517 2419 3573 cabat
2450 3525 2624 3571 autem
2644 3516 2931 3589 discipulos
2959 3535 3101 3585 suos,
3145 3528 3195 3574 ει
3227 3520 3438 3575 dicebat
3467 3518 3597 3586 ξιιίε,
3622 3513 3799 3587 quoniam

582 3625 684 3680 quo
706 3612 753 3663 ei
773 3609 867 3663 hoc
893 3608 1082 3662 accidit
1106 3608 1130 3661 ?
1154 3606 1306 3674 Quod
1327 3606 1429 3661 scit
1451 3607 1735 3673 Dominus,
1762 3614 1936 3678 rogat,
1961 3615 2019 3660 ut
2042 3619 2174 3660 con-
2273 3611 2412 3681 ﬁlius
2435 3610 2656 3665 hominis
2677 3611 2911 3665 tradetur
2935 3610 2990 3666 in
3010 3627 3197 3666 manus
3227 3610 3506 3667 hominum
3529 3652 3544 3677 ,
3567 3618 3608 3665 et
3624 3605 3795 3661 occident

587 3702 753 3757 fessio
779 3701 956 3772 pariat
978 3700 1207 3757 salutem
1238 3718 1253 3756 :
1275 3708 1330 3755 et
1350 3714 1598 3755 murmur
1624 3698 1805 3755 cordis
1831 3700 2028 3765 nostri,
2054 3712 2174 3753 ser-
2273 3721 2392 3760 eum
2418 3721 2436 3759 .-
2459 3714 2507 3760 et
2534 3706 2755 3775 occisus,
2782 3706 2934 3761 ιετιξα
2957 3706 3039 3760 die
3069 3716 3333 3780 mur-ger.
3364 3708 3433 3762 Αι
3457 3706 3538 3761 ius
3563 3697 3790 3775 ignorabant

588 3796 840 3852 monibus
869 3794 1113 3852 solvatur
1156 3794 1283 3866 piis,
1319 3804 1376 3850 ut
1406 3804 1491 3850 est
1529 3793 1662 3849 illud
1696 3809 1711 3848 :
1746 3793 1843 3849 Dic
1870 3804 1927 3848 tu
1973 3792 2174 3863 iniqui-
2274 3797 2505 3864 verbum,
2538 3808 2583 3853 et
2607 3796 2850 3852 timebant
2876 3814 2993 3852 eum
3015 3798 3368 3871 interrogare.
3392 3790 3797 3855 Stultitiasdlusu-

585 3899 727 3945 tates
754 3900 874 3947 tuas
913 3891 1083 3961 prius,
1127 3898 1186 3944 ut
1227 3886 1566 3960 justiﬁceris.
1608 3887 1805 3944 Postea
1854 3896 2050 3959 quarta
2079 3886 2176 3943 de-
2276 3891 2410 3948 riam
2441 3892 2620 3948 carnis
2648 3893 2921 3962 pertinet:
2950 3900 3005 3948 et
3026 3891 3240 3963 jejunio
3262 3902 3499 3950 sanatur
3523 3903 3575 3949 et
3598 3884 3803 3946 oratione.

586 3984 723 4037 cima
757 3983 957 4038 virtute
983 3997 1121 4037 unus
1151 3983 1219 4037 de
1244 3981 1399 4037 turba
1429 3980 1586 4037 aﬁ‘ert
1606 3980 1774 4036 ﬁlium
1800 3981 2049 4053 spiritum
2080 3982 2177 4035 ha-
2276 3984 2356 4043 lra
2397 3994 2452 4040 ct
2472 3985 2681 4056 ignavia
2707 3985 2951 4040 oratione
2972 3984 3294 4055 depellitur.
3322 3985 3588 4043 Medicina
3607 3981 3809 4051 cujusque

592 4074 809 4131 bentem
841 4073 1200 4139 immundum,
1225 4084 1279 4130 et
1308 4074 1539 4144 reliqua.
1568 4072 1740 4142 Quem
1774 4088 1880 4129 non
1926 4081 2177 4144 poterant
2276 4080 2515 4135 vulneris
2541 4078 2847 4135 adhibenda
2874 4087 2961 4135 est
2984 4078 3055 4134 ei.
3084 4077 3207 4134 Non
3241 4090 3407 4137 sana;
3445 4079 3645 4136 oculum
3664 4120 3677 4143 ,
3707 4064 3815 4142 quod

589 4166 836 4236 discipuli
860 4180 1053 4222 curare
1074 4207 1088 4231 ,
1120 4166 1369 4221 Salvator
1398 4166 1628 4219 curavit.
1680 4163 1982 4220 lnﬁdelitas
2027 4173 2177 4219 utro-
2276 4172 2532 4228 calcaneo
2553 4171 2864 4230 adhibetur.
2896 4170 3114 4243 Jejunio
3139 4174 3439 4243 passiones
3481 4168 3701 4243 corporis
3728 4204 3742 4231 ,
3778 4167 3820 4215 et

588 4275 817 4331 rumque
868 4259 1155 4331 impedivit
1198 4258 1455 4315 salutem.
1486 4256 1726 4329 Spiritus
1753 4257 2013 4327 discerpit
2049 4272 2179 4326 spu-
2276 4264 2522 4321 oratione
2548 4275 2730 4336 pestes
2752 4264 3010 4321 sanandae
3039 4273 3173 4320 sunt
3199 4266 3431 4323 mentis.

592 4363 831 4408 titantem
857 4394 872 4418 ,
918 4363 973 4408 et
1001 4348 1320 4409 stridentem
1348 4395 1363 4419 ,
1410 4361 1464 4406 et
1516 4360 1874 4407 arescentem.
1922 4349 2177 4404 Peccator
2349 4357 2417 4412 Et
2446 4367 2690 4412 venerunt
2715 4358 3103 4430 Capharnaum.
3134 4355 3530 4432 Capharnaum
3556 4397 3574 4425 ,
3601 4354 3710 4411 villa
3732 4364 3824 4404 con-

592 4456 809 4518 spumat
840 4446 1064 4513 invidia,
1094 4446 1319 4502 stultitia
1346 4464 1360 4500 :
1393 4445 1591 4502 stridet
1637 4444 1949 4512 iracundia,
1980 4445 2180 4500 arescit
2276 4452 2571 4507 solarionis,
2604 4451 2863 4523 congruit
2897 4453 3286 4524 ίηιει-ρι-ειεηίο
3334 4453 3609 4528 ρηάίοιεε
3648 4454 3823 4505 θεοίεπ-

591 4540 823 4611 ignavia.
853 4540 1125 4612 Discerpit
1157 4556 1281 4598 eum
1312 4539 1532 4612 spiritus
1562 4539 2085 4610 appmpinquantem
2108 4537 2175 4593 ad
2201 4607 2247 4616 _
2281 4545 2392 4611 tim,
2422 4561 2527 4616 qua
2559 4544 2690 4601 dicit
2719 4545 2827 4601 :Et
2852 4546 3085 4615 occisus,
3109 4548 3282 4603 tertia
3322 4548 3415 4604 die
3445 4551 3696 4614 resurget.
3722 4538 3825 4594 Gra-

592 4639 821 4694 salutem
848 4679 862 4705 ,
894 4638 1039 4711 quod
1069 4648 1153 4694 est
1204 4654 1329 4694 esca
1376 4637 1579 4694 dilecta
1600 4678 1618 4703 ,
1676 4652 1812 4706 quos
1850 4636 1904 4690 in
1932 4644 2175 4691 ventrem
2201 4607 2256 4670 D
2280 4654 2409 4694 num
2437 4638 2694 4695 frumenti
2716 4640 2968 4709 moritur,
2998 4607 3451 4713 ut'multiplicius
3475 4607 3771 4710 colligatur:
3794 4626 3825 4683 si

590 4747 749 4787 suum
773 4731 993 4787 trahere
1022 4731 1317 4799 desiderat,
1370 4746 1468 4802 per
1507 4740 1745 4787 terrores
1773 4740 1829 4787 et
1859 4729 2054 4785 damna
2080 4748 2093 4784 ε
2118 4736 2180 4785 ιιι
2280 4745 2387 4786 non
2411 4731 2661 4797 moritur,
2690 4731 2866 4787 solum
2898 4741 3099 4787 manet.

590 4825 717 4882 fecit
743 4825 797 4880 in
823 4823 946 4881 Job.
976 4824 1280 4894 lnterrogat
1297 4824 1459 4882 Jesus
1480 4835 1714 4895 tempus.
2355 4824 2456 4890 Qui
2486 4841 2603 4878 cum
2626 4824 2766 4881 domi
2786 4835 2970 4893 essent,
3003 4826 3370 4901 interrogabat
3395 4845 3481 4885 eos
3508 4842 3529 4883 :
3557 4822 3684 4895 Quid
3704 4820 3750 4875 in
3770 4816 3831 4871 οἱα

664 4917 729 4971 At
758 4918 846 4973 ille
872 4919 944 4971 ait
976 4932 996 4971 :
1028 4916 1129 4971 llic
1156 4918 1490 4988 signiﬁcatur
1521 4918 1741 4988 gentilis
1772 4918 2038 4990 populus,
2091 4918 2179 4974 cui
2282 4917 2620 4973 tractabatis?
2646 4917 2713 4973 At
2758 4917 2840 4972 illi
2881 4918 3135 4974 tacebant.
3170 4920 3457 4991 Siquidem
3490 4922 3544 4976 in
3565 4918 3641 4973 via
3662 4917 3775 4970 inter
3795 4923 3833 4961 ιε

594 5026 623 5064 a
677 5009 959 5068 nativitate
1008 5010 1241 5067 increvit
1286 5011 1465 5066 cultus
1521 5011 1731 5068 inutilis
1778 5011 2046 5068 idolorum
2077 5028 2092 5067 :
2123 5021 2181 5066 ut
2283 5014 2686 5086 disputaverant,
2720 5015 2835 5085 quis
2860 5031 3038 5069 eorum
3063 5019 3243 5088 major
3272 5030 3431 5074 esset.
3465 5016 3530 5072 Et
3548 5012 3754 5070 residens
3770 5020 3834 5061 t0-

2283 5108 2415 5161 cavit
2433 5106 2724 5171 duodecim,
2756 5114 2807 5159 et
2828 5108 2903 5160 ait
2930 5107 3035 5162 illis
3061 5124 3080 5162 :
3109 5107 3175 5163 Si
3202 5109 3327 5180 quis
3348 5109 3462 5164 vult
3498 5108 3689 5179 primus
3716 5114 3833 5157 esse.

600 5205 684 5250 tur
726 5214 737 5249 :
2283 5201 2380 5253 erit
2402 5200 2629 5253 omnium
2658 5199 2984 5269 novissimus,
3009 5212 3057 5256 et
3083 5202 3324 5257 omnium
3346 5202 3603 5259 minister.
3634 5196 3699 5253 Et
3731 5189 3837 5249 αίοίο

665 5288 740 5343 Ab
764 5292 1007 5362 infantia,
1032 5301 1080 5347 et
1101 5290 1396 5364 frequenter
1418 5308 1535 5347 eum
1559 5294 1613 5348 in
1640 5294 1810 5366 ignem
1833 5302 1881 5349 et
1901 5310 2065 5365 aquas
2085 5295 2183 5349 mi-
2282 5292 2425 5363 piens
2447 5307 2683 5359 puerum,
2714 5293 2894 5345 statuit
2917 5308 3033 5347 eum
3057 5294 3112 5348 in
3133 5296 3315 5350 medio
3338 5274 3539 5351 eorum.
3575 5293 3727 5361 Quem
3749 5297 3837 5339 cum

596 5385 684 5451 sit,
715 5394 769 5438 ut
798 5402 913 5439 eum
940 5388 1194 5457 perderet.
1245 5386 1353 5443 Sed
1404 5387 1449 5442 si
1472 5388 1596 5458 quid
1623 5396 1787 5460 potes,
1845 5389 2039 5461 adjuva
2064 5406 2181 5455 nos,
2283 5384 2580 5456 complexus
2603 5392 2753 5452 esset,
2780 5386 2856 5438 ait
2877 5384 2981 5439 illis
3012 5402 3031 5440 :
3057 5385 3311 5457 Quisquis
3336 5404 3503 5443 unum
3527 5401 3591 5441 ex
3612 5384 3837 5455 hujusmo‘

598 5478 839 5543 misertus
869 5480 1051 5533 nostri.
1082 5481 1190 5536 Alii
1241 5481 1388 5539 enim
1415 5481 1485 5538 de
1518 5484 1770 5554 gentibus
1808 5482 1986 5553 ignem
2015 5498 2181 5539 vene—
2284 5476 2340 5529 di
2366 5477 2542 5548 pueris
2566 5479 2811 5548 receperit
2832 5479 2887 5533 in
2913 5480 3117 5533 nomine
3148 5495 3290 5549 meo,
3314 5498 3395 5537 me
3423 5480 3605 5549 recipit
3625 5518 3642 5544 .
3682 5485 3725 5529 ει
3748 5472 3839 5541 4"“

599 5571 880 5640 rabantur,
903 5570 993 5627 alii
1016 5588 1232 5643 aquam.
2282 5586 2493 5641 cumque
2518 5587 2597 5625 me
2624 5573 2922 5644 susceperit,
2950 5590 3054 5628 non
3074 5590 3155 5629 me
3177 5578 3424 5647 suscipit,
3450 5576 3540 5632 sed
3563 5588 3670 5631 eum
3686 5568 3763 5643 qui
3780 5579 3839 5618 me

671 5664 822 5719 Jesus
845 5674 1015 5721 autem
1054 5666 1127 5719 ait
1166 5666 1246 5723 illi
1273 5684 1294 5724 .'
1333 5668 1394 5725 Si
1417 5677 1558 5742 potes
1586 5668 1809 5725 credere.
1850 5668 2181 5725 Libertatem
2283 5666 2442 5719 misit.
2479 5666 2775 5737 Respondet
2802 5665 2883 5721 illi
2911 5666 3163 5737 Joannes,
3197 5670 3381 5725 dicens
3411 5686 3430 5725 :
3454 5670 3717 5742 Magister,
3745 5660 3842 5717 vidi-

604 5757 691 5815 ιιἰο
722 5758 931 5815 arbitrii
960 5757 1183 5815 indicat.
2288 5778 2397 5815 mus
2424 5761 2695 5832 quemdam
2722 5762 2776 5817 in
2804 5763 3008 5817 nomine
3036 5772 3125 5818 tuo
3158 5765 3453 5837 ejicientem
3483 5760 3746 5825 daemonia,
3770 5750 3843 5824 (μιί

677 5850 863 5909 Omnia
887 5854 1152 5927 possibilia
1173 5863 1291 5914 sunt
1339 5855 1590 5920 credenti.
1621 5855 1689 5917 Et
1719 5859 1961 5918 continuo
2012 5857 2182 5917 exclao
2287 5872 2392 5913 non
2414 5858 2641 5931 sequitur
2668 5874 2794 5930 nos,
2834 5866 2882 5917 et
2916 5856 3279 5931 prohibuimus
3331 5876 3472 5917 eum.
3518 5857 3668 5917 Iesus
3702 5859 3845 5909 autem
