3970 6304
186 339 270 398 till
765 337 776 409 ζ
812 337 1359 404 COMMENTARIUS
1397 342 1464 403 IN
1503 336 1956 404 EVANGELIUM
1994 338 2148 404 SEC.
2189 339 2504 407 MARCUM.
2543 346 2696 406 CAP.
2739 344 2811 406 X.

3353 342 3466 409 6l8

179 461 239 515 ait
266 475 284 515 :
308 457 480 514 Nolite
503 459 776 533 prohibere
805 479 942 521 eum.
974 464 1146 522 Nemo
1196 477 1272 525 est
1323 470 1458 524 enim
1494 472 1585 542 qui
1627 471 1752 544 facit
1778 475 1834 534 Α
1857 471 2059 529 Christi
2083 488 2322 530 amorem
2351 474 2580 531 dilectos
2601 483 2655 531 et
2675 473 2957 545 proximos
2982 470 3140 528 nobis
3157 470 3449 544 abnegare.

177 553 383 608 sirtutem
402 553 457 607 in
488 557 829 614 nominemeo
857 599 874 627 ,
923 569 970 614 et
997 564 1163 634 possit
1213 562 1314 620 cito
1350 565 1484 620 male
1513 565 1655 637 loqui
1685 566 1749 621 de

176 665 259 702 me.
287 647 384 714 Qui
404 650 542 704 enim
571 668 675 707 non
703 663 779 707 est
823 654 1098 711 adversum
1145 665 1274 726 vos,
1327 676 1423 730 pro
1472 661 1614 714 vobis
1651 669 1744 717 est.

178 739 399 810 Quisquis
428 743 564 798 enim
586 756 763 816 potum
785 747 984 804 dederit
1004 751 1144 806 vobis
1172 751 1386 807 calicem
1410 769 1562 826 aqua:
1582 754 1636 808 in
1655 771 1748 809 no-

176 835 292 887 mine
313 849 446 902 meo,
478 837 604 907 quia
631 836 833 893 Christi
857 843 982 896 estis
1002 858 1024 897 :
1051 860 1204 899 amen
1237 843 1354 901 dico
1399 847 1542 902 vobis
1571 889 1588 916 ,
1642 865 1744 903 non

173 929 324 998 perdet
351 932 638 988 mercedem
680 952 852 994 suam.
909 937 980 993 Et
1033 941 1265 1012 quisquis
1315 941 1746 997 scandalizaverit

171 1037 306 1078 unum
326 1040 386 1079 ea:
414 1025 495 1082 his
523 1029 737 1100 pusillis
761 1033 1086 1089 credentibus
1113 1035 1166 1090 in
1196 1053 1277 1091 me
1300 1079 1315 1106 ,
1350 1038 1544 1092 bonum
1582 1048 1656 1093 est
1699 1039 1747 1093 ei

172 1120 312 1189 magis
330 1121 374 1173 si
395 1120 814 1180 circumdaretur
841 1128 981 1182 mola
1006 1130 1238 1185 asinaria
1259 1131 1402 1188 collo
1429 1135 1565 1205 ejus,
1609 1141 1657 1188 et
1688 1134 1743 1188 in

172 1227 290 1266 utare
314 1213 625 1271 mitteretur.
660 1215 731 1272 Et
752 1220 800 1274 si
831 1221 1266 1278 scandalizaverit
1310 1233 1358 1279 te
1391 1241 1578 1281 manus
1608 1234 1695 1279 tua
1720 1269 1735 1295 ,

173 1305 387 1362 abscinde
415 1309 590 1368 illam.
622 1310 680 1368 In
707 1315 796 1369 via
816 1317 963 1372 enim
991 1319 1300 1380 tractabant
1317 1319 1384 1376 de
1400 1320 1738 1393 principatu:

178 1397 343 1455 similis
368 1405 624 1460 tractatio
655 1405 800 1464 loco.
833 1407 1179 1482 Principatus
1206 1428 1443 1486 namque
1465 1426 1526 1471 ut
1560 1417 1742 1488 ingre-

176 1490 323 1560 ditur,
349 1493 426 1550 sic
455 1495 730 1554 deseritur
754 1516 769 1554 :
800 1509 858 1557 et
885 1504 1144 1574 quamdiu
1170 1508 1658 1577 tenetur,labitur:
1689 1521 1744 1566 et

175 1587 402 1644 incertum
428 1598 516 1646 est
551 1591 604 1648 in
627 1609 732 1666 qua
756 1598 1075 1663 mansione,
1109 1600 1161 1655 id
1193 1610 1308 1670 est,
1340 1601 1393 1656 in
1426 1618 1532 1674 qua
1558 1603 1648 1660 die
1673 1603 1742 1659 ﬁ-

176 1683 343 1740 niatur.
375 1683 534 1743 Unde
553 1687 688 1745 dicit
715 1707 730 1747 :
755 1689 860 1760 Qui
887 1693 1142 1751 vultesse
1166 1695 1396 1768 primus,
1423 1706 1479 1754 ut
1507 1713 1644 1771 puer
1671 1699 1743 1756 sit

176 1777 406 1836 minister.

1849 564 2040 621 Omnis
2090 567 2235 622 enim
2265 567 2489 623 victima
2537 568 2782 624 salietur.
2826 565 3057 622 Victima
3103 565 3317 621 Domini
3367 576 3452 622 est

1847 674 2019 732 genus
2046 659 2364 728 humanum,
2389 661 2532 732 quod
2553 662 2642 717 hic
2664 662 2877 716 ratione
2904 659 3186 730 sapientia:
3210 661 3404 716 salitur
3428 676 3446 714 :

1849 750 1978 807 dum
2006 754 2286 824 corruptio
2315 753 2594 822 sanguinis
2623 753 2868 810 custodia
2895 751 3220 824 putredinis,
3257 751 3311 806 id
3340 761 3446 820 est,

1847 854 2024 901 mater
2043 847 2310 902 vermium
2356 847 2710 914 consumitur,
2741 858 2796 902 et
2827 847 2938 902 illic
2979 847 3294 918 purgatorio
3319 846 3444 919 igne

1847 940 2210 995 examinatur.

1918 1032 2124 1086 Bonum
2162 1043 2237 1087 est
2260 1034 2362 1087 sal.
2397 1034 2551 1102 Quod
2575 1035 2619 1089 si
2647 1037 2726 1090 sal
2751 1034 3010 1091 insulsum
3036 1037 3215 1110 fuerit,
3248 1038 3305 1093 in
3340 1055 3441 1111 quo

1844 1127 1982 1181 illud
2001 1128 2292 1182 condietis?
2319 1127 2410 1184 Sal
2432 1130 2726 1199 insulsum,
2756 1131 2846 1201 qui
2878 1141 3022 1188 amat
3048 1132 3432 1203 principatum,

1845 1225 1936 1294 qui
1969 1224 2251 1292 increpare
2277 1236 2383 1278 non
2415 1225 2580 1280 audet
2605 1234 2661 1280 et
2685 1224 2958 1291 conﬁteri,
2985 1240 3051 1281 ne
3076 1225 3144 1281 de
3169 1239 3444 1297 synagoga

1845 1314 2097 1384 ejiciatur
2120 1331 2140 1369 :
2166 1314 2395 1386 diligens
2431 1316 2666 1387 gloriam
2711 1317 2993 1373 hominum
3042 1317 3246 1388 magis,
3279 1333 3442 1390 quam

1846 1407 1967 1463 Dei.
2692 1459 2695 1468 .

1919 1502 2121 1560 Habete
2143 1505 2197 1560 in
2227 1507 2366 1561 vobis
2396 1507 2499 1573 sal,
2533 1516 2579 1562 et
2609 1524 2788 1579 pacem
2816 1508 3003 1563 habete
3033 1511 3170 1564 inter
3189 1526 3296 1566 vos.
3321 1509 3446 1566 Sal-

1847 1595 2140 1654 situdinem
2181 1599 2572 1668 correctionis,
2606 1616 2762 1656 amor
2790 1602 3027 1671 proximi
3063 1612 3363 1672 temperet,
3397 1613 3456 1660 et

1846 1690 2196 1748 dilectionem
2227 1693 2460 1762 proximi
2482 1694 2559 1748 sal
2588 1693 2816 1762 iustitiae
2847 1694 3087 1750 condiat.
3115 1697 3179 1752 Et
3211 1696 3264 1751 in
3288 1695 3452 1752 domo

1846 1785 2044 1840 iterum
2081 1785 2335 1855 discipuli
2367 1785 2485 1855 ejus
2529 1785 2942 1857 interrogabant
2979 1803 3103 1844 eum
3136 1787 3206 1844 de
3235 1789 3453 1846 eodem.

226 1872 409 1930 Bonum
448 1879 646 1934 esttibi
681 1881 902 1938 debilem
924 1885 1144 1941 introire
1171 1887 1226 1941 in
1270 1887 1452 1959 vitam,
1503 1888 1562 1944 Id
1622 1898 1728 1962 est,

1862 1878 1920 1933 Et
1948 1879 2051 1934 hoc
2083 1879 2303 1950 proprie
2335 1896 2346 1932 :
2378 1879 2432 1934 in
2464 1879 2663 1934 iterata
2693 1880 2924 1936 scientia
2951 1882 3103 1936 verbi
3138 1896 3248 1937 non
3293 1881 3449 1937 fasti-

177 1965 270 2024 sine
281 1969 454 2040 cupito
475 1973 803 2045 principatu.

234 2060 385 2128 Quam
430 2065 569 2122 duas
616 2084 805 2125 manus
854 2071 1124 2130 habentem
1151 2076 1227 2131 ire
1270 2076 1323 2131 in
1352 2077 1661 2151 gehennam,
1691 2079 1747 2135 in

175 2151 316 2223 ignem
338 2158 832 2233 inexstinguibilem.
859 2163 988 2222 Dum
1012 2183 1227 2238 manus,
1262 2171 1594 2243 principatus
1620 2181 1747 2228 sunt

174 2254 218 2300 et
257 2249 516 2320 superbia.
569 2253 844 2314 Abscinde
891 2261 1224 2332 superbiam,
1268 2271 1455 2322 tenens
1488 2267 1744 2323 humilem

173 2347 497 2418 principatum
509 2389 523 2406 .

234 2438 322 2496 Ubi
345 2447 528 2500 vermis
555 2462 733 2504 eorum
762 2466 866 2507 non
895 2454 1143 2525 moritur,
1176 2465 1222 2512 et
1251 2457 1385 2529 ignis
1426 2474 1530 2512 non
1553 2459 1749 2514 exstin-

176 2533 340 2604 guitur.
369 2535 437 2591 Et
461 2539 508 2594 si
550 2557 642 2613 pes
677 2552 798 2598 tuus
829 2553 877 2600 te
906 2547 1263 2616 scandalizat,
1312 2561 1532 2620 amputa
1573 2550 1744 2606 illum.

178 2625 348 2686 Bonum
373 2642 446 2688 est
474 2633 569 2689 tibi
611 2637 862 2693 claudum
904 2640 1125 2697 introire
1172 2642 1227 2697 in
1270 2643 1432 2698 vitam
1477 2653 1745 2712 wternam,

177 2736 305 2790 quam
341 2726 467 2782 duos
505 2729 662 2798 pedes
691 2730 1000 2802 habentem,
1033 2735 1168 2789 mitti
1208 2737 1262 2790 iu
1293 2736 1581 2809 gehennam
1611 2739 1749 2810 ignis

176 2813 574 2890 inmtinguibilis
613 2838 633 2876 :
673 2823 764 2878 ubi
810 2827 996 2882 vermis
1041 2844 1224 2883 eorum
1269 2846 1372 2884 non
1403 2830 1648 2896 moritur,
1675 2838 1749 2901 get

182 2906 288 2979 ignis
317 2929 410 2969 non
448 2917 820 2990 exstinguitur.
850 2919 1006 2986 Quod
1037 2923 1081 2977 si
1113 2925 1296 2978 oculus
1326 2935 1446 2981 tuus
1477 2926 1750 2980 scandali-

184 3013 247 3057 zat
271 3015 338 3075 te,
371 3009 499 3082 eiice
531 3028 668 3066 eum.
712 3011 919 3068 Bonum
952 3024 1026 3070 est
1056 3017 1148 3071 tibi
1193 3019 1394 3073 luscum
1446 3019 1660 3073 introire
1695 3019 1752 3073 in

184 3110 357 3167 nanum
379 3099 508 3173 Dei,
540 3119 699 3176 quam
740 3106 876 3161 duos
904 3109 1085 3164 oculos
1106 3108 1379 3166 habentem
1412 3112 1547 3166 mitti
1568 3112 1622 3166 in
1661 3128 1752 3186 ge-

189 3189 366 3249 hennam
393 3197 530 3270 ignis
552 3215 571 3253 .°
607 3199 696 3254 ubi
724 3203 910 3256 vermis
935 3218 1116 3258 eorum
1144 3222 1247 3260 non
1276 3206 1516 3276 moritur,
1543 3216 1592 3261 et
1615 3208 1751 3279 ignis

1851 1969 2020 2036 dium,
2052 1971 2148 2026 sed
2180 1969 2416 2026 esuriem
2445 1981 2500 2025 et
2525 1971 2671 2025 sitim
2703 1981 2930 2041 prtestat
2957 1988 2974 2028 :
3001 1981 3062 2027 ut
3089 1982 3172 2028 est
3194 1973 3328 2030 illud
3357 1973 3458 2032 Sa-

1850 2062 2070 2136 pientia:
2101 2080 2114 2115 :
2146 2061 2251 2130 Qui
2283 2078 2370 2118 me
2416 2063 2736 2129 comedunt,
2766 2064 2946 2120 adhuc
2973 2067 3251 2136 esurient,
3282 2075 3338 2123 et
3365 2069 3459 2139 qui

1851 2173 1942 2215 me
1972 2157 2190 2226 bibunt,
2219 2157 2395 2213 adhuc
2418 2159 2625 2213 sitient.
2646 2158 2901 2214 Melliﬁua
2927 2161 3212 2230 sapientize
3237 2161 3460 2231 eloquia

1849 2260 2066 2324 gustata
2093 2251 2444 2322 diligentius,
2483 2251 2869 2307 multimodum
2903 2268 3156 2322 saporem
3201 2255 3456 2310 reddunt.

1851 2345 2082 2414 Quando
2105 2345 2243 2416 pluit
2270 2345 2534 2400 Dominus
2559 2359 2756 2400 manna
2789 2346 2855 2400 ad
2881 2346 3322 2403 manducandum
3356 2349 3459 2404 sub

1851 2441 1970 2497 sole
2019 2441 2333 2511 liquescens
2363 2448 2612 2506 ut'cera,
2659 2439 2894 2496 reddens
2934 2441 3142 2496 mollita
3177 2442 3355 2510 dicta,
3401 2451 3463 2498 ut

1852 2543 1941 2591 eSt
1970 2534 2102 2589 illud
2137 2551 2149 2586 :
2188 2533 2505 2603 Fulgebunt
2527 2533 2658 2603 justi
2701 2534 2846 2590 sicut
2871 2534 2955 2589 sol
2985 2533 3042 2590 in
3078 2550 3251 2606 regno
3279 2535 3460 2591 Patris

1853 2643 2066 2685 eorum.
2100 2627 2182 2683 Ad
2212 2627 2396 2700 ignem
2436 2628 2664 2683 duratur
2697 2647 2710 2682 :
2744 2637 2829 2698 ut,
2860 2627 3054 2697 Panis,
3096 2644 3192 2686 cor
3223 2631 3461 2689 hominis

1854 2720 2209 2776 conﬁrmans.
2232 2719 2315 2775 Ad
2341 2734 2557 2789 aspera,
2587 2729 2651 2774 ut
2686 2729 2771 2775 est
2800 2735 2815 2772 :
2850 2720 2908 2774 Si
2933 2720 3057 2792 quis
3083 2723 3198 2776 vult
3226 2732 3353 2794 post
3377 2740 3468 2782 me

1853 2813 2069 2880 venire,
2097 2812 2334 2884 abneget
2362 2813 2604 2884 seipsum
2628 2812 2754 2882 sibi,
2781 2821 2834 2869 et
2857 2813 3018 2870 tollat
3039 2829 3255 2873 crucem
3281 2834 3435 2876 suam

1856 2914 1913 2962 et
1936 2913 2194 2978 sequatur
2217 2919 2327 2962 me.

2487 2978 2716 3035 CAPUT
2755 2979 2826 3035 Χ.

1935 3097 2001 3152 Et
2026 3098 2146 3153 inde
2168 3113 2456 3170 exsurgens
2475 3099 2614 3153 venit
2638 3099 2692 3153 in
2719 3098 2849 3167 fines
2869 3097 3072 3157 ludam:
3091 3101 3232 3158 ultra
3258 3099 3461 3160 Iorda-

1858 3205 1976 3245 nem
2008 3205 2024 3243 :
2055 3200 2104 3244 et
2149 3191 2456 3246 conveniunt
2493 3191 2678 3246 iterum
2727 3192 2888 3247 turba:
2923 3195 2995 3248 ad
3030 3212 3146 3249 eum
3185 3213 3206 3252 :
3241 3205 3289 3252 et
3331 3198 3467 3253 sicut

193 3295 270 3336 ιοι
283 3291 636 3363 ετειεηθαίιην,
667 3293 908 3362 vermis,
934 3306 1019 3352 est
1043 3298 1384 3355 conscientia
1405 3273 1550 3356 serg
1575 3273 1747 3371 ιεξιίε,
1780 3273 1827 3338 C
1858 3291 2207 3349 consueverat,
2244 3285 2429 3338 iterum
2457 3283 2670 3338 docebat
2688 3284 2825 3339 illos.
2860 3283 2930 3340 Et
2959 3289 3258 3343 accedentes
3285 3289 3466 3360 phari-

203 3386 318 3441 μω
337 3381 789 3443 inconsummata.
822 3388 982 3448 Unde
1011 3407 1110 3462 per
1138 3394 1466 3465 prophetam
1494 3396 1699 3454 dicitur
1732 3416 1744 3450 ς

202 3465 424 3533 Ambthte
445 3478 503 3533 in
536 3478 748 3537 lumine
775 3481 919 3553 ignis
946 3487 1142 3555 vestri,
1169 3497 1224 3543 et
1255 3489 1309 3544 in
1333 3487 1588 3558 ﬂammis,
1612 3505 1750 3562 quas

195 3568 495 3628 mmdistis
526 3573 707 3632 vobis.

246 3657 396 3720 Omnis
425 3668 564 3722 enim
606 3669 724 3743 igne
760 3672 1000 3730 salietur.
1028 3674 1165 3734 Mire
1201 3677 1406 3735 dictum
1432 3688 1517 3735 est
1548 3697 1562 3735 :
1593 3679 1751 3748 Quod

181 3752 297 3810 enim
322 3759 427 3817 sale
456 3760 735 3834 conditur,
763 3767 966 3824 vermis
1006 3771 1346 3840 putredinem
1387 3782 1558 3830 arcet.
1595 3775 1753 3842 Quod

177 3857 304 3940 vero,
331 3853 378 3908 id
405 3863 510 3925 est,
535 3872 761 3930 asperso
783 3863 897 3918 sale
927 3879 1146 3922 carnem
1179 3883 1411 3940 quaeque
1439 3870 1750 3930 consumit:

174 3934 259 3996 hoc
282 3949 567 4006 secundum
612 3950 784 4023 legem
817 3955 870 4009 in
899 3956 1088 4014 hostiis
1120 3934 1470 4032 ﬁebatpqute
1513 3962 1565 4016 in
1591 3963 1754 4018 altari

173 4039 540 4098 cremabantur.
576 4043 732 4102 Unde
762 4045 816 4104 in
845 4050 992 4105 omni
1020 4051 1238 4109 victima
1269 4064 1324 4110 et
1352 4054 1641 4122 sacriﬁcio,
1671 4056 1753 4111 sal

172 4124 330 4218 oﬁerri
359 4145 688 4206 pneeeptum
736 4149 840 4196 est.
891 4143 1015 4210 Sal,
1063 4145 1295 4204 dulcedo
1346 4147 1666 4218 sapientiae:
1699 4158 1757 4206 et

173 4212 288 4285 ignis
309 4220 534 4294 Spiritus
561 4228 736 4284 sancti
757 4233 956 4302 gratia.
976 4234 1166 4292 Omnis
1191 4237 1328 4309 ignis
1356 4212 1604 4308 salietur,
1629 4239 1754 4311 quia

169 4315 326 4403 omnis
358 4319 560 4376 electus
599 4323 864 4393 sapientia
910 4327 1186 4398 conditur,
1235 4340 1292 4386 ut
1343 4330 1507 4403 digna
1536 4332 1754 4389 victima

171 4399 250 4459 Dei
273 4407 526 4468 altaribus
550 4413 836 4473 efﬁciatur.
869 4417 1026 4476 Unde
1064 4421 1204 4478 bene
1231 4422 1380 4479 addit
1404 4399 1423 4478 ξ

225 4495 292 4552 Et
325 4504 487 4559 omnis
529 4506 737 4562 victima
766 4508 878 4564 sale
915 4512 1156 4567 satietur.
1204 4515 1298 4571 Ille
1328 4519 1470 4572 enim
1501 4535 1629 4576 vere
1675 4520 1754 4575 vi-

170 4587 308 4646 ctima
357 4595 571 4653 Domini
614 4610 732 4668 est,
782 4601 876 4671 qui
916 4620 1120 4676 corpus
1165 4617 1220 4662 et
1263 4609 1501 4666 animam
1547 4629 1577 4668 a
1609 4613 1754 4671 vitiis

170 4685 486 4746 unundando
515 4689 630 4749 Deo
657 4707 754 4764 per
783 4708 1030 4753 amorem
1061 4699 1297 4768 Spiritus
1336 4703 1510 4758 sancti
1557 4721 1751 4764 conse-
1782 4669 1840 4734 Β

171 4787 296 4846 Crat;
345 4799 444 4842 nec
485 4785 601 4843 sale
649 4792 991 4863 aSpergitur,
1050 4793 1147 4850 sed
1192 4795 1316 4866 igne
1363 4802 1748 4858 consumitur:

171 4873 358 4938 quando
386 4892 492 4934 non
525 4881 738 4951 peccati
762 4893 965 4940 tantum
997 4886 1252 4960 contagio
1281 4889 1527 4960 pellitur,
1573 4895 1668 4950 sed
1696 4904 1753 4952 et

172 4971 427 5030 pmsentis
456 4973 584 5029 vitae
611 4973 905 5034 delectatio
935 4981 1167 5052 tollitur,
1201 4994 1255 5039 et
1288 4983 1482 5041 futurae
1513 5003 1747 5047 conver-

173 5062 341 5120 sationi
369 5074 480 5124 tota
507 5079 692 5127 mente
721 5074 1046 5144 suspiratur.
1093 5075 1267 5147 Unde,
1305 5091 1486 5135 nostra
1519 5097 1750 5140 conver-

171 5154 288 5211 satio
311 5159 362 5214 in
383 5160 539 5218 cmlis
559 5173 665 5219 est.
690 5163 779 5233 Et,
802 5166 1031 5224 obsecro
1053 5184 1153 5239 per
1171 5172 1600 5230 misericordiam
1628 5175 1750 5246 Dei,

173 5252 224 5299 ut
244 5252 537 5310 exhibeatis
558 5270 791 5329 corpora
813 5268 1014 5330 vestra,
1045 5269 1153 5319 etc.
1185 5264 1368 5320 Altare
1397 5264 1515 5332 Dei,
1542 5277 1626 5322 est
1651 5284 1750 5325 cor

173 5332 410 5427 bonorum
442 5363 456 5400 :
490 5345 684 5402 hostiae
713 5359 769 5405 et
788 5349 1079 5421 sacriﬁcia,
1112 5352 1254 5410 bona
1279 5370 1448 5427 opera
1480 5357 1745 5416 ﬁdelium.

174 5426 220 5486 In
244 5439 486 5495 omnibus
523 5443 808 5502 sacriﬁciis
833 5445 946 5513 sal,
993 5447 1118 5518 quia
1148 5426 1353 5506 nullum
1383 5467 1520 5524 opus
1545 5437 1770 5513 bonum'

173 5524 270 5584 sine
294 5530 585 5602 sapientia.
628 5535 769 5608 ignis
812 5538 1077 5594 sacriﬁcia
1111 5541 1164 5596 in
1209 5542 1381 5601 altare
1427 5547 1746 5603 consumit:

174 5615 230 5711 de
262 5637 362 5693 quo
391 5627 512 5697 ipse
542 5643 642 5684 nos
688 5629 990 5701 baptizavit
1031 5632 1234 5705 Spiritu
1281 5647 1470 5696 sancto
1501 5649 1555 5696 et
1597 5639 1744 5711 igne.

175 5705 292 5781 Ignis
321 5717 700 5777 tribulationes
735 5723 958 5794 respicit
1008 5743 1022 5780 :
1067 5723 1169 5782 hoc
1197 5726 1264 5781 ad
1305 5705 1752 5800 superiora,vubi

176 5809 571 5869 nandalizantia
613 5816 859 5874 membra
901 5820 1058 5876 evelli
1088 5831 1359 5895 praecepta
1405 5836 1531 5880 sunt
1569 5843 1584 5883 :
1621 5830 1750 5899 quia

180 5910 224 5958 et
262 5904 357 5963 hoc
403 5917 489 5965 est
530 5909 654 5982 igne
689 5911 877 5980 saliri,
923 5916 1311 5978 tentationibus
1356 5921 1630 5993 exerceri,
1677 5923 1750 5983 ob

325 6001 580 6064 Parnm.
657 6003 845 6070 XXX
946 6052 959 6071 .

1851 3377 1945 3431 sati
1972 3377 2360 3448 interrogabant
2389 3393 2506 3431 eum
2541 3393 2561 3430 :
2584 3377 2629 3432 si
2655 3375 2776 3432 licet
2796 3376 2904 3431 viro
2941 3395 3154 3435 uxorem
3182 3383 3460 3454 dimittere,

1854 3479 2107 3528 tentantes
2139 3490 2277 3527 eum.
2312 3473 2383 3526 At
2406 3474 2497 3527 ille
2522 3474 2838 3543 respondens
2861 3473 2996 3529 dixit
3018 3475 3090 3530 eis
3113 3493 3131 3530 :
3157 3475 3299 3542 Quid
3320 3478 3463 3535 vobis

1852 3568 2097 3640 prtecepit
2140 3566 2350 3622 Moses?
2385 3567 2490 3636 Qui
2519 3568 2760 3622 dixerunt
2796 3585 2813 3621 :
2845 3567 3016 3624 Moses
3060 3571 3290 3640 permisit
3322 3573 3474 3628 libel-

1855 3662 1966 3717 lum
1993 3663 2197 3735 repudii
2227 3663 2479 3732 scribere,
2507 3673 2553 3717 et
2594 3645 2873 3719 dimittere.
2922 3665 3117 3731 Quibus
3153 3669 3469 3739 respondens

1855 3757 2030 3826 Jesus,
2054 3758 2128 3811 ait
2150 3741 2168 3812 ἓ
2196 3756 2275 3810 Ad
2305 3758 2552 3811 duritiam
2573 3759 2746 3812 cordis
2770 3760 2922 3813 vestri
2935 3759 3142 3831 scripsit
3164 3761 3304 3815 vobis
3335 3778 3468 3833 prte-

1859 3859 2060 3921 ceptum
2103 3850 2241 3904 istud
2266 3865 2283 3902 :
2309 3849 2386 3904 Ab
2429 3851 2577 3904 initio
2616 3860 2788 3904 autem
2817 3859 3068 3905 creatura:
3095 3854 3378 3908 masculum
3421 3864 3471 3908 et

1860 3947 2108 4016 feminam
2150 3945 2268 4013 fecit
2298 3961 2383 3999 eos
2424 3945 2588 4001 Deus-
2635 3943 2860 4016 Propter
2893 3945 2991 3998 hoc
3019 3944 3274 4016 relinquet
3314 3948 3468 4002 homo

1859 4048 2055 4109 patrem
2084 4054 2235 4091 suum
2258 4045 2305 4092 et
2333 4048 2569 4105 matrem,
2590 4045 2637 4091 et
2663 4035 2943 4092 adhwrebit
2959 4038 3027 4090 ad
3050 4054 3264 4093 uxorem
3287 4057 3467 4096 suout:

1861 4142 1908 4185 et
1934 4140 2084 4188 erunt
2112 4132 2217 4185 duo
2249 4131 2304 4185 in
2333 4147 2487 4185 carne
2513 4147 2641 4185 una.
2692 4129 2879 4202 Itaque
2899 4131 3015 4202 jam
3042 4148 3145 4186 non
3189 4142 3309 4186 sunt
3340 4135 3467 4204 duo,

1861 4230 1951 4282 sed
1985 4244 2089 4282 una
2117 4244 2262 4281 caro.
2312 4225 2464 4294 Quod
2507 4242 2629 4296 ergo
2669 4224 2810 4279 Deus
2839 4226 3142 4296 conjunxit,
3174 4225 3329 4282 homo
3370 4244 3473 4282 non

1862 4331 2085 4392 separet.
2137 4320 2399 4377 Pharisaei
2433 4319 2850 4391 interrogabant
2900 4335 3024 4374 eum
3059 4339 3072 4376 :
3108 4321 3152 4376 si
3200 4321 3328 4377 licet
3353 4323 3474 4377 viro

1861 4414 2145 4472 dimittere
2175 4430 2408 4471 uxorem
2450 4428 2603 4469 suam
2630 4455 2645 4481 ,
2682 4420 2959 4469 tentantes
3000 4429 3149 4470 eum.
3184 4413 3318 4471 Item
3353 4425 3477 4487 post

1861 4508 2142 4580 aliquanta
2171 4526 2184 4562 :

1940 4603 2009 4656 Et
2035 4603 2088 4656 in
2113 4602 2270 4656 domo
2297 4603 2485 4656 iterum
2514 4601 2761 4672 discipuli
2785 4604 2898 4675 ejus
2941 4604 3006 4658 de
3030 4605 3208 4658 eodem
3250 4606 3472 4659 interro-

1865 4705 2115 4769 gaverunt
2157 4711 2295 4749 eum.
2329 4692 2400 4748 Et
2424 4695 2496 4748 ait
2526 4693 2633 4748 illis
2658 4710 2677 4748 :
2709 4694 3035 4767 Quicumque
3059 4697 3313 4752 dimiserit
3343 4715 3474 4752 uxo-

1864 4807 1974 4845 rem
1995 4805 2146 4844 suam
2168 4797 2216 4843 et
2237 4787 2394 4842 aliam
2423 4787 2651 4856 duxerit,
2676 4787 2992 4843 adulter-ium
3014 4790 3287 4844 committit
3318 4807 3474 4862 super

1863 4899 2003 4938 eam.
2029 4881 2098 4936 Et
2127 4883 2172 4936 si
2203 4897 2336 4935 uxor
2364 4879 2616 4935 dimiserit
2637 4881 2806 4934 virum
2833 4899 2987 4936 suum
3027 4891 3075 4938 et
3099 4883 3194 4936 alii
3216 4884 3471 4952 nupserit,

1867 4975 2178 5030 moechatur.
2212 4973 2281 5028 Et
2311 4971 2592 5040 offerebant
2623 4973 2704 5028 illi
2729 4976 2971 5044 parvulos
3013 4987 3069 5030 ut
3111 4985 3339 5048 tangeret
3365 4993 3473 5031 eos.

1867 5065 2130 5138 Discipuli
2153 5074 2324 5119 autem
2340 5064 2788 5120 comminabantur
2810 5066 3156 5134 oﬂ'erentibus.
3193 5067 3334 5134 Quos
3353 5084 3476 5122 cum

1869 5161 2086 5229 videret,
2110 5159 2285 5227 Jesus,
2310 5159 2525 5229 indigne
2547 5160 2686 5229 tulit,
2703 5169 2752 5214 et
2775 5161 2848 5213 ait
2877 5161 2982 5215 illis
3001 5176 3020 5215 :
3041 5160 3211 5215 Sinite
3229 5163 3477 5232 parvulos

1871 5255 2042 5310 venire
2061 5255 2130 5308 ad
2159 5270 2258 5319 me,
2284 5262 2333 5306 et
2362 5269 2425 5306 ne
2450 5251 2822 5323 prohibueritis
2866 5269 2950 5306 eos
2980 5267 2999 5305 :
3021 5252 3206 5306 talium
3235 5263 3308 5308 est
3337 5256 3478 5308 enim

1871 5367 2090 5422 regnum
2118 5349 2385 5404 caelorum.
2411 5347 2572 5402 Amen
2601 5347 2718 5401 dico
2747 5346 2907 5410 vobis,
2938 5346 3166 5416 quisquis
3198 5364 3301 5402 non
3337 5365 3478 5404 rece-

1868 5447 2008 5518 perit
2034 5460 2246 5518 regnum
2277 5441 2375 5497 Dei
2400 5443 2535 5497 velut
2561 5442 2836 5513 parvulus,
2863 5456 2967 5494 non
2995 5441 3207 5496 intrabit
3237 5445 3288 5497 in
3317 5444 3472 5498 illud.

1877 5539 1947 5595 Et
1968 5539 2299 5610 complexans
2327 5554 2438 5606 eos,
2466 5547 2513 5592 et
2539 5539 2802 5609 imponens
2830 5552 3018 5590 manus
3039 5555 3194 5610 super
3216 5537 3356 5603 illos,
3391 5539 3476 5590 be-

1864 5634 2138 5689 nedicebat
2169 5649 2252 5687 eos
2283 5647 2300 5686 :
2329 5629 2396 5684 Et
2424 5647 2540 5684 cum
2564 5645 2798 5701 egressus
2830 5640 2962 5684 esset
2993 5631 3045 5682 in
3079 5630 3231 5695 riam,
3258 5645 3476 5699 procur-

1871 5749 1993 5786 rens
2017 5730 2229 5802 quidam
2251 5728 2526 5800 genu/leua
2547 5734 2666 5778 ante
2687 5741 2823 5791 eum,
2852 5725 3068 5797 rogabat
3101 5741 3234 5790 eum,
3260 5723 3435 5778 dicens
3459 5742 3478 5778 :

1878 5825 2128 5898 Magister
2151 5823 2280 5879 bone
2304 5866 2318 5891 ,
2348 5821 2474 5892 quid
2516 5820 2729 5891 faciant,
2765 5829 2820 5874 ut
2847 5823 3005 5874 vitam
3036 5826 3279 5875 (sternam
3307 5821 3482 5891 perri-

1873 5916 2244 5996 :piam?.lesus
2276 5927 2444 5975 autem
2484 5916 2613 5974 dixit
2641 5916 2686 5974 ei
2721 5933 2737 5971 .·
2771 5912 2912 5982 Quid
2957 5931 3034 5970 me
3081 5913 3207 5972 dicis
3252 5914 3484 5972 bonum?

2832 6005 2912 6068 20
