3970 6304
460 311 564 372 619

1493 308 1553 366 S.
1595 305 1984 364 lllEIlONYMI
2019 306 2306 366 OPERUM
2346 308 2713 376 MANTISSA.

3655 313 3769 374 620

447 431 618 486 Nemo
665 430 826 488 bonus
877 429 978 490 nisi
1022 442 1158 488 unus
1207 423 1370 494 Deus.
1415 423 1688 498 Praecepta
1727 427 1909 481 nostis.
1961 427 2047 481 Ne.
2073 431 2123 490 Δ
2152 429 2924 498 cmnquedimiserituxorem
2952 441 3198 499 suam,ct
3223 433 3578 505 reliqua.Sed
3611 436 3764 504 quod

447 525 778 590 adultereris,
813 539 874 576 ne
905 521 1136 584 occidas,
1165 537 1226 574 ne
1245 519 1456 592 fureris,
1501 536 1564 574 ne
1596 521 1786 592 falsum
1819 521 2050 576 testimo-

451 622 595 674 nfum
621 618 836 686 dixeris,
861 633 924 670 ne
951 614 1190 686 fraudem
1215 615 1420 686 feceris,
1449 613 1649 670 honora
1677 625 1876 686 patrem
1902 627 2050 668 tuum

453 720 500 764 et
529 721 760 764 matrem.
787 708 854 761 At
891 707 982 761 ille
1007 709 1343 780 respondens,
1371 708 1444 782 ait
1469 706 1549 762 illi
1577 723 1595 761 :
1627 707 1899 780 Magister,
1941 706 2052 762 hwc

449 805 622 858 onmia
654 801 912 856 observari
939 819 970 854 a
985 805 1259 874 juventute
1287 819 1422 858 mea.
1447 799 1602 856 Iesus
1640 811 1814 858 autem
1839 803 2050 854 intuitus

447 914 586 962 cum,
620 893 802 949 dilexit
831 911 969 962 eum,
1001 903 1049 948 et
1074 896 1207 950 dixit
1235 896 1320 950 ei:
1361 893 1532 950 Unum
1562 894 1655 947 tibi
1685 894 1823 948 deest
1851 909 1868 946 :
1896 893 2048 964 uade,

445 1005 780 1060 quacumque
817 989 972 1044 habes
1011 990 1194 1055 vende,
1217 999 1264 1044 et
1295 989 1361 1044 da
1389 988 1736 1062 pauperibus,
1768 997 1818 1044 et
1845 989 2053 1042 habebis

447 1081 746 1134 thesaurum
771 1081 824 1133 in
851 1082 975 1136 ctelo
1009 1097 1027 1136 :
1050 1093 1094 1136 et
1119 1081 1254 1148 veni,
1279 1097 1488 1152 sequere
1507 1097 1605 1138 me.
1641 1080 1748 1148 Qui
1778 1081 2055 1138 contrista-

443 1187 524 1228 tus
545 1176 598 1228 in
630 1176 814 1242 verba,
845 1173 973 1228 abiit
1014 1190 1249 1230 intereas.
1283 1173 1416 1240 Erat
1453 1175 1588 1228 enim
1633 1174 1824 1230 habent
1861 1174 2052 1228 multas

443 1265 813 1338 possessiones.
862 1263 933 1320 Et
975 1267 1393 1338 circumspiciens
1429 1264 1618 1332 Iesus,
1663 1267 1738 1320 ait
1781 1267 2053 1334 discipulis

445 1366 590 1414 suis:
622 1360 792 1425 Qnmn
828 1359 1045 1429 difﬁcile
1087 1361 1174 1430 qui
1204 1360 1450 1430 pecunias
1491 1357 1712 1424 habent,
1746 1359 1802 1414 in
1839 1375 2056 1432 regnum

447 1455 544 1508 Dci
565 1453 852 1508 introibant
869 1453 889 1504 l
903 1451 1163 1524 Discipuli
1184 1461 1354 1507 autem
1372 1452 1794 1525 obstupescebant
1813 1453 1868 1508 in
1889 1452 2054 1507 verbis

447 1554 577 1624 ejus.
626 1548 691 1602 At
725 1545 878 1602 Iesus
922 1562 1106 1602 rursus
1145 1547 1498 1619 respondens,
1549 1549 1620 1600 ait
1659 1547 1765 1602 illis
1797 1564 1816 1602 :
1842 1545 2054 1614 Filioli,

447 1660 600 1712 quam
629 1641 836 1712 difficile
857 1652 932 1696 est
951 1641 1271 1712 conﬁdentes
1303 1642 1358 1696 in
1388 1641 1623 1712 pecuniis
1643 1641 1698 1694 in
1719 1657 1938 1714 regnum
1958 1638 2055 1696 Dei

449 1733 763 1790 introire!F
767 1735 952 1790 acilius
979 1744 1054 1791 est
1084 1735 1336 1790 cautelam
1363 1750 1452 1808 per
1475 1737 1709 1808 foramen
1731 1751 1858 1789 acus
1885 1742 2058 1792 trans-

2149 520 2284 576 dicit
2323 522 2536 592 Marcus
2563 541 2573 576 :
2599 523 2799 592 lterum
2843 525 3096 596 discipuli
3124 527 3243 597 ejus
3280 527 3771 599 interrogaverunt

2149 629 2272 670 eum
2303 633 2316 670 :
2349 631 2452 670 non
2484 615 2734 684 discipuli
2765 617 3241 689 interrogaverunt
3279 623 3455 692 prius,
3487 621 3587 678 sed
3621 622 3770 692 plia-

2149 705 2316 782 risazi.
2351 707 2456 764 Sed
2487 707 2726 766 secunda
2759 710 3117 780 interrogatio
3153 713 3222 768 ab
3267 714 3412 779 aliis,
3445 713 3498 770 id
3539 725 3665 778 εει,
3705 713 3777 768 ab

2151 799 2432 868 apostolis,
2463 800 2656 856 iterum
2687 800 2828 866 dicta
2856 813 2940 870 est
2963 802 3033 870 de
3061 803 3253 860 eadem
3285 819 3364 872 re,
3395 805 3462 862 de
3487 821 3596 878 qua
3627 806 3776 876 plta-

2153 891 2295 946 riszci
2321 908 2444 948 eum
2470 895 2962 964 interrogaverunt.

2225 983 2293 1038 Et
2332 987 2546 1042 veniunt
2573 983 2810 1046 Jericho.
2855 988 3110 1054 Jericho,
3143 991 3290 1058 luna,
3334 992 3450 1048 sive
3481 990 3784 1048 anathema

2153 1076 2542 1146 interpretatur
2593 1093 2611 1134 :
2661 1079 2804 1150 quod
2853 1081 3106 1154 congruit
3159 1081 3404 1154 passioni
3457 1083 3784 1154 appropin—

2153 1170 2364 1238 quinti.
2407 1168 2662 1226 Defectus
2707 1187 2942 1244 namque
2987 1174 3168 1230 carnis
3197 1173 3440 1240 Christi,
3471 1179 3786 1240 neomenia

2155 1271 2239 1318 est
2278 1263 2518 1320 caelestis
2565 1263 2900 1324 Jerusalem.
2947 1267 3101 1326 Unde
3145 1268 3370 1336 Jerlcho
3417 1271 3788 1341 deserentes,

2153 1355 2510 1428 Jerosolymte
2531 1401 2545 1427 ,
2581 1358 2632 1414 id
2662 1370 2747 1414 est
2768 1403 2781 1426 ,
2809 1362 2995 1416 visioni
3023 1363 3166 1436 pacis
3187 1366 3672 1437 appropinquant.

2228 1448 2296 1504 Et
2329 1451 2690 1520 proficiscente
2716 1470 2778 1508 eo
2809 1455 2872 1508 de
2892 1453 3106 1528 Iericho
3135 1469 3182 1510 et
3221 1457 3500 1530 discipulis
3527 1463 3666 1531 ejus
3691 1499 3710 1526 ,
3733 1468 3782 1514 et

2157 1541 2391 1614 plurima
2420 1548 2756 1602 multitudine
2786 1549 2972 1616 :ﬁlius
3013 1549 3196 1608 Timazi
3243 1552 3556 1614 Bartimceus
3597 1571 3788 1610 caecus

2159 1637 2372 1692 sedebat
2389 1641 2550 1710 juxta
2580 1641 2716 1694 viam
2741 1643 3064 1698 mendicans.
3097 1645 3297 1718 Quinta
3325 1646 3536 1704 decima
3559 1648 3786 1712 virtute

2169 1729 2511 1786 illuminatur
2554 1747 2754 1790 caecus.
2793 1732 3022 1791 Caecitas
3064 1752 3132 1792 ex
3176 1748 3330 1809 parte
3370 1737 3512 1806 facta
3557 1739 3784 1796 Jttdeeis

445 1831 548 1896 ire,
582 1845 736 1900 quam
785 1828 996 1882 divitem
1025 1830 1222 1884 intrare
1256 1830 1312 1884 in
1338 1845 1554 1900 regnum
1585 1829 1703 1884 Dei.
1746 1829 1846 1896 Qui
1885 1828 2050 1899 magis
2079 1821 2128 1882 B
2155 1823 2516 1881 illustrabitur
2561 1826 2613 1882 in
2651 1827 2790 1894 line,
2823 1829 3041 1904 quando
3081 1830 3161 1886 eis
3203 1831 3386 1898 mittet
3417 1831 3594 1904 Etiam
3637 1849 3784 1904 pro-

448 1923 864 1986 admirabantur,
888 1923 1113 1978 dicentes
1142 1923 1210 1978 ad
1242 1923 1544 1994 semetipsos
1579 1939 1597 1976 :
1625 1921 1698 1976 Et
1739 1921 1856 1994 quis
1887 1931 2050 1994 potest

445 2018 620 2072 salvus
647 2017 798 2086 fieri?
827 2015 894 2071 Et
916 2017 1120 2070 intuens
1142 2016 1261 2070 illos
1284 2013 1462 2084 Iesus,
1482 2016 1556 2070 ait
1585 2031 1604 2070 :
1633 2015 1787 2088 Apud
1817 2015 2051 2070 homines

443 2113 763 2188 impossibile
793 2123 889 2180 est,
915 2112 1007 2168 sed
1039 2129 1142 2167 non
1165 2112 1307 2184 apud
1334 2109 1541 2176 Deum;
1569 2111 1742 2165 omnia
1770 2108 1908 2164 enim
1931 2125 2052 2180 pos-

445 2209 620 2264 sit-ilia
658 2217 780 2262 sunt
811 2206 951 2278 apud
989 2205 1181 2260 Deum.
1225 2203 1296 2260 Et
1331 2206 1481 2276 coepit
1526 2205 1572 2258 ei
1603 2202 1792 2258 Petrus
1836 2203 2006 2258 dicere
2031 2220 2052 2260 :

449 2302 583 2356 Ecce
623 2318 715 2356 nos
759 2301 1053 2354 dimisimus
1093 2299 1303 2363 omnia,
1351 2307 1396 2350 et
1422 2297 1584 2350 secuti
1613 2313 1790 2350 sumus
1828 2304 1896 2350 te.
1942 2295 2051 2350 Re-

447 2394 708 2468 spondeas
737 2391 892 2448 Iesus
935 2393 1057 2444 ait:
1089 2393 1250 2444 Amen
1292 2390 1410 2442 dico
1454 2388 1626 2457 vobis,
1659 2403 1805 2442 nemo
1845 2398 1920 2442 est
1964 2385 2052 2455 qui

450 2489 714 2560 reliquerit
745 2488 975 2552 domum,
1005 2493 1095 2538 aut
1117 2487 1326 2556 fratres,
1347 2492 1438 2538 aut
1461 2499 1682 2548 sorores,
1711 2492 1802 2536 aut
1825 2491 2050 2552 patrem,

449 2591 540 2638 aut
581 2590 818 2646 matrem,
850 2587 940 2632 aut
966 2578 1106 2648 ﬁlios
1125 2619 1140 2642 ,
1173 2585 1266 2630 aut
1293 2592 1444 2648 agros
1473 2585 1683 2646 propter
1711 2593 1808 2644 me,
1844 2584 1893 2628 et
1923 2591 2049 2646 pro-

451 2687 566 2742 pter
597 2673 962 2742 Evangelium,
993 2671 1080 2740 qui
1115 2687 1219 2724 non
1241 2669 1456 2739 accipiet
1487 2669 1676 2724 centies
1697 2677 1893 2748 tantum
1915 2683 2051 2722 nunc

447 2773 500 2824 in
533 2771 893 2840 temporehoc,
913 2763 1179 2834 domos,et
1208 2766 1419 2836 fratres,
1452 2771 1499 2818 et
1522 2779 1749 2830 sorores,
1770 2773 1818 2818 et
1839 2770 2050 2842 matres,

451 2879 498 2919 et
531 2865 685 2930 ﬁlios,
720 2872 768 2917 et
789 2879 944 2936 agros
967 2877 1082 2914 cum
1101 2859 1560 2928 persecutionibus,
1591 2869 1638 2912 et
1667 2859 1722 2912 in
1749 2857 1940 2912 steculo
1967 2857 2053 2928 fu.-

451 2969 566 3011 turo
587 2958 744 3010 vitam
766 2964 1036 3008 cateruam.
1054 2950 1214 3005 Multi
1229 2961 1400 3014 autem
1417 2959 1566 3005 erunt
1589 2951 1744 3018 primi
1763 2949 2050 3014 novissimi,

451 3064 494 3104 et
523 3049 787 3106 novissimi
811 3047 991 3114 primi.
1025 3043 1193 3098 Erant
1221 3053 1390 3098 autem
1417 3043 1470 3097 in
1494 3044 1576 3096 eia
1601 3043 1934 3098 ascendentes
1960 3040 2080 3097 Ie-.

450 3143 797 3214 rosolymam,
829 3149 874 3194 et
904 3137 1225 3211 pra’cedebat
1263 3138 1382 3192 illos
1420 3135 1618 3190 Iesus:
1650 3145 1696 3190 et
1742 3136 2048 3206 stupebant,

2155 1916 2400 1989 phetam.
2457 1917 2621 1974 Juxta
2666 1919 2809 1975 viam
2868 1922 3206 1978 mendicans.
3263 1923 3366 1994 Qui
3417 1922 3786 1994 Scripturam

2153 2019 2470 2076 conservat,
2485 2027 2587 2067 nec
2609 2014 2870 2086 complet,
2885 2014 3040 2086 juxta
3053 2015 3198 2072 viam
3220 2017 3540 2072 mendicans
3561 2018 3786 2080 esurit.

2228 2107 2332 2174 Qui
2355 2125 2469 2162 cum
2500 2109 2754 2176 audisset,
2777 2111 2900 2182 quia
2929 2110 3085 2167 Iesus
3115 2112 3432 2168 Nazarenus
3465 2124 3644 2180 esset,
3685 2133 3790 2170 co:-

2155 2201 2229 2272 pit
2252 2201 2481 2256 clamare
2517 2210 2566 2257 et
2595 2203 2806 2258 dicere:
2839 2201 2952 2258 Fili
2984 2204 3154 2260 David
3179 2203 3334 2276 Iesu,
3367 2207 3624 2264 miserere
3657 2210 3786 2264 mei.

2154 2293 2258 2350 Per
2291 2295 2482 2349 merita
2517 2295 2970 2364 patriarcharum,
2997 2296 3257 2354 Judaicus
3291 2299 3654 2356 illuminatur
3687 2317 3790 2372 po-

2153 2389 2333 2459 pulus.
2362 2388 2460 2444 Cui
2489 2391 2804 2446 misericors
2839 2401 2895 2446 et
2931 2392 3223 2472 miseratur
3253 2393 3516 2462 Dominus
3555 2397 3738 2472 adest
3773 2416 3786 2452 :

2153 2482 2463 2537 illuminans
2491 2497 2692 2552 crocos,
2722 2486 2940 2556 erigens
2967 2486 3166 2554 elisos,
3193 2487 3426 2560 diligens
3457 2502 3786 2562 pauperes,

2152 2573 2468 2628 custodiens
2508 2575 2770 2630 advenas.

2223 2665 2294 2720 Et
2352 2667 2801 2723 committebantur
2848 2669 2934 2724 illi
2983 2671 3137 2726 multi
3187 2683 3242 2726 ut
3286 2682 3498 2730 taceret.
3555 2675 3638 2740 At
3697 2678 3792 2732 ille

2151 2758 2313 2814 multo
2336 2761 2503 2832 magis
2526 2761 2782 2816 clamabat
2807 2780 2824 2816 :
2848 2759 2959 2817 Fili
2988 2763 3177 2830 David,
3203 2766 3442 2822 miserere
3467 2768 3598 2840 mei.
3643 2769 3790 2838 Pec-

2151 2863 2268 2908 cata
2317 2863 2370 2908 et
2417 2853 2686 2908 daamonia
2736 2867 3094 2926 compescunt
3137 2858 3430 2914 clamorem
3476 2863 3789 2942 pauperis,

2151 2963 2312 3016 quem
2353 2947 2628 3000 exaudivit
2669 2947 2953 3014 Dominus.
2999 2953 3070 3005 At
3108 2951 3200 3008 ille
3243 2953 3414 3024 magis
3458 2952 3790 3012 clamabat.

2153 3039 2573 3110 Ingravescente
2619 3041 2800 3108 bello,
2844 3059 3040 3099 manus
3086 3043 3154 3102 ad
3187 3043 3420 3114 lapidem
3469 3031 3792 3120 adjutorii,

2153 3131 2257 3187 hoc
2301 3141 2412 3196 est,
2443 3131 2627 3188 Jesum
2673 3133 3010 3192 Nazarenam
3033 3178 3048 3204 ,
3080 3151 3201 3216 eum
3243 3138 3484 3194 clamore
3515 3139 3794 3198 levandae

453 3250 498 3291 et
539 3245 802 3308 sequentes
838 3233 1102 3288 timebant.
1141 3229 1208 3284 Et
1236 3246 1503 3286 assumens
1532 3231 1722 3284 iterum
1751 3228 2046 3294 duodecim,
2079 3229 2126 3293 ε]
2155 3229 2302 3290 Sunt.

452 3329 602 3401 cupit
655 3328 760 3382 illis
805 3327 976 3380 dicere
1021 3340 1136 3394 qua?
1182 3331 1350 3378 essent
1397 3323 1444 3378 ei
1487 3333 1719 3377 ventura.
1765 3322 1902 3390 Quia
1938 3337 2050 3378 ecce

454 3424 778 3480 ascendimus
821 3420 1236 3490 Jerosolymam,
1271 3427 1316 3472 et
1362 3419 1504 3486 filius
1550 3418 1771 3472 hominis
1819 3417 2053 3478 tradetur

457 3515 778 3592 principibus
803 3512 1152 3581 sacerdotum,
1187 3522 1235 3566 et
1279 3512 1459 3566 scribis
1482 3557 1496 3580 ,
1540 3521 1586 3566 et
1613 3510 1900 3566 senioribus
1946 3526 1963 3563 :
2005 3521 2054 3565 et

455 3611 776 3664 damnabunt
814 3624 932 3661 cum
955 3613 1118 3660 morte
1147 3621 1166 3660 :
1195 3615 1239 3658 et
1261 3605 1466 3658 tradent
1493 3621 1609 3658 eum
1637 3605 1892 3676 gentibus,
1917 3614 1962 3658 et
1991 3603 2056 3656 il-

457 3705 633 3758 ludent
660 3703 728 3768 ci,
753 3710 800 3754 et
825 3709 1108 3766 conspuent
1135 3716 1271 3766 cum,
1295 3709 1343 3753 et
1371 3699 1710 3770 flagellabunt
1742 3709 1942 3764 eum,et
1969 3699 2053 3752 in-

457 3797 712 3866 terﬁciant
737 3811 853 3848 eum
894 3811 914 3847 .'
952 3804 998 3850 et
1025 3793 1173 3847 tertia
1214 3793 1300 3846 die
1327 3802 1580 3864 resurget.
1613 3791 1679 3846 Et
1709 3794 1962 3848 accedunt
1987 3795 2057 3848 ad

461 3907 574 3947 etmt
588 3887 815 3944 Iacobus
834 3897 878 3940 et
895 3883 931 3940 J
934 3903 1030 3941 oan
1040 3903 1125 3940 nes
1141 3884 1236 3956 filii
1251 3883 1735 3952 Zebedazi,dicentes
1749 3902 1768 3942 :
1783 3885 2053 3960 Magister,

459 3984 716 4048 volumus,
751 3990 802 4034 ut
840 3981 1198 4054 quodcumque
1239 3979 1560 4052 petierimus,
1593 3979 1760 4048 facias
1795 3981 1956 4034 nobis.
1991 3979 2058 4036 At

462 4079 553 4132 ille
583 4077 716 4130 dixit
757 4076 828 4128 eis
863 4091 881 4128 :
915 4071 1052 4140 Quid
1091 4070 1245 4126 cultis
1283 4081 1339 4125 ut
1370 4073 1559 4142 faciam
1598 4073 1786 4128 robis?
1820 4073 1886 4128 Et
1915 4074 2060 4130 dixe-

463 4179 625 4224 runt:
653 4167 737 4222 Da
765 4167 911 4220 nobis
939 4176 995 4219 ut
1017 4181 1149 4218 unus
1173 4163 1241 4216 ad
1273 4165 1542 4218 dexteram
1571 4173 1738 4232 tuam,
1759 4175 1806 4219 et
1827 4165 1962 4220 alius
1991 4167 2059 4220 ad

466 4264 730 4317 sinistram
753 4269 894 4313 tuam
920 4255 1189 4310 sedeamus
1212 4257 1266 4309 in
1291 4257 1459 4330 gloria
1482 4267 1592 4311 tua.
1620 4256 1774 4312 Iesus
1795 4269 1967 4311 autem
1987 4261 2060 4313 ait

460 4358 535 4410 eis
557 4372 576 4409 :
608 4353 837 4408 Nescitis
862 4351 988 4422 quid
1011 4349 1227 4422 petatis:
1257 4352 1463 4418 potestis
1485 4350 1651 4404 bibere
1674 4351 1884 4404 calicem
1911 4368 2059 4422 quem

462 4467 553 4520 ego
583 4447 695 4502 bibo
728 4463 746 4502 :
778 4455 866 4498 aut
893 4445 1147 4517 baptismo
1170 4485 1185 4511 ,
1217 4461 1320 4515 quo
1351 4461 1444 4517 ego
1489 4445 1742 4517 baptizor,
1772 4445 2062 4516 baptizari?

464 4551 528 4600 At
560 4540 656 4600 illi
679 4545 921 4598 dixerunt
963 4543 1008 4597 ei
1036 4559 1052 4595 :
1089 4541 1398 4598 Possumus.
1433 4541 1586 4595 Iesus
1619 4551 1787 4596 autem
1822 4542 1896 4594 ait
1933 4543 2005 4596 eis
2039 4558 2058 4596 .'

2227 3319 2295 3373 Et
2336 3329 2478 3374 stans
2513 3317 2668 3376 Iesus
2716 3324 2962 3396 prtccepit
3001 3325 3151 3379 illum
3195 3327 3367 3380 vocari
3397 3343 3416 3382 :
3457 3323 3534 3382 Et
3586 3340 3796 3386 uacant

2156 3430 2348 3469 caecum
2369 3460 2384 3484 ,
2417 3415 2647 3471 dicentes
2679 3417 2726 3470 ei
2761 3435 2778 3470 .'
2807 3417 3166 3490 Animtequior
3200 3431 3309 3490 esto
3336 3440 3355 3478 :
3381 3439 3572 3496 surge,
3632 3437 3791 3486 uocat

2155 3513 2202 3558 te
2231 3521 2249 3558 :
2277 3503 2450 3570 Quam
2494 3509 2832 3564 conveniens
2873 3517 2958 3565 est
3003 3511 3140 3588 ordo
3178 3513 3373 3574 salutis
3407 3532 3418 3568 :
3450 3515 3786 3590 audivimus

2157 3598 2355 3668 primo,
2389 3601 2586 3656 deinde
2608 3603 2932 3674 clamamus,
2959 3614 3152 3678 postea
3177 3621 3458 3674 vocantur,
3485 3621 3776 3679 postremo

2157 3693 2452 3762 surgimus.
2502 3695 2768 3751 Audimus
2815 3713 2911 3768 per
2943 3698 3272 3774 prophetas,
3317 3701 3626 3766 clamamus
3673 3719 3772 3772 per

2159 3783 2346 3853 ﬁdem,
2375 3803 2639 3842 vocamur
2666 3804 2764 3860 per
2791 3791 3096 3862 apostolos,
3129 3793 3408 3864 surgimus
3454 3811 3560 3864 per
3586 3799 3776 3866 pinni-

2163 3882 2410 3946 tentiam,
2447 3883 2696 3936 exuimnr
2727 3899 2822 3954 per
2856 3884 3202 3956 baptismum,
3233 3879 3662 3958 interrogantur
3687 3907 3786 3962 per

2160 3972 2516 4030 voluntatem.
2559 3974 2712 4031 Unde
2743 3977 2990 4046 sequitur
3023 3996 3038 4033 :

2235 4067 2338 4134 Qui
2359 4070 2586 4140 projecto
2616 4069 2916 4124 vestimento
2947 4087 3063 4138 suo,
3082 4071 3327 4128 exsiliens
3356 4073 3494 4127 venit
3517 4073 3594 4126 ad
3633 4092 3790 4132 eunt.

2168 4161 2236 4217 Et
2269 4166 2585 4237 respondens
2613 4164 2799 4232 Iesus,
2834 4167 2965 4222 dixit
2993 4167 3092 4221 illi.
3129 4167 3360 4224 Exsilire
3385 4168 3574 4224 nudus
3603 4172 3808 4228 veteri

2162 4259 2384 4313 homine
2428 4258 2627 4316 dicitur
2661 4278 2672 4313 :
2705 4271 2765 4316 ut
2807 4259 3068 4316 hinnulus
3114 4262 3318 4328 saliens
3357 4277 3525 4334 super
3565 4245 3802 4333 calles,

2165 4353 2421 4408 CXalllellS
2467 4371 2631 4424 super
2660 4365 2872 4412 montes
2917 4373 2930 4410 :
2971 4355 3259 4426 segnitiam
3303 4356 3600 4428 deponens
3627 4401 3648 4424 ,
3699 4377 3816 4432 pa-

2162 4447 2459 4514 triarchas,
2500 4447 2826 4518 prophetas,
2855 4459 2912 4506 et
2951 4452 3230 4520 apostolos
3270 4451 3323 4508 in
3353 4451 3481 4508 altis
3509 4456 3816 4514 conside-

2163 4554 2324 4606 rans,
2358 4543 2424 4594 ad
2459 4557 2692 4612 superna
2723 4559 2782 4597 se
2817 4544 3083 4598 extendit.

463 4642 688 4696 Culicem
715 4639 943 4710 quidem,
977 4653 1127 4708 quem
1154 4653 1246 4708 ego
1287 4637 1424 4703 bibo,
1453 4636 1633 4690 bibetis
1657 4653 1672 4688 :
1707 4647 1754 4690 et
1779 4635 2052 4710 baptismo,
2081 4622 2135 4682 Ι)
2235 4633 2372 4700 Quid
2399 4635 2488 4689 tibi
2512 4637 2586 4690 vis
2615 4635 2847 4706 faciam?
2871 4637 3238 4694 Considerans
3265 4637 3423 4694 Iesus
3451 4654 3820 4716 promptam

460 4747 560 4802 quo
591 4747 682 4802 ego
708 4731 963 4800 baptizor,
995 4727 1380 4800 baptizabimini
1405 4742 1421 4776 :
1443 4727 1617 4780 sedere
1639 4737 1810 4782 autem
1836 4729 1904 4781 ad
1933 4729 2058 4782 dex-

467 4840 629 4880 teram
655 4841 838 4889 meam,
872 4824 950 4877 vel
971 4826 1037 4875 ad
1069 4823 1357 4896 sinistram,
1392 4839 1495 4876 non
1521 4832 1592 4878 est
1621 4840 1790 4876 meum
1822 4822 1946 4878 dare
1971 4841 2056 4878 v0-

461 4920 554 4984 bis,
589 4919 676 4972 sed
701 4917 883 4982 quibus
911 4923 1148 4987 paratum.
1171 4925 1263 4967 est.
1293 4911 1360 4968 Et
1393 4915 1656 4970 audientes
1677 4914 1871 4984 decem,
1895 4933 2057 4990 (tepe-

457 5023 580 5065 runt
602 5009 866 5082 indignari
888 5008 950 5060 de
970 5005 1166 5058 Iacobo
1187 5016 1234 5060 et
1255 5004 1479 5060 Joanne.
1503 5005 1659 5060 Iesus
1680 5018 1850 5062 autem
1870 5025 2055 5062 vocans

458 5123 564 5170 eos,
598 5105 672 5156 ait
708 5101 813 5154 illis
851 5117 870 5156 .'
913 5098 1090 5170 Scitis,
1133 5102 1254 5168 quia
1295 5099 1348 5152 hi
1387 5099 1474 5168 qui
1505 5099 1741 5153 ridentur
1769 5101 2054 5174 principe-ri

455 5200 708 5270 gentibus,
746 5195 1076 5250 dominantur
1101 5193 1203 5258 eis,
1237 5200 1284 5245 et
1317 5191 1573 5262 principes
1609 5209 1787 5247 eorum
1826 5183 2054 5266 potesta-

455 5287 556 5344 teni
585 5291 773 5343 habent
803 5290 1055 5362 ipsorum.
1092 5285 1213 5340 Non
1253 5285 1328 5339 ita
1355 5295 1428 5339 est
1463 5293 1635 5358 autem
1671 5285 1724 5348 in
1753 5283 1891 5340 vobis
1913 5301 1932 5340 .'
1963 5289 2053 5341 sed

448 5386 755 5454 quicumque
780 5379 998 5435 voluerit
1023 5379 1137 5450 ﬁeri
1167 5379 1357 5452 major,
1396 5380 1492 5433 erit
1520 5387 1684 5432 vester
1714 5379 1967 5447 minister,
2004 5390 2050 5434 et

448 5479 756 5549 quicumque
783 5473 1004 5529 uoluerit
1123 5472 1262 5527 robis
1303 5474 1500 5544 primus
1537 5489 1644 5526 esse
1665 5514 1680 5540 ,
1703 5473 1798 5528 erit
1820 5475 2049 5530 omnium

444 5586 642 5624 servus.
673 5568 724 5622 Ν
731 5585 816 5624 am
841 5577 890 5622 et
921 5567 1063 5636 filius
1091 5565 1314 5619 hominis
1340 5581 1443 5618 non
1469 5565 1622 5628 venit,
1651 5575 1704 5618 ut
1727 5566 2051 5620 ministrare-

443 5671 530 5716 tur
554 5663 630 5727 ei,
665 5661 754 5715 sed
789 5669 844 5714 ut
887 5660 1236 5719 ministraret,
1267 5666 1315 5712 et
1355 5661 1500 5712 daret
1540 5658 1766 5712 animum.
1795 5676 1944 5712 suam
1969 5677 2049 5713 rc-

445 5754 790 5823 a'en:ptionem
821 5769 916 5822 pro
959 5751 1158 5805 multis.
1199 5749 1258 5805 Id
1300 5759 1420 5818 est,
1465 5751 1534 5807 de
1573 5752 1810 5822 coniugii
1857 5763 1998 5808 statu
2031 5772 2043 5805 :

437 5848 576 5904 sicut
617 5861 850 5918 sequens
881 5841 1178 5918 capitulum
1209 5841 1442 5908 indicat.
1466 5843 1533 5902 Et
1559 5842 1694 5900 dicit
1720 5843 1836 5902 illis
1869 5862 1882 5900 :
1917 5843 2048 5914 Qui-

2160 4725 2515 4794 volnntatem,
2548 4729 2912 4798 completione
2941 4730 3197 4800 desiderii
3237 4739 3578 4798 remunerat.
3628 4735 3824 4794 Unde

2161 4828 2217 4875 et
2240 4819 2373 4874 alias
2401 4819 2577 4875 dicit:
2621 4821 2792 4876 Omne
2831 4823 3208 4895 quodcumque
3249 4825 3522 4896 petieritis
3565 4826 3642 4882 in
3677 4846 3824 4888 ora-

2160 4914 2330 4978 tione,
2362 4913 2675 4980 credentes,
2705 4917 3008 4984 accipietis.

2233 5005 2413 5062 Caecus
2443 5017 2614 5062 autem
2631 5008 2780 5064 "dixit
2803 5009 2850 5064 ei
2875 5027 2893 5063 :
2927 5009 3196 5080 Rabboni,
3233 5021 3288 5066 ut
3326 5012 3549 5068 videam.
3596 5015 3822 5078 Unum

2164 5103 2356 5169 petita
2389 5099 2618 5158 Domino
2651 5119 2661 5155 :
2705 5105 2805 5156 hoc
2843 5104 3073 5174 requirit
3110 5115 3168 5158 ut
3208 5105 3388 5166 videat
3426 5107 3820 5188 vpluntatenl

2163 5192 2376 5248 Domini
2407 5213 2420 5247 :
2451 5203 2506 5250 et
2534 5194 2659 5250 inde
2689 5195 2878 5250 videns
2917 5197 3104 5250 visitet
3135 5199 3394 5270 templum
3438 5196 3582 5266 ejus.
3625 5199 3822 5264 Unde

2161 5287 2408 5356 sequitur
2440 5303 2453 5340 :

2230 5377 2381 5433 Iesus
2419 5387 2592 5433 autem
2617 5379 2689 5432 ait
2723 5379 2804 5434 illi
2833 5395 2851 5434 :
2889 5377 3069 5446 Vade,
3096 5381 3224 5450 ﬁdes
3256 5390 3347 5456 tua
3379 5390 3427 5436 te
3451 5382 3684 5454 solrum
3723 5390 3826 5460 [es

2159 5473 2248 5526 cit.
2281 5471 2350 5524 Et
2395 5473 2664 5542 confestim
2708 5473 2864 5542 vidit,
2901 5485 2948 5528 et
2990 5475 3294 5546 sequebatur
3335 5492 3449 5540 eum
3481 5477 3534 5528 in
3565 5479 3704 5550 uia.
3751 5482 3830 5540 In

2155 5568 2238 5621 via
2274 5581 2452 5622 circus
2474 5567 2838 5636 mendicabat,
2872 5585 2992 5638 qua:
3024 5567 3156 5636 dicit
3194 5588 3206 5622 :
3241 5571 3353 5640 Ego
3381 5585 3500 5626 sum
3529 5571 3660 5640 via,
3705 5591 3830 5634 ve-

2157 5663 2288 5718 ritas
2319 5672 2373 5716 et
2403 5661 2532 5716 vita.
2563 5661 2692 5717 llaec
2719 5670 2804 5716 est
2833 5665 2915 5718 via
2960 5671 3212 5734 angusta,
3247 5679 3368 5734 quae
3399 5662 3550 5718 ducit
3576 5649 3670 5720 ad
3712 5685 3828 5726 ar-

2155 5753 2259 5810 dua
2290 5751 2670 5824 Jorosolymte,
2702 5765 2760 5810 et
2779 5755 3082 5820 Betltauitc,
3109 5756 3174 5808 ad
3197 5767 3434 5838 tuentem
3461 5755 3826 5834 Olivarum,

2158 5845 2250 5920 qui
2279 5853 2363 5903 est
2391 5860 2545 5902 mons
2575 5845 2818 5915 luminis,
2851 5857 2905 5908 et
2931 5847 3344 5906 consolationis.
