3970 6304
258 306 341 364 621
860 312 1407 376 COMMENTARIUS
1447 317 1513 376 1N
1553 318 2005 381 EVANGELIUM
2041 321 2191 381 SEC.
2234 323 2551 385 MARCUM.
2592 327 2745 387 CAP.
2786 330 2879 387 XI.

857 431 1089 488 CAPUT
1129 432 1222 489 ΧΙ.

315 518 380 572 Et
402 535 520 572 cum
541 522 1024 595 appropinquarent
1045 526 1392 599 Jerosolyma:
1415 538 1467 585 et
1489 529 1754 587 Bethania:
1773 532 1842 586 ad

242 626 461 669 montem
505 618 792 674 Olirarum.
836 621 968 690 Quae
1009 633 1094 680 est
1122 626 1249 680 visio
1279 626 1422 698 pacis
1451 643 1470 681 :
1503 628 1555 682 in
1586 643 1690 699 qua
1722 644 1841 683 ma-

240 720 325 763 net
357 712 461 768 fixa
490 715 893 787 intmohilisque
924 718 1196 775 felicitas:
1236 737 1356 792 qua:
1380 722 1679 778 secundum
1711 738 1844 794 apo-

238 807 464 872 stolum,
486 819 661 864 mater
680 818 765 866 est
784 809 1028 867 omnium
1051 813 1411 881 credentium,
1426 824 1485 871 et
1505 814 1645 871 bene
1665 815 1845 872 viven-

216 901 373 971 tium
407 903 461 957 in
491 904 735 964 Christo.

310 992 481 1049 Mittit
498 996 631 1054 duos
661 1017 726 1055 ea:
747 1001 1020 1071 discipulis
1052 1003 1179 1069 suis,
1207 1012 1254 1058 et
1290 1004 1363 1057 ait
1391 1004 1499 1059 illis
1526 1020 1545 1059 :
1570 1001 1654 1060 Ite
1681 1005 1734 1058 in
1755 1021 1841 1059 ca-

240 1087 441 1143 stellum
465 1093 604 1161 quod
625 1104 809 1149 contra
830 1112 916 1151 vos
945 1105 1052 1150 est:
1075 1106 1124 1152 et
1153 1098 1326 1151 statim
1347 1100 1667 1153 introeuntes
1690 1097 1835 1167 illuc,

241 1184 507 1239 invenietis
543 1186 747 1257 pullum
784 1191 1037 1263 ligatum,
1091 1209 1244 1264 super
1285 1208 1433 1262 quem
1472 1209 1619 1247 nemo
1670 1193 1841 1247 adhuc

246 1277 503 1333 hminum
527 1283 658 1335 sedit
684 1299 703 1337 .'
742 1286 922 1339 solvite
962 1286 1147 1351 illum,
1177 1296 1225 1341 et
1260 1286 1527 1341 adducite.
1562 1286 1631 1341 Et
1660 1288 1704 1341 si
1724 1289 1839 1359 quis

250 1371 377 1424 vobis
406 1374 616 1441 dixerit,
650 1377 777 1445 quid
800 1379 975 1449 facitis
999 1379 1025 1431 ?
1052 1378 1234 1444 dicite,
1267 1381 1390 1450 quia
1412 1379 1637 1433 Domino
1668 1396 1840 1433 neces-

254 1465 405 1517 sarius
435 1475 543 1533 est,
577 1474 628 1520 et
658 1469 899 1523 continuo
938 1469 1095 1524 illum
1133 1471 1357 1525 dimittet
1391 1472 1510 1525 huc.
1553 1471 1621 1524 Et
1647 1470 1841 1525 abeun-

259 1567 348 1623 tes,
376 1560 680 1616 invenerunt
720 1565 922 1636 pullum
967 1565 1186 1639 ligatum
1228 1575 1347 1620 ante
1376 1570 1601 1638 januam
1630 1569 1762 1637 foris
1784 1568 1840 1621 in

261 1653 393 1724 bivio,
422 1664 468 1710 et
498 1660 705 1711 solvunt
748 1674 884 1714 eum.
919 1658 1038 1714 Bini
1065 1670 1355 1724 vocantur,
1381 1668 1437 1715 et
1466 1659 1579 1714 bini
1604 1659 1836 1715 mittun-

261 1759 333 1802 tur
357 1749 603 1820 discipuli
626 1750 831 1808 Christi
860 1770 874 1806 :
906 1753 1164 1824 quoniam
1196 1754 1435 1808 charitas
1457 1767 1564 1808 non
1586 1754 1841 1808 consistit

3433 335 3545 394 62%

1864 439 1921 500 Α
2018 436 2088 490 Et
2116 439 2347 494 introivit
2375 440 2758 514 Jerosolymam
2806 446 2862 499 in
2902 444 3185 515 templum,
3231 456 3280 502 et
3318 448 3542 503 circum-

1947 532 2137 599 spectis
2164 533 2401 588 omnibus
2420 576 2433 601 ,
2462 551 2579 589 cum
2600 538 2717 606 jam
2735 553 2945 608 vespera
2969 546 3099 593 esset
3129 540 3280 605 hora,
3327 541 3455 594 exiit
3491 542 3548 596 in

1946 622 2257 681 Bethaniam
2287 643 2403 682 cum
2449 629 2723 684 duodecim
2752 650 2770 687 :
2799 642 2847 686 et
2881 632 2991 687 alia
3016 634 3100 687 die
3126 650 3247 688 cum
3286 637 3486 690 exirent
3512 655 3544 690 a

1944 717 2225 787 Bethania,
2250 723 2447 777 esuriit.
2474 723 2701 796 Cumque
2722 728 2928 782 vidisset
2953 728 3155 803 alonge
3169 730 3324 799 ﬁcum
3344 730 3542 787 haben-

1947 822 2048 867 tem
2079 813 2229 885 folia,
2273 816 2409 869 venit
2449 817 2493 870 si
2521 818 2647 887 quid
2677 824 2814 887 forte
2841 822 3090 877 inveniret
3129 823 3184 878 in
3215 839 3291 878 ea.
3328 823 3395 877 Et
3422 842 3542 879 cum

1944 908 2163 963 venisset
2190 909 2262 962 ad
2308 926 2454 979 eam,
2505 911 2641 965 nihil
2683 913 2875 966 invenit
2907 914 3007 970 nisi
3039 916 3187 986 folia.
3239 915 3361 970 Non
3405 918 3543 971 enim

1942 1008 2056 1053 erat
2084 1007 2282 1071 tempus
2301 1003 2540 1070 ﬁcorum.
2570 1002 2637 1057 Et
2659 1007 2994 1076 respondens,
3024 1008 3159 1061 dixit
3184 1008 3231 1062 ei
3256 1024 3275 1064 ξ
3298 1006 3422 1061 lam
3438 1025 3544 1064 non

1945 1094 2169 1165 amplius
2214 1096 2270 1149 in
2309 1107 2556 1152 wternum
2583 1115 2646 1152 ea:
2675 1110 2722 1153 te
2763 1104 2990 1170 fructum
3016 1102 3291 1171 quisquam
3323 1103 3545 1156 mandu-

1942 1197 2041 1243 cet.
2074 1188 2140 1243 Et
2171 1189 2455 1246 audiebant
2493 1191 2742 1264 discipuli
2768 1196 2881 1266 ejus
2913 1209 2931 1247 :
2968 1202 3014 1246 et
3032 1195 3241 1248 veniunt
3269 1194 3541 1266 Jerusoly-

1942 1300 2101 1338 mam.
2133 1282 2204 1337 Et
2230 1301 2345 1339 cum
2372 1287 2634 1341 introisset
2654 1288 2708 1339 in
2733 1287 3005 1356 templum,
3038 1289 3187 1359 cmpit
3217 1288 3401 1357 ejicere
3422 1305 3545 1342 ven-

1941 1375 2125 1431 dentes
2154 1387 2203 1433 et
2236 1389 2458 1433 ementes
2488 1380 2543 1432 in
2579 1380 2801 1448 templo,
2842 1388 2891 1434 et
2921 1397 3127 1434 mensas
3166 1380 3547 1435 nummulario-

1943 1479 2087 1527 rum,
2120 1472 2168 1518 et
2186 1464 2460 1519 cathedras
2482 1466 2813 1519 vendentium
2836 1465 3103 1520 columbas
3130 1468 3327 1520 evertit.
3354 1465 3420 1519 Et
3443 1484 3547 1519 non

1942 1556 2160 1623 sinebat,
2196 1568 2253 1611 ut
2275 1558 2547 1627 quisquam
2581 1562 2893 1627 transferret
2930 1574 3018 1612 vas
3045 1575 3137 1629 per
3173 1557 3453 1628 templum,
3493 1570 3545 1612 et

1943 1648 2183 1712 docebat,
2215 1650 2391 1702 dicens
2420 1650 2494 1703 eis
2515 1665 2534 1703 :
2567 1649 2761 1704 Nonne
2789 1651 3041 1721 scriptum
3071 1660 3187 1705 est:
3216 1654 3339 1722 quia
3364 1652 3548 1705 domus

1943 1743 2195 1796 orationis
2226 1742 2491 1797 vocabitur
2530 1743 2769 1798 omnibus
2805 1746 3038 1815 gentibus
3060 1745 3086 1798 ?
3133 1742 3232 1798 Vos
3262 1752 3432 1798 autem
3474 1744 3551 1815 fe-

259 1852 360 1895 cum
383 1857 509 1910 uno,
544 1846 687 1900 unde
708 1845 935 1904 dicitur:
962 1846 1059 1903 Vae
1085 1848 1215 1915 soli,
1240 1856 1295 1902 et
1315 1846 1545 1918 reliqua.
1574 1847 1695 1903 Duo
1715 1847 1839 1903 edu-

1952 1835 2090 1888 cistis
2120 1851 2236 1888 eam
2277 1835 2580 1907 speluncam
2610 1838 2897 1891 latronum.
2943 1836 3059 1904 Quo
3099 1837 3315 1905 audito,
3349 1838 3546 1907 princi-

260 1945 365 1989 cunt
392 1935 651 1993 Hebrzcos
674 1938 741 1995 de
772 1939 1034 2012 Egypto.
1062 1940 1180 1994 Duo
1211 1938 1505 2010 deportant
1533 1942 1748 1996 botrum
1772 1940 1841 1997 de

264 2039 384 2083 terra
406 2042 593 2087 saneta
628 2050 642 2087 :
680 2042 740 2087 ut
767 2048 984 2102 semper
1018 2034 1295 2103 praepositi
1332 2033 1664 2104 coniungant
1700 2048 1840 2103 opus

262 2131 305 2176 et
329 2123 603 2179 scientiam
633 2144 647 2177 :
679 2133 735 2180 et
759 2125 867 2181 duo
891 2126 1140 2181 mandata
1167 2126 1236 2181 de
1260 2125 1467 2181 duabus
1490 2126 1693 2181 tabulis
1713 2143 1840 2197 pro-

264 2212 430 2282 lerant,
463 2226 518 2273 et
549 2218 765 2273 duobus
796 2218 1036 2275 fontibus
1069 2220 1381 2285 abluantur,
1414 2229 1468 2274 et
1508 2220 1752 2285 abluant,
1785 2226 1838 2275 et

265 2308 444 2366 duobus
480 2313 730 2368 vectibus
775 2329 955 2368 arcam
999 2312 1213 2367 Domini
1263 2320 1484 2382 portent
1533 2330 1547 2365 :
1596 2324 1651 2366 et
1696 2314 1838 2366 inter

268 2405 377 2461 duos
399 2406 679 2462 cherubim
711 2409 877 2463 Deum
912 2414 1279 2478 cognoscant,
1326 2407 1521 2476 spiritu
1558 2416 1614 2463 et
1654 2415 1838 2462 mente

269 2498 549 2565 psallentes.
595 2501 804 2555 Pullum
849 2500 1074 2570 ligatum
1115 2501 1325 2556 ducunt
1369 2510 1425 2556 et
1468 2499 1834 2554 indomitum:

271 2610 399 2664 quem
426 2596 646 2651 solvunt
668 2607 721 2650 et
745 2596 992 2663 domant,
1020 2598 1108 2667 qui
1130 2605 1213 2651 est
1239 2595 1470 2665 papulas
1496 2592 1736 2665 gentilis,
1768 2593 1837 2645 li-

271 2699 391 2757 gatus
428 2699 553 2745 ante
580 2690 807 2759 januam
862 2688 1023 2755 fidei,
1053 2703 1175 2743 cum
1219 2687 1448 2742 vinculis
1488 2696 1834 2756 peccatorum

274 2793 457 2837 Suarum
495 2801 506 2835 :
542 2784 596 2836 in
632 2781 777 2837 bivio
809 2789 1067 2847 stantem,
1114 2781 1169 2835 in
1204 2780 1457 2836 libertate
1488 2778 1704 2833 arbitrii
1731 2778 1834 2833 du-

270 2872 666 2937 bitautcminter
693 2875 858 2947 vitam
888 2883 943 2929 et
974 2880 1228 2928 mortem.
1723 2880 1728 2885 '

316 2970 372 3023 Et
397 2972 607 3039 quidam
636 2972 699 3023 de
724 2970 831 3023 illic
853 2969 1107 3023 stantibus
1136 2967 1376 3022 dicebant
1400 2967 1507 3022 illis
1531 2982 1549 3021 :
1583 2964 1726 3032 Quid
1753 2970 1836 3036 [a-
1863 3023 1866 3028 _

256 3062 345 3117 ritis
376 3064 641 3119 solventes
679 3062 925 3133 pullum?
950 3062 1052 3129 Qui
1095 3062 1341 3115 dixerunt
1371 3060 1444 3114 eis
1475 3060 1609 3112 sicut
1639 3074 1832 3128 prlece-

249 3166 373 3228 perat
394 3157 469 3210 eis
496 3156 677 3223 Jesus,
708 3166 755 3209 et
782 3156 1095 3210 dimiserunt
1126 3156 1219 3208 eis.
1250 3153 1319 3207 Et
1349 3154 1607 3207 duxerunt
1634 3151 1835 3220 pullum

1946 1944 2036 1999 pes
2085 1929 2411 1982 sacerdotum
2454 1938 2502 1982 et
2543 1928 2727 1984 scriba:
2764 1930 3092 1999 quaerebant,
3134 1931 3391 1997 quomodo
3436 1948 3554 1986 eum

1945 2019 2243 2091 perderent.
2296 2019 2570 2076 Tintebant
2611 2023 2747 2077 enim
2797 2039 2913 2076 eum
2958 2038 2979 2077 :
3021 2024 3266 2092 quoniam
3308 2024 3553 2087 universa

1942 2113 2098 2169 turba
2133 2113 2490 2169 admirabatur
2535 2131 2689 2184 super
2732 2115 2972 2171 doctrina
3011 2118 3147 2187 ejus.
3182 2116 3342 2173 Jesus
3384 2117 3552 2179 intrat

1942 2209 1999 2264 in
2032 2211 2294 2280 templum
2328 2228 2341 2265 :
2372 2227 2601 2281 veSpera
2639 2212 2771 2267 exiit
2814 2213 2867 2267 in
2896 2212 3239 2281 Bethaniam,
3264 2229 3387 2269 cum
3415 2214 3553 2269 duo-

1941 2302 2145 2370 decim,
2179 2319 2338 2359 mane
2358 2304 2427 2358 ad
2457 2304 2700 2359 Iudaeam
2727 2306 2898 2369 venit,
2922 2314 3085 2377 atque
3109 2322 3209 2362 nos
3236 2308 3291 2363 in
3319 2322 3550 2376 vespera

1942 2395 2133 2451 mundi
2157 2396 2362 2451 visitat.
2390 2397 2653 2452 Esuriens
2680 2397 2943 2453 Dominus
2973 2399 3204 2454 salutem
3236 2399 3541 2466 hominum,

1941 2489 2076 2543 vidit
2108 2505 2137 2543 a
2176 2490 2336 2559 longe
2383 2490 2566 2555 ficum,
2618 2490 2785 2551 foliis.
2828 2506 2936 2544 non
2979 2470 3246 2547 fructibus
3271 2501 3542 2555 ornatam,
3592 2496 3597 2511 ‘

1944 2581 1995 2637 id
2027 2591 2130 2649 est,
2182 2598 2513 2655 synagogam
2558 2584 2811 2638 vestitam
2842 2583 3111 2639 mandatis
3154 2583 3458 2649 hominum,
3488 2596 3547 2639 et

1941 2676 2422 2744 superstitionibus
2452 2684 2730 2746 scopatam
2764 2694 2777 2727 :
2826 2677 2913 2731 cui
2954 2678 3186 2747 denegat
3217 2677 3453 2735 fructum
3492 2679 3546 2733 in

1942 2784 2136 2824 sevum.
2182 2769 2311 2825 lude
2341 2770 2602 2838 templum
2638 2771 2938 2839 ingressus,
2979 2769 3140 2839 ejecit
3165 2770 3464 2828 vendentes
3491 2780 3547 2828 et

1940 2873 2203 2935 ementes,
2236 2874 2292 2920 et
2320 2878 2536 2920 mensas
2561 2873 2615 2918 et
2640 2864 2925 2919 cathedras
2964 2865 3194 2923 evenit:
3226 2865 3278 2919 id
3308 2876 3421 2929 est,
3456 2868 3549 2936 qui

1938 2957 2183 3012 Vendunt
2230 2957 2495 3023 honorem
2540 2966 2594 3011 et
2635 2957 2839 3027 gradus
2884 2967 3095 3012 emunt.
3152 2957 3421 3028 Scriptum
3466 2968 3551 3013 est

1941 3048 2122 3106 enim:
2154 3048 2357 3105 Domus
2372 3064 2516 3117 mea,
2541 3048 2737 3107 domus
2767 3051 3030 3105 orationis
3060 3050 3369 3117 Vocabitur,
3397 3050 3549 3120 juxta

1939 3144 2151 3200 Isaiam.
2171 3144 2280 3199 V'os
2310 3154 2489 3201 autem
2518 3144 2726 3201 fecistis
2748 3159 2866 3201 eam
2895 3146 3212 3215 speluncam
3235 3146 3508 3201 latronum
3539 3163 3550 3199 :

248 3252 297 3303 ut
317 3249 521 3305 Iesum.
559 3254 637 3304 Ac
662 3249 709 3304 si
738 3249 1005 3313 dicerent,
1046 3249 1173 3317 quis
1198 3256 1380 3318 potest
1401 3244 1678 3301 dimittere
1702 3258 1831 3314 pec-
1863 3240 1908 3303 C
1937 3237 2096 3307 iuxta
2124 3236 2436 3293 Jeremiam.

250 3352 341 3395 cata
355 3343 380 3395 ?

311 3436 365 3491 Et
392 3440 681 3509 imponunt
706 3436 789 3492 illi
816 3437 1114 3493 vestimenta
1135 3450 1252 3503 sua,
1284 3435 1335 3488 id
1358 3442 1472 3501 est,
1496 3432 1689 3488 stolam
1718 3430 1832 3502 pri-

239 3549 365 3589 mam
378 3533 814 3589 immortalitatis
838 3550 933 3604 per
950 3532 1207 3605 baptismi
1222 3539 1562 3588 sacramenta
1578 3528 1833 3583 afferunt.

293 3629 357 3683 Et
380 3629 527 3683 sedit
556 3644 711 3699 super
740 3646 877 3697 eum,
906 3629 957 3683 id
984 3638 1088 3695 est,
1120 3629 1172 3681 in
1204 3642 1270 3683 eo
1298 3640 1528 3695 regnare
1550 3624 1747 3694 cmpit;
1775 3630 1837 3676 ut

225 3738 328 3778 non
359 3731 567 3794 regnet
596 3731 879 3793 peccatum
912 3723 963 3777 in
995 3720 1196 3777 lasciva
1232 3735 1398 3776 carne
1421 3766 1434 3789 ,
1479 3719 1571 3774 sed
1595 3716 1833 3788 iustitia,

227 3826 277 3872 ct
298 3834 408 3887 pax
428 3859 444 3880 ,
476 3826 533 3871 et
559 3816 812 3885 gaudium
846 3816 903 3871 in
936 3815 1141 3885 Spiritu
1171 3825 1385 3872 sancto.

294 3911 465 3966 Multi
502 3921 677 3966 autem
706 3914 1009 3965 vestimenta
1038 3928 1135 3966 sua
1174 3916 1467 3966 straverunt
1505 3909 1562 3961 in
1600 3907 1703 3961 via.
1734 3905 1839 3975 Qui

228 4019 353 4063 sunt
378 4008 578 4080 pedes,
599 4008 702 4062 nisi
732 4009 824 4078 qui
858 4015 1095 4077 portant,
1122 4016 1178 4061 ct
1202 4006 1430 4062 extremi
1452 4019 1592 4076 quos
1614 4001 1680 4057 ad
1698 4000 1843 4071 judi-

231 4101 471 4157 candum
499 4100 785 4156 constituit
814 4099 1135 4171 apostolus?
1160 4098 1265 4166 Qui
1304 4107 1360 4154 et
1398 4097 1531 4169 ipsi,
1561 4102 1619 4150 et
1653 4094 1698 4149 si
1730 4108 1840 4149 non

236 4207 359 4248 sunt
388 4195 668 4260 deorsum,
699 4195 755 4248 in
795 4209 905 4261 quo
949 4192 1093 4247 sedit
1140 4190 1400 4247 Dominus
1443 4198 1671 4250 :tamen
1714 4201 1840 4244 cum

241 4289 500 4345 militibus
522 4304 551 4343 a
574 4288 783 4344 Joanne
804 4286 1169 4344 instruuntur.

313 4385 411 4437 Alii
440 4393 613 4437 autem
638 4382 848 4454 frondes
874 4380 1137 4435 credebant
1166 4379 1231 4433 de
1261 4376 1555 4445 arboribus,
1582 4383 1628 4430 et
1651 4384 1844 4429 sterne-

263 4476 375 4529 bant
402 4478 453 4530 in
476 4477 557 4529 ria
580 4493 598 4530 :
623 4484 671 4530 et
694 4475 784 4547 qui
812 4472 1064 4543 prau'bant
1086 4482 1132 4527 et
1155 4472 1244 4543 qui
1268 4470 1626 4539 sequebantur,
1651 4467 1846 4521 clama-

258 4564 373 4619 lant
400 4568 626 4621 dicentes
658 4582 677 4621 :
712 4563 957 4626 Osanna,
987 4564 1278 4618 benedictus
1309 4562 1397 4633 qui
1427 4561 1563 4615 venit
1590 4560 1644 4613 in
1675 4557 1844 4613 nomi-

2014 3329 2084 3386 Et
2112 3345 2230 3385 cum
2265 3346 2477 3400 vespera
2506 3333 2648 3400 facta
2675 3337 2829 3392 esset,
2858 3328 3218 3401 egrediebatur
3240 3329 3302 3385 de
3325 3330 3551 3384 civitate.

1938 3419 2010 3476 Et
2027 3439 2147 3477 cum
2176 3438 2330 3477 mane
2360 3422 2661 3489 transirent,
2687 3422 2927 3476 viderunt
2953 3423 3113 3491 ﬁcum
3129 3423 3334 3476 aridam
3353 3427 3549 3495 factum

1940 3530 1974 3571 a
2004 3516 2288 3572 radicibus.
2314 3515 2385 3571 Et
2413 3515 2518 3570 hoc
2548 3516 2784 3585 proprie.
2815 3516 2945 3573 Post
2972 3531 3033 3571 se
3063 3517 3379 3588 relinquens
3404 3525 3553 3572 tene-

1941 3610 2093 3674 bras,
2125 3619 2184 3665 ut
2212 3610 2296 3664 sol
2324 3609 2377 3664 in
2415 3608 2729 3664 Judzeorum
2763 3608 3023 3664 cordibus
3064 3608 3450 3680 egrediebatur
3484 3610 3554 3666 de

1942 3702 2163 3759 civitate
2191 3702 2260 3757 ad
2310 3702 2496 3765 aliam,
2549 3715 2673 3771 quae
2714 3710 2799 3757 est
2846 3702 3111 3757 benevola
3165 3711 3222 3758 et
3268 3702 3548 3757 obediens.

1944 3796 2101 3851 Mane
2130 3803 2471 3852 revertentes
2495 3794 2750 3851 viderunt
2773 3795 2934 3850 ticum
2965 3796 3195 3851 aridam.
3214 3795 3429 3852 Occidit
3450 3797 3552 3862 sol,

1945 3892 2126 3945 oritur
2146 3890 2229 3945 sol
2262 3907 2275 3943 ε
2309 3889 2400 3946 lux
2428 3888 2607 3945 ablata
2637 3902 2668 3941 a
2694 3888 2913 3956 scribis,
2964 3888 3112 3943 lucet
3160 3887 3214 3943 in
3265 3888 3550 3957 apostolis.

1944 3983 2109 4039 Ficus
2135 3983 2287 4040 arida
2319 3999 2351 4039 a
2383 3982 2678 4048 radicibus,
2722 3996 2996 4053 synagoga
3047 3990 3133 4038 est
3176 3996 3204 4034 a
3231 3980 3387 4049 Cain,
3437 3990 3494 4037 et
3521 3998 3554 4040 a

1946 4077 2187 4147 exteris,
2216 4093 2247 4133 a
2276 4076 2475 4143 quibus
2503 4074 2682 4131 omnis
2714 4074 2935 4145 sanguis
2984 4074 3054 4131 ab
3098 4072 3235 4131 Abel
3264 4088 3439 4145 usque
3482 4077 3553 4131 ad

1947 4171 2269 4229 Zachariam
2294 4171 2613 4242 requiritur.

2022 4263 2091 4319 Et
2119 4266 2419 4320 recordatus
2447 4263 2639 4320 Petrus
2664 4264 2860 4321 dixitei
2894 4281 2912 4319 :
2950 4261 3138 4329 Rabbi,
3170 4278 3286 4319 ecce
3316 4264 3443 4331 licus
3468 4266 3558 4319 cui

1948 4358 2298 4426 maledixisti,
2331 4358 2492 4413 aruit.
2518 4356 2587 4412 Et
2612 4358 2924 4429 respondens
2948 4355 2981 4411 J
2989 4372 3127 4421 esus,
3150 4357 3227 4412 ait
3258 4356 3367 4413 illis
3394 4372 3415 4411 :
3439 4355 3554 4411 Ha-

1950 4453 2062 4509 bete
2089 4453 2247 4523 ﬁdem
2267 4450 2365 4507 Dei
2398 4470 2415 4507 :
2448 4451 2639 4508 Petrus
2660 4452 2906 4523 agnoscit
2936 4450 3140 4507 aridam
3169 4460 3225 4506 et
3253 4451 3552 4507 abscissam

1953 4548 2192 4604 radicem
2221 4546 2345 4602 :cui
2366 4546 2612 4602 succedit
2641 4546 2781 4601 oliva
2813 4543 3039 4612 pulchra
3074 4587 3090 4613 ,
3122 4543 3429 4615 fructifera,
3463 4560 3559 4601 vo-

250 4664 307 4710 ne
336 4658 539 4713 Domini
570 4676 588 4713 :
632 4658 956 4715 benedictum
983 4657 1121 4728 quod
1141 4656 1277 4711 venit
1310 4670 1528 4727 regnum
1554 4653 1718 4726 patris
1744 4668 1838 4704 no-
1867 4648 1923 4711 D
1948 4653 2069 4701 cata
2094 4660 2124 4698 a
2154 4644 2407 4698 Domino.
2443 4641 2598 4698 Unde
2618 4642 2886 4709 sequitur.

247 4751 336 4803 stri
354 4750 537 4816 David,
566 4751 781 4805 Osanna
802 4752 857 4805 in
882 4751 1123 4805 excelsis.
1154 4749 1326 4819 Magis
1350 4749 1453 4803 hoc
1480 4749 1543 4802 ad
1574 4746 1841 4801 orandum

247 4854 299 4895 et
350 4853 741 4900 sacramentum
788 4843 1059 4914 pertinet,
1107 4857 1269 4914 quam
1315 4841 1385 4896 ad
1432 4842 1836 4897 necessitatem.

245 4934 383 4992 Iusti
412 4947 467 4991 ut
514 4939 689 5008 palma
717 4936 995 4993 ﬂorebunt
1043 4956 1059 4992 :
1091 4934 1309 5005 angusti
1342 4934 1396 4989 in
1422 4933 1717 4999 radicibus,
1745 4932 1840 4986 lati

245 5026 297 5081 in
321 5029 542 5085 floribus
564 5040 621 5086 et
648 5031 915 5086 fructibus
940 5047 952 5083 :
982 5030 1239 5101 quoniam
1270 5030 1444 5082 bonus
1473 5026 1613 5080 odor
1636 5023 1839 5079 Christi

2023 4739 2183 4795 Amen
2203 4738 2318 4791 dico
2337 4736 2502 4801 vobis,
2530 4736 2656 4805 quia
2676 4737 2989 4806 quicumque
3009 4736 3202 4791 dixerit
3223 4735 3347 4791 huic
3370 4736 3553 4791 monti.

1950 4831 2011 4888 Id
2033 4839 2143 4897 est,
2176 4828 2413 4896 Christo,
2458 4829 2550 4898 qui
2572 4836 2842 4884 estmons
2872 4841 3129 4885 crescens
3156 4828 3225 4884 de
3249 4828 3429 4899 lapide
3454 4828 3552 4883 ab-

1946 4926 2121 4983 scisso
2146 4924 2271 4979 sine
2297 4923 2573 4979 manibus.

2022 5017 2228 5072 Tollere
2275 5024 2322 5071 et
2362 5016 2563 5069 mittere
2606 5018 2662 5069 in
2710 5031 2877 5082 mare,
2918 5025 2968 5070 et
3009 5032 3115 5070 non
3160 5014 3472 5069 htesitaverit
3499 5014 3555 5069 in

244 5133 366 5177 sunt
397 5142 409 5177 :
439 5134 493 5179 et
519 5133 771 5180 sternunt
799 5125 940 5177 viam
964 5122 1343 5178 mandatorum
1374 5118 1473 5175 Dei
1504 5119 1642 5173 bona
1671 5116 1835 5171 fatua.
1910 5110 2107 5172 scorde
2148 5126 2273 5175 suo.
2312 5108 2402 5163 θεά
2444 5107 2742 5177 crediderit.
2774 5108 2898 5177 quia
2937 5107 3300 5178 quodcumque
3339 5105 3557 5171 άξπενίεν

243 5214 345 5281 Qui
381 5218 673 5287 praeibam,
707 5216 991 5288 prophetae
1022 5226 1149 5271 sunt
1174 5258 1188 5281 ,
1229 5227 1286 5271 et
1333 5213 1427 5284 qui
1469 5210 1841 5282 sequebantur
1860 5180 2066 5277 Mat,
2101 5206 2189 5277 ﬁet
2216 5205 2283 5259 ei.
2322 5202 2611 5276 Propterea
2640 5203 2756 5257 dico
2794 5202 2936 5257 vobis
2962 5217 2983 5256 :
3016 5200 3191 5255 omnia
3228 5216 3563 5271 quaecumque

242 5312 471 5376 apostoli
501 5327 516 5364 :
541 5320 609 5364 ut"
629 5310 863 5380 abyssus
892 5310 1152 5381 abyssum
1186 5310 1424 5375 invocat,
1455 5306 1505 5360 id
1528 5312 1634 5369 est,
1659 5304 1743 5357 lex
1769 5302 1847 5358 Ie—

238 5412 356 5467 θείη
387 5402 633 5458 alteram.
666 5402 885 5456 Osanna
909 5442 923 5466 ,
956 5401 1011 5455 id
1038 5406 1156 5464 est,
1187 5399 1423 5465 salvi/ica
1462 5412 1481 5451 :
1507 5394 1754 5450 dicentes
1790 5393 1844 5448 in

238 5492 471 5549 en'elsis
497 5502 552 5547 et
582 5494 703 5547 imis
738 5509 752 5546 :
784 5503 841 5548 ut
865 5493 999 5564 justi
1037 5490 1377 5545 mdiﬁcentur
1408 5491 1460 5544 in
1502 5490 1713 5543 ruinam
1744 5500 1841 5539 an-

235 5584 507 5651 gelorum,
541 5595 597 5640 et
630 5588 836 5641 terreni
886 5594 943 5641 et
972 5584 1319 5640 subterranei
1364 5582 1646 5636 salvantur
1674 5580 1742 5634 ab
1775 5594 1841 5633 eo

238 5675 526 5733 hcncdicto
552 5680 805 5734 vincente
832 5688 888 5735 et
912 5680 1171 5733 veniente
1198 5678 1252 5731 in
1283 5676 1503 5730 nomine
1534 5672 1767 5738 Domini,
1788 5671 1841 5726 id

237 5781 343 5851 est,
376 5774 548 5841 patris
579 5774 688 5839 sui,
711 5774 976 5843 quoniam
1011 5772 1154 5828 ﬁlius
1182 5770 1251 5827 de
1281 5778 1436 5842 patre
1462 5768 1704 5840 suscepit
1739 5780 1844 5824 no-

236 5877 388 5933 meo,
420 5876 473 5921 et
506 5875 660 5935 pater
688 5866 758 5922 de
787 5865 921 5922 lilio.

1966 5309 2175 5355 orantes
2204 5297 2391 5368 petitis,
2425 5296 2619 5351 credite
2638 5296 2777 5366 {quia
2813 5292 3109 5364 accipietis,
3146 5302 3195 5347 et
3222 5296 3453 5348 evenient
3477 5311 3568 5347 vo-

1894 5463 1909 5471 -
1954 5392 2198 5447 bis.ﬂoc
2230 5389 2431 5445 factum
2469 5396 2585 5454 est,
2618 5387 2839 5459 quando
2865 5385 3125 5441 dixerunt
3156 5386 3387 5455 apostoli
3417 5404 3433 5442 :
3467 5386 3560 5440 Di-

1950 5500 2061 5557 gne
2089 5483 2474 5539 transierimur
2497 5481 2565 5538 ad
2594 5490 2821 5551 gentes,
2866 5480 2999 5549 quia
3024 5493 3125 5536 vos
3150 5478 3401 5551 indignos
3424 5478 3571 5549 judi-

1954 5577 2122 5633 castis
2150 5575 2405 5631 audiendi
2437 5574 2667 5631 verbum
2699 5571 2817 5626 Dei.
2851 5570 3110 5641 Sequitur
3140 5590 3153 5627 :

2028 5670 2097 5725 Et
2128 5687 2243 5725 cum
2271 5670 2474 5725 stabilis
2505 5666 2573 5722 ad
2606 5664 2872 5721 orandum
2893 5706 2909 5733 ,
2937 5665 3183 5723 dimittite
3201 5666 3246 5721 si
3273 5664 3397 5735 quid
3416 5664 3576 5719 habe-

1958 5766 2030 5821 tis
2063 5765 2312 5819 adversus
2348 5760 2585 5831 aliquem
2608 5774 2627 5813 :
2654 5766 2713 5813 ut
2752 5768 2799 5815 et
2839 5768 2985 5831 pater
3009 5769 3194 5825 vester,
3236 5759 3321 5828 qui
3358 5758 3411 5811 in
3436 5759 3577 5812 cwlis

1963 5868 2066 5931 est,
2093 5858 2322 5914 dimittat
2360 5854 2501 5912 vobis
2529 5862 2745 5927 peccata
2774 5862 2967 5911 vestra.
3000 5851 3157 5919 Quod
3179 5851 3223 5909 si
3250 5866 3338 5911 vos
3366 5866 3471 5907 non
3492 5849 3582 5906 di—
