3970 6304
516 286 626 345 623

1560 283 1619 340 S.
1663 281 2044 341 HIERONYMI
2083 278 2375 339 OPERUM
2412 272 2779 339 MANTISSA.

3653 289 3743 351 εει

516 401 784 471 miseritis,
806 418 898 459 nec
919 408 1067 476 pater
1093 408 1280 467 vester,
1304 400 1394 470 qui
1413 399 1467 453 in
1493 397 1636 453 caelis
1662 406 1760 468 est,
1794 399 2012 452 dimittet
2030 413 2112 453 vo-
2138 398 2192 459 Α
2216 397 2398 464 deme,
2450 406 2505 452 et
2552 396 2778 463 Austro,
2827 401 2882 453 et
2928 395 2997 453 ab
3041 395 3305 468 Aquilone
3337 398 3665 471 venientibus,
3699 415 3747 462 et

514 499 591 552 bis
623 508 833 569 peccata
858 506 1046 552 vestra.
1078 496 1299 566 Septem
1350 508 1540 549 versus
1566 493 1831 549 orationis
1869 493 2114 549 Domini-

510 592 830 663 caa-Marcus
858 606 959 647 suo
987 605 1140 646 more
1170 591 1224 645 in
1256 604 1359 644 una
1397 589 1647 643 oratione
1671 587 2113 658 comprehendit.

414 703 418 711 '
507 689 563 744 ls
590 704 825 759 namque
841 687 929 744 cui
949 686 1175 742 dimissa
1203 695 1330 741 sunt
1356 683 1538 739 omnia
1568 702 1579 737 :
1609 682 1739 754 quid
1767 684 2005 753 amplius
2032 697 2116 738 ro-

512 781 684 851 gahit,
718 780 822 835 nisi
849 778 994 850 quod
1028 786 1343 849 perseveret
1373 779 1426 831 in
1451 792 1543 843 eo,
1577 776 1725 847 quod
1753 773 2036 830 obtinuit?

575 872 647 927 Et
693 876 906 927 veniunt
944 888 1129 925 rursus
1167 868 1577 940 Jerosolymam.
1623 867 1693 921 Et
1724 883 1840 921 cum
1870 866 2110 921 ambula-

510 982 627 1026 rent
655 972 709 1024 in
740 969 952 1040 templo,
978 968 1227 1023 accedunt
1254 968 1322 1022 ad
1348 983 1464 1022 eum
1496 965 1683 1019 summi
1722 962 2037 1029 sacerdotes,
2063 968 2111 1012 et

510 1063 713 1131 scribta,
742 1072 787 1117 et
813 1062 1063 1128 seniores,
1089 1072 1138 1116 et
1158 1061 1337 1115 dicunt
1362 1062 1448 1115 ei:
1483 1059 1549 1113 In
1579 1075 1681 1129 qua
1712 1064 1961 1126 potestate
2002 1055 2111 1108 lucc

508 1160 640 1231 facis
665 1172 683 1211 :
704 1158 880 1229 etquis
902 1156 1044 1210 dedit
1074 1157 1164 1210 tibi
1186 1157 1317 1211 hanc
1337 1164 1663 1223 potestatem,
1693 1162 1751 1206 ut
1774 1152 1875 1205 ista
1904 1150 2111 1220 facias?

510 1254 664 1311 Jesus
704 1264 879 1311 autem
916 1250 1256 1325 respondens,
1280 1252 1353 1305 ait
1388 1248 1497 1305 illis
1526 1244 1909 1316 :Interrogabo
1945 1259 2034 1296 vos
2061 1250 2109 1295 et

502 1368 595 1421 ego
621 1366 781 1403 unum
807 1349 1045 1416 verbum,
1080 1357 1128 1401 et
1169 1343 1475 1416 respondete
1500 1340 1649 1401 mihi,
1696 1346 1741 1393 et
1765 1338 1936 1391 dicam
1968 1334 2110 1390 vobis

500 1444 555 1496 in
585 1458 688 1511 qua
710 1447 961 1513 potestate
984 1442 1093 1492 Itwc
1116 1436 1325 1505 faciam.
1353 1432 1629 1499 Baptisma
1650 1428 1871 1483 Joannis
1894 1426 1957 1479 de
1979 1426 2106 1479 caelo

501 1544 638 1601 erat,
670 1551 736 1587 an
767 1549 831 1587 ea:
861 1529 1194 1585 hominibus?
1224 1526 1549 1597 Respondete
1577 1520 1724 1575 mihi.
1756 1522 1822 1574 At
1848 1519 1929 1573 illi
1961 1517 2104 1587 cogi-

503 1627 683 1682 tabant
710 1640 904 1691 secum,
938 1624 1163 1677 dicentes
1191 1636 1207 1673 :
1241 1620 1303 1676 Si
1330 1618 1617 1673 dixerimus
1643 1615 1705 1668 de
1732 1612 1859 1667 coelo
1880 1654 1895 1680 ,
1928 1612 2103 1664 dicet:

500 1736 662 1790 quare
682 1735 802 1790 ergo
822 1733 927 1771 non
956 1713 1249 1770 credidistis
1277 1714 1323 1766 ei
1347 1712 1369 1764 ἱ)
1397 1710 1459 1766 Si
1489 1707 1796 1773 dixerimus,
1825 1721 1891 1760 ea:
1932 1704 2101 1759 homi-

2218 489 2667 545 recumbentibus
2696 506 2822 546 cum
2867 489 3141 545 Abraham
3166 535 3181 559 ,
3231 491 3373 547 lsaac
3416 488 3473 549 et
3511 493 3655 552 Jacob
3700 499 3745 555 in

2218 600 2387 656 regno
2414 585 2529 640 Dei.
2566 585 2664 643 Hic
2692 595 2776 641 est
2802 586 2940 657 lapis
2964 588 3259 658 reprobus,
3297 603 3448 659 quem
3474 602 3629 662 gestat
3663 609 3746 650 an-

2214 678 2399 749 gulus,
2442 678 2778 750 coniungens
2811 680 2865 734 in
2896 694 3050 736 omna
3084 694 3215 750 pura
3245 695 3432 752 agnum
3462 699 3572 738 cum
3598 699 3744 755 pane:

2214 771 2412 826 ﬁniens
2443 781 2619 840 vetus,
2671 788 2871 827 novum
2921 771 3187 828 inchoans
3232 771 3627 830 Testamentum.
3669 778 3749 833 ilic

2216 874 2441 934 praestat
2470 866 2607 921 mira
2648 866 2703 920 in
2733 865 2909 920 oculis
2953 865 3157 922 nostris
3188 881 3203 918 :
3234 873 3292 920 ut
3336 868 3588 937 topazion.
3628 868 3750 926 Tunc

2213 956 2561 1027 interrogant
2604 972 2728 1013 eum
2780 957 3006 1013 mellitis
3050 955 3233 1013 verbis
3268 967 3361 1014 :et
3400 960 3753 1019 circumdabant

2214 1064 2335 1104 eum
2365 1049 2506 1106 sicut
2532 1065 2684 1120 apes,
2732 1050 2839 1106 mel
2867 1059 3154 1121 portantes
3182 1050 3237 1106 in
3277 1066 3405 1123 ore,
3453 1054 3676 1109 aculeum
3710 1054 3752 1111 in

2214 1151 2386 1214 tergo,
2416 1144 2660 1201 dicentes
2688 1162 2701 1198 :

2286 1237 2555 1310 Magister,
2588 1240 2777 1295 scimus
2804 1240 2927 1310 quia
2952 1255 3110 1296 verax
3131 1257 3204 1311 es,
3236 1250 3285 1296 et
3317 1257 3419 1297 non
3444 1258 3586 1299 curas
3609 1260 3757 1315 quem-

2211 1348 2370 1403 quam
2398 1348 2416 1387 :
2448 1349 2539 1387 nec
2562 1335 2697 1387 enim
2724 1334 2869 1389 vides
2901 1333 2953 1388 in
2978 1334 3165 1405 faciem
3193 1333 3457 1389 hominum
3479 1352 3496 1391 :
3517 1338 3600 1391 sed
3618 1338 3666 1392 in
3688 1354 3754 1393 ve-

2210 1425 2363 1481 ritate
2391 1426 2524 1480 viam
2554 1426 2650 1481 Dei
2673 1428 2823 1481 doces
2859 1442 2878 1481 :
2908 1427 3029 1482 licet
3056 1427 3184 1483 dare
3216 1428 3458 1482 tributum
3483 1426 3680 1498 Caesari,
3704 1448 3757 1485 an

2209 1536 2312 1575 non
2339 1520 2621 1575 dabimus?
2648 1520 2755 1588 Qui
2783 1521 2960 1576 sciens
2980 1522 3258 1575 versutiam
3276 1522 3504 1589 illorum,
3533 1522 3603 1576 ait
3628 1522 3717 1577 illis
3741 1538 3757 1577 :

2213 1611 2355 1678 Quid
2402 1629 2483 1666 me
2516 1614 2762 1667 tentatis?
2790 1612 2988 1679 Aierte
3032 1613 3159 1668 mihi
3189 1614 3459 1668 denarium
3486 1624 3537 1668 ut
3571 1615 3754 1669 videam.

2208 1704 2275 1758 At
2294 1703 2376 1758 illi
2405 1705 2700 1761 obtulerunt
2730 1704 2798 1773 ei,
2826 1715 2876 1761 et
2899 1706 2974 1761 ait
2998 1705 3107 1760 illis
3132 1720 3151 1759 :
3181 1705 3346 1777 Cujus
3368 1714 3441 1760 est
3469 1706 3628 1778 imago
3651 1706 3754 1771 haec,

499 1814 679 1869 nibus:
709 1813 945 1867 timemus
974 1809 1247 1881 populum.
1292 1805 1481 1859 Omnes
1509 1803 1645 1857 enim
1672 1800 1921 1855 habebant
1937 1798 2105 1854 Joan-
2134 1792 2185 1855 B
2211 1812 2257 1855 et
2281 1801 2587 1870 inscriptio?
2622 1800 2817 1855 Dicunt
2838 1801 2907 1870 ei,
2955 1801 3198 1856 Caesaris.
3250 1800 3579 1872 Respondeas
3620 1808 3760 1852 autem

497 1922 637 1974 nem,
660 1906 782 1977 quia
806 1919 920 1959 vere
946 1905 1198 1975 prapheta
1243 1905 1391 1954 esset.
1422 1896 1491 1950 Et
1523 1895 1890 1967 respondentes
1930 1892 2107 1947 dicunt

497 1996 629 2054 Jesu
660 2012 678 2053 :
712 1995 1009 2052 Nescimus.
1029 1994 1105 2051 De
1135 1994 1364 2048 lucerna
1396 1988 1563 2044 invidi
1599 1988 2000 2053 obscurantur,
2047 1992 2105 2040 ut

496 2092 743 2149 dicitur:
788 2091 982 2147 Paravi
1030 2088 1311 2144 lucernam
1362 2084 1580 2141 Christo
1629 2097 1795 2149 meo,
1850 2080 2104 2136 inimicos

494 2185 613 2256 ejus
643 2184 863 2241 induam
888 2182 1225 2239 confusione.

573 2276 640 2332 Et
670 2276 989 2348 respondens
1015 2273 1172 2330 Iesus
1194 2316 1209 2341 ,
1246 2273 1319 2326 ait
1345 2272 1454 2325 illis
1487 2286 1506 2325 :
1535 2268 1717 2341 Neque
1742 2286 1837 2341 ego
1872 2268 1989 2322 dico
2015 2284 2103 2321 vo-

498 2372 595 2439 bis,
629 2373 686 2426 in
712 2388 815 2443 qua
846 2378 1093 2440 potestate
1139 2366 1251 2422 hatc
1296 2366 1513 2436 faciam.
1551 2362 1651 2419 Hic
1683 2378 1806 2419 cum
1837 2376 2100 2433 perverso

497 2464 838 2524 subvertitur
870 2463 1035 2519 Deus.

1101 2539 1331 2597 CAPUT
1363 2538 1481 2595 XII.

482 2648 489 2653 1
560 2666 633 2722 Et
662 2666 813 2734 cotpit
829 2662 937 2719 illis
964 2664 1016 2718 in
1045 2658 1306 2735 parabolis
1339 2660 1484 2731 loqui
1515 2673 1533 2712 :
1566 2657 1789 2713 Vineam
1817 2657 2095 2729 pastinavit

492 2761 666 2830 homo,
691 2768 740 2815 et
768 2756 1104 2812 circumdedit
1132 2769 1322 2825 sepem,
1347 2763 1395 2807 et
1422 2752 1555 2824 fodit
1583 2752 1773 2817 lacum,
1798 2761 1843 2804 et
1864 2750 2094 2821 wdiﬁca-

489 2856 562 2911 vit
582 2853 790 2920 turrim,
811 2861 857 2906 et
876 2851 1059 2906 locavit
1088 2865 1199 2903 eam
1221 2846 1466 2918 agricolis
1492 2862 1512 2899 :
1533 2854 1581 2899 et
1602 2860 1810 2916 peregre
1830 2846 2094 2915 profectus

490 2956 589 3001 est.
624 2944 691 2998 Et
728 2944 869 2997 misit
917 2942 986 2995 ad
1018 2940 1276 3013 agricolas
1316 2939 1373 2991 in
1400 2946 1626 3005 tempore
1665 2952 1866 2990 servum
1896 2950 1914 2988 :
1948 2944 2003 2988 ut
2028 2934 2092 2988 ab

487 3037 735 3110 agricolis
772 3035 1030 3107 acciperet
1068 3033 1131 3087 de
1159 3033 1333 3102 fructu
1358 3032 1540 3085 vineae.
1580 3029 1680 3095 Qui
1708 3028 2090 3101 apprehensum

493 3148 611 3185 eum
633 3128 947 3195 ceciderunt,
970 3135 1017 3181 et
1041 3126 1346 3180 dimiserunt
1372 3138 1608 3177 vacuum.
1646 3121 1714 3175 Et
1738 3123 1924 3175 iterum
1949 3120 2088 3174 misit

2208 1894 2384 1962 Iesus,
2411 1896 2547 1950 dixit
2582 1897 2688 1952 illis
2718 1912 2738 1950 :
2766 1895 2996 1953 Reddite
3039 1897 3205 1967 igitur
3256 1911 3373 1966 quae
3401 1904 3519 1949 sunt
3548 1891 3755 1959 Caesaris,

2209 1987 2402 2044 Caesari
2426 2005 2445 2043 :
2475 1998 2521 2043 et
2549 2005 2663 2059 qua:
2712 1999 2833 2043 sunt
2874 1988 2991 2054 Dei,
3014 1988 3146 2042 Deo.
3175 1987 3247 2042 Et
3292 1986 3611 2041 mirabantur
3637 2002 3762 2053 super

2208 2099 2288 2138 eo.
2322 2081 2391 2136 Et
2419 2093 2668 2138 venerunt
2693 2083 2763 2137 ad
2790 2099 2908 2138 eum
2938 2082 3251 2151 Sadducati,
3287 2082 3380 2152 qui
3411 2082 3585 2136 dicunt
3621 2095 3762 2135 resur-

2206 2173 2484 2228 rectionem
2515 2190 2619 2229 non
2662 2191 2770 2229 esse
2800 2191 2813 2229 :
2843 2184 2889 2229 et
2939 2174 3336 2245 interrogabant
3365 2190 3499 2242 eum,
3528 2172 3765 2227 dicentes:

2208 2264 2482 2337 Magister,
2529 2265 2702 2322 Moses
2745 2267 2891 2322 nobis
2941 2266 3197 2337 scripsit:
3228 2275 3286 2320 ut
3340 2268 3387 2320 si
3434 2266 3575 2336 cujus
3628 2267 3764 2335 frater

2204 2369 2442 2425 mortuus
2473 2360 2653 2429 fuerit,
2682 2370 2733 2415 et
2761 2360 3015 2415 dimiserit
3045 2376 3288 2425 uxorem,
3317 2369 3366 2413 et
3388 2357 3526 2430 filios
3551 2375 3646 2412 non
3663 2356 3765 2412 reli-

2203 2452 2391 2522 querit,
2419 2452 2641 2524 accipiat
2666 2457 2828 2523 frater
2854 2456 2969 2525 ejus
2996 2470 3221 2508 uxorem
3252 2454 3443 2525 ipsius,
3467 2464 3515 2507 et
3534 2453 3765 2507 resuscitet

2201 2562 2371 2601 semen
2398 2547 2549 2617 fratri
2573 2563 2687 2601 suo.
2722 2546 2931 2619 Septem
2960 2564 3085 2621 ergo
3112 2550 3307 2619 fratres
3339 2557 3503 2617 erant,
3534 2558 3577 2602 et
3602 2546 3763 2619 primus

2201 2642 2400 2712 accepit
2432 2658 2670 2710 uxorem,
2702 2652 2752 2697 et
2781 2651 3017 2697 mortuus
3051 2650 3126 2697 est
3154 2660 3264 2698 non
3293 2643 3475 2700 relicto
3501 2642 3765 2698 semine:et

2199 2738 2456 2793 secundus
2508 2738 2707 2807 accepit
2749 2753 2885 2805 eam,
2918 2746 2966 2791 et
2998 2746 3241 2793 mortuus
3290 2746 3392 2806 est,
3421 2746 3468 2792 et
3493 2752 3577 2792 nec
3600 2736 3685 2789 iste
3701 2750 3766 2788 re-

2199 2830 2348 2901 liquit
2377 2847 2570 2898 semen,
2599 2840 2648 2885 et
2689 2831 2869 2885 tertius
2910 2831 3169 2885 similiter.
3207 2831 3282 2886 Et
3327 2837 3625 2903 acceperunt
3669 2842 3764 2882 eam

2197 2925 2439 2981 similiter
2467 2936 2691 2995 septem,
2725 2933 2774 2979 et
2824 2940 2928 2979 non
2955 2924 3282 2993 reliquerunt
3327 2910 3535 2981 semen.
3566 2922 3768 2979 Novissi-

2195 3037 2281 3074 ma
2307 3031 2481 3075 autem
2524 3023 2752 3075 omnium
2792 3022 3032 3092 defuncta
3080 3031 3157 3075 est
3204 3031 3254 3077 et
3286 3023 3476 3076 mulier
3502 3038 3519 3075 :
3544 3022 3594 3075 in
3621 3033 3767 3073 resur-

2194 3116 2416 3169 rectione
2444 3131 2569 3186 ergo
2596 3132 2713 3169 cum
2733 3115 3136 3181 resurrexerint,
3152 3119 3315 3189 cujus
3337 3117 3401 3169 de
3423 3115 3504 3169 his
3529 3114 3616 3169 erit
3635 3110 3767 3167 uxor?

487 3224 558 3278 ad
596 3222 716 3279 illos
748 3221 915 3275 alium
950 3236 1153 3274 servum
1198 3234 1217 3271 :
1248 3227 1295 3272 et
1322 3218 1474 3271 illum
1501 3218 1556 3270 in
1598 3216 1765 3287 capite
1794 3216 2093 3269 vulnerave-
2118 3197 2162 3259 Ο
2196 3208 2411 3277 Septem
2433 3210 2571 3264 enim
2597 3209 2893 3263 habuerunt
2931 3226 3043 3264 eam
3088 3226 3338 3265 uxorem.
3372 3208 3444 3264 Et
3491 3206 3765 3280 respondens

486 3322 633 3381 runt,
663 3324 711 3369 et
734 3311 1055 3368 contumeliis
1083 3308 1385 3379 affecerunt.
1409 3307 1479 3361 Et
1504 3324 1713 3363 rursum
1740 3306 1901 3362 alium
1926 3308 2088 3373 misit,

481 3416 533 3461 et
557 3404 708 3460 illum
734 3404 1035 3460 occiderunt
1061 3418 1081 3456 :
1109 3409 1157 3456 et
1186 3402 1363 3473 plures
1391 3400 1522 3454 alios
1540 3439 1556 3466 ,
1599 3398 1855 3470 quosdam
1889 3396 2090 3451 cteden-

488 3509 582 3568 tes,
611 3501 743 3556 alios
771 3515 893 3554 vero
922 3496 1235 3554 occidentes.
1268 3495 1451 3550 Adhuc
1475 3510 1597 3566 ergo
1627 3509 1793 3547 unum
1818 3491 2009 3546 habens
2036 3491 2094 3559 ﬁ-

486 3593 615 3647 lium
639 3591 1025 3657 charissimam,
1076 3599 1125 3643 et
1152 3588 1305 3643 illum
1332 3587 1475 3641 misit
1502 3586 1571 3640 ad
1610 3603 1696 3640 eos
1728 3586 2085 3653 novissimum,

486 3684 664 3738 dicens
687 3698 705 3736 :
733 3686 854 3754 quia
879 3680 1252 3736 reverebantur
1286 3679 1453 3749 ftlium
1476 3694 1666 3732 meum.
1705 3676 1889 3732 Coloni
1914 3686 2090 3731 autem

487 3778 730 3831 dixerunt
775 3776 843 3829 ad
874 3776 1090 3829 invicem
1119 3789 1139 3827 :
1165 3772 1271 3827 Hic
1309 3780 1383 3826 est
1409 3772 1571 3825 [iteres
1592 3816 1606 3839 ,
1653 3770 1842 3835 venite,
1875 3769 2087 3822 occida—

485 3884 602 3922 mus
632 3884 771 3932 eum,
797 3876 843 3922 et
876 3877 1054 3921 nostra
1085 3864 1186 3920 erit
1216 3863 1511 3918 licet'editas.
1543 3860 1613 3915 Et
1642 3858 2089 3932 apprehendentes

485 3978 625 4030 eum,
660 3960 990 4025 occiderunt,
1024 3967 1071 4013 et
1097 3959 1357 4029 ejecerunt
1386 3965 1535 4011 eatra
1556 3956 1777 4010 vineam.
1805 3952 1946 4022 Quid
1967 3968 2089 4023 ergo

482 4054 638 4125 faciet
661 4053 919 4107 Dominus
945 4053 1140 4106 vincte?
1166 4051 1350 4106 Veniet
1382 4060 1429 4103 et
1458 4049 1635 4121 perdet
1660 4046 1895 4113 colonos,
1920 4056 1969 4099 et
1995 4047 2090 4099 da-

490 4148 565 4201 bit
597 4148 801 4201 vineam
829 4147 970 4201 aliis.
1007 4145 1119 4200 Nec
1144 4146 1459 4217 scripturam
1494 4146 1629 4195 hanc
1656 4142 1853 4213 legistis
1882 4156 1901 4195 :
1921 4138 2087 4211 Lapi-

483 4242 602 4295 dem
622 4256 777 4310 quem
799 4238 1201 4311 reprobaverunt
1232 4238 1582 4307 aediﬁcantes,
1614 4234 1697 4287 hic
1728 4237 1899 4305 factus
1931 4243 2004 4285 est
2036 4232 2089 4285 in

485 4343 643 4405 caput
669 4334 851 4405 anguli
876 4350 891 4387 :
922 4349 955 4386 a
982 4330 1212 4387 Domino
1234 4332 1431 4403 factum
1457 4340 1531 4386 est
1561 4330 1723 4399 istud,
1755 4340 1802 4385 et
1824 4342 1899 4387 est
1926 4342 2089 4386 mira-

486 4428 584 4480 bile
611 4427 666 4481 in
687 4426 851 4480 oculis
880 4425 1095 4479 nostris.
1130 4421 1198 4476 Et
1242 4424 1539 4493 queerebant
1569 4440 1686 4477 eum
1715 4433 1912 4493 tenere,
1942 4436 1989 4479 et
2020 4426 2087 4479 ti-

480 4528 721 4574 ntuerunt
744 4516 968 4572 turbam.
988 4516 1351 4589 Cognoverunt
1372 4517 1509 4570 enim
1527 4516 1775 4587 quoniam
1795 4516 1863 4570 ad
1885 4533 1969 4571 eos
1992 4535 2086 4588 pa-

479 4613 714 4673 rabolam
739 4612 873 4668 hanc
900 4586 1112 4668 dixerit.
1146 4612 1215 4666 Et
1251 4612 1432 4666 relicto
1460 4611 1555 4666 illo
1584 4610 1847 4666 abierunt.
1876 4610 1945 4666 Et
1966 4586 2085 4667 mit-
2112 4586 2165 4648 Β

482 4717 598 4764 tunt
633 4708 700 4763 ad
729 4723 845 4761 eum
873 4705 1133 4777 quosdam
1156 4721 1221 4760 ea:
1246 4704 1523 4777 pharisteis
1565 4714 1611 4759 et
1644 4703 1968 4760 Herodianis
1986 4747 2001 4773 ,
2028 4715 2087 4761 ut

482 4818 602 4856 eum
630 4809 877 4871 caperent
901 4800 957 4852 in
971 4798 1145 4853 verbo.
1181 4798 1285 4863 Qui
1305 4799 1562 4853 venientes
1591 4798 1768 4853 dicunt
1792 4802 1857 4854 ei.
1884 4797 2083 4867 Homo,

482 4893 627 4949 Deus
654 4889 855 4947 dicitur
884 4899 1042 4960 pater
1088 4889 1328 4945 humano
1372 4887 1589 4945 affectu.
1646 4889 1840 4957 Vinea,
1889 4889 2083 4946 domus

477 4982 648 5041 Israel
679 4993 787 5041 est.
841 4982 1022 5053 Sepis,
1076 4991 1160 5037 est
1205 4979 1454 5037 custodia
1487 4982 1824 5052 angelorum.
1883 4981 2079 5051 Lacus,

481 5088 568 5134 est
613 5080 701 5135 lex
738 5094 751 5132 :
790 5076 993 5144 turris,
1051 5074 1315 5145 templum
1347 5090 1361 5128 :
1395 5075 1651 5146 agricolae
1674 5115 1691 5143 ,
1743 5075 2080 5132 sacerdotes.

478 5171 854 5242 Peregrinatio
886 5169 1004 5237 Dei,
1040 5168 1266 5224 libertas
1308 5175 1393 5223 est
1436 5168 1615 5223 nostri
1660 5168 1896 5225 arbitrii.
1926 5169 2083 5224 Servi

478 5265 657 5333 missi,
680 5263 985 5335 pr0phette.
1019 5261 1251 5317 Fructus
1271 5261 1467 5330 vineas,
1495 5261 1826 5317 obedientia.
1850 5262 1928 5317 De
1955 5278 2083 5334 pro-

481 5358 661 5430 phetis
690 5357 783 5412 alii
820 5356 970 5425 etesi,
1003 5356 1096 5411 alii
1128 5357 1425 5423 vulnerati,
1461 5356 1554 5411 alii
1598 5357 1767 5412 occisi
1812 5366 1959 5412 sunt.
1991 5356 2083 5412 Fi-

476 5454 584 5509 lius
612 5449 967 5507 charissimus
995 5459 1051 5505 et
1080 5449 1433 5518 novissimus,
1475 5448 1797 5521 Unigenitus
1823 5463 1927 5506 est.
1975 5451 2083 5507 Ve-

480 5548 745 5602 rebantur
774 5543 946 5600 lilium
979 5558 1177 5599 meum.
1216 5545 1321 5600 Per
1360 5544 1593 5599 ironiam
1633 5546 1737 5601 hoc
1760 5546 1977 5601 dicitur.
2014 5545 2084 5601 Et

477 5638 909 5709 ejecerunteum
956 5644 1111 5692 extra
1136 5637 1371 5705 vineam,
1408 5635 1462 5691 id
1490 5646 1595 5706 est,
1641 5647 1796 5692 extra
1842 5638 2079 5708 plebem,

480 5730 728 5786 dicentes
759 5748 774 5786 :
808 5728 946 5797 Quia
973 5727 1349 5785 Samaritanus
1386 5744 1475 5798 es,
1525 5738 1582 5785 et
1618 5728 1943 5783 daemonium
1978 5728 2080 5783 ha-

485 5821 605 5881 bes.
656 5822 823 5880 Datur
852 5821 1016 5883 vinea
1044 5818 1201 5893 aliis,
1233 5819 1286 5878 id
1315 5830 1417 5891 est,
1464 5822 1534 5881 ab
1580 5819 1797 5878 Oriente
1839 5830 1893 5880 et
1929 5818 2083 5882 Occi-

2194 3302 2372 3371 Jesus,
2405 3305 2477 3357 ait
2503 3303 2615 3358 illis
2643 3320 2662 3358 :
2695 3304 2885 3359 Nonne
2905 3306 3022 3359 ideo
3051 3309 3270 3371 erratis,
3296 3322 3408 3361 non
3433 3305 3640 3360 scientes
3659 3300 3764 3355 scri-

2193 3412 2375 3470 pturas
2430 3415 2594 3465 neque
2633 3399 2876 3453 virtutem
2893 3398 3036 3452 Dei?
3065 3396 3201 3453 Cum
3233 3399 3382 3453 enim
3412 3415 3447 3453 a
3482 3395 3679 3451 mortuis
3697 3408 3761 3446 re-

2190 3494 2528 3554 surrexerint.
2557 3508 2719 3559 neque
2765 3492 2976 3559 nubent,
3008 3506 3173 3561 neque
3224 3491 3489 3545 nubentur
3517 3488 3635 3543 :sed
3664 3490 3758 3538 sunt

2192 3584 2327 3637 sicut
2354 3583 2525 3653 angeli
2554 3583 2610 3635 in
2639 3582 2805 3636 caelis.
2838 3580 2994 3636 Malae
3031 3580 3315 3651 siquidem
3362 3581 3689 3652 cogitationes
3709 3572 3752 3625 in

2192 3678 2298 3732 ima
2331 3685 2494 3733 terrae
2515 3685 2853 3745 merguntur,
2882 3674 3010 3746 quia
3037 3673 3105 3730 de
3134 3675 3275 3746 ipsis
3300 3683 3535 3742 exeunt,
3561 3670 3661 3729 etin
3679 3680 3747 3721 ea-

2192 3772 2313 3827 dem
2345 3773 2542 3828 iterum
2583 3771 2907 3827 coenositate
2933 3768 3253 3825 volvuntur.
3287 3770 3450 3838 Quod
3472 3758 3751 3824 .ludzeisev't-

2192 3865 2384 3921 denter
2419 3865 2639 3931 accidit,
2668 3879 2790 3919 cum
2821 3862 3123 3933 blasphemi
3161 3864 3220 3918 in
3259 3862 3577 3920 innocentis
3604 3851 3759 3914 Christi

2191 3975 2387 4017 cruore
2420 3959 2617 4014 versati
2658 3967 2806 4014 sunt.
2842 3956 3142 4027 Respondit
3185 3957 3326 4026 illis,
3359 3958 3642 4028 imaginem
3671 3948 3763 4006 Cte-

2192 4053 2331 4107 saris
2375 4051 2734 4117 habentibus,
2789 4065 3067 4105 nummum
3125 4061 3392 4107 coactum
3442 4048 3767 4111 Caesariﬁ'os

2191 4146 2341 4218 ipsos
2366 4146 2601 4201 libenter
2624 4144 2737 4200 Deo
2778 4142 3013 4199 reddite.
3044 4143 3349 4214 Signatum
3392 4154 3482 4201 est
3515 4156 3667 4213 super
3691 4149 3772 4191 nos

2189 4237 2377 4294 iumen
2406 4238 2585 4293 vultus
2613 4236 2730 4304 Dei,
2765 4253 2871 4291 non
2899 4235 3156 4292 Caesaris.
3194 4237 3268 4292 Et
3312 4239 3545 4293 veniunt
3581 4233 3642 4288 ad
3668 4242 3774 4286 eum

2190 4328 2500 4397 Sadducaei,
2533 4338 2588 4383 et
2608 4328 2837 4400 reliqua.
2865 4328 2939 4383 De
2969 4329 3069 4382 hac
3099 4331 3423 4399 quaestione
3450 4329 3582 4385 alias
3618 4325 3778 4394 dispu-

2190 4422 2425 4478 tabimus
2459 4421 2587 4477 :bic
2618 4422 2777 4476 nobis
2805 4438 2911 4477 non
2936 4430 3018 4477 est
3046 4437 3181 4477 cura
3228 4424 3452 4481 erroris
3487 4423 3662 4477 alieni.
3689 4415 3777 4473 Sed

2188 4516 2337 4587 quod
2367 4524 2530 4571 erunt
2574 4515 2826 4571 homines
2863 4517 3005 4571 sicut
3030 4517 3223 4586 angeli
3272 4516 3397 4589 Dei,
3432 4518 3487 4573 id
3516 4526 3618 4583 est,
3642 4524 3780 4568 nemo

2190 4610 2265 4665 ibi
2288 4610 2539 4677 moritur,
2569 4625 2730 4665 nemo
2768 4610 2841 4664 ibi
2882 4609 3123 4665 nascitur
3152 4628 3168 4665 :
3202 4626 3315 4668 nec
3347 4613 3550 4678 infans,
3582 4620 3678 4664 nec
3701 4618 3778 4660 se-

2190 4717 2318 4759 nex.
2341 4702 2533 4757 Mulier
2561 4701 2764 4758 sterilis
2786 4717 2895 4756 non
2917 4703 3247 4772 relinquens
3272 4720 3468 4760 semen
3497 4719 3561 4758 ex
3592 4708 3779 4769 septem

2189 4796 2451 4854 fratribus
2494 4797 2792 4853 novissime
2822 4796 3063 4852 moriens
3094 4812 3109 4852 :
3138 4798 3282 4867 quid
3316 4798 3467 4854 aliud
3510 4794 3777 4866 signiﬁcat.

2190 4907 2356 4962 quam
2385 4890 2667 4947 Judaicam
2699 4904 3030 4963 synagogam
3054 4890 3344 4957 relictam,
3368 4891 3525 4964 quasi
3540 4896 3783 4946 mortuam

2188 4997 2219 5039 a
2253 4985 2449 5054 spiritu
2479 4984 2803 5055 septilormi,
2837 4985 2933 5053 qui
2967 4976 3182 5053 septem
3235 4986 3583 5056 patriarchas
3615 4976 3782 5051 imple—

2196 5077 2305 5133 vit?
2331 5077 2435 5144 Qui
2475 5094 2583 5133 non
2630 5077 2966 5149 reliquerunt
3013 5092 3209 5135 semen
3258 5081 3313 5137 ei
3364 5079 3625 5147 Abrahae,
3658 5069 3785 5147 quod

2191 5174 2456 5229 estJesus
2481 5172 2753 5229 Christus.
2778 5172 2931 5228 Licet
2971 5173 3114 5228 enim
3145 5188 3296 5243 puer
3339 5182 3505 5231 natus
3550 5180 3631 5229 est
3670 5168 3782 5231 illis.

2193 5267 2350 5322 nobis
2377 5276 2557 5323 tamen
2580 5266 2829 5337 gentibus
2858 5266 3015 5322 datus
3045 5276 3155 5322 est.
3193 5268 3337 5336 Quae
3368 5269 3571 5325 mulier
3595 5275 3787 5322 mortua

2193 5370 2311 5415 erat
2335 5358 2553 5415 Christo
2584 5376 2598 5413 :
2631 5374 2731 5415 nec
2752 5359 3003 5429 cuiquam
3037 5361 3387 5429 patriarchae
3415 5362 3486 5418 de
3514 5368 3711 5431 septem
3738 5356 3785 5410 in

2191 5452 2594 5508 resurrectione
2622 5451 2997 5522 conjungetur.
3030 5452 3289 5523 Septena
3318 5469 3560 5525 namque
3581 5462 3787 5508 numero

2189 5542 2519 5617 universitas
2552 5542 2913 5613 perfectorum
2940 5544 3195 5614 signatur
3228 5562 3245 5600 :
3279 5555 3341 5601 ut
3363 5562 3524 5602 versa
3562 5545 3676 5600 vice
3705 5554 3789 5610 per

2188 5636 2382 5691 lsaiam
2419 5635 2616 5692 dicitur
2645 5654 2659 5691 :
2689 5637 3117 5708 Apprehendent
3146 5648 3370 5710 septem
3417 5640 3677 5697 mulieres
3717 5633 3791 5689 vi-

2188 5742 2309 5783 rum
2339 5744 2528 5794 unum,
2559 5729 2610 5785 id
2654 5740 2759 5798 est,
2792 5738 3001 5800 septem
3030 5728 3329 5801 Ecclesiae,
3355 5748 3497 5804 quas
3538 5728 3784 5786 Dominus

2192 5836 2331 5881 unus
2356 5831 2519 5894 amat,
2548 5821 2723 5897 arguit
2751 5832 2806 5881 et
2832 5825 3077 5897 castigat,
3104 5822 3354 5888 adorant
3382 5842 3509 5891 eum
3534 5839 3635 5885 una
3658 5820 3772 5881 ﬁde.
