3970 6304
183 403 273 463 635

784 402 1333 465 COMMENTARIUS
1374 406 1439 463 IN
1484 401 1935 463 EVANGELIUM
1974 403 2126 462 SEC.
2172 403 2481 464 MARCUM.
2524 404 2678 467 CAP.
2724 405 2840 462 Xll.

3357 409 3467 470 626

182 522 263 579 lla:
289 528 416 578 sunt
454 530 665 594 septem
704 532 906 593 sportae
950 524 1271 595 fragmentis
1321 540 1519 595 panum
1562 523 1839 596 ωεξηελ
1868 521 2053 591 spinas
2078 530 2289 577 vestras
2318 524 2418 577 sub
2442 524 2731 579 maledicto
2760 524 3099 596 germinatas
3127 529 3420 599 assumpsit
3449 547 3464 587 :

182 614 359 680 Panes,
393 614 565 671 verba
593 624 724 671 sunt
752 616 986 686 Spiritus
1015 619 1210 673 sancti.
1251 618 1463 689 Sportae
1494 634 1625 675 vero
1654 620 1762 675 Ec-

184 708 363 765 clesiae.
393 708 546 777 Quos
582 723 750 779 panes
779 707 942 765 Jesus
973 709 1303 766 benedicens
1348 710 1529 782 fregit,
1558 723 1615 767 et
1651 711 1764 765 dis-

183 802 327 871 cipuli
354 802 476 871 ejus
502 800 813 857 diviserunt
842 803 1017 859 turbae
1050 822 1061 856 :
1091 804 1219 859 dum
1261 805 1352 861 die
1394 805 1628 877 septimo
1670 806 1764 861 be-

184 895 379 952 nedixit
408 897 593 952 omnia
625 912 790 967 opera
826 913 947 961 sua,
980 899 1339 970 requiescens
1378 901 1431 955 in
1474 901 1576 956 eis.
1610 900 1763 957 Unde

184 990 286 1045 luce
326 989 467 1046 facta
524 990 705 1061 primo
753 991 863 1057 die,
894 993 1099 1063 quiest
1141 995 1444 1065 sapientize,
1477 1006 1531 1053 et
1580 997 1761 1051 firma-

186 1090 345 1138 mento
377 1082 431 1136 in
459 1084 723 1151 secundo,
754 1085 847 1155 qui
874 1094 957 1140 est
988 1086 1297 1142 intellectus
1327 1107 1339 1140 :
1373 1099 1425 1144 et
1464 1089 1612 1143 arida
1647 1100 1761 1145 ter-

186 1178 265 1246 tio,
294 1177 379 1248 qui
411 1186 499 1231 est
523 1177 735 1233 consilii
770 1197 783 1231 :
808 1187 861 1233 ct
885 1178 1245 1235 luminaribus
1266 1183 1510 1237 accensis
1541 1193 1757 1253 quarto,

186 1288 287 1342 qua:
313 1280 437 1327 sunt
476 1272 710 1327 virtutes
739 1282 832 1328 :et
870 1272 1183 1328 volatilibus
1221 1275 1577 1346 piscibusque
1604 1276 1760 1331 factis

186 1362 371 1433 quinto,
400 1379 521 1434 quae
551 1374 680 1420 sunt
711 1364 954 1419 scientia:
988 1382 1002 1419 :
1035 1374 1090 1420 et
1124 1367 1302 1422 anima
1334 1368 1550 1423 vivente
1578 1380 1755 1436 sexto,

190 1455 231 1509 id
249 1464 344 1519 est,
378 1456 603 1513 homine
634 1456 701 1511 ad
734 1458 1024 1529 imaginem
1055 1459 1149 1513 Dei
1178 1459 1507 1531 facto,quod
1536 1472 1618 1515 est
1647 1462 1760 1531 pie—

186 1548 293 1601 tatis
323 1564 337 1602 :
366 1548 603 1618 septimo
631 1549 719 1605 die
749 1551 943 1619 spiritu
978 1551 1192 1607 timoris
1234 1554 1469 1617 Domini,
1513 1554 1606 1623 qui
1636 1570 1761 1625 per-

188 1650 347 1695 manet
378 1649 601 1696 sanctus
635 1642 687 1695 in
718 1643 977 1697 saeculum
1016 1644 1224 1712 saeculi,
1251 1652 1307 1699 et
1348 1647 1523 1715 replet
1571 1647 1757 1701 orbem

189 1740 453 1799 terrarum,
474 1742 661 1789 sancta
694 1735 937 1804 repletur
968 1736 1231 1802 Ecclesia,
1269 1752 1373 1791 non
1408 1739 1615 1794 habens
1648 1754 1760 1794 ma-

186 1826 337 1882 culam
389 1844 565 1899 neque
602 1845 812 1899 rugam.
845 1831 952 1884 Cur
1000 1839 1180 1886 autem
1226 1831 1467 1887 Ecclesia
1501 1834 1759 1904 septifor-

1868 614 2144 686 inquiens,
2175 616 2318 670 Deus
2380 616 2672 685 Abraham,
2705 628 2759 673 et
2806 619 2952 673 Deus
3001 619 3171 685 Isaac,
3207 630 3263 675 et
3318 621 3462 679 Deus

1866 708 2037 763 Jacob
2065 726 2078 761 :
2114 717 2194 763 ter
2232 708 2400 763 Deum
2430 711 2786 778 nominando,
2814 711 3136 767 Trinitatem
3167 714 3460 770 intimavit.

1865 801 1983 856 Non
2012 809 2096 856 est
2123 802 2264 856 Deus
2289 810 2649 871 mortuorum,
2670 804 2763 859 sed
2785 806 3060 861 vivorum.
3087 806 3264 862 Unum
3292 809 3465 866 Deum

1865 894 2092 961 iterans,
2124 910 2288 950 uuam
2320 896 2682 951 substantiam
2709 896 3000 967 significat.
3024 898 3223 955 Vivunt
3244 910 3452 967 autem,

1865 991 1957 1061 qui
1991 989 2339 1044 vindicabant
2370 991 2683 1059 portionem
2710 1005 2869 1059 quam
2903 991 3183 1062 elegerant
3214 1010 3227 1045 :
3260 996 3462 1049 mortui

1863 1098 1995 1138 vero
2023 1091 2172 1148 sunt,
2198 1083 2288 1153 qui
2320 1082 2464 1152 quod
2493 1082 2928 1148 vindicaverunt,
2960 1084 3335 1153 perdiderunt.

1938 1176 2006 1229 Et
2033 1178 2244 1232 accessit
2274 1193 2405 1229 unus
2430 1176 2495 1229 de
2517 1177 2825 1242 scribis,qui
2852 1175 3089 1229 audierat
3114 1178 3233 1232 illos
3249 1181 3463 1250 conquio

1862 1279 2068 1339 rentes;
2096 1281 2145 1324 et
2165 1269 2345 1323 videns
2369 1269 2615 1339 quoniam
2653 1267 2773 1321 bene
2798 1266 2903 1322 illis
2929 1270 3270 1340 responderit,
3301 1274 3461 1327 inter-

1862 1364 2065 1435 rogavit
2094 1379 2231 1427 eam,
2263 1360 2399 1431 quod
2446 1367 2574 1415 esset
2604 1362 2830 1432 primum
2871 1362 3101 1414 omnium
3128 1365 3457 1419 mandatum.

1862 1455 2015 1510 Jesus
2035 1465 2213 1509 autem
2238 1454 2504 1526 respondit
2531 1455 2578 1507 ei
2608 1470 2626 1508 :
2650 1456 2773 1524 quia
2803 1455 3034 1526 primum
3056 1458 3287 1511 omnium
3308 1475 3458 1512 matt-

1868 1550 2053 1602 datum
2078 1555 2151 1601 est
2180 1564 2198 1601 :
2224 1547 2389 1613 Audi,
2416 1545 2607 1613 Israel,
2640 1546 2903 1600 Dominus
2954 1547 3093 1603 Deus
3153 1558 3295 1615 tuus,
3322 1551 3460 1605 Deus

1862 1658 1997 1695 unus
2025 1650 2119 1695 est.
2153 1638 2222 1692 Et
2252 1638 2441 1709 diliges
2468 1638 2747 1691 Dominum
2769 1637 2936 1691 Deum
2964 1648 3107 1692 tuum
3128 1656 3191 1694 ex
3217 1648 3325 1697 toto
3347 1656 3462 1695 cor-

1864 1738 1925 1789 de
1948 1747 2057 1801 tuo,
2087 1743 2133 1787 et
2164 1750 2228 1787 ex
2269 1741 2375 1787 tota
2413 1731 2591 1785 anima
2619 1742 2734 1799 tua,
2764 1739 2812 1785 et
2840 1748 2904 1785 ex
2925 1740 3031 1785 tota
3071 1742 3239 1788 mente
3270 1744 3378 1801 tua,
3412 1743 3458 1788 et

1861 1846 1926 1883 ex
1948 1836 2053 1882 tota
2081 1826 2267 1879 virtute
2290 1824 2533 1880 tua.IIoc
2561 1834 2635 1879 est
2655 1826 2881 1894 primunt
2905 1826 3233 1886 mandatum.
3261 1829 3463 1885 Secun-

186 1917 290 1982 mis,
314 1918 361 1973 id
392 1929 495 1985 est,
538 1920 799 1989 perfecta,
839 1923 1035 1977 timore
1084 1923 1362 1993 repletur?
1388 1924 1522 1992 Quia
1570 1926 1752 1996 justus
1784 1923 1833 1984 B
1860 1922 1987 1977 dum
2015 1930 2184 1974 autem
2212 1920 2381 1973 simile
2405 1930 2481 1973 est
2514 1919 2595 1972 illi
2619 1938 2635 1973 :
2664 1920 2866 1991 Diliges
2884 1922 3176 1991 proximum
3194 1934 3341 1979 tuum
3361 1926 3465 1979 sic-

188 2010 264 2064 vix
285 2011 598 2081 salvabitur,
628 2015 717 2083 qui
744 2026 901 2085 rogat
932 2034 945 2069 :
982 2015 1049 2069 Et
1070 2031 1175 2069 non
1207 2019 1379 2071 intres
1410 2018 1459 2069 in
1490 2017 1757 2087 judicium

194 2117 296 2156 cum
340 2119 497 2159 servo
526 2113 644 2173 tuo,
680 2106 905 2160 Domine
940 2108 1103 2178 :quia
1134 2122 1241 2161 non
1280 2107 1667 2176 iustificabitur
1703 2113 1754 2167 in

190 2207 457 2265 conspectu
486 2206 580 2253 tuo
610 2201 791 2256 omnis
811 2201 1021 2256 vivens.
1049 2200 1203 2257 Unde
1229 2202 1315 2257 his
1349 2213 1558 2272 septem
1584 2206 1757 2275 quali-

194 2291 370 2346 tatibus
403 2294 628 2363 spiritus
672 2296 992 2365 psalterium
1033 2298 1293 2361 cantavit,
1316 2310 1756 2356 commemorans

194 2380 237 2435 in
273 2398 352 2449 eo,
374 2387 511 2455 quod
542 2386 868 2457 negligentia
903 2395 1087 2443 nostra
1120 2390 1400 2458 pepererit
1433 2390 1604 2460 :quid
1633 2390 1758 2445 dili-

195 2475 347 2542 gentia
366 2478 642 2546 quzesierit
674 2479 843 2549 :quid
888 2479 1069 2535 divina
1122 2481 1465 2551 providentia
1510 2485 1758 2541 contule-

197 2568 286 2622 rit:
312 2570 430 2641 quid
461 2572 669 2628 inimici
702 2574 981 2645 instigatio
1005 2575 1361 2645 fraudaverit,
1397 2577 1525 2646 quid
1554 2578 1758 2633 oblivio

198 2660 372 2719 lubrica
407 2667 778 2725 subtraxerit:
812 2667 941 2739 quid
986 2667 1220 2723 humana
1269 2669 1530 2740 fragilitas
1564 2672 1757 2727 intule-

198 2754 287 2809 rit:
307 2759 425 2828 quid
447 2760 754 2830 ignorantia
787 2759 1097 2830 improvida
1122 2760 1401 2816 fefellerit.
1433 2761 1634 2817 Omnes
1656 2763 1757 2820 hos

199 2856 375 2915 septem
408 2850 637 2909 affectus
664 2852 717 2907 in
751 2851 985 2907 Psalmis
1019 2852 1323 2907 invenimus
1360 2862 1757 2923 expressos,.ut

199 2951 266 2995 est
288 2942 404 2998 illud
436 2943 645 3015 primus
679 2962 693 2999 :
726 2943 987 3015 Concepit
1012 2942 1282 3011 dolorem,
1316 2954 1371 3000 ct
1407 2944 1617 3015 peperit
1646 2947 1755 2999 ini-

198 3036 445 3104 quitatem.
478 3038 801 3095 Secundus:
830 3038 1080 3094 Pracveni
1110 3036 1165 3093 in
1197 3037 1535 3105 maturitate,
1563 3046 1620 3094 et
1647 3039 1757 3094 cla-

201 3132 335 3184 mari.
360 3131 574 3188 Tertius
601 3150 614 3187 :
645 3131 854 3188 Incerta
880 3142 935 3187 et
960 3131 1173 3188 occulta
1204 3131 1490 3201 sapientia:
1518 3141 1621 3187 tua:
1641 3148 1751 3188 ma-

203 3220 425 3280 nifestasti
454 3226 609 3280 mihi.
637 3226 873 3294 Quartus
900 3243 911 3280 :
936 3225 1146 3280 Inimici
1174 3226 1281 3281 mei
1304 3226 1545 3281 animam
1576 3242 1752 3283 meam

1860 2024 1917 2069 ut
1978 2024 2024 2068 te
2066 2014 2254 2082 ipsum.
2293 2010 2471 2084 Majas
2499 2011 2687 2066 ltorum
2718 2013 2869 2065 aliud
2892 2015 3201 2070 mandatum
3231 2033 3334 2070 non
3359 2028 3457 2072 est.

1860 2107 1991 2174 Quae
2022 2112 2107 2159 est
2150 2104 2267 2159 haec
2309 2104 2543 2173 quaestio
2582 2104 2965 2174 problematis,
2998 2107 3144 2177 quod
3190 2119 3275 2163 est
3302 2124 3458 2164 com-

1864 2212 2034 2253 mune
2059 2195 2316 2251 omnibus
2346 2194 2536 2261 peritis
2566 2192 2621 2248 in
2656 2195 2798 2265 lege,
2830 2196 2934 2251 nisi
2965 2197 3111 2267 quod
3159 2198 3374 2256 diversa
3398 2202 3455 2257 in

1861 2290 2091 2355 Exodo,
2144 2297 2198 2343 et
2242 2287 2509 2353 Levitieo,
2555 2298 2612 2343 et
2657 2287 3091 2346 Deuteronomio
3132 2293 3457 2350 ordinantur

1860 2382 2155 2441 mandata?
2181 2381 2339 2438 Unde
2366 2397 2471 2436 non
2490 2398 2685 2447 unum,
2702 2382 2799 2438 sed
2821 2383 2929 2440 duo
2959 2385 3144 2441 intulit
3168 2388 3456 2445 mandata:

1860 2477 1929 2533 de
1960 2475 2044 2531 his
2072 2475 2275 2530 etenim
2305 2472 2519 2529 duobus
2551 2472 2815 2529 uberibus
2843 2489 3011 2546 super
3032 2486 3259 2547 pectora
3289 2493 3454 2550 Spon-

1860 2587 1935 2627 sa:
1956 2570 2206 2638 elevatis,
2236 2578 2423 2624 nostra
2452 2569 2619 2624 alitur
2650 2568 2898 2626 inlantia.

1932 2665 2001 2720 Et
2024 2666 2093 2719 ait
2116 2662 2195 2718 illi
2220 2663 2389 2718 scriba
2412 2680 2430 2716 :
2459 2661 2616 2728 Bene,
2641 2663 2909 2734 magister,
2939 2667 2993 2720 in
3020 2666 3230 2722 veritate
3256 2667 3455 2739 dixisti,

1859 2758 1981 2829 quia
2006 2773 2144 2811 unus
2172 2764 2246 2809 est
2274 2755 2439 2822 Deus,
2468 2766 2516 2809 et
2570 2772 2674 2810 non
2714 2765 2791 2811 est
2831 2756 2967 2812 alius
3010 2770 3199 2830 printer
3225 2777 3360 2817 eum.
3388 2762 3458 2817 Et

1860 2862 1917 2907 ut
1966 2850 2223 2923 diligatur
2257 2865 2319 2905 ex
2354 2856 2461 2904 toto
2494 2848 2674 2917 corde,
2697 2860 2744 2903 et
2773 2867 2837 2905 ex
2866 2860 2971 2906 toto
3000 2852 3286 2921 intellectu,
3314 2866 3363 2911 et
3390 2873 3456 2913 ex

1861 2953 1968 2999 tota
1997 2946 2196 3011 anima,
2228 2953 2274 2996 et
2304 2958 2368 2997 ex
2396 2950 2502 2998 tota
2546 2942 2858 3015 fortitudine
2890 2961 2907 2999 :
2945 2953 2994 2999 et
3026 2945 3243 3019 diligere
3270 2951 3425 3018 proxi

1859 3055 1999 3094 mum
2029 3047 2290 3108 tamquam
2314 3037 2542 3107 seipsum
2571 3039 2744 3111 majus
2787 3048 2865 3092 est
2911 3039 3149 3095 omnibus
3179 3040 3427 3099 holocaus

1860 3130 2156 3195 ramalibus,
2200 3136 2249 3183 et
2296 3127 2597 3197 sacriﬁciis.
2649 3126 2804 3184 Jesus
2846 3139 3020 3185 autem
3077 3131 3253 3187 videns
3309 3151 3445 3201 quoa

1858 3223 2124 3293 sapienter
2173 3220 2555 3290 respondisset,
2590 3219 2724 3274 dixit
2764 3219 2897 3276 illi:
2942 3220 3067 3276 Non
3121 3240 3172 3277 es
3221 3225 3373 3299 longe
3420 3246 3450 3282 a

210 3316 660 3374 circumdederunt.
686 3320 918 3387 Quintus
940 3334 954 3370 :
980 3317 1249 3373 Oblivioni
1276 3317 1437 3372 datus
1460 3332 1577 3374 sum
1612 3330 1751 3374 tam-
1783 3316 1828 3380 C
1861 3334 2019 3391 regno
2049 3316 2165 3370 Dei.
2198 3313 2268 3369 Et
2299 3331 2446 3368 nemo
2471 3315 2585 3384 jam
2615 3314 2838 3369 audebat
2866 3330 2987 3370 eum
3013 3316 3352 3391 interrogare.
3387 3323 3451 3377 Et

217 3420 333 3472 quam
355 3420 603 3465 mortuus
626 3428 653 3463 a
681 3411 866 3466 corde.
897 3410 1134 3466 Sextus:
1164 3408 1430 3478 Quoniam
1457 3409 1625 3466 lumbi
1652 3413 1757 3469 mei

216 3495 373 3567 impleti
400 3512 534 3558 sunt
564 3502 931 3558 illusiouibus.
966 3502 1281 3573 Septimus:
1321 3501 1531 3558 Delicta
1566 3503 1761 3574 juven-

211 3593 313 3649 tutis
337 3613 488 3665 mete,
516 3606 571 3653 et
612 3597 949 3668 ignorautias
989 3609 1139 3651 meas
1174 3611 1242 3651 ne
1278 3596 1619 3662 memineris,
1652 3598 1757 3652 Do-

198 3686 337 3742 mine.
356 3690 510 3759 Quos
541 3688 767 3745 allectus
800 3690 1024 3761 Spiritus
1053 3688 1389 3759 septiformis
1418 3689 1679 3745 emundat
1703 3699 1758 3745 ct

192 3775 478 3837 illuminat:
510 3791 572 3838 ut
612 3793 821 3852 septem
873 3782 1112 3838 lucerna:
1150 3780 1220 3837 ab
1257 3792 1447 3837 austro
1476 3782 1752 3851 ardentes,

187 3874 513 3939 aquilonares
555 3876 808 3931 tenebras
854 3874 1133 3945 expellant
1186 3875 1239 3929 in
1266 3874 1621 3930 tabernaculo
1652 3876 1757 3931 Du-

185 3966 325 4023 mini.
359 3969 601 4038 Spiritus
627 3968 907 4039 sapientia:
946 3969 998 4023 in
1053 3969 1207 4038 pigro
1248 3967 1632 4038 negligentiam
1674 3986 1758 4025 re-

183 4058 339 4124 pellit.
364 4060 604 4131 Spiritus
640 4060 949 4116 intellectus
980 4058 1312 4132 diligentiam
1360 4059 1757 4115 rationabiliter

182 4154 379 4221 quaarit.
409 4153 652 4225 Spiritus
672 4152 910 4219 consilii,
940 4152 1179 4207 divinam
1211 4152 1606 4223 providentiam
1630 4168 1759 4223 pru-

184 4247 363 4302 denter
389 4249 618 4303 invenit.
654 4247 888 4319 Spiritus
931 4246 1150 4300 virtutis
1192 4246 1576 4316 instigationes
1606 4246 1760 4299 forti-

187 4346 264 4391 ter
288 4340 542 4395 retundit.
576 4339 809 4410 Spiritus
830 4338 1099 4405 scientiae,
1132 4336 1463 4392 oblivionem
1496 4335 1756 4392 lubricam

184 4430 267 4485 diu
286 4448 401 4489 esse
417 4434 629 4505 integre
657 4449 763 4488 non
788 4433 941 4489 sinit.
974 4431 1207 4501 Spiritus
1225 4431 1442 4502 pietatis
1470 4431 1760 4486 humanam

186 4518 520 4592 fragilitatem
570 4526 874 4579 clementer
922 4522 1185 4592 indulget.
1244 4521 1479 4593 Spiritus
1544 4520 1760 4578 timoris

188 4612 272 4671 Dei
302 4617 660 4688 improvidam
698 4618 1058 4688 ignorantiam
1098 4615 1355 4670 ardenter
1388 4616 1667 4685 decoquit,
1698 4631 1761 4671 ac

1860 3408 2177 3481 respondens
2226 3405 2400 3473 Iesus,
2434 3406 2633 3461 dicebat
2680 3407 2868 3461 docens
2920 3410 2976 3461 in
3019 3410 3213 3477 templo
3255 3428 3275 3466 :
3307 3412 3451 3480 Quo.

1861 3504 2015 3559 modo
2045 3502 2224 3556 dicunt
2252 3498 2462 3568 scribat,
2495 3497 2755 3555 Clu-istum
2783 3500 2954 3570 ﬁlium
2977 3519 3087 3558 esse
3122 3504 3296 3559 David
3315 3508 3341 3561 ?
3366 3506 3447 3581 lp-

1860 3611 1914 3649 se
1943 3594 2075 3648 enim
2104 3591 2272 3645 David
2300 3591 2433 3645 dixit
2464 3591 2518 3644 in
2547 3590 2753 3661 Spiritu
2778 3604 2957 3649 sancto
2977 3610 2994 3647 :
3014 3594 3164 3651 Dixit
3194 3598 3452 3656 Dominus

1861 3688 2086 3743 Domino
2119 3702 2253 3752 meo,
2279 3686 2401 3740 sede
2425 3703 2457 3739 a
2500 3685 2697 3740 dextris
2732 3689 2859 3742 meis
2894 3705 2913 3743 :
2942 3690 3106 3746 donec
3134 3710 3325 3763 ponam
3354 3698 3452 3751 ini-

1861 3782 2026 3837 micas
2071 3790 2183 3836 tuos
2216 3779 2503 3836 scabellum
2538 3781 2725 3852 pedum
2748 3782 2771 3835 ?
2794 3781 2916 3855 Ipse
2947 3800 3070 3856 ergo
3101 3786 3291 3857 David,
3322 3792 3456 3847 dixit

1859 3892 1975 3931 eum
2002 3874 2307 3937 Dominum,
2333 3882 2379 3927 et
2409 3873 2546 3927 unde
2569 3882 2642 3927 est
2672 3873 2819 3944 [ilius
2843 3877 2993 3947 ejus?
3024 3876 3087 3931 Et
3108 3880 3272 3934 multa
3302 3885 3455 3940 turba

1862 3985 1982 4025 eum
2008 3966 2225 4021 libenter
2253 3964 2473 4019 audivit.
2503 3962 2570 4018 Et
2601 3965 2801 4018 dicebat
2834 3950 2922 4021 eis
2953 3969 3007 4021 in
3042 3968 3279 4026 doctrina
3310 3991 3405 4029 sua
3435 3992 3457 4032 :

1863 4062 2046 4115 Cauete
2074 4075 2108 4113 a
2143 4056 2347 4126 scribis,
2377 4056 2467 4127 qui
2488 4055 2667 4110 volunt
2698 4056 2753 4111 in
2782 4057 2930 4114 stolis
2958 4060 3252 4130 ambulare,
3293 4075 3340 4119 et
3368 4084 3453 4121 sa-

1862 4154 2021 4210 lutari
2048 4154 2102 4207 in
2127 4154 2262 4221 loro,
2294 4159 2340 4205 et
2369 4150 2423 4204 in
2451 4150 2633 4222 primis
2663 4149 2925 4208 cathedris
2948 4154 3123 4210 sedere
3154 4158 3207 4212 in
3228 4175 3453 4234 synago-

1862 4249 1963 4321 gis,
1984 4254 2029 4301 et
2054 4245 2251 4318 primos
2278 4242 2568 4297 discubitus
2597 4243 2651 4297 in
2679 4244 2856 4310 caenis,
2876 4246 2965 4317 qui
2993 4246 3243 4304 devorant
3274 4250 3455 4309 domos

1862 4340 2139 4396 viduarum
2168 4337 2260 4393 sub
2293 4336 2503 4391 obtentu
2533 4338 2751 4409 prolixae
2794 4341 3045 4396 orationis
3076 4359 3093 4397 :
3126 4344 3179 4397 hi
3202 4347 3458 4417 accipient

1864 4432 2121 4506 prolixius
2140 4431 2425 4504 judicium.
2457 4430 2637 4499 Quare
2679 4446 2787 4487 non
2834 4441 2921 4488 est
2965 4433 3147 4507 longe,
3179 4440 3270 4509 qui
3302 4446 3455 4500 venit

1863 4525 2093 4583 callide?
2124 4526 2361 4596 Longior
2378 4537 2615 4594 namque
2633 4533 2715 4578 est
2746 4526 3053 4593 ignorantia
3084 4543 3113 4581 a
3136 4545 3306 4601 regno
3332 4533 3453 4603 Dei,

1864 4636 2025 4693 quam
2056 4619 2305 4675 scientia.
2342 4616 2496 4673 Unde
2522 4632 2688 4687 supra
2724 4616 3047 4675 Sadducaris
3068 4621 3141 4679 ait
3175 4640 3189 4678 :
3224 4623 3457 4698 Erratis,

188 4708 334 4775 plene
357 4711 550 4783 replet.
582 4710 861 4781 Sapientia
892 4708 1115 4765 domum
1148 4708 1379 4763 redificat
1408 4725 1421 4760 :
1452 4708 1761 4765 intellectus
1786 4707 1841 4769 D
1872 4715 2067 4787 inquit,
2091 4713 2399 4770 nescientes
2426 4710 2739 4782 Scripturas
2766 4714 3223 4784 aequavirtutem
3249 4719 3367 4777 Dei.
3395 4722 3462 4777 Et

189 4801 537 4867 gubernacula
569 4803 777 4858 invenit
810 4820 823 4855 :
853 4801 1145 4857 consilium
1167 4803 1309 4856 bona
1337 4799 1571 4856 discreta
1597 4801 1759 4857 facit:

191 4904 345 4949 VlﬂllS
371 4896 421 4949 in
453 4893 713 4965 patientia
734 4895 972 4949 animam
1002 4893 1280 4964 possidet:
1308 4892 1537 4947 scicntia
1560 4893 1765 4949 divitia:

193 4981 306 5039 ﬁdei
333 4995 383 5042 et
409 4988 606 5043 salutis
630 4987 1005 5058 acquiruntur.
1039 4986 1243 5041 Pietate
1269 4986 1606 5057 prosperitas
1628 5003 1765 5056 pra:—

192 5080 347 5135 sentis
380 5081 506 5135 vita:
546 5092 602 5136 et
650 5080 848 5135 futura:
893 5079 1164 5135 consistit.
1212 5079 1434 5135 'l‘imore
1486 5079 1766 5137 humilitas

194 5181 555 5238 conservatur,
610 5181 667 5227 et
712 5187 877 5227 omne
934 5182 1218 5241 peccatum
1269 5170 1579 5242 expellitur.
1628 5172 1767 5241 Quia

195 5261 390 5320 initium
416 5264 700 5336 sapientiae
722 5266 885 5321 timor
914 5266 1129 5321 Domini
1160 5275 1266 5321 est.

258 5358 329 5413 De
354 5363 573 5416 mortuis
620 5371 817 5429 autem,
840 5361 977 5431 quod
1027 5370 1320 5433 resurgant,
1354 5377 1459 5416 non
1489 5361 1684 5433 legistis
1714 5362 1768 5417 in

197 5454 314 5509 libro
341 5456 477 5511 Mosi
520 5472 675 5523 super
704 5460 912 5524 rubum,
943 5454 1201 5523 quomodo
1246 5456 1434 5509 dixerit
1480 5455 1560 5510 illi
1606 5456 1767 5523 Deus,

199 5547 411 5617 inquiens
443 5565 460 5602 .’
489 5547 606 5620 Ego
636 5565 749 5601 sum
784 5548 921 5601 Deus
952 5548 1235 5615 Abraham,
1268 5559 1316 5602 et
1354 5550 1491 5603 licus
1522 5548 1696 5619 Isaac,
1722 5560 1768 5605 et

204 5640 326 5695 Deus
357 5642 546 5697 Jacob.
592 5641 715 5696 Non
744 5650 817 5697 est
850 5642 989 5694 Deus
1022 5650 1369 5709 marmorum,
1398 5644 1489 5695 sed
1519 5644 1768 5699 vivorum.

208 5731 300 5789 Vos
324 5754 444 5809 ergo
483 5734 709 5790 multum
756 5737 963 5790 erratis.
997 5736 1053 5790 In
1093 5750 1200 5806 quo
1229 5746 1312 5790 cst
1340 5737 1642 5793 similitudo
1684 5754 1775 5794 vc-

219 5836 317 5882 stra
343 5844 356 5881 :
384 5832 436 5882 in
469 5843 578 5900 quo
605 5828 740 5899 ignis
771 5828 1013 5894 ardebat,
1039 5828 1132 5884 sed
1159 5845 1264 5883 non
1300 5828 1417 5898 ejus
1448 5831 1630 5899 spinas
1650 5847 1778 5889 con-

217 5925 468 5984 sumebat.
505 5926 597 5983 Sic
635 5940 734 5984 vos
776 5925 1074 5989 inﬂammat
1116 5927 1389 6001 eloquium
1431 5942 1608 5985 meum
1644 5944 1780 5987 :nec

1874 4808 2107 4865 docebat
2132 4819 2230 4862 eos
2259 4804 2418 4861 Jesus
2458 4804 2513 4859 in
2556 4804 2784 4873 templo,
2812 4804 2867 4859 id
2893 4816 3015 4873 est,
3050 4808 3226 4880 palam
3275 4812 3354 4867 eis
3393 4814 3464 4872 de

1873 4917 1935 4958 se
1964 4899 2226 4970 loquitur,
2254 4906 2311 4953 ut
2340 4895 2744 4951 iuexcusabiles
2766 4896 2913 4953 sint:
2944 4907 3001 4955 et
3022 4910 3084 4957 ut
3107 4902 3247 4974 ignis
3277 4904 3465 4963 incen-

1875 4995 1967 5050 dat
2012 4992 2164 5047 arida
2211 4990 2517 5047 scribarum
2548 5000 2604 5045 et
2634 4989 3026 5060 pltarismorum
3066 4998 3334 5069 exempla,
3367 5002 3462 5071 qui

1874 5084 2068 5141 volunt
2095 5083 2150 5138 in
2175 5081 2333 5138 stolis
2358 5081 2660 5138 ambulare.

1947 5177 2017 5233 Et
2049 5179 2230 5232 sedens
2271 5174 2427 5230 Iesus
2468 5188 2650 5233 contra
2681 5182 3135 5254 gawphylacium,
3164 5184 3220 5242 id
3245 5196 3350 5265 εει,
3384 5189 3468 5246 di-

1878 5272 2137 5326 vitiarum
2169 5269 2497 5325 custodiam.

1948 5361 2245 5431 Aspiciebat
2290 5362 2545 5433 quomodo
2575 5366 2725 5419 turba
2744 5369 2978 5437 jactaret
3014 5386 3086 5426 tes
3121 5372 3176 5430 in
3204 5382 3471 5455 gazopltg.

1877 5453 2073 5508 lacium
2106 5471 2122 5507 :
2153 5464 2202 5508 et
2238 5455 2387 5509 multi
2417 5457 2601 5512 divites
2620 5460 2899 5531 jactabant
2930 5464 3118 5522 multa.
3147 5468 3279 5526 Cum
3302 5453 3467 5529 venis-

1877 5560 1952 5605 set
1988 5561 2163 5603 autent
2196 5568 2299 5604 una
2322 5551 2475 5604 vidua
2506 5569 2723 5624 pauper,
2759 5556 2897 5609 misit
2932 5558 3037 5613 duo
3076 5564 3299 5633 minuta,
3329 5572 3468 5637 quod

1883 5653 1954 5701 est
1980 5645 2267 5716 quadrans.
2300 5644 2367 5699 Et
2396 5662 2686 5700 convocans
2715 5648 3002 5720 discipulos
3031 5671 3173 5725 suos,
3201 5662 3276 5714 ait
3313 5660 3419 5717 illis
3448 5680 3467 5720 :

1885 5738 2051 5793 Amen
2076 5737 2191 5792 dico
2214 5738 2351 5793 vobis
2376 5738 2653 5809 :quoniam
2680 5740 2835 5795 vidua
2861 5744 2968 5799 lucc
2998 5764 3194 5820 pauper
3214 5750 3333 5820 plus
3358 5726 3469 5809 ant.

1890 5832 2045 5890 nibus
2074 5832 2234 5899 misit,
2262 5832 2351 5902 qui
2390 5832 2639 5884 miserunt
2688 5835 2741 5889 in
2790 5840 3231 5909 gazophylacium.
3282 5846 3471 5905 Omnes

1895 5931 2032 5992 enim
2058 5944 2121 5986 ex
2146 5944 2229 5999 eo,
2259 5929 2393 5997 quod
2434 5926 2731 5985 abundabat
2754 5932 2879 6001 illis,
2913 5933 3193 6005 miserunt;
3224 5940 3329 5996 haec
3358 5959 3471 5999 vero
