3970 6304
207 349 290 409 639

787 350 1328 419 COMMENTARIUS
1367 353 1436 413 IN
1477 352 1938 419 EVANGELIUM
1978 347 2127 420 sec.
2170 363 2485 423 MARCUM.
2526 366 2680 425 cae.
2727 368 2868 425 xw.

3371 369 3477 431 650

196 472 315 527 enim
339 468 833 540 quando‘dominus
866 470 1052 526 domus
1092 475 1264 528 veniat
1287 491 1303 527 :
1336 491 1473 542 sero,
1509 489 1577 529 an
1610 460 1779 530 media
1805 478 1859 540 Α
1885 479 2148 550 frangitur
2192 481 2259 536 ad
2301 490 2486 554 caput,
2517 500 2581 540 ex
2614 501 2724 557 quo
2755 501 2920 541 omne
2949 491 3149 558 corpus
3197 493 3479 561 compagi.

195 574 340 629 nocte,
372 580 438 618 an
475 563 605 634 galli
640 573 817 627 cantu,
863 581 932 618 an
977 581 1128 619 mane
1161 582 1180 620 :
1210 582 1272 620 ne
1299 583 1416 622 cum
1448 570 1646 623 venerit
1689 585 1773 624 re-

194 672 344 730 pente,
390 658 622 712 inveniat
661 674 751 712 vos
774 658 1109 714 dormientes.
1133 659 1326 731 Vigilia
1355 676 1490 730 opus
1514 671 1599 718 est
1623 677 1777 716 men-

195 752 271 817 tis,
315 761 442 806 ante
489 761 724 806 mortem
765 751 1038 822 corporis.
1098 751 1274 807 Homo
1322 769 1552 824 peregre
1610 755 1776 824 proli-

193 846 407 910 ciscens,
441 859 643 916 corpus
673 855 760 900 est
789 843 990 901 Christi
1021 846 1075 900 in
1105 847 1302 902 cmlum
1334 849 1602 903 elevatum
1635 861 1649 900 :
1683 863 1774 903 re-

192 937 427 1006 linquens
454 938 682 992 domum
713 952 890 1002 suam,
925 951 1047 1008 quae
1069 939 1152 993 est
1175 939 1448 994 Ecclesia.
1489 921 1631 993 [laus
1655 954 1774 995 ser-

194 1031 264 1084 vis
302 1030 408 1087 suis
454 1039 788 1101 potestatem
835 1031 1265 1102 uniuscujusque
1316 1032 1525 1101 operis,
1571 1032 1622 1087 id
1667 1043 1770 1102 est,

194 1133 303 1179 octo
346 1123 577 1189 talenta,
633 1122 784 1191 juxta
839 1123 1178 1188 Mattbaeum,
1209 1124 1298 1180 vel
1346 1125 1534 1180 decem
1594 1141 1772 1192 muas,

188 1217 326 1286 juxta
353 1215 576 1272 Lucam.
604 1215 675 1271 Et
697 1216 917 1285 janitori
953 1218 1220 1287 praecipit,
1255 1227 1316 1273 ut
1339 1219 1544 1288 vigilet,
1583 1219 1633 1272 id
1663 1228 1770 1285 est,

192 1310 233 1362 ei
259 1307 342 1377 qui
369 1307 653 1378 praedicat,
692 1312 776 1363 cui
810 1308 1052 1363 dicitur:
1091 1309 1150 1364 Si
1201 1326 1311 1364 non
1364 1312 1774 1368 annuntiaveris

193 1402 358 1473 iniquo
385 1401 732 1472 iniquitatem
759 1417 936 1468 etiam,
968 1403 1287 1473 sanguinem
1329 1419 1486 1460 suum
1517 1405 1584 1460 de
1613 1421 1772 1462 manu

194 1510 266 1557 tua
307 1499 604 1569 requiram.
655 1499 887 1570 Vigilate
928 1513 1082 1570 ergo,
1129 1508 1185 1554 et
1212 1499 1444 1570 reliqua.
1486 1501 1648 1569 Sero,
1703 1519 1771 1559 an

195 1591 348 1646 media
378 1601 562 1660 nocte,
605 1591 822 1662 quando
847 1600 977 1646 sunt
1013 1590 1195 1646 occisa
1236 1590 1622 1664 A‘igyptiorum
1661 1595 1773 1665 pri-

197 1682 442 1754 mogenita
485 1699 500 1738 :
554 1698 624 1739 ne
670 1682 918 1740 inveniat
947 1697 1046 1740 vos
1089 1683 1444 1740 dormientes.
1497 1683 1632 1741 Nam
1682 1688 1772 1758 qui

197 1776 393 1843 dormit,
423 1791 534 1833 non
566 1791 797 1849 corpora
839 1793 990 1844 vera,
1031 1777 1129 1834 sed
1170 1778 1556 1850 phantasmata
1589 1781 1768 1838 inten-

1880 582 2064 627 natum
2093 581 2195 628 est.
2229 574 2602 632 Recumbente
2632 580 2771 648 ipso,
2807 580 2858 635 id
2889 591 2994 648 est,
3038 581 3382 652 humiliante,
3417 595 3478 642 ut

1877 682 2000 722 eum
2044 676 2293 738 tangeret
2342 670 2477 726 ﬁdes
2525 672 2844 741 peccatricis
2895 693 2908 728 :
2953 691 3074 746 quac
3125 677 3192 732 de
3248 678 3477 748 pedibus

1876 759 2122 814 ascendit
2167 761 2231 814 ad
2265 767 2447 830 caput,
2492 771 2546 816 et
2584 763 2651 815 ad
2693 765 2863 834 pedes
2911 780 2940 820 a
2984 767 3166 836 capite
3197 767 3478 824 descendit

1876 866 1976 920 per
2008 851 2166 905 fidem
2204 871 2214 905 :
2246 852 2298 906 id
2331 861 2434 919 est,
2466 854 2534 908 ad
2563 854 2838 910 Christum
2873 863 2929 911 et
2957 857 3024 912 ad
3059 861 3299 913 membra
3330 861 3468 929 ejus.

1946 943 2118 999 Erant
2157 955 2329 1000 autem
2359 947 2574 1018 quidam
2604 949 2817 1017 indigne
2846 951 3066 1020 ferentes
3108 953 3246 1006 intra
3285 963 3473 1007 semct-

1876 1037 2016 1110 ipsos
2057 1045 2103 1091 et
2160 1039 2386 1094 dicentes
2438 1054 2458 1094 :
2501 1038 2570 1094 Ut
2614 1041 2740 1109 quid
2789 1042 3017 1110 perditio
3064 1043 3168 1096 ista
3224 1047 3478 1113 unguenti

1876 1137 2018 1208 facta
2052 1136 2175 1190 est?
2217 1135 2434 1190 Poterat
2470 1139 2607 1190 enim
2653 1148 2974 1209 unguentum
3014 1140 3156 1192 istud
3190 1141 3478 1194 renundari

1874 1229 1994 1302 plus
2070 1247 2226 1302 quam
2296 1232 2537 1284 trecentis
2587 1229 2859 1297 denariis,
2920 1240 2966 1286 et
3033 1233 3148 1286 dari
3222 1235 3468 1305 pauperi-

1875 1322 1988 1376 bus.
2045 1321 2107 1374 1ιί
2149 1320 2435 1394 fremebant
2481 1325 2534 1375 in
2571 1337 2704 1377 eam.
2749 1321 2909 1377 Jesus
2960 1332 3131 1377 autem
3160 1324 3341 1378 dixit:
3383 1326 3474 1379 Si-

1875 1413 1976 1467 nite
2019 1429 2134 1466 eam
2167 1429 2185 1467 :
2223 1413 2350 1483 quid
2395 1412 2480 1467 illi
2509 1413 2710 1468 molesti
2743 1413 2908 1468 estis?
2934 1413 3039 1469 Per
3083 1415 3465 1486 synecdochen

1873 1503 2074 1560 dicitur
2103 1519 2241 1559 unus
2267 1519 2366 1575 pro
2419 1505 2627 1568 multis,
2659 1513 2715 1559 et
2746 1505 2901 1559 multi
2939 1521 3034 1574 pro
3057 1520 3186 1559 uno.
3217 1507 3471 1561 Dicentcs

1875 1597 2015 1652 intra
2072 1611 2132 1653 se
2163 1615 2175 1650 :
2207 1597 2274 1654 Ut
2298 1596 2428 1667 quid
2461 1596 2694 1666 perditio
2724 1596 2840 1651 iure
2873 1596 3178 1668 unguenti?
3219 1595 3472 1651 Perditus

1873 1689 1944 1746 de
1972 1690 2154 1745 salute
2205 1689 2562 1760 perditionem
2593 1688 2822 1755 invenit,
2854 1697 2909 1744 et
2939 1687 2991 1743 in
3039 1687 3146 1745 ficu
3190 1687 3471 1744 fructifera

1874 1783 2068 1836 mortis
2105 1783 2358 1852 laqueum
2389 1781 2740 1835 nanciscitur.
2789 1779 3070 1836 Trecentis
3097 1779 3338 1836 denariis
3363 1796 3466 1852 p0-

199 1868 280 1938 dit,
321 1877 376 1925 et
413 1883 620 1926 vacuus
648 1869 832 1942 vigilat
864 1869 934 1928 de
962 1869 1069 1939 his,
1128 1885 1250 1940 qua:
1276 1870 1505 1927 viderat.
1552 1871 1644 1928 Sic
1684 1869 1770 1928 ni-
1799 1865 1847 1935 Β
1878 1883 2016 1930 terat
2037 1874 2339 1930 venundari
2369 1882 2726 1943 unguentum,
2752 1882 2805 1928 et
2827 1872 2942 1927 dari
2977 1872 3331 1943 pauperibus.
3353 1874 3468 1928 Sull

204 1960 372 2017 mirum
399 1969 554 2030 sunt,
575 1976 716 2034 quos
744 1960 935 2017 mundi
962 1976 1119 2018 amor
1146 1962 1289 2032 rapit
1319 1962 1374 2017 in
1402 1961 1538 2029 vita,
1562 1963 1768 2021 deserit

206 2062 307 2124 post
330 2055 518 2125 vitam,
559 2055 708 2127 quod
743 2054 1092 2112 somniabant
1130 2070 1228 2127 pro
1257 2063 1434 2112 certo.
1467 2057 1720 2128 Sequitur
1750 2077 1764 2115 :

261 2146 399 2214 Quod
440 2157 616 2204 autem
659 2149 801 2204 vobis
848 2149 989 2217 dico,
1031 2148 1267 2205 omnibus
1319 2150 1434 2204 dico
1466 2164 1487 2207 :
1523 2148 1764 2223 Vigilate.

207 2239 300 2296 Hoc
320 2243 430 2308 sive
453 2241 737 2299 concludit
761 2257 1092 2310 sermonem,
1126 2250 1188 2298 ut
1207 2257 1496 2301 commune
1523 2243 1765 2302 omnium

213 2347 503 2408 preceptnm
530 2337 818 2396 novissimi
849 2349 950 2411 per
977 2339 1181 2411 primos
1203 2337 1458 2394 audiant!

757 2500 990 2558 CAPUT
1028 2499 1172 2556 XIV.

264 2639 374 2697 Erat
397 2650 570 2697 autem
622 2638 835 2696 Pascha
861 2647 910 2694 et
940 2656 1124 2712 azyma
1166 2651 1282 2712 post
1331 2637 1566 2695 biduum.
1616 2635 1768 2696 Nunc

211 2751 528 2809 aspergamus
560 2736 755 2791 librum
781 2743 1028 2790 nostrum
1056 2734 1339 2802 sanguine,
1373 2743 1429 2788 et
1455 2731 1642 2789 limina
1672 2732 1767 2788 do-

211 2847 407 2896 morum,
463 2838 520 2886 et
558 2830 740 2886 funem
769 2830 1088 2884 coccineum
1141 2826 1546 2883 circumdemus
1584 2825 1768 2902 donzui

213 2922 437 2978 orationis
461 2929 690 2989 nostrae,
712 2929 768 2976 et
791 2934 1014 2975 coccum
1045 2918 1099 2973 in
1123 2934 1286 2972 manu
1317 2927 1521 2981 nostra,
1550 2925 1608 2972 ut
1637 2913 1766 2972 Sara

209 3015 400 3086 ligemus
430 3035 442 3072 :
476 3029 540 3071 ut
565 3017 782 3071 vaccam
803 3012 980 3070 rufam
1005 3014 1056 3066 in
1083 3013 1224 3067 valle
1247 3013 1480 3067 occisam
1509 2999 1769 3067 enarrare

211 3109 462 3178 possimus.
517 3106 752 3171 Pascha,
793 3106 1042 3160 transitus
1082 3106 1473 3174 interpretatur
1525 3121 1539 3159 :
1595 3101 1770 3158 Phase

215 3213 313 3254 vero
339 3199 661 3255 immutatio.
696 3197 751 3252 In
780 3196 1160 3252 immolatione
1186 3196 1306 3265 agni
1339 3203 1391 3250 et
1418 3195 1647 3249 transitu
1672 3211 1770 3266 po-

1869 1965 2133 2040 prattextu
2163 1968 2425 2032 avaritiae,
2451 1967 2770 2038 mysterium
2797 1967 3034 2034 loquitur
3057 1967 3203 2022 ﬁdei.
3240 1965 3459 2022 Etenim

1869 2074 2055 2120 nostra
2085 2063 2219 2119 ﬁdes
2250 2063 2511 2118 trecentis
2539 2061 2739 2116 emitur
2763 2059 3028 2126 denariis,
3063 2059 3115 2114 id
3144 2067 3248 2126 est,
3273 2059 3466 2116 decem

1868 2155 2122 2212 sensibus
2156 2171 2255 2227 per
2277 2169 2475 2224 corpus
2499 2161 2555 2208 et
2583 2153 2816 2207 animum
2855 2160 2911 2208 et
2940 2153 3193 2222 spiritum
3229 2153 3470 2223 triplica-

1870 2251 1957 2314 tls,
1992 2257 2049 2303 ut
2074 2257 2129 2304 et
2159 2264 2257 2304 nos
2285 2249 2425 2303 sicut
2447 2247 2664 2304 Gedeou
2691 2253 3062 2301 trecentorum
3095 2245 3334 2300 virorum
3362 2261 3467 2300 nu-

1872 2357 2085 2398 merum
2117 2353 2482 2410 assumentes,
2518 2341 2930 2412 Allophylorum
2960 2347 3160 2404 castra,
3198 2352 3467 2408 pauperes

1870 2436 2078 2507 spiritu
2103 2435 2287 2491 fraetls
2317 2436 2626 2506 lagunculis
2653 2434 2852 2489 nostris
2873 2415 2998 2490 'cum
3033 2433 3178 2486 tubis
3200 2440 3257 2486 et
3287 2433 3466 2488 lucer-

1872 2533 1958 2586 nis
1989 2530 2356 2594 destruamus,
2385 2540 2439 2584 et
2471 2538 2528 2583 ut
2565 2528 2842 2584 Abraham
2864 2542 2989 2583 cum
3027 2529 3290 2582 trecentis
3314 2527 3466 2592 viris,

1872 2625 2042 2695 spolia
2072 2623 2138 2677 ad
2169 2637 2461 2692 vesperum
2491 2621 2821 2676 dividamus.
2850 2621 3106 2688 Sequitur
3137 2639 3148 2672 :

1943 2715 2148 2772 Bonum
2178 2734 2308 2786 Opus
2339 2726 2547 2787 operata
2574 2723 2650 2770 est
2677 2717 2731 2768 in
2756 2730 2876 2777 me;
2915 2730 3113 2784 semper
3150 2715 3286 2768 enim
3333 2723 3467 2784 pau-

1871 2832 2017 2891 peres
2064 2815 2264 2868 habetis
2288 2812 2570 2876 vobiscum,
2611 2817 2794 2864 etcum
2823 2809 3116 2876 volueritis,
3151 2809 3363 2881 potestis
3396 2809 3470 2864 il-

1873 2911 1937 2963 lis
1967 2908 2264 2978 benefacere
2292 2923 2310 2961 :
2339 2921 2416 2959 me
2443 2912 2616 2958 autem
2641 2919 2743 2956 non
2772 2917 2974 2969 semper
3001 2901 3270 2956 habebitis.
3311 2895 3468 2968 Quod

1874 3001 2074 3068 habuit,
2123 2998 2233 3053 hac
2265 2999 2407 3070 fecit.
2440 2996 2541 3064 Qui
2581 2994 2756 3050 credit
2789 2995 2840 3047 in
2874 2994 3067 3058 Deum,
3102 3000 3385 3062 reputatur
3413 2991 3464 3048 ei

1873 3093 1926 3147 in
1966 3107 2103 3162 opus
2147 3089 2393 3159 justitim.
2439 3085 2599 3143 Aliud
2643 3096 2727 3141 est
2761 3086 2906 3140 enim
2948 3086 3174 3140 credere
3203 3085 3276 3149 ei,
3319 3085 3467 3140 aliud

1873 3185 2098 3240 credere
2140 3183 2193 3237 in
2226 3197 2372 3245 eum,
2421 3181 2472 3234 id
2502 3189 2608 3244 est,
2643 3187 2814 3234 totum
2853 3178 3052 3245 ejicere
3095 3187 3147 3231 te
3188 3177 3240 3232 in
3289 3176 3466 3231 illum.

217 3289 294 3354 ιπιιὶ
320 3307 406 3358 per
435 3305 610 3354 mare,
639 3287 726 3343 vel
759 3302 854 3357 per
885 3285 1198 3358 Egyptuin,
1223 3259 1616 3355 pra-ﬁguratur
1646 3259 1767 3354 p-as-
1795 3259 1839 3322 C
1873 3276 2026 3345 Quod
2081 3275 2293 3333 habuit.
2350 3273 2468 3327 haec
2531 3272 2682 3327 fecit.
2731 3269 2849 3324 Non
2897 3269 3115 3324 aliunde
3163 3283 3469 3340 speremus,

231 3380 512 3446 sioCbristi,
544 3389 602 3436 et
629 3381 933 3448 redemptio
961 3378 1142 3449 populi
1190 3377 1258 3433 de
1288 3376 1521 3446 inferno,
1556 3378 1770 3448 quando

229 3487 304 3529 nos
329 3486 438 3545 post
489 3473 716 3530 biduum
765 3472 974 3536 visitat,
1031 3471 1082 3525 id
1133 3479 1246 3538 est,
1280 3470 1596 3539 plenissima
1643 3471 1771 3526 luna

221 3575 343 3622 atate
363 3567 571 3625 Christi
606 3564 848 3636 perfeCIa
869 3605 883 3630 ,
913 3571 970 3618 ut
998 3577 1099 3618 nec
1127 3577 1248 3617 cum
1300 3562 1477 3631 aliqua
1514 3571 1667 3632 parte
1694 3572 1773 3617 te-

214 3659 433 3730 nebrosa,
463 3673 661 3714 carnes
705 3657 831 3728 agni
860 3655 1217 3720 immaculati,
1249 3655 1340 3724 qui
1380 3655 1522 3708 tollit
1550 3666 1773 3724 peccata

209 3756 365 3808 mundi
399 3773 412 3809 :
444 3756 501 3809 in
524 3767 632 3809 una
654 3752 838 3819 domo,
863 3765 983 3820 quae
1004 3761 1086 3804 est
1111 3763 1217 3802 una
1243 3748 1414 3803 electa
1447 3748 1635 3802 matris
1662 3763 1775 3802 sua:

198 3847 420 3904 Ecclesia
452 3848 726 3904 catholica
754 3865 765 3898 :
796 3842 1008 3899 calciati
1035 3842 1323 3909 charitate,
1363 3851 1418 3896 et
1439 3839 1634 3896 armati
1665 3842 1776 3895 vir-

193 3947 296 3996 tute
331 3939 706 4004 comedamus,
736 3937 981 3993 dicentes
1012 3953 1025 3990 :
1053 3936 1268 3991 Etenim
1298 3936 1498 4005 pascha
1531 3945 1776 3990 nostrum

184 4031 485 4088 immolatus
517 4039 600 4088 est
629 4029 899 4084 Christus.

251 4128 318 4183 Et
358 4127 654 4200 qucerebant
689 4125 878 4180 summi
906 4121 1198 4177 sacerdotes
1221 4134 1268 4178 et
1291 4122 1489 4188 scribae,
1522 4123 1779 4192 quomodo

183 4236 294 4274 eum
330 4223 450 4276 dolo
490 4228 737 4284 tenerent,
771 4228 820 4271 et
872 4215 1208 4270 occiderent:
1261 4215 1495 4269 dicebant
1536 4225 1706 4268 autem
1760 4231 1779 4268 :

190 4311 308 4367 Non
335 4316 386 4367 in
407 4315 489 4369 die
516 4314 664 4381 festo,
693 4328 757 4364 ne
784 4312 914 4380 forte
939 4306 1192 4362 tumultus
1218 4307 1360 4377 fieret
1387 4308 1440 4360 in
1465 4309 1677 4378 populo.
1709 4307 1779 4361 Et

183 4422 299 4460 cum
319 4419 444 4462 esset
474 4405 744 4460 Bethanite
760 4404 816 4458 in
841 4404 992 4456 domo
1016 4399 1245 4456 Simonis
1263 4401 1472 4470 leprosi,
1505 4411 1551 4454 et
1575 4417 1779 4454 recum—

1871 3368 2013 3442 quod
2045 3368 2098 3421 in
2127 3366 2285 3421 nobis
2320 3365 2603 3418 habemus.

1945 3461 2206 3516 Prterenit
2257 3475 2449 3531 ungere
2503 3474 2692 3524 corpus
2764 3467 2933 3510 meum
3008 3457 3064 3510 in
3118 3457 3468 3526 sepulturam.

1871 3555 2033 3608 Amen
2065 3553 2180 3605 dico
2203 3551 2363 3617 vobis,
2399 3549 2701 3620 ubicumque
2722 3547 3067 3620 pra’dicalum
3100 3548 3258 3616 fuerit
3288 3545 3469 3600 Evan-

1875 3643 2064 3719 gelium
2095 3647 2234 3700 istud
2260 3646 2315 3699 in
2355 3645 2594 3698 universo
2635 3643 2850 3710 mundo,
2895 3650 2944 3696 et
2987 3643 3125 3711 quod
3164 3641 3289 3710 fecit
3332 3639 3469 3706 htec,

1877 3740 2177 3794 narrabitur
2221 3739 2274 3792 in
2327 3739 2628 3791 memoriam
2665 3737 2798 3808 ejus.
2840 3733 2908 3787 Et
2957 3732 3126 3787 ludas
3173 3731 3471 3797 lscariotis,

1877 3849 2013 3889 unus
2045 3835 2107 3887 de
2146 3831 2448 3895 duodecim,
2491 3829 2619 3883 abiit
2657 3829 2727 3880 ad
2771 3843 2999 3881 summos
3046 3827 3362 3892 sacerdotes,
3417 3833 3472 3877 ut

1880 3929 2120 3994 proderet
2151 3942 2264 3979 eum
2291 3925 2420 3978 illis.
2451 3921 2552 3988 Qui
2571 3921 2864 3984 audientes,
2890 3919 3052 3990 gavisi
3081 3927 3201 3971 sunt
3236 3932 3255 3970 :
3280 3926 3326 3970 et
3353 3933 3474 3986 pro-

1877 4024 2128 4075 miserunt
2165 4019 2212 4073 ei
2245 4017 2518 4089 pecuniam
2562 4031 2616 4069 se
2641 4015 2874 4066 daturos.
2907 4010 2975 4065 Et
3020 4009 3303 4081 quterebat,
3332 4027 3466 4082 quo-

1881 4113 2034 4168 modo
2078 4127 2192 4166 eum
2223 4117 2512 4180 opportune
2553 4105 2800 4159 traderet.
2843 4102 2911 4156 Et
2943 4103 3110 4173 primo
3136 4103 3221 4155 die
3264 4118 3481 4172 azymo-

1881 4224 2018 4274 rum,
2055 4207 2262 4273 quando
2283 4204 2475 4278 pascha
2502 4200 2860 4265 immolabant,
2895 4200 3073 4254 dicunt
3106 4200 3152 4252 ei
3181 4198 3426 4266 discipuli
3459 4215 3478 4252 :

1887 4301 2001 4368 Quo
2047 4301 2120 4353 vis
2145 4315 2343 4358 eamus,
2374 4307 2421 4350 et
2453 4311 2691 4366 paremus
2721 4294 2816 4348 tibi
2847 4293 3108 4347 comedere
3128 4291 3363 4363 pascha?
3408 4288 3478 4344 Et

1883 4395 2037 4448 mittit
2069 4393 2200 4448 duos
2240 4409 2303 4446 ex
2337 4390 2608 4460 discipulis
2637 4387 2769 4454 suis,
2813 4400 2862 4441 et
2905 4387 3032 4440 dicit
3055 4387 3172 4439 eis:
3209 4383 3292 4436 Ite
3321 4384 3374 4437 in
3403 4385 3482 4436 ci-

185 4501 360 4556 beret:
389 4505 524 4557 venit
560 4501 747 4555 mulier
778 4496 968 4553 habens
1004 4498 1320 4551 alabastrum
1349 4499 1601 4570 unguenti
1632 4497 1782 4551 nardi
1846 4503 1858 4532 ι
1885 4480 2114 4551 vitarent,
2154 4493 2201 4540 et
2232 4492 2465 4539 occurret
2501 4482 2639 4536 vobis
2662 4482 2814 4534 homo
2845 4482 3087 4551 lagonam
3135 4491 3284 4547 aqua:
3323 4477 3477 4550 baju-

184 4596 364 4663 apicati
391 4593 624 4667 pretiosi,
656 4600 702 4647 et
725 4593 892 4662 fracto
912 4589 1196 4651 alabastro,
1225 4588 1410 4656 effudit
1434 4604 1592 4655 super
1623 4595 1778 4660 caput

1887 4583 2021 4650 laus,
2055 4582 2324 4652 sequimini
2355 4595 2470 4636 eum
2500 4593 2519 4632 :
2565 4585 2611 4631 et
2653 4590 2974 4647 quacumque
3003 4573 3284 4641 introierit,
3327 4572 3484 4626 dicite

185 4649 321 4757 eius.
349 4649 752 4758 A’principibu's
777 4696 996 4754 egressa
1019 4690 1102 4735 est
1125 4649 1382 4750 iniquitas
1405 4682 1456 4734 in
1479 4649 1777 4751 Babylone.
1811 4649 1862 4712 D
1892 4649 2099 4735 domino
2121 4649 2321 4731 domus
2349 4691 2368 4729 :
2413 4673 2536 4745 quia
2561 4671 2808 4744 magister
2835 4669 2960 4723 dicit
2992 4684 3011 4722 :
3045 4665 3147 4723 Ubi
3173 4674 3248 4721 est
3278 4668 3488 4758 refectio

189 4777 379 4834 Occiso
405 4780 607 4835 etenim
649 4779 860 4845 capite,
906 4784 1078 4829 totum
1107 4787 1306 4842 corpus
1351 4787 1554 4829 euerve
1603 4774 1778 4828 efﬁci-

195 4881 304 4926 tur.
334 4871 482 4929 Unde
511 4870 698 4926 miseri
726 4869 951 4931 faciunt,
983 4866 1125 4937 quod
1149 4867 1322 4935 capita
1353 4866 1666 4919 moliuntur.
1696 4865 1784 4918 Vi-

193 4973 309 5019 taut
336 4966 478 5023 diem
510 4965 734 5032 festum,
769 4963 912 5033 quod
940 4960 1194 5018 convenit
1219 4959 1347 5014 illis.
1379 4958 1495 5014 Non
1527 4968 1612 5013 est
1638 4957 1781 5012 enim

193 5055 456 5115 festivitas
491 5059 580 5114 his
618 5056 712 5127 qui
749 5056 916 5111 vitam
957 5065 1012 5110 et
1057 5052 1485 5108 misericordiam
1538 5052 1786 5122 perdide-

193 5161 336 5207 runt.
373 5153 532 5209 Venit
573 5153 734 5206 .lesus
784 5148 1124 5204 Bethaniam.
1178 5143 1447 5201 Hinnulus
1493 5159 1785 5201 cervorum

197 5257 408 5316 semper
432 5247 500 5301 ad
524 5248 726 5303 lectum
752 5257 909 5298 suum
939 5242 1106 5308 redit,
1141 5239 1192 5295 id
1213 5251 1320 5306 est,
1346 5239 1489 5295 ﬁlius
1519 5238 1785 5294 obediens

197 5340 332 5409 patri
354 5355 528 5412 usque
569 5339 637 5394 ad
671 5346 924 5404 mortem,
958 5334 1326 5391 obedientiam
1359 5349 1387 5386 a
1419 5332 1578 5388 nobis
1621 5332 1776 5403 petit.

199 5431 377 5490 Simon
401 5435 671 5505 leprosos,
697 5433 954 5486 mundum
988 5427 1261 5484 infidelem
1288 5430 1484 5498 primo.
1518 5435 1572 5483 et
1595 5433 1784 5497 postea

202 5527 407 5585 ﬁdelem
436 5527 727 5599 signiﬁcat.
749 5525 941 5580 Mulier
965 5539 1087 5579 cum
1111 5522 1400 5584 alabastro,
1432 5521 1781 5575 Ecclesiasti-

203 5631 314 5675 eam
354 5621 539 5687 fidem,
579 5633 702 5689 qua)
739 5617 873 5672 dicit
905 5631 919 5672 :
968 5615 1182 5670 Nardus
1220 5627 1338 5668 mea
1385 5612 1537 5667 dedit
1562 5611 1787 5668 odorem

207 5729 376 5772 suum.
432 5714 634 5771 Pisticn
678 5713 882 5767 nardus
922 5711 1142 5775 dicitur,
1186 5707 1240 5763 id
1292 5717 1416 5771 est,
1466 5705 1692 5777 mystica
1735 5714 1790 5762 et

208 5810 465 5880 pretiosa.
502 5808 703 5862 Domus
733 5805 951 5874 impleta
974 5803 1160 5866 odore,
1191 5799 1390 5856 caelum
1422 5808 1477 5854 et
1506 5809 1650 5855 terra
1682 5807 1781 5854 est.

211 5906 454 5964 Fructum
480 5902 836 5964 alabastrum,
857 5899 1072 5956 carnale
1095 5901 1176 5956 cst
1218 5894 1550 5953 desideriqu
1583 5910 1600 5950 :
1631 5892 1776 5965 quod

1891 4790 2024 4840 mea,
2078 4772 2163 4825 ubi
2194 4768 2386 4838 pascha
2417 4782 2533 4820 cum
2580 4762 2852 4836 discipulis
2879 4760 3005 4816 meis
3050 4760 3394 4814 manducem?
3423 4757 3489 4812 Et

1890 4869 2002 4938 ipse
2032 4865 2168 4919 vobis
2199 4861 2572 4916 demonstrabit
2598 4857 2918 4912 caenaculum
2950 4855 3146 4930 grande
3168 4864 3406 4918 stratum,
3438 4862 3484 4908 et

1893 4963 2000 5017 illic
2027 4971 2208 5033 parate
2231 4959 2394 5012 nobis.
2425 4956 2492 5010 Et
2539 4957 2778 5010 abierunt
2807 4953 3057 5024 discipuli
3087 4954 3219 5020 ejus,
3246 4959 3291 5004 et
3334 4964 3490 5002 vene—

1891 5067 2010 5109 runt
2049 5056 2101 5108 in
2130 5055 2409 5117 civitatem,
2456 5060 2506 5106 et
2548 5050 2854 5104 invenerunt
2879 5049 3015 5102 sicut
3045 5043 3244 5100 dixerat
3275 5043 3409 5108 illis,
3443 5051 3494 5097 et

1902 5154 2214 5219 paraverunt
2245 5145 2462 5217 pascha.
2511 5141 2567 5198 id
2601 5153 2707 5210 est,
2735 5151 3030 5210 antequam
3062 5137 3270 5193 veniret
3300 5138 3365 5200 is,
3398 5137 3492 5205 qui

1894 5239 2228 5296 excluderet.
2284 5236 2453 5293 Judas
2508 5235 2802 5301 lscariotis,
2857 5245 2993 5287 unus
3044 5229 3114 5284 de
3171 5228 3489 5284 duodecim.

1899 5333 2046 5391 Unus
2070 5345 2320 5396 numero,
2352 5344 2457 5384 non
2490 5343 2629 5382 unus
2661 5328 2856 5382 merito
2884 5340 2898 5378 :
2933 5338 3074 5377 unus
3116 5322 3355 5383 nomine,
3387 5337 3497 5375 non

1895 5443 2032 5482 unus
2060 5424 2280 5479 numine
2308 5441 2319 5477 :
2350 5438 2490 5477 unus
2521 5435 2769 5490 corpore,
2801 5429 2908 5471 non
2937 5429 3077 5469 unus
3108 5414 3311 5468 animo.
3341 5411 3499 5469 Unde

1893 5533 2125 5592 sponsus
2170 5518 2236 5574 ad
2290 5531 2545 5587 sponsam
2579 5513 2765 5570 cauit:
2805 5509 3112 5564 Vulnerasti
3145 5525 3239 5564 cor
3291 5521 3495 5571 meum,

1895 5628 2052 5669 soror
2085 5625 2204 5666 mea
2238 5623 2463 5681 sponsa,
2498 5607 2550 5661 in
2592 5620 2697 5659 uno
2746 5603 3030 5660 oculorum
3063 5611 3303 5661 tuorum.
3337 5609 3390 5653 et
3440 5601 3494 5654 in

1898 5719 2004 5760 uno
2033 5703 2184 5757 crine
2213 5700 2338 5756 colli
2379 5700 2474 5754 tui.
2525 5695 2724 5751 Oculus
2751 5704 2806 5750 et
2848 5694 3034 5760 crinis,
3084 5690 3364 5762 sapientia:
3417 5700 3500 5744 est

1900 5797 2070 5851 virtus
2108 5814 2119 5846 :
2156 5793 2408 5866 quoniam
2450 5787 2604 5844 ludat
2649 5804 2773 5842 cum
2807 5786 3021 5842 ueteris
3057 5785 3296 5838 dicitur:
3332 5781 3499 5838 Vobis

1899 5891 2087 5948 datum
2115 5897 2200 5946 est
2223 5899 2383 5944 nosse
2409 5882 2726 5956 mysterium
2751 5882 2898 5951 regni
2925 5900 2936 5934 :
2969 5889 3024 5936 ct
3052 5878 3175 5935 dedi
3205 5875 3358 5933 vobis
3387 5891 3484 5946 po-
