3970 6304
517 313 620 371 651

1558 304 1621 364 s.
1664 302 2049 363 HIERONYMI
2086 304 2374 363 OPERUM
2413 303 2778 365 MANTISSA.
3628 288 3737 382 ωε

518 436 803 497 testatem,
832 436 888 485 et
923 424 1153 497 reliqua.
1184 422 1336 482 Abiit
1376 423 1444 480 ad
1474 424 1746 495 principes
1789 442 1801 477 :
1831 424 2123 495 Postquam
2149 429 2207 487 Α
2229 431 2383 479 utero
2412 433 2684 493 materno,
2731 422 2927 481 melius
2958 430 3044 481 est
3081 438 3188 481 non
3218 438 3358 497 esse,
3389 440 3532 502 quam
3568 434 3624 491 ad
3648 446 3742 496 tor-

526 527 675 596 exiit,
715 524 944 581 Satanas
972 522 1028 575 in
1053 534 1175 576 eum
1211 520 1452 575 intravit.
1484 518 1581 573 llic
1607 533 1717 574 nox
1746 519 1892 574 nocti
1922 517 2123 573 indicat

522 620 828 676 scientiam.
856 614 1289 685 Unumquodque
1320 613 1520 668 animal
1543 613 1610 668 ad
1640 612 1816 667 simile
1860 611 1962 667 sibi
1993 612 2123 681 jun-

518 713 686 783 gitur.
728 709 896 765 Maria
926 708 1096 762 currit
1125 707 1191 761 ad
1228 707 1524 776 apostolos,
1554 714 1612 760 ut
1634 705 1753 760 dies
1780 705 1887 761 diei
1914 714 2125 760 eructet

520 805 751 861 verbum
784 820 796 856 :
831 801 902 857 Et
949 800 1119 855 Judas
1149 800 1216 854 ad
1253 799 1496 867 Judteos,
1547 807 1605 853 ut
1648 814 1759 855 nox
1801 800 1945 854 nocti
1983 798 2123 853 indi-

517 905 606 952 cet
654 895 960 950 scientiam.
1006 892 1335 947 Promittant
1381 892 1693 962 pecuniam,
1740 890 1997 946 amittunt
2037 893 2122 946 vi-

520 988 663 1055 tam;
688 1003 848 1058 quam
881 986 999 1057 ipse
1024 984 1250 1055 recepit,
1273 1000 1399 1040 cum
1422 987 1588 1041 vitam
1613 984 1813 1039 amisit.
1838 984 2126 1052 Qumrebat

518 1081 1007 1153 opportunitatem.
1030 1079 1427 1149 Opportunitas
1456 1079 1567 1133 doli
1594 1094 1887 1148 numquam
1916 1079 2125 1135 inveni-

486 1168 487 1173 “
517 1187 627 1245 tur,
662 1187 717 1231 ut
747 1190 855 1230 non
885 1172 1188 1228 vindicetur
1218 1173 1305 1228 hic
1330 1182 1424 1227 aut
1454 1172 1587 1227 illic.
1619 1171 1899 1226 Promittit
1926 1188 1984 1227 se
2016 1181 2126 1227 tra-

517 1271 649 1327 dere
675 1313 690 1337 ,
734 1279 793 1323 ut
817 1267 1078 1340 magister
1108 1266 1226 1336 ejus
1264 1265 1517 1321 diabolus
1547 1274 1677 1320 ante
1706 1264 1924 1321 dicebat
1958 1284 1970 1319 :
2002 1266 2124 1323 Tibi

517 1365 661 1420 dabo
682 1372 1009 1434 potestatem
1043 1360 1186 1415 hanc
1212 1358 1543 1414 universam.
1572 1360 1641 1414 Et
1678 1360 1855 1429 primo
1876 1360 1966 1415 die
2000 1376 2125 1432 azy-

517 1473 756 1525 morum,
785 1470 908 1524 qum
927 1469 1052 1508 cum
1075 1452 1442 1508 amaritudine
1471 1452 1868 1509 manducantur
1893 1470 1906 1507 :
1932 1468 2125 1526 azyma

518 1551 678 1606 nobis
704 1559 788 1605 est
818 1548 1121 1618 redemptio
1152 1557 1340 1603 nostra
1363 1589 1379 1613 ,
1407 1546 1715 1601 amaritudo
1755 1562 1909 1612 vero,
1943 1548 2123 1616 passio

518 1642 755 1702 Domini.
798 1642 998 1696 Dicunt
1041 1640 1293 1711 discipuli
1329 1639 1491 1707 :Quo
1536 1639 1617 1693 vis
1647 1640 1876 1694 eamus?
1906 1638 1975 1695 Ut
2000 1654 2124 1695 cum

520 1736 802 1791 voluntate
850 1734 948 1789 Dci
977 1733 1275 1803 dirigamus
1303 1746 1525 1803 gressus
1566 1742 1805 1786 nostros.
1859 1731 2123 1787 Dominus

2225 528 2409 575 menta
2449 534 2591 576 esse.
2646 519 2875 590 Accepit
2920 520 3079 589 Jesus
3118 536 3332 591 panem,
3380 532 3431 580 et
3467 526 3743 590 benedicens

2224 614 2406 685 fregit,
2432 616 2821 688 transfigurans
2852 630 3053 687 corpus
3096 632 3255 673 suum
3303 621 3353 674 in
3396 629 3743 695 panem-,quod

2226 717 2309 763 est
2334 709 2582 765 Ecclesia
2609 723 2873 779 praesens,
2900 725 3021 780 quze
3048 710 3312 780 accipitur
3338 712 3388 766 in
3417 712 3529 779 fide,
3568 715 3745 774 benedi-

2227 801 2369 857 citur
2418 803 2471 857 in
2523 818 2773 869 numero,
2822 802 3095 875 frangitur
3138 805 3193 859 in
3241 807 3586 875 passionibus,
3622 810 3749 867 datur

2225 894 2280 952 in
2308 898 2593 969 exemplis,
2623 899 2856 953 sumitur
2894 897 2950 953 in
2977 899 3242 955 doctrinis
3275 918 3288 953 :
3322 901 3547 957 formans
3576 906 3749 975 sangui-

2228 1007 2352 1048 nem
2385 1006 2542 1046 suum
2567 991 2621 1045 in
2647 992 2896 1061 calicem,
2920 992 3046 1048 vino
3076 1001 3132 1047 et
3169 1008 3305 1063 aqua
3333 995 3545 1049 mixtum
3565 1041 3578 1065 ,
3604 1005 3653 1051 ut
3672 999 3751 1054 alio

2228 1100 2524 1156 purgemur
2549 1100 2579 1139 a
2621 1086 2818 1155 culpis,
2848 1085 2957 1140 alio
2986 1086 3326 1141 redimamur
3364 1100 3394 1141 a
3434 1088 3614 1156 pcenis.
3642 1089 3751 1144 San-

2228 1177 2394 1248 guine
2416 1192 2653 1247 namque
2678 1178 2803 1247 agni
2850 1186 3140 1233 servantur
3181 1178 3373 1234 domus
3402 1193 3431 1233 a
3458 1183 3755 1249 percussione

2227 1272 2405 1343 angeli
2432 1294 2445 1326 :
2479 1279 2536 1326 et
2560 1286 2699 1341 aqua
2739 1274 2904 1327 maris
2934 1272 3101 1327 Rubri
3132 1272 3536 1343 exstinguuntur
3560 1274 3745 1343 inimici,

2227 1381 2352 1436 qua:
2375 1372 2503 1420 sunt
2530 1363 2788 1435 mysteria
2815 1366 3081 1421 Ecclesiae
3106 1364 3332 1422 Christi.

2301 1454 2371 1511 Et
2398 1465 2613 1524 accepto
2658 1456 2823 1510 calice
2861 1459 3057 1529 gratias
3088 1476 3269 1531 agens,
3314 1458 3451 1513 dedit
3479 1461 3564 1515 eis.
3591 1458 3754 1529 Gratia,

2228 1564 2337 1605 non
2361 1549 2568 1605 meritis
2592 1550 2784 1605 salvati
2815 1566 3005 1605 sumus
3037 1567 3068 1606 a
3098 1552 3235 1608 Deo.

2299 1642 2370 1697 Et
2398 1642 2636 1697 biberunt
2659 1659 2725 1697 ex
2744 1641 2837 1697 illo
2867 1660 3065 1699 omnes.
3101 1645 3169 1699 Et
3200 1645 3273 1699 ait
3298 1644 3403 1699 illis
3429 1662 3449 1701 :
3471 1645 3568 1699 Hic
3588 1655 3651 1700 est
3668 1663 3756 1700 san-

2228 1736 2345 1807 guis
2372 1753 2516 1790 meus
2547 1737 2667 1789 novi
2694 1735 3035 1803 Tcstamenti,
3058 1740 3149 1808 qui
3181 1756 3273 1806 pro
3296 1739 3471 1795 multis
3491 1738 3762 1808 eiundetur;

524 1830 729 1885 indicat
778 1843 901 1882 cum
941 1841 1048 1896 quo
1094 1826 1388 1880 manducet
1425 1824 1626 1894 pascha
1657 1840 1670 1876 :
1722 1833 1777 1877 et
1825 1839 1979 1879 more
2028 1840 2127 1881 suo
2157 1825 2208 1887 B
2234 1828 2397 1882 Amen
2424 1828 2542 1883 dico
2572 1829 2732 1895 vobis,
2762 1830 2902 1899 quod
2923 1834 3064 1903 jam.
3106 1830 3356 1887 Ebrietas
3403 1831 3546 1897 felix,
3585 1832 3762 1887 satietas

518 1924 693 1979 mittit
718 1921 881 1986 duos,
913 1919 1058 1989 quod
1100 1934 1265 1987 supra
1295 1915 1668 1986 exposuimus.
1721 1914 1792 1968 Et
1822 1914 1956 1970 dicit
1988 1934 2000 1968 :
2049 1917 2126 1974 Ite

518 2015 577 2072 in
605 2014 905 2078 civitatem,
941 2021 996 2065 et
1044 2011 1272 2079 reliqua.
1306 2008 1531 2075 Civitas,
1578 2017 1660 2062 est
1690 2005 1959 2077 Ecclesia,
2005 2025 2127 2080 quae

518 2121 677 2162 muro
720 2104 847 2159 ﬁdei
878 2103 1133 2174 cingitur.
1168 2102 1345 2157 Homo
1386 2115 1701 2166 occurrens,
1742 2101 1975 2171 populus
2012 2105 2124 2172 pri-

519 2201 743 2256 mitivus
792 2207 897 2254 est.
946 2196 1223 2266 Amphora
1255 2210 1410 2265 aqua:
1439 2195 1527 2250 lex
1566 2193 1763 2249 litterae
1797 2204 1899 2250 est.
1934 2194 2127 2265 Sequi-

518 2293 655 2348 mini
677 2307 827 2356 eum,
849 2290 940 2360 qui
956 2289 1110 2345 ducit
1130 2289 1183 2343 in
1203 2288 1395 2357 altum,
1423 2286 1513 2341 ubi
1534 2295 1617 2342 est
1638 2286 1867 2342 refectio
1886 2285 2126 2343 Christi?

518 2386 678 2442 Unde
699 2383 850 2439 Raab
881 2380 1325 2451 exploratoribus
1357 2379 1599 2445 mandat,
1626 2388 1686 2432 ut
1715 2394 1824 2434 non
1856 2380 1998 2435 irent
2026 2394 2126 2450 per

520 2483 655 2548 ima,
686 2479 783 2535 sed
814 2492 911 2548 per
951 2477 1169 2531 excelsa
1198 2484 1509 2545 pergerent.
1541 2472 1892 2529 Cmnaculum
1919 2475 2126 2544 grande

519 2574 771 2631 Ecclesia
801 2586 997 2641 magna
1019 2579 1102 2625 est
1126 2588 1138 2622 :
1173 2570 1224 2623 in
1249 2583 1355 2640 qua
1384 2577 1640 2623 narratur
1661 2582 1860 2622 nomen
1883 2568 2119 2637 Domini,

526 2678 697 2727 strata
728 2664 989 2721 varietate
1020 2663 1281 2719 virtutum
1304 2672 1361 2719 et
1388 2662 1721 2732 linguarum,
1749 2668 1809 2715 ut
1838 2669 1922 2717 est
1949 2661 2079 2715 illud
2107 2680 2121 2717 :

521 2759 943 2819 Circumamicta
994 2758 1263 2811 varietate
1316 2757 1369 2811 in
1436 2770 1538 2825 qua
1616 2763 1838 2823 paratur
1892 2755 2125 2812 Domino

524 2853 752 2927 pascha.
786 2851 1054 2907 Dominus
1082 2849 1297 2916 domus,
1340 2849 1535 2903 Petrus
1578 2848 1860 2918 apostolus
1890 2857 1995 2903 est.
2026 2846 2125 2904 Cui

524 2946 791 3003 Dominus
816 2944 1039 2999 domum
1065 2958 1221 2999 suam
1245 2940 1501 3008 credidit,
1530 2949 1585 2995 ut
1614 2939 1687 2995 sit
1716 2955 1821 2995 una
1846 2939 1984 2996 ﬁdes
2021 2941 2123 2998 sub

528 3056 637 3097 uno
663 3047 903 3110 pastore.

605 3135 826 3205 Vespere
847 3141 1019 3186 autem
1042 3131 1201 3200 facta,
1224 3131 1359 3185 venit
1379 3147 1496 3185 cum
1516 3129 1812 3195 duodecim,
1829 3138 1877 3184 et
1895 3129 2123 3185 discum-

2233 1920 2492 1976 salutaris
2525 1938 2541 1975 :
2565 1936 2687 1991 qua:
2708 1930 2915 1991 quanto
2943 1922 3225 1990 c0piosius
3255 1924 3506 1988 sumitur,
3527 1930 3658 1978 tanto
3679 1937 3764 1976 ma-

2227 2012 2406 2083 jorem
2455 2012 2813 2070 sobrietatem
2864 2015 3137 2070 mentibus
3185 2015 3392 2071 donare
3435 2015 3678 2087 dignatur.
3716 2014 3765 2068 Et

2230 2106 2399 2163 Judas
2430 2106 2590 2171 bibit,
2626 2106 2723 2163 sed
2752 2122 2857 2162 non
2888 2116 3189 2174 saturatur,
3225 2124 3327 2164 nec
3355 2109 3494 2165 sitim
3526 2107 3767 2177 exstinguit

2230 2197 2371 2269 ignis
2417 2200 2630 2266 aeterni,
2678 2201 2804 2267 quia
2836 2200 3054 2270 indigne
3097 2201 3273 2256 sumit
3313 2200 3560 2273 mysteria
3586 2199 3765 2255 Christi.

2232 2291 2332 2347 Hic
2360 2293 2574 2347 macula
2608 2295 2661 2348 in
2702 2294 2832 2349 luna
2861 2296 3175 2351 ostenditur
3208 2313 3223 2351 :
3255 2312 3376 2367 quae
3413 2310 3676 2367 numquam
3699 2295 3768 2350 de-

2230 2385 2391 2441 letur.
2424 2386 2575 2441 Luna
2610 2387 2870 2443 Ecclesia:
2912 2389 3110 2444 merito
3152 2401 3520 2459 comparatur,
3552 2406 3655 2461 qua:
3688 2405 3767 2443 non

2230 2478 2395 2533 habet
2416 2478 2764 2548 splendorem
2803 2500 2815 2534 :
2845 2481 2941 2536 sed
2971 2496 2999 2535 a
3034 2481 3154 2536 sole
3184 2483 3352 2537 certis
3387 2482 3557 2537 modis
3587 2480 3769 2549 suscipit

2230 2571 2439 2637 lumen,
2466 2571 2518 2626 id
2548 2582 2654 2640 est,
2684 2588 2713 2625 a
2741 2570 2986 2644 Christo,
3016 2575 3108 2646 qui
3140 2585 3427 2647 permanet
3457 2576 3507 2629 in
3534 2585 3767 2630 :eternum.

2230 2660 2369 2716 Sunt
2423 2662 2571 2717 enim
2632 2664 2685 2718 in
2741 2663 2985 2719 Ecclesia
3040 2680 3182 2735 quos
3239 2665 3558 2721 sacrificium
3607 2664 3768 2720 nullum

2229 2756 2511 2822 emundat,
2565 2757 2659 2814 sed
2701 2772 2795 2813 eos
2840 2760 3100 2829 cogitatio
3148 2760 3414 2831 insipiens
3462 2758 3682 2831 perducit
3720 2755 3770 2810 ad

2230 2850 2419 2920 culpas
2454 2851 2585 2921 :qui
2629 2866 2691 2905 se
2732 2865 2973 2907 emnosae
3011 2852 3358 2908 crudelitatis
3386 2850 3558 2925 [Fort.
3587 2848 3771 2906 creduli-

2228 2944 2375 3018 tatis]
2391 2944 2648 3001 fetoribus
2669 2946 3023 3002 miscuerunt.
3054 2946 3295 3019 Sanguis
3328 2950 3474 3005 enim
3497 2947 3606 3003 novi
3625 2945 3772 3001 Testa-

2226 3040 2420 3108 menti,
2435 3041 2527 3111 qui
2551 3054 2649 3111 pro
2670 3043 2851 3097 multis
2865 3040 3199 3108 effundetur,
3228 3056 3335 3097 non
3350 3056 3532 3097 omnes
3544 3038 3767 3096 emendat.

2300 3130 2422 3187 Non
2447 3131 2617 3186 bibam
2638 3133 2703 3187 dc
2728 3134 2991 3204 genimine
3020 3134 3161 3199 vitis,
3203 3151 3366 3205 usque
3400 3134 3453 3187 in
3491 3130 3625 3187 illum
3660 3130 3764 3183 diem

520 3228 756 3282 bentibus
776 3226 873 3291 eis,
900 3232 948 3278 et
965 3223 1419 3291 manducantibus,
1452 3224 1527 3277 ait
1565 3221 1721 3277 Jesus
1753 3238 1773 3277 :
1806 3222 1971 3276 Amen
2004 3224 2123 3278 dico
2149 3224 2195 3287 C
2227 3242 2344 3281 cum
2373 3225 2506 3279 illud
2527 3225 2693 3281 bibant
2727 3243 2915 3281 novum
2946 3229 3001 3282 in
3028 3243 3189 3300 regno
3208 3227 3329 3283 Dei.
3367 3227 3462 3283 Hic
3490 3233 3645 3281 mutat
3681 3234 3771 3275 tan-

522 3322 686 3386 vobis,
729 3318 853 3389 quia
902 3332 1038 3371 unus
1071 3330 1135 3368 ea:
1178 3314 1319 3369 vobis
1356 3314 1524 3369 tradet
1564 3331 1644 3368 me
1667 3356 1683 3380 ,
1722 3314 1808 3385 qui
1844 3313 2123 3369 manducat

522 3429 742 3468 mecum.
779 3412 844 3464 At
870 3408 952 3463 illi
980 3418 1239 3479 coeperunt
1268 3408 1591 3474 contristari,
1623 3415 1671 3461 et
1703 3407 1875 3460 dicere
1903 3406 1949 3459 ei
1976 3405 2123 3477 sigil-

529 3506 677 3561 latim
706 3521 724 3562 ε
755 3501 1032 3573 Numquid
1058 3502 1185 3574 ego?
1223 3500 1326 3567 Qui
1355 3500 1427 3554 ait
1456 3500 1563 3553 illis
1587 3515 1606 3556 :
1643 3498 1787 3553 Unus
1825 3515 1890 3553 ex
1918 3498 2122 3552 duode-

521 3596 975 3668 cim,quiintingit
1004 3609 1204 3647 mecum
1228 3592 1283 3645 in
1300 3592 1496 3646 catino.
1521 3590 1589 3644 Et
1616 3591 1759 3659 ﬁlius
1785 3591 1991 3661 quidem
2028 3588 2124 3644 Ita-

523 3693 679 3747 minis
709 3687 853 3742 radit
880 3687 1010 3739 sicut
1039 3684 1292 3755 scriptum
1321 3693 1398 3737 est
1438 3683 1501 3736 de
1531 3698 1591 3737 eo
1624 3699 1642 3739 :
1683 3680 1771 3736 Va:
1811 3691 1984 3735 autem
2024 3684 2122 3736 Ito-

520 3782 649 3838 mini
694 3780 798 3846 illi,
831 3795 924 3851 per
960 3774 1111 3842 quem
1161 3776 1303 3845 ﬁlius
1348 3775 1572 3830 hominis
1621 3774 1876 3827 tradetur.
1906 3770 2124 3845 ‘Bonum

524 3884 633 3932 erat
661 3875 707 3930 ci
736 3874 779 3927 si
811 3880 969 3925 natus
995 3885 1098 3924 non
1128 3869 1310 3940 fuisset
1334 3869 1486 3922 homo
1513 3867 1621 3922 illc.
1647 3864 1717 3919 Et
1760 3866 2123 3921 manducanti-

526 3970 617 4023 bus
639 3967 765 4031 illis,
797 3963 999 4034 accepit
1028 3960 1185 4017 Jcsus
1216 3976 1424 4031 panem,
1452 3969 1497 4014 et
1523 3958 1846 4027 benedicens,
1872 3959 2051 4031 fregit,
2073 3967 2123 4014 et

523 4062 663 4115 dedit
684 4061 777 4124 eis,
806 4066 855 4111 et
877 4057 947 4109 ait
974 4072 990 4110 :
1013 4053 1238 4120 Sumite,
1263 4052 1358 4107 hoc
1381 4062 1456 4107 est
1478 4068 1663 4123 corpus
1684 4051 2122 4123 meum.Vespera

526 4155 672 4222 diei,
730 4163 1016 4220 vesperam
1066 4146 1270 4201 indicat
1313 4146 1524 4201 mundi.
1575 4146 1730 4201 Circa
1779 4145 2120 4200 undecimam

523 4261 763 4317 namque
794 4244 987 4299 horam
1018 4241 1247 4295 veniunt
1276 4239 1582 4306 novissimi,
1616 4238 1709 4309 qui
1747 4240 1906 4309 primi
1947 4239 2119 4294 dena-

527 4341 669 4396 rium
722 4337 851 4393 vitze
897 4334 1177 4404 accipiunt
1220 4339 1438 4386 mternaa
1491 4349 1505 4385 ;
1546 4332 1670 4402 quia
1725 4342 1852 4387 ante
1901 4346 2121 4387 crucem

528 4431 801 4488 Abraham
826 4438 944 4484 crat
964 4428 1017 4482 in
1044 4425 1283 4492 inferno,
1311 4434 1366 4479 et
1394 4432 1519 4495 post
1543 4440 1760 4480 crucem
1788 4427 1925 4480 latro
1949 4426 2001 4479 in
2026 4441 2121 4496 pa-

525 4525 734 4579 radiso.
762 4519 1210 4576 Manducantibus
1233 4530 1417 4572 autem
1446 4515 1528 4571 eis
1554 4516 1665 4571 ait:
1702 4518 1848 4572 Unus
1875 4534 1942 4573 ex
1966 4518 2119 4574 vobis

2228 3330 2343 3376 tum
2392 3319 2747 3387 sacrificium,
2798 3320 2897 3376 sed
2943 3335 3050 3376 non
3091 3330 3270 3376 mutat
3328 3332 3538 3392 tempus
3568 3336 3582 3374 ε
3611 3326 3661 3371 ut
3699 3328 3771 3369 nos

2227 3428 2525 3484 numquam
2572 3428 2784 3470 caenam
2825 3415 3064 3481 Domini,
3094 3424 3230 3471 ante
3273 3423 3521 3486 quartam
3560 3410 3766 3468 decimam

2227 3509 2409 3564 lunam
2440 3508 2731 3564 faciamus.
2766 3510 2869 3577 Qui
2915 3511 3045 3567 facit
3085 3511 3139 3564 in
3176 3518 3376 3582 quarta
3402 3511 3601 3568 decima
3632 3518 3765 3563 resur-

2226 3604 2525 3659 rectionem
2552 3622 2565 3658 :
2601 3603 2656 3658 in
2687 3603 2971 3660 undecima
3008 3604 3136 3661 luna
3162 3620 3386 3661 coenam
3411 3603 3611 3660 Domini
3631 3598 3754 3653 facit:

2225 3695 2371 3767 quod
2403 3710 2699 3767 numquam
2730 3695 3010 3753 inventum
3038 3704 3146 3765 est,
3184 3711 3291 3755 nec
3324 3697 3384 3754 in
3425 3695 3590 3754 veteri
3619 3691 3753 3748 Testa-

2226 3798 2437 3856 mento,
2470 3805 2573 3844 nec
2601 3790 2655 3843 in
2684 3804 2847 3846 novo.

2295 3882 2365 3936 Et
2394 3882 2588 3952 Itymno
2629 3884 2788 3939 dicto.
2834 3882 2892 3939 Id
2935 3891 3040 3952 est,
3074 3881 3241 3941 laude
3273 3882 3492 3941 Domini
3524 3901 3535 3937 :
3565 3888 3616 3936 ut
3637 3882 3702 3934 est
3727 3871 3767 3925 in

2224 3979 2435 4049 psalmo
2466 3996 2479 4032 :
2505 3989 2560 4033 et
2590 3977 2887 4033 laudabunt
2909 3978 3225 4047 Dominum,
3252 3979 3350 4049 qui
3373 3976 3768 4050 requirunteum.

2225 4082 2279 4127 et
2306 4071 2774 4127 manducaverunt
2803 4085 2955 4141 eum,
2998 4079 3055 4127 et
3084 4070 3468 4128 adoraverunt
3492 4080 3664 4126 omnes
3681 4062 3774 4135 pin-

2223 4180 2357 4235 gues
2388 4174 2572 4220 terrae.

2297 4256 2557 4312 Exierunt
2594 4259 2649 4312 in
2690 4266 2919 4313 montem
2950 4258 3250 4315 Oliuarum.
3291 4258 3364 4314 Et
3389 4262 3462 4315 ait
3500 4258 3567 4313 eis
3605 4253 3733 4309 Iesus
3764 4264 3776 4303 :

2228 4351 2416 4407 Omnes
2465 4351 2951 4407 scandalizabimini
2996 4353 3051 4407 in
3098 4370 3183 4408 me
3224 4355 3281 4408 in
3328 4363 3478 4409 nocte
3524 4352 3615 4406 ista
3644 4344 3780 4414 :qui“

2223 4447 2473 4517 scriptum
2505 4455 2579 4501 cst
2616 4463 2635 4501 :
2678 4444 2976 4501 Percutiam
3014 4457 3319 4518 pastorem,
3363 4456 3414 4504 et
3464 4447 3781 4517 dispergant“?

2225 4554 2363 4592 oves.
2411 4537 2520 4593 Sed
2560 4546 2833 4608 postquam
2874 4554 3231 4608 resurrexero,
3286 4539 3575 4609 praecedam
3617 4549 3694 4587 vos
3740 4529 3781 4580 in

526 4632 614 4671 me
647 4613 847 4679 ιτθάθιν
891 4622 948 4668 ei
993 4613 1084 4682 qui
1126 4612 1421 4665 ωίὶηάυοδι
1464 4625 1677 4665 mecum
1724 4626 1939 4680 Panem-
1981 4614 2119 4677 Qum
2144 4624 2199 4684 D
2226 4629 2521 4686 Galilteam.
2547 4630 2603 4685 In
2635 4641 2819 4687 monte
2840 4631 3037 4688 Oliveti
3063 4632 3227 4690 Jesus
3253 4641 3493 4698 tenetur,
3517 4638 3571 4687 et
3595 4624 3707 4683 inde
3732 4617 3782 4673 ad

525 4709 655 4763 dum
681 4706 900 4778 falsitas
930 4704 1200 4774 arguitur,
1232 4703 1590 4758 nihilominus
1617 4702 1820 4758 veritas
1865 4719 2119 4774 compro-

521 4804 704 4872 batur,
760 4810 820 4856 ut
866 4799 1215 4869 impleretur,
1263 4798 1404 4869 quod
1456 4797 1657 4853 dicitur
1704 4815 1716 4852 :
1768 4797 1870 4865 Qui
1922 4798 2118 4853 edebat

521 4910 693 4966 panes
722 4906 896 4959 meos,
940 4891 1325 4962 magniﬁcabat
1375 4904 1542 4960 super
1588 4904 1677 4944 me
1714 4890 2116 4958 supplantatio-

518 5007 668 5046 nem.
701 4987 903 5045 Omnes
932 4994 1244 5056 tanguntur,
1277 4992 1334 5038 ut
1358 4983 1451 5038 ﬁat
1472 4982 1757 5037 harmonia
1778 4981 1833 5037 in
1858 4984 2069 5037 cithara
2097 5001 2109 5037 :

520 5098 713 5138 omnes
744 5080 902 5136 nervi
933 5079 1073 5135 bene
1114 5078 1389 5148 suSpeusi,
1431 5091 1671 5132 consona
1721 5091 1852 5132 voce
1886 5091 2114 5146 respon-

521 5178 653 5234 dent
683 5196 697 5231 :
730 5176 997 5248 Numquid
1038 5191 1139 5246 ego
1178 5191 1319 5242 sum,
1346 5174 1613 5229 Domine?
1648 5172 1795 5229 Unus
1826 5176 2110 5243 remissus,

520 5285 576 5329 et
606 5273 852 5342 pecunia:
878 5286 1065 5326 amore
1092 5270 1337 5338 allectus,
1356 5270 1525 5325 dixit:
1551 5269 1822 5341 Numquid
1843 5285 1944 5340 ego
1966 5284 2107 5339 sum,

522 5364 745 5420 Rabbi?
774 5366 843 5418 Et
877 5363 1008 5419 dicit
1047 5364 1154 5418 illis
1186 5381 1200 5417 :
1230 5362 1384 5418 Unus
1425 5362 1493 5417 de
1532 5362 1844 5418 duodecim.
1883 5363 2116 5433 Separat

517 5461 681 5528 lupus
725 5472 970 5513 seorsum
1011 5473 1190 5522 ovem,
1234 5472 1394 5528 quam
1446 5458 1610 5527 capit.
1667 5459 1829 5527 Ovis,
1879 5474 1998 5530 qua:
2044 5460 2111 5517 de

519 5553 651 5607 ovili
678 5550 977 5623 egreditur,
1004 5551 1117 5621 lupi
1150 5560 1301 5620 patet
1327 5550 1622 5606 morsibus.
1669 5553 1842 5607 Filius
1874 5553 2111 5608 hominis

523 5646 671 5701 vadit
704 5664 717 5700 :
742 5646 839 5701 sed
867 5661 946 5699 va:
976 5643 1178 5699 homini
1208 5660 1304 5713 per
1332 5660 1491 5714 quem
1537 5644 1802 5700 tradetur.
1832 5646 1982 5701 Multi
2016 5647 2112 5703 bo-

522 5758 672 5809 num,
702 5751 761 5797 ut
785 5741 971 5808 Judas,
1005 5740 1341 5808 faciunt,sed
1371 5742 1593 5797 omnino
1615 5741 1720 5795 illis
1743 5756 1849 5796 non
1874 5740 2107 5810 proﬁcit.

514 5836 723 5893 Bonum
764 5846 881 5893 erat
915 5838 964 5893 ei
1005 5834 1051 5892 si
1080 5852 1199 5909 non
1248 5846 1392 5895 esset
1439 5846 1596 5892 natus
1638 5855 1647 5888 :
1702 5835 1889 5893 intimo
1938 5835 2112 5895 latens

2225 4724 2394 4780 caelos
2423 4725 2671 4780 ascendit
2698 4743 2711 4779 :
2741 4735 2800 4780 ut
2822 4740 2920 4781 nos
2951 4727 3215 4796 sciamus,
3248 4728 3377 4800 quia
3406 4725 3530 4781 inde
3567 4714 3781 4777 ascendi-

2224 4835 2343 4875 mus
2376 4819 2442 4874 ad
2471 4820 2661 4885 euelos,
2692 4818 2837 4875 unde
2861 4819 3177 4891 vigilamus,
3217 4830 3277 4878 et
3305 4832 3548 4889 oramus,
3586 4822 3639 4872 et
3671 4810 3783 4881 liga-

2224 4928 2366 4979 mur,
2398 4927 2498 4968 nec
2527 4927 2895 4984 repugnamus
2926 4914 2983 4968 iu
3018 4924 3193 4970 terra.
3223 4914 3432 4971 Omnes
3457 4927 3553 4967 vos
3590 4904 3785 4964 scanda-

2224 5006 2333 5061 lum
2358 5007 2662 5079 patiemini.
2690 5006 2892 5063 Omnes
2928 5008 3155 5076 cadunt,
3209 5009 3311 5065 sed
3350 5023 3460 5065 non
3485 5017 3667 5064 omnes
3719 4997 3787 5068 la‘

2222 5111 2366 5157 cent.
2399 5101 2673 5173 Numquid
2698 5102 2789 5172 qui
2809 5102 3011 5158 dormit
3039 5117 3152 5159 non
3180 5104 3432 5175 adjiciet,
3458 5110 3518 5157 ut
3542 5091 3786 5163 resurgit”

2218 5194 2451 5251 Carnale
2478 5204 2561 5250 est
2577 5195 2814 5252 cadere?
2833 5197 2929 5253 sed
2951 5198 3285 5253 diabolicum
3310 5198 3520 5268 jacere.
3543 5190 3783 5260 Scriptum

2218 5298 2303 5344 est
2334 5306 2347 5342 :
2380 5288 2609 5344 Percute
2638 5298 2937 5357 pastorem.
2980 5291 3259 5362 Propheta
3308 5289 3597 5346 Zacharias
3625 5291 3785 5357 postu-

2217 5380 2294 5435 lat
2322 5381 2629 5450 passionem
2669 5380 2907 5437 Domini.
2942 5384 3101 5439 Pater
3123 5383 3429 5453 respondet
3462 5400 3475 5436 :
3506 5375 3782 5437 Percntiam

2218 5482 2518 5543 pastorem,
2563 5474 2818 5542 precibus
2861 5485 3173 5531 sanctorum
3221 5474 3595 5531 infernalium.
3638 5467 3785 5524 Filius

2218 5581 2247 5619 a
2278 5576 2431 5637 patre
2458 5566 2691 5621 mittitur
2711 5576 2764 5623 et
2792 5570 3113 5638 percutitur,
3155 5569 3214 5625 id
3243 5578 3361 5638 est,
3397 5569 3719 5623 incarnatur.
3740 5565 3786 5612 el

2220 5662 2443 5730 patitur.
2487 5661 2887 5733 Disperguntur
2926 5677 3088 5729 oves,
3130 5673 3352 5734 pastore
3388 5672 3547 5732 capto
3582 5678 3594 5711 :
3626 5668 3785 5711 resur-

2219 5753 2392 5810 rectio
2416 5753 2769 5824 promittitur,
2799 5763 3006 5826 utSpes
3038 5771 3146 5812 non
3189 5756 3585 5827 exstinguatur.

2292 5844 2482 5902 Petrus
2501 5854 2671 5905 autem
2694 5849 2767 5904 ait
2787 5847 2871 5902 illi
2905 5863 2925 5905 .'
2954 5846 3069 5905 Etsi
3099 5864 3279 5904 omnes
3317 5845 3651 5904 ocandalizati
3678 5841 3780 5911 [ue-
