4002 6312
244 332 353 394 653
852 329 1399 393 COMMENTARIUS
1438 332 1507 391 IN
1544 333 2001 399 EVANGELIUM
2038 340 2190 401 SEC.
2233 340 2550 403 MARCUM.
2590 346 2745 404 CAP.
2785 346 2926 405 XIV.
2992 352 2999 359 “
3431 349 3540 410 654

237 452 371 517 rint,
416 449 509 507 sed
537 464 643 506 non
670 464 786 524 ego.
817 449 886 505 Et
912 450 985 505 ait
1020 451 1105 506 illi
1141 451 1296 508 Jesus
1323 468 1343 507 :
1368 452 1531 509 Amen
1554 455 1677 510 dico
1726 456 1842 523 tibi,
1870 461 1919 521 Α
1950 461 2144 515 culum.
2175 460 2245 515 Et
2285 464 2606 532 respondens
2646 462 2821 529 Iesus,
2854 466 2926 520 ait
2967 464 3071 521 illis
3094 482 3115 525 :
3148 466 3434 539 Tamquam
3470 470 3542 524 ad

233 544 369 615 quia
398 554 454 598 tu
473 542 631 599 Itodie
653 545 708 599 in
723 544 822 598 hac
849 553 1017 599 nocte.
1049 543 1120 600 Et
1148 545 1265 601 avis
1292 545 1413 602 sine
1439 548 1634 617 pennis
1666 549 1836 606 altum

235 635 437 693 volare
466 636 697 691 nititur:
729 635 829 692 sed
859 650 1060 708 corpus
1093 647 1351 709 aggravat
1370 640 1606 695 animam
1640 658 1654 695 :
1679 652 1740 699 ut
1764 642 1839 697 ti-

235 744 406 785 more
430 728 685 785 humante
712 730 930 796 mortis,
962 730 1128 786 timor
1156 730 1366 787 Domini
1404 740 1711 803 superetur,
1750 734 1841 792 vel

233 821 516 877 vincatur.

311 913 631 986 Priusquam
659 916 738 972 bis
762 917 936 988 gallus
964 931 1141 971 vocem
1168 917 1391 985 dederit,
1416 926 1493 973 ter
1522 935 1604 975 me
1648 935 1703 976 es
1742 938 1838 978 ne-

225 1016 479 1082 gaturus.
514 1008 581 1063 At
613 1010 703 1064 ille
737 1008 968 1082 amplius
1006 1010 1312 1083 loquebatur
1333 1027 1353 1066 :
1378 1010 1447 1067 Et
1471 1013 1517 1068 si
1552 1016 1840 1086 Oportuerit

230 1118 319 1157 me
344 1102 602 1156 commori
637 1102 752 1171 tibi,
790 1118 896 1157 non
935 1113 983 1159 te
1014 1103 1234 1175 negabo.
1269 1103 1526 1161 Similiter
1553 1117 1746 1177 autem,
1790 1118 1841 1165 et

228 1212 417 1250 omnes
447 1194 711 1251 dicebant.
751 1195 821 1250 Et
858 1197 1076 1252 ueniunt
1117 1197 1174 1253 in
1206 1200 1480 1268 praedium,
1526 1204 1612 1257 cui
1653 1220 1841 1260 nomen

232 1288 580 1344 Getltsemani
606 1306 627 1345 :
668 1288 738 1345 Et
776 1292 853 1345 ait
894 1290 1169 1360 discipulis
1210 1295 1338 1348 suis.
1396 1293 1587 1351 Gallus
1629 1309 1838 1369 cantat,

233 1384 436 1441 Petrus
487 1392 651 1455 negat
681 1378 782 1441 ter.
812 1384 998 1442 Gallus
1023 1386 1158 1442 lucis
1189 1388 1415 1443 nuntius
1444 1390 1565 1459 quis
1589 1402 1704 1460 est,
1733 1392 1839 1448 uisi

246 1477 484 1549 Spiritus
515 1480 772 1535 sanctus!
796 1480 955 1550 cujus
974 1495 1109 1537 voce
1136 1483 1188 1537 in
1217 1484 1520 1553 prophetis,
1545 1492 1602 1540 et
1621 1497 1840 1556 aposto-

250 1572 321 1627 lis
344 1587 446 1628 nos
472 1571 542 1628 de
570 1580 726 1629 terna
756 1572 1141 1646 abnegatione,
1172 1591 1277 1647 qua
1317 1576 1486 1633 Deum
1524 1581 1839 1651 negavimus

245 1681 430 1734 nosse,
456 1682 591 1723 voce
617 1667 944 1723 ancillarum
976 1670 1249 1736 exterriti,
1274 1671 1577 1728 excitamur
1598 1672 1666 1728 ad
1693 1689 1838 1728 ama-

236 1760 492 1816 rissimos
521 1770 645 1832 post
689 1761 902 1834 lapsum
936 1762 1135 1819 ﬂetus:
1166 1764 1258 1835 qui
1300 1764 1441 1821 male
1480 1765 1838 1837 cogitavimus

1946 552 2200 609 latronem
2228 556 2409 610 existis
2448 574 2567 612 cum
2595 559 2791 631 gladiis
2820 569 2868 614 et
2898 559 3057 633 lignis
3096 562 3538 633 comprehendere

1941 663 2024 701 me
2044 665 2064 702 :
2083 648 2315 718 quotidie
2335 665 2479 704 eram
2508 652 2650 723 apud
2678 668 2763 707 vos
2792 654 2846 708 in
2886 653 3076 723 tentplo
3114 656 3329 721 docens,
3362 664 3410 709 et
3435 672 3540 711 non

1941 759 2020 797 me
2050 744 2307 799 tenuistis.
2337 743 2445 801 Sed
2475 754 2531 799 ut
2572 747 2886 819 impleantur
2924 748 3235 820 Scriptum.
3267 750 3325 804 In
3366 760 3541 806 tenta-

1941 834 2146 890 tionem
2170 834 2360 897 intrat.
2392 838 2485 907 qui
2516 853 2674 894 orare
2698 839 2942 910 negligit.
2975 841 3083 897 Ter
3112 841 3368 912 discipuli
3406 842 3538 898 dor-

1941 926 2138 997 miunt,
2163 934 2223 983 et
2250 935 2335 983 ter
2363 927 2624 984 Dominus
2654 945 2818 985 orans
2849 931 3099 987 suscitat.
3127 932 3303 988 Terna
3334 932 3544 988 dormi-

1943 1020 2101 1089 tatio,
2129 1027 2246 1077 tres
2276 1030 2523 1078 mortuos
2564 1035 2703 1094 quos
2738 1024 3005 1082 Dominus
3050 1027 3337 1082 suscitavit
3372 1028 3543 1099 signi-

1942 1112 2093 1167 ﬁcat.
2124 1111 2390 1180 Primum,
2420 1112 2476 1168 in
2498 1112 2659 1169 domo
2684 1133 2697 1169 :
2723 1108 3065 1184 Secundum,
3091 1118 3157 1173 ad
3186 1119 3494 1189 sepulcrum
3521 1136 3536 1174 :

1942 1204 2211 1272 Tertium,
2254 1204 2325 1262 de
2367 1206 2643 1277 sepulcro.
2675 1208 2855 1264 Terna
2904 1210 3087 1281 vigilia
3134 1212 3376 1280 Domini,
3424 1223 3537 1269 tres

1942 1312 2207 1369 personas
2234 1297 2439 1356 habere
2467 1315 2567 1356 nos
2593 1301 2646 1356 in
2676 1304 2887 1361 orando
2915 1305 3097 1378 docet,
3128 1315 3181 1361 et
3204 1306 3272 1362 de
3300 1316 3531 1378 praeter-

1942 1391 2071 1459 itis',
2116 1399 2175 1448 et
2201 1390 2423 1463 futuris,
2454 1402 2512 1449 et
2550 1394 2619 1451 de
2665 1399 3031 1465 praesentibus
3069 1402 3284 1455 veniam
3313 1416 3533 1472 rogare.

1945 1484 2112 1540 Venit
2143 1484 2314 1541 Iudas
2354 1500 2476 1542 cum
2502 1488 2702 1559 gladiis
2745 1501 2800 1547 et
2826 1492 3013 1562 lignis.
3053 1493 3326 1549 Incumbit
3352 1496 3540 1550 virtuti

1942 1574 2152 1643 saeculi,
2176 1577 2271 1649 qui
2302 1577 2556 1649 desperat
2599 1581 2670 1636 de
2710 1583 2986 1653 adiutorio
3025 1584 3144 1641 Dei.
3183 1585 3286 1639 Dat
3325 1587 3537 1659 signum

1942 1669 2117 1725 osculi
2146 1683 2273 1725 cum
2315 1685 2529 1728 veneno
2558 1671 2669 1728 doli
2696 1690 2711 1729 ι
2740 1676 2885 1731 sicut
2909 1675 3049 1732 Cain
3073 1678 3277 1733 obtulit
3320 1681 3538 1735 sacriIi~
3576 1698 3579 1699 '

1942 1761 2087 1817 cium
2129 1761 2420 1818 subdolum
2467 1774 2524 1820 et
2572 1767 2943 1837 reprobatum.
2991 1768 3146 1827 Unde
3187 1772 3371 1827 vinum
3413 1788 3539 1829 cum

235 1853 306 1908 de
334 1854 471 1923 Deo,
499 1863 554 1910 et
582 1855 724 1911 male
747 1855 913 1911 locuti
936 1870 1121 1912 sumus
1146 1856 1211 1912 ad
1248 1859 1526 1927 proximos
1561 1878 1574 1914 ε
1611 1869 1668 1916 et
1697 1861 1838 1916 male
1866 1852 1915 1916 B
1942 1862 2102 1910 aceto
2144 1852 2199 1909 in
2243 1869 2410 1911 cruce
2453 1869 2685 1927 ponunt.
2732 1858 2806 1914 Et
2846 1871 3140 1917 tenuerunt
3181 1863 3390 1920 Jesum.
3443 1866 3545 1921 llic

234 1946 471 2003 fecimus
497 1946 565 2002 ad
587 1949 980 2020 nosmetipsos.
1006 1950 1072 2004 Et
1101 1949 1252 2005 venit
1282 1951 1335 2006 in
1377 1951 1643 2021 praadium
1670 1952 1841 2010 Geth—

233 2041 473 2109 semani,
511 2040 567 2095 id
605 2049 710 2108 est,
749 2040 900 2096 vallis
948 2042 1325 2114 pinguedinum
1358 2058 1378 2097 :
1406 2043 1495 2100 ubi
1535 2044 1674 2100 tauri
1719 2045 1840 2115 pin-

230 2146 371 2202 gues
409 2132 748 2189 obsederunt
792 2148 944 2203 eum,
986 2144 1042 2192 et
1084 2134 1239 2191 vituli
1278 2134 1434 2192 multi
1464 2135 1841 2195 circumdede-

230 2236 367 2283 runt
388 2242 538 2284 eum.

306 2320 505 2377 Sedete
531 2320 618 2375 hic
647 2321 811 2376 donec
840 2337 1002 2377 orem.
1030 2322 1099 2377 Et
1134 2324 1352 2379 assumit
1378 2323 1633 2393 Petrum,
1662 2332 1712 2380 et
1738 2324 1838 2381 Ja-

233 2416 453 2483 cobum,
494 2425 542 2470 et
580 2414 843 2470 Joannem
882 2432 1076 2471 secum.
1118 2417 1422 2488 Separalur
1464 2417 1525 2472 in
1566 2418 1837 2490 oratione,

232 2511 333 2582 qui
364 2519 654 2580 separatur
692 2510 747 2565 in
794 2511 1047 2580 passione
1075 2528 1089 2565 :
1124 2510 1250 2581 quia
1281 2509 1375 2568 ille
1410 2520 1569 2580 orat,
1604 2510 1687 2567 illi
1712 2511 1839 2568 dor-

237 2605 426 2659 miunt
448 2603 778 2676 pinguedine
807 2604 992 2660 cordis
1018 2604 1287 2676 oppressi.

349 2695 420 2750 Et
454 2698 597 2767 capit
618 2713 807 2768 pavere
841 2706 892 2753 et
928 2698 1134 2753 tradere.
1162 2696 1232 2751 Et
1263 2697 1336 2752 ait
1369 2695 1478 2753 illis
1506 2712 1526 2752 :
1550 2695 1737 2753 Tristis
1766 2706 1841 2754 est

245 2791 431 2846 anima
458 2809 566 2847 mea
586 2809 742 2866 usque
761 2791 830 2846 ad
852 2800 1068 2847 mortem
1091 2809 1109 2849 :
1132 2792 1403 2848 Sustinete
1428 2791 1513 2846 hic
1534 2800 1584 2846 et
1608 2792 1835 2865 vigilate.

242 2882 319 2938 Et
347 2898 467 2937 cum
489 2883 816 2955 processisset
838 2882 1139 2954 paululum,
1168 2882 1396 2954 procidit
1417 2899 1572 2955 super
1598 2892 1790 2939 terram
1818 2901 1839 2949 ,-

242 2986 296 3031 et
323 2976 531 3044 orabat,
566 2985 620 3031 ut
654 2978 701 3032 si
737 2976 854 3047 ﬁeri
886 2984 1080 3049 posset,
1122 2977 1366 3032 transiret
1409 2977 1474 3032 ab
1500 2994 1559 3033 eo
1606 2976 1759 3045 hora,
1792 2986 1842 3034 et

238 3071 373 3125 dixit
398 3088 419 3131 .-
448 3070 616 3139 Abba,
651 3069 832 3125 Pater.
878 3070 1086 3126 Pavere
1127 3078 1184 3126 et
1238 3070 1539 3127 tristiﬁcari
1568 3070 1840 3141 {docemur

239 3174 366 3220 ante
390 3163 659 3235 judicium
688 3162 903 3232 mortis,
934 3163 1028 3234 qui
1056 3178 1163 3220 non
1192 3178 1481 3234 possumus
1501 3178 1600 3235 per
1625 3180 1728 3221 nos
1756 3164 1838 3221 di-

1942 1949 2100 2005 adest
2140 1949 2346 2022 Joseph
2374 1953 2623 2023 vinctus,
2653 1955 2907 2012 venditus
2935 1973 2964 2012 a
3006 1958 3266 2014 fratribus
3294 1978 3307 2014 :
3338 1968 3395 2016 et
3426 1960 3540 2016 fer-

1940 2056 2062 2099 rum
2090 2042 2443 2114 pertransivit
2485 2045 2723 2102 animam
2766 2049 2905 2119 ejus.
2935 2049 3085 2107 Unus
3138 2052 3381 2110 educens
3422 2055 3541 2125 gla—

1941 2137 2114 2205 dium,
2140 2138 2447 2209 amputavit
2485 2141 2783 2197 auriculam
2823 2143 2987 2200 servi.
3037 2144 3363 2203 Przedicatio
3390 2148 3537 2205 Petri

1940 2232 2188 2288 auditum
2214 2246 2245 2287 a
2267 2233 2475 2288 ludatis
2503 2235 2734 2292 abscidit
2762 2239 2914 2309 regni
2940 2240 3057 2296 Dei.

2012 2324 2161 2380 Tunc
2181 2325 2430 2399 discipuli
2450 2328 2562 2398 ejus
2590 2329 2938 2401 relinquentes
2981 2350 3121 2403 eum,
3152 2351 3332 2391 omnes
3380 2338 3532 2410 fuge-

1941 2426 2085 2472 runt.
2118 2417 2272 2473 Tunc
2304 2417 2663 2491 adimpletum
2684 2431 2771 2478 est
2792 2424 2937 2493 quod
2964 2424 3167 2482 dicitur
3200 2447 3215 2483 :
3248 2429 3529 2501 Elongasti

1939 2523 1973 2564 a
2001 2524 2089 2567 me
2115 2511 2353 2568 amicum
2389 2520 2445 2569 et
2472 2514 2814 2585 proximum,
2855 2526 2913 2574 et
2956 2528 3117 2576 notos
3158 2535 3313 2578 meos
3359 2538 3390 2578 a
3436 2525 3542 2579 mi-

1938 2614 2106 2658 serta.

2011 2695 2329 2752 Adolescens
2352 2705 2529 2754 autem
2553 2699 2769 2771 quidam
2795 2702 3105 2774 sequebatur
3135 2722 3253 2761 eum
3273 2751 3287 2777 ,
3320 2707 3561 2764 amictus.

1942 2789 2160 2846 sindone
2179 2806 2335 2861 super
2361 2792 2527 2860 nudo,
2559 2801 2609 2847 et
2640 2802 2920 2851 tenuerunt
2950 2814 3087 2854 eum.
3119 2800 3187 2855 At
3224 2801 3317 2857 ille
3342 2804 3539 2876 rejecta

1941 2882 2185 2952 sindone,
2206 2881 2378 2937 nudus
2409 2885 2646 2958 profugit
2665 2886 2729 2942 ab
2752 2889 2845 2944 eis.
2880 2888 2950 2944 Et
2977 2889 3319 2948 adduxerunt
3353 2893 3539 2950 Iesum

1941 2976 2010 3031 ad
2031 2992 2295 3031 summum
2322 2978 2666 3045 sacerdotem,
2702 2990 2749 3035 et
2779 2993 3132 3040 convenerunt
3157 3002 3332 3043 omnes
3369 3003 3543 3044 sacer-

1941 3066 2088 3122 dotes
2114 3075 2163 3122 et
2183 3067 2388 3133 scribat,
2417 3078 2467 3124 et
2492 3072 2740 3130 seniores.
2775 3072 2966 3131 Petrus
3004 3085 3179 3133 autem
3204 3095 3237 3133 a
3266 3079 3418 3152 longe
3448 3096 3535 3135 se-

1942 3168 2092 3215 cutus
2117 3171 2193 3214 est
2219 3176 2339 3216 eum
2361 3178 2526 3233 usque
2544 3163 2687 3219 intro
2710 3166 2765 3219 in
2789 3167 2985 3222 atrium
3013 3170 3202 3225 summi
3233 3171 3542 3239 sacerdotis,

247 3272 365 3314 cere
388 3256 502 3314 nisi
533 3272 631 3328 per
651 3256 804 3313 illum
835 3274 850 3311 :
878 3256 1043 3313 Venit
1073 3258 1326 3329 princeps
1352 3257 1543 3315 mundi
1570 3258 1757 3329 hujus,
1785 3265 1843 3316 et
1867 3244 1914 3309 C
1945 3263 1993 3309 et
2022 3253 2230 3309 sedebat
2259 3271 2379 3309 cum
2409 3256 2664 3311 ministris
2683 3257 2754 3313 ad
2778 3259 2973 3331 ignem,
3009 3270 3057 3317 et
3095 3262 3432 3335 calefaciebat
3463 3280 3538 3319 se.

257 3352 307 3408 in
327 3370 405 3411 me
438 3370 551 3411 non
596 3353 760 3410 habet
783 3353 1100 3425 quidquam.
1133 3353 1207 3409 Et
1231 3352 1408 3412 dixit:
1436 3353 1616 3425 Abba,
1650 3354 1831 3411 Pater.

253 3447 509 3504 Hebraice
542 3463 598 3511 et
625 3454 814 3510 Graece
852 3446 1111 3519 loquitur,
1152 3446 1277 3519 quia
1306 3462 1417 3505 non
1444 3457 1530 3506 est
1553 3447 1839 3506 distinctio

247 3548 412 3607 Judaei
439 3559 498 3607 et
529 3546 727 3606 Graci.

312 3644 508 3699 Omnia
533 3641 626 3697 tibi
649 3635 917 3713 possibilia
940 3642 1086 3704 sunt,
1125 3635 1353 3705 transfer
1380 3633 1596 3689 calicem
1639 3632 1779 3690 hunc
1806 3650 1841 3690 tt

233 3754 320 3791 me
350 3753 369 3794 :
397 3736 490 3791 sed
520 3751 625 3789 non
651 3732 788 3803 quod
813 3746 908 3801 ego
935 3728 1076 3793 t‘OlO,
1106 3724 1197 3780 sed
1227 3724 1365 3797 quod
1396 3733 1471 3779 tu.
1502 3724 1572 3779 Et
1597 3725 1766 3794 venit,
1791 3734 1841 3781 et

234 3832 438 3886 inuenit
463 3845 549 3885 eos
571 3827 902 3891 dormientes,
932 3830 979 3877 et
1008 3821 1084 3875 ait
1121 3818 1280 3874 Petro
1306 3833 1325 3873 :
1362 3816 1570 3885 Simon,
1615 3818 1836 3888 dormis,

231 3942 346 3980 non
366 3923 586 3996 potuisti
616 3936 724 3976 una
762 3918 893 3973 hora
928 3914 1188 3989 vigilare?
1223 3910 1402 3983 Usque
1428 3912 1483 3967 in
1523 3910 1688 3967 ﬁnem
1728 3925 1837 3969 non

228 4026 426 4075 cessat
454 4030 554 4072 nos
582 4015 783 4071 docere
822 4009 1072 4083 patribus
1106 4006 1335 4063 obedire
1369 4025 1381 4061 :
1412 4013 1469 4061 et
1497 4005 1838 4062 voluntatem

228 4127 434 4172 eorum
460 4108 725 4167 voluntati
748 4115 954 4162 nostrae
978 4114 1321 4175 praeponere.
1348 4098 1560 4155 lnvenit
1584 4114 1682 4156 eos
1709 4098 1839 4156 dor-

228 4210 497 4266 mientes.
530 4205 683 4262 Sicut
705 4200 988 4259 dormiunt
1007 4204 1213 4261 mente,
1245 4194 1326 4250 sic
1354 4203 1412 4249 et
1437 4207 1692 4263 corpore.

304 4301 541 4376 Vigilate
573 4310 622 4355 et
662 4306 825 4364 orate,
873 4304 927 4348 ut
970 4307 1075 4346 non
1126 4289 1333 4345 intretis
1380 4288 1435 4343 in
1477 4288 1833 4343 tentationem.

226 4396 479 4468 Spiritus
506 4391 718 4465 quidem
738 4395 1008 4461 promptus
1028 4392 1125 4449 est,
1155 4396 1276 4437 caro
1299 4388 1473 4434 autem
1499 4379 1732 4449 infirma.
1766 4377 1839 4433 Et

225 4492 431 4545 iterum
474 4486 673 4550 abiens,
713 4481 879 4537 oravit
920 4477 1160 4533 eumdem
1206 4488 1494 4529 sermonem
1539 4470 1738 4525 dicens.
1766 4468 1835 4525 Et

227 4595 473 4638 reversus
518 4579 689 4633 denuo
735 4572 926 4628 invenit
972 4585 1058 4625 eos
1115 4565 1448 4622 dormientes.
1493 4562 1661 4617 Erant
1700 4561 1835 4618 enim

1944 3345 2153 3402 Summi
2178 3362 2302 3402 vero
2319 3348 2634 3417 sacerdotes,
2663 3358 2711 3404 et
2747 3368 2897 3407 omne
2925 3355 3210 3409 concilium
3244 3358 3543 3428 quwrebant

1942 3438 2192 3492 adversus
2217 3435 2400 3492 Iesum
2420 3441 2792 3509 testimbnium,
2821 3452 2878 3498 ut
2906 3462 3021 3500 eum
3040 3450 3197 3501 morti
3226 3448 3492 3504 traderent
3521 3466 3544 3505 :

1942 3547 2037 3586 nec
2068 3530 2412 3586 inveniebant.
2444 3530 2605 3587 Multi
2648 3541 2822 3589 autem
2847 3536 3039 3608 falsum
3069 3540 3423 3595 testimonium
3450 3541 3541 3595 di-

1942 3624 2124 3677 cebant
2159 3621 2409 3677 adversus
2435 3638 2552 3677 eum
2583 3634 2675 3679 :et
2700 3628 3060 3685 convenientia
3102 3632 3397 3688 testimonia
3434 3651 3543 3690 non

1941 3724 2113 3772 erant.
2156 3715 2271 3773 Hoc
2319 3717 2545 3789 proprie
2588 3718 2826 3778 Marcus.
2878 3721 3033 3779 Sicut
3079 3723 3305 3797 Joseph,
3351 3727 3543 3783 relicto

1938 3809 2131 3881 pallio,
2170 3810 2349 3867 nudus
2377 3811 2448 3869 de
2473 3813 2727 3870 manibus
2753 3815 3043 3886 impudica:
3075 3818 3311 3874 dominae
3332 3819 3543 3890 etlugit.

1941 3902 2045 3973 Qui
2072 3913 2256 3960 autem
2297 3904 2412 3961 vult
2450 3904 2692 3978 eli'ugere
2741 3922 2938 3964 manus
2986 3908 3326 3982 iniquorum,
3374 3910 3543 3975 relin-

1940 4013 2114 4070 quens
2143 4007 2349 4064 mente,
2380 4015 2505 4072 quae
2548 4000 2742 4057 mundi
2777 4010 2927 4069 sunt,
2969 4002 3150 4074 fugiat
3176 4011 3305 4075 post
3331 4004 3543 4064 Jesum.

1940 4092 2013 4149 Et
2040 4100 2417 4149 convenerunt
2438 4093 2760 4152 sacerdotes
2793 4104 2851 4151 et
2879 4094 3100 4151 scribae.
3132 4096 3284 4154 Tunc
3312 4096 3374 4153 ﬁt
3410 4112 3543 4155 con-

1940 4184 2189 4256 gregatio
2232 4192 2509 4241 taurorum
2560 4186 2615 4242 itt
2656 4189 2841 4243 vaccis
2887 4188 3237 4259 populorum.
3267 4193 3481 4265 KPetrus
3510 4212 3543 4253 a

1942 4277 2107 4347 longe
2133 4276 2489 4347 sequebatur.
2516 4275 2610 4333 Vir
2650 4278 2853 4350 duplex
2883 4283 3085 4351 animo,
3114 4284 3430 4345 inconstans
3459 4299 3543 4346 est

1942 4368 1998 4425 in
2027 4370 2282 4425 omnibus
2311 4369 2413 4425 viis
2440 4370 2575 4426 suis.
2603 4370 2790 4428 Titnor
2814 4374 3064 4441 retrahit,
3091 4376 3331 4435 Charitas
3356 4382 3539 4441 traltit.

1941 4464 2000 4521 ιιι
2026 4464 2170 4521 atrio
2198 4478 2322 4519 cum
2350 4464 2620 4521 ministris
2645 4466 2899 4522 calefacit
2920 4482 2981 4525 se
3002 4470 3067 4526 ad
3098 4469 3305 4542 ignem.
3330 4474 3542 4532 Atrium

1942 4556 2269 4625 sacerdotis,
2296 4567 2381 4613 est
2408 4557 2694 4613 saecularis
2718 4558 3022 4617 circuitus:
3047 4563 3306 4634 ministri,
3339 4566 3546 4624 diemo-

226 4678 381 4733 oculi
404 4690 586 4731 eorum
614 4670 837 4746 gravati,
878 4674 928 4722 et
963 4662 1272 4738 ignorabant
1306 4659 1433 4730 quid
1468 4657 1838 4730 responderent
1862 4649 1918 4711 D
1943 4649 2034 4705 nia
2063 4657 2213 4746 sunt:
2238 4649 2406 4721 Ignis,
2432 4649 2768 4706 desiderium
2796 4654 3037 4721 carnale,
3072 4670 3196 4712 cum
3228 4658 3429 4731 quibus
3453 4661 3545 4732 qui

229 4772 300 4825 ei.
338 4766 411 4822 Et
437 4766 572 4821 venit
611 4764 785 4829 tertio,
833 4770 881 4816 et
907 4759 981 4813 ait
1030 4755 1140 4812 illis
1168 4751 1443 4811 :Dormite
1482 4755 1621 4825 jam,
1659 4758 1708 4805 et
1750 4766 1836 4805 re-

226 4860 505 4934 quiescite.
540 4856 759 4928 Sufﬁcit.
803 4852 959 4908 Venit
990 4850 1140 4915 ltora,
1163 4863 1276 4902 ecce
1300 4845 1444 4916 ﬁlius
1470 4843 1701 4899 hominis
1724 4852 1834 4899 tra-

227 4957 392 5009 detur
412 4954 470 5007 in
494 4967 683 5005 manus
709 4954 1056 5020 peccatorum.
1088 4940 1321 5012 Surgite,
1343 4954 1544 4993 eamus.
1572 4936 1713 4992 Ecce
1748 4936 1839 5009 qui

230 5064 323 5103 me
352 5045 520 5101 tradet
547 5042 709 5116 prope
730 5049 827 5097 est.
854 5039 924 5093 Et
942 5036 1117 5092 adhuc
1135 5051 1197 5090 eo
1219 5035 1482 5105 loquente,
1509 5031 1645 5087 venit
1666 5029 1838 5087 ludas

228 5139 533 5205 Iscariotis,
559 5152 695 5190 unus
719 5135 784 5188 de
813 5130 1111 5194 duodecim,
1140 5137 1188 5183 et
1216 5142 1337 5181 cum
1363 5142 1424 5181 eo
1444 5124 1596 5180 turba
1624 5124 1794 5180 multa
1815 5167 1831 5195 ,

232 5249 361 5289 cum
381 5231 578 5303 gladiis
600 5242 649 5283 et
674 5226 853 5299 lignis,
885 5243 919 5279 a
944 5222 1157 5280 summis
1181 5221 1537 5277 sacerdotibus
1559 5228 1605 5274 et
1631 5220 1834 5287 scribis,

235 5335 285 5380 et
320 5322 631 5379 senioribus.
662 5318 891 5374 Dederat
914 5326 1087 5372 autem
1108 5314 1336 5371 traditor
1373 5316 1486 5386 ejus
1511 5313 1718 5385 signum
1740 5312 1835 5378 eis,

236 5419 428 5473 dicens
456 5431 475 5475 :
502 5413 884 5484 Quemcumque
910 5409 1174 5465 osculatus
1205 5410 1379 5479 fuero,
1404 5407 1513 5478 ipse
1542 5414 1639 5470 est,
1672 5412 1837 5459 tenete

236 5533 382 5581 eum,
416 5524 464 5571 ct
483 5514 657 5569 ducite
673 5520 839 5567 caute.
865 5510 1077 5565 Etcum
1104 5508 1320 5562 venisset
1341 5551 1356 5576 ,
1384 5506 1563 5561 statim
1587 5505 1835 5559 accedens

235 5608 310 5662 ad
337 5624 481 5673 eum,
509 5608 582 5662 ait
605 5623 623 5666 :
649 5606 778 5673 Ave,
802 5602 993 5672 Rabbi,
1019 5610 1067 5657 et
1096 5600 1363 5656 osculatus
1392 5606 1468 5654 est
1495 5614 1633 5653 cum.
1663 5597 1729 5651 At
1756 5596 1838 5652 illi

238 5717 432 5755 manus
449 5700 737 5772 injecerunt
758 5699 817 5751 in
838 5695 1045 5761 Jesum,
1062 5703 1111 5749 et
1128 5699 1552 5763 tenuerunteum.
1572 5688 1720 5744 Unus
1736 5705 1835 5743 au-

241 5804 349 5850 tem
380 5795 591 5865 quidam
612 5793 678 5849 de
701 5789 1153 5847 circumstantibus
1183 5788 1406 5843 educens
1428 5786 1691 5858 gladium,
1724 5803 1838 5857 per-

243 5888 407 5943 cussit
426 5903 626 5943 servum
654 5888 841 5943 suntmi
863 5884 1169 5953 sacerdotis,
1194 5892 1243 5939 et
1276 5882 1568 5952 amputauit
1586 5879 1669 5936 illi
1694 5882 1840 5936 auri-

1940 4750 2147 4810 manet,
2178 4740 2311 4799 ﬂere
2349 4751 2577 4813 peccata
2607 4758 2718 4799 non
2750 4752 2952 4815 potest.
2985 4747 3194 4805 Summi
3228 4753 3546 4810 sacerdotes

1941 4835 2267 4909 quaerebant
2317 4835 2517 4890 falsum
2576 4836 2953 4895 testimonium
3014 4841 3278 4899 adversus
3331 4843 3542 4912 Jesum,

1942 4931 2175 4989 mentita
2205 4940 2292 4987 est
2328 4931 2591 5004 iniquitas
2631 4932 2738 4989 sibi
2768 4944 2867 4990 :ut
2912 4937 3098 5007 regina
3143 4937 3406 4994 adversus
3453 4937 3545 4995 Jo-

1939 5027 2077 5098 seph
2105 5044 2121 5083 :
2145 5036 2201 5082 et
2220 5026 2544 5083 sacerdotes
2572 5026 2839 5085 adversus
2891 5029 3199 5087 Susannam
3228 5045 3245 5084 :
3276 5032 3372 5086 sed
3403 5030 3545 5102 ignis

1940 5121 2064 5177 sine
2091 5122 2325 5176 materia
2345 5118 2555 5176 deﬁcit.
2584 5120 2656 5178 Et
2675 5122 3058 5179 convenientia
3086 5121 3401 5178 testimonia
3428 5139 3542 5182 non

1940 5229 2118 5274 erant.
2152 5215 2307 5287 Quod
2336 5218 2600 5286 variatur,
2632 5216 2907 5274 incertum
2938 5216 3187 5271 habetur.

1938 5354 1939 5359 η
2015 5311 2087 5367 Ει
2120 5311 2336 5383 quidam
2374 5319 2669 5383 surgentes,
2701 5311 2892 5381 falsum
2921 5309 3275 5364 testimonium
3305 5310 3547 5381 ferebant

1944 5410 2194 5465 adversus
2224 5422 2359 5472 eum,
2393 5404 2623 5459 dicentes
2651 5419 2670 5458 :
2698 5402 2959 5472 Quoniam
2988 5417 3081 5455 nos
3107 5402 3401 5459 audivimus
3426 5420 3542 5458 eum

1946 5505 2203 5560 dicentem
2230 5517 2247 5555 :
2275 5498 2391 5573 Ego
2432 5497 2716 5553 dissoluam
2745 5493 2992 5564 templum
3031 5494 3129 5548 hoc
3156 5500 3537 5568 mannfactum,

1946 5608 1995 5655 et
2030 5603 2143 5669 post
2170 5595 2407 5650 triduum
2437 5591 2587 5648 aliud
2614 5604 2718 5645 non
2746 5589 3114 5658 manufactum
3146 5588 3440 5657 mdiﬁcabo.
3471 5585 3543 5641 Et

1945 5709 2049 5750 non
2085 5698 2198 5747 erat
2236 5687 2545 5745 conreniens
2574 5682 2931 5738 testimonium
2965 5680 3192 5735 illorum.
3241 5678 3310 5733 Et
3353 5695 3539 5734 exsur-

1946 5804 2072 5860 gens
2098 5800 2329 5841 summus
2354 5781 2595 5836 sacerdos
2617 5777 2668 5830 in
2690 5775 2943 5843 medium,
2974 5772 3312 5842 interrogauit
3334 5769 3535 5836 Iesum,

1946 5884 2123 5939 dicens
2153 5895 2171 5933 :
2203 5877 2327 5936 Non
2354 5870 2636 5944 respondes
2674 5868 2961 5942 quidquam
2994 5866 3064 5920 ad
3094 5880 3155 5923 ea
3184 5879 3299 5935 qua;
3331 5862 3423 5918 tibi
3452 5860 3541 5916 ob.
