3970 6304
542 268 652 328 855
1567 287 1626 346 S.
1673 289 2052 354 lllERONYMI
2090 296 2378 359 OPERUM
2419 304 2783 368 MANTISSA.
2969 359 2971 370 ι
3711 326 3798 387 656

531 390 793 461 jiciuntur
818 394 881 449 ab
903 395 1024 452 his?
1043 396 1147 481 ille
1175 407 1348 457 autem
1372 403 1591 470 tacebat,
1619 416 1667 460 et
1688 407 1820 463 nihil
1845 412 2132 482 respondit.
2162 417 2217 480 Α
2239 416 2438 486 gimus.
2481 420 2846 481 Descensione
2891 427 3009 498 ejus
3053 430 3122 486 ad
3166 431 3394 499 inferos,
3440 448 3541 490 nos
3583 441 3797 496 ascendi-

1931 473 1940 482 I
2164 473 2268 486 νη,
2563 473 2846 481 η-------,-
2892 473 3008 498 νγ...
3166 473 3394 499 .....,.νσ,
3441 473 3541 490 ..νο
3583 473 3797 496 mecum-

541 481 770 542 Rursum
795 505 1023 544 summus
1046 473 1284 548 sacerdos
1310 495 1660 567 interrogabat
1684 517 1820 564 eum,
1845 511 1894 558 et
1915 504 2038 559 dicit
2060 505 2129 560 ei.
2243 524 2362 566 mus
2384 511 2450 564 ad
2479 514 2672 570 eteius.
2707 517 2804 572 llic
2842 522 3117 589 invenitur
3149 527 3252 580 mel
3282 525 3334 580 in
3363 541 3459 582 ore
3487 528 3658 586 leonis
3677 549 3798 589 mor-

537 573 700 632 Moris
723 588 807 633 est
830 579 1241 652 hiereticorum,
1268 587 1515 642 umbram
1538 589 1608 644 de
1634 592 1863 649 veritate
1889 595 2131 652 trahere.
2240 603 2338 658 tui.
2365 603 2490 660 time
2519 610 2701 664 omnia
2735 613 3042 679 praevidens
3071 617 3342 687 propheta
3369 619 3444 672 ait
3469 637 3481 672 :
3505 621 3640 687 Quid
3670 628 3798 680 retri-

2735 666 2746 679 ,
3073 666 3342 687 per"---
3370 666 3444 672 _--
3469 666 3480 672 -
3510 666 3640 687 κ...-
3670 666 3737 678 η.

537 666 656 723 Non
691 671 786 726 ille
811 671 974 742 dixit,
1009 677 1152 745 quod
1185 678 1265 734 illi
1292 679 1480 736 dicunt
1509 698 1522 736 :
1556 685 1650 738 sed
1695 686 1877 742 sin-sile
1907 691 2131 746 verbum
2235 693 2398 753 huam
2426 696 2657 753 Domino
2691 717 2789 770 pro
2816 705 3092 772 omnibus,
3125 723 3246 778 qm:
3289 711 3547 767 retribuit
3583 715 3737 770 mihi?

539 759 609 817 de
641 763 844 832 templo
872 768 1121 836 corporis
1155 771 1262 835 sui,
1290 771 1436 842 quod
1470 783 1594 844 post
1622 775 1860 832 triduum
1894 783 2132 836 resusci-
2306 783 2513 840 Etcum
2544 801 2674 846 esset
2699 791 2886 849 Petrus
2918 799 2970 850 in
3005 802 3140 853 atrio
3169 801 3434 866 deorsum,
3462 807 3598 859 venit
3622 823 3716 861 una
3744 827 3793 864 es

533 856 685 913 tavit.
729 861 1047 932 Exsurgens
1095 881 1347 924 summus
1400 871 1660 928 sacerdos
1700 872 2008 945 interrogat
2041 877 2132 932 Je-
2232 879 2438 936 ancillis
2462 885 2649 940 summi
2691 890 2999 956 sacerdotis,
3029 902 3078 946 et
3109 911 3224 950 cum
3255 896 3470 952 vidisset
3501 897 3708 954 Petrum
3730 921 3795 956 m-

529 964 650 1005 sum
678 970 690 1005 :
723 949 820 1008 Ille
850 967 1027 1011 autem
1080 961 1316 1014 tacebat.
1351 961 1469 1029 Ipse
1499 963 1645 1022 Deus
1673 965 2007 1034 et’Salvator
2033 984 2129 1026 no-
2231 970 2551 1040 lefacientem
2589 992 2664 1043 ss,
2697 979 2957 1046 aspiciens
2984 982 3162 1052 illum,
3200 987 3317 1042 ait:
3348 985 3415 1040 Et
3457 999 3514 1043 tu
3555 1009 3668 1046 cum
3695 991 3791 1052 Iesu

529 1050 663 1108 ster,
689 1044 783 1114 qui
810 1048 1020 1102 mundo
1047 1050 1280 1106 salutem
1307 1055 1563 1123 contulit,
1589 1065 1646 1110 et
1679 1057 1915 1116 lutmano
1935 1063 2127 1130 generi
2235 1057 2514 1126 Nazarene
2551 1068 2716 1122 eras?
2750 1069 2816 1122 At
2847 1071 2939 1126 ille
2967 1076 3190 1146 negavit,
3223 1077 3404 1134 dicens
3427 1096 3446 1134 :
3473 1078 3655 1152 Neque
3690 1087 3790 1150 scio,

528 1149 625 1192 sua
657 1139 860 1206 pietate
891 1141 1183 1199 subvenit:
1213 1145 1355 1202 sicut
1389 1150 1506 1202 ovis
1535 1147 1602 1204 ad
1641 1151 1971 1208 occisionem
2004 1156 2124 1212 sine
2230 1169 2388 1222 neque
2416 1159 2552 1224 ηουὶ,
2581 1159 2709 1228 quid
2747 1161 2918 1218 dicas.
2967 1163 3035 1219 Et
3073 1169 3200 1222 exiit
3227 1171 3368 1240 [oras
3394 1183 3518 1232 ante
3542 1175 3792 1247 diffamat

526 1244 663 1284 voce
683 1229 902 1288 ducitur
927 1253 940 1289 :
970 1243 1026 1290 et
1055 1236 1330 1295 obmutuit
1355 1252 1409 1295 et
1436 1241 1585 1297 siluit
1615 1259 1644 1296 a
1669 1244 1849 1302 bonis.
1879 1247 2125 1307 Tacitur-

525 1320 670 1376 nitas
692 1323 891 1380 Christi
921 1329 1230 1398 apologiam
1256 1331 1388 1387 Δότε
1411 1333 1667 1391 absolvit.

601 1422 680 1478 Tu
709 1442 760 1479 es
788 1424 1022 1484 Christus
1054 1427 1228 1486 Filius
1255 1432 1351 1488 Dei
1369 1435 1666 1494 benedicti?
1689 1440 1863 1507 Quem
1895 1453 2123 1514 Exspec-

527 1512 723 1567 tabant
749 1514 819 1570 de
860 1517 1040 1587 longe,
1083 1520 1137 1574 in
1182 1537 1351 1592 prepe
1395 1541 1501 1580 non
1534 1527 1742 1586 vident.
1774 1530 1930 1588 Sicut
1971 1512 2121 1592 Isaac

525 1604 889 1674 caligantibus
913 1611 1110 1678 oculis,
1128 1610 1298 1669 Jacob‘
1318 1617 1420 1672 sub
1440 1619 1696 1676 manibus
1714 1637 1823 1678 non
1847 1628 2116 1696 agnoscit,

523 1696 620 1754 sed
651 1699 810 1770 longe
836 1701 905 1757 de
931 1717 998 1758 eo
1025 1703 1203 1761 t‘utura
1231 1710 1397 1764 canit.

2225 1246 2396 1322 gallus
2423 1252 2674 1308 cantavit.
2707 1252 2938 1310 Rursum
2958 1268 3134 1313 autem
3163 1277 3282 1315 cum
3311 1264 3523 1319 vidisset
3552 1267 3702 1323 illum
3723 1246 3781 1323 ea-

2227 1339 2372 1409 cilla,
2421 1345 2574 1410 caapit
2611 1345 2780 1402 dicere
2820 1350 3314 1409 circumstantibus:
3336 1359 3461 1428 quia
3496 1358 3581 1414 hic
3621 1379 3685 1417 ea:
3713 1364 3782 1418 illis

2225 1443 2320 1486 est.
2353 1435 2417 1488 At
2443 1437 2529 1491 ille
2548 1438 2732 1493 iterant
2761 1445 2983 1513 negavit.
3016 1445 3082 1504 Et
3109 1459 3222 1516 post
3250 1449 3502 1521 pusillum
3520 1470 3702 1511 rursus
3724 1461 3787 1528 qui

2225 1527 2485 1597 astabant,
2523 1530 2759 1586 dicebant
2791 1532 2951 1590 Petro
2978 1554 2996 1592 :
3044 1538 3194 1605 Vere,
3225 1557 3290 1596 ea:
3338 1541 3447 1597 illis
3483 1563 3538 1600 es
3569 1563 3588 1601 :
3616 1527 3790 1603 namret

2224 1615 2474 1672 Galilteus
2504 1638 2575 1675 es.
2607 1621 2709 1678 Ille
2744 1636 2921 1682 autem
2951 1631 3102 1700 erupit
3144 1632 3610 1707 anathematizare,
3656 1651 3699 1695 et
3719 1645 3790 1713 ju-

2224 1723 2360 1776 rare,
2387 1713 2509 1780 quia
2527 1715 2699 1782 nescio
2730 1717 2990 1775 hominem
3012 1724 3189 1793 istum,
3216 1741 3370 1797 quem
3399 1727 3613 1790 dicitis:
3641 1743 3689 1786 et
3707 1743 3790 1788 sta-

594 1795 747 1853 πω,
775 1806 948 1854 autem
969 1802 1106 1858 dixit
1133 1803 1216 1858 iu,-
1246 1821 1265 1858 ε
1293 1805 1411 1882 Ego
1441 1825 1574 1866 sum.
1609 1811 1680 1870 υ,
1710 1814 2116 1880 incxcusabiles
2149 1818 2195 1878 Β
2227 1802 2316 1854 tim
2346 1804 2519 1875 gallus
2557 1808 2748 1864 iterum
2788 1815 3031 1869 cantavit.
3079 1813 3145 1869 Et
3175 1795 3478 1874 recordatus
3511 1833 3582 1876 est
3624 1821 3791 1881 Petrus

590 1987 662 2042 Et
703 1989 939 2048 videbitis
989 1993 1162 2064 ﬁlium
1208 1997 1451 2056 nominis.
1488 1999 1761 2062 Sacerdos
1812 2007 2118 2084 interrogat

520 2079 696 2138 lilium
728 2081 850 2151 Dei,
889 2086 1051 2142 Jesus
1086 2099 1272 2146 autem
1307 2095 1589 2165 respondit
1629 2098 1800 2155 tilium
1835 2079 2110 2164 hominis:

518 2181 578 2225 ut
607 2173 696 2228 hic
727 2173 1088 2247 intelligamus
1115 2179 1211 2238 Dei
1235 2181 1405 2239 tilium
1429 2188 1676 2244 eutndem
1705 2207 1829 2248 esse
1858 2204 1914 2250 et
1939 2197 2110 2256 lilium

518 2261 760 2320 hominis
781 2283 797 2320 :
821 2275 968 2324 etne
995 2273 1414 2341 quaternitatem
1447 2279 1710 2336 iaciamus
1732 2284 1788 2338 in
1818 2287 2106 2361 Trinitate,

519 2357 617 2414 sed
647 2357 815 2416 homo
845 2360 900 2416 in
923 2362 1059 2430 Deo,
1091 2375 1144 2420 et
1172 2367 1317 2424 Deus
1348 2370 1400 2425 in
1431 2371 1652 2432 homine
1682 2393 1907 2437 necesse
1942 2385 2034 2437 sit.

589 2451 870 2508 Sedentem
897 2472 928 2506 a
958 2455 1154 2511 dextris
1178 2461 1399 2529 virtutis,
1434 2465 1485 2519 id
1513 2477 1615 2533 est,
1651 2469 1704 2524 in
1736 2472 1844 2526 vita
1870 2488 2107 2544 regnan-

512 2553 617 2601 tem
647 2551 1009 2618 sempiterna,
1041 2563 1096 2607 et
1122 2555 1324 2612 virtute
1347 2558 1552 2615 divina.

585 2635 653 2690 Et
679 2641 962 2696 venientem
991 2659 1111 2698 cum
1136 2647 1358 2703 nubibus
1387 2654 1521 2707 cwli.
1553 2653 1611 2708 In
1657 2658 1802 2714 nube
1833 2665 2101 2732 ascendit,

509 2744 632 2785 cum
669 2732 813 2788 nube
842 2736 1046 2804 veniet,
1081 2739 1134 2793 id
1161 2749 1266 2808 est,
1300 2741 1354 2797 in
1387 2760 1618 2816 corpore
1651 2765 1751 2805 suo
1779 2755 1921 2816 solo,
1956 2757 2101 2826 quod

508 2825 744 2893 sumpsit
777 2843 807 2881 a
839 2828 1049 2900 virgine
1074 2834 1366 2890 ascendit:
1407 2849 1609 2896 etcum
1649 2825 2100 2908 multiformiEc-

507 2919 694 2989 clesia,
720 2937 844 2992 quae
874 2932 960 2978 est
985 2940 1186 2998 corpus
1216 2929 1414 3003 ipsius,
1446 2944 1502 2989 et
1537 2938 1822 3006 plenitudo
1853 2944 1990 3014 ejus,
2029 2947 2098 3003 ad

501 3011 766 3080 judicium
799 3026 1069 3073 venturus
1109 3031 1234 3077 est:
1267 3024 1412 3080 sicut
1456 3027 1589 3082 dicit
1627 3011 1927 3091 secundum
1965 3033 2099 3096 Mat-

505 3102 748 3161 thzeum:
777 3104 912 3163 Cum
943 3120 1130 3167 autem
1165 3119 1378 3172 venerit
1413 3118 1560 3176 illius
1589 3121 1852 3196 hominis,
1886 3139 1943 3185 et
1977 3147 2097 3188 om-

503 3213 604 3254 nes
637 3201 816 3272 angeli
846 3217 967 3258 cum
1006 3222 1096 3274 eo,
1127 3218 1181 3264 et
1212 3212 1448 3284 reliqua.

573 3291 824 3350 Summus
859 3307 1032 3354 autem
1071 3307 1312 3360 sacerdos
1357 3311 1600 3366 scindens
1635 3317 1939 3373 vestimenta
1971 3333 2091 3389 sua,

489 3383 576 3436 ait
598 3399 618 3438 :
651 3385 788 3450 Quid
807 3388 979 3444 adhuc
1007 3392 1363 3454 desideramus
1390 3410 1542 3456 testes
1565 3421 1584 3458 :
1614 3407 1835 3463 audistis
1859 3383 2095 3484 blasplte;

499 3476 675 3530 miam.
701 3477 838 3546 Quid
859 3482 1000 3537 vobis
1025 3485 1270 3544 videtur?
1290 3491 1394 3558 Qui
1416 3509 1591 3551 omnes
1615 3499 2092 3560 condemnaverunt

497 3585 613 3622 eum
640 3587 747 3626 esse
774 3589 921 3629 reum
946 3581 1144 3634 mortis.
1179 3582 1250 3636 Et
1277 3595 1542 3658 coeperunt
1569 3595 1783 3662 quidam
1810 3613 2091 3671 conspuere

495 3661 549 3714 in
571 3679 703 3732 eum,
728 3673 776 3719 et
807 3667 979 3722 velare
1016 3672 1202 3741 faciem
1229 3679 1366 3748 ejus,
1404 3689 1451 3733 et
1476 3661 1711 3754 colaphis
1741 3703 1860 3742 eum
1892 3693 2090 3747 credere

492 3767 542 3808 et
576 3757 748 3813 dicere
773 3761 821 3815 ei
849 3778 868 3817 :
897 3762 1236 3836 PrOpltetiza.
1270 3771 1338 3824 Et
1367 3776 1592 3832 ministri
1621 3780 1792 3849 alapis
1833 3801 1948 3839 eum
1988 3805 2088 3842 cte-

494 3847 700 3905 debant.
737 3852 850 3909 lloc
886 3867 972 3912 est
1001 3862 1180 3929 ephod
1214 3881 1226 3916 :
1261 3865 1318 3920 in
1341 3883 1448 3935 quo
1485 3847 1760 3930 habebant
1791 3877 2079 3952 honorem,

487 3942 660 3999 Judaei
703 3949 1023 4006 amiserunt.
1079 3953 1179 4010 llic
1221 3957 1379 4013 adest
1416 3960 1639 4022 Samuel
1693 3971 1870 4026 scisse
1915 3942 2085 4043 pallio

489 4037 558 4092 de
586 4041 838 4096 manibus
863 4041 988 4099 Saul
1023 4045 1073 4101 in
1102 4064 1294 4121 regno.
1323 4053 1515 4113 Milites
1538 4063 1768 4130 gentiles
1796 4082 1902 4122 non
1936 4072 2085 4127 scin-

489 4130 626 4185 dunt
676 4135 916 4191 tunicam
979 4138 1218 4197 Christi:
1271 4150 1586 4206 sacerdotes
1649 4170 1779 4213 vero
1824 4160 2082 4220 scindunt

485 4221 806 4290 dignitatem
833 4230 1126 4286 sacerdotii
1159 4236 1268 4289 sui.
1297 4237 1364 4292 Et
1404 4244 1735 4301 condemnat
1770 4265 1891 4305 eum
1925 4271 2078 4312 reum

485 4331 609 4371 esse
641 4322 854 4376 mortis.
881 4323 1002 4389 Quo
1029 4337 1179 4380 reatu
1212 4343 1332 4397 suo,
1365 4343 1578 4390 reatum
1609 4354 1862 4398 nosmtm
1892 4349 2076 4406 solve-

487 4416 610 4462 ret:
671 4422 726 4465 et
781 4413 1054 4473 velamine
1101 4415 1259 4476 faciei
1318 4439 1454 4493 suae,
1515 4431 1764 4489 velamen
1828 4441 2074 4500 cordium

488 4507 800 4559 nostrorum
831 4509 1090 4577 auferret,
1124 4522 1178 4568 et
1215 4520 1614 4584 Sputaminibus
1662 4535 1948 4601 susceptis,
1999 4537 2076 4591 fa-

485 4592 624 4648 ciem
653 4598 848 4651 animte
883 4615 1086 4659 nostra:
1119 4607 1326 4666 levaret
1352 4629 1366 4666 :
1397 4622 1452 4667 et
1483 4616 1756 4687 colaphis,
1793 4627 1989 4691 quibus
2021 4631 2071 4685 in
2103 4603 2152 4662 υ

483 4698 648 4755 caput
673 4705 966 4760 percussus
986 4707 1090 4769 est,
1115 4715 1175 4755 ca
1186 4713 1276 4772 put
1307 4706 1530 4764 hmn'ani
1554 4716 1772 4780 generis
1803 4719 1967 4788 (quod
1990 4735 2074 4781 est

481 4781 675 4854 Adam)
723 4798 967 4845 sanaret.
1020 4794 1090 4849 Et
1129 4798 1303 4866 alapis
1329 4801 1528 4872 quibus
1575 4781 1916 4878 expalmatus
1961 4825 2068 4885 est,

477 4880 713 4934 maxima
754 4879 873 4936 laus
901 4883 1039 4954 ejus,
1086 4893 1294 4946 nostris
1325 4897 1578 4954 manibus
1626 4910 1680 4956 et
1720 4904 1881 4962 labiis
1913 4910 2067 4980 plau-

478 4970 676 5030 deret:
725 4974 891 5041 unde,
923 4975 1126 5034 Omnes
1172 4994 1364 5052 gentes
1394 4989 1639 5058 plaudite
1681 4970 1952 5057 manibus.
2004 5005 2071 5061 Et

478 5078 644 5122 cruce
693 5081 813 5137 sua,
862 5073 1160 5129 cruciatum
1204 5090 1449 5136 nostrum
1486 5086 1847 5148 solveret:et
1893 5107 2070 5154 morte

476 5171 594 5223 sua,
633 5174 865 5218 mortem
896 5176 1139 5223 nostram
1170 5185 1394 5230 necaret
1424 5194 1436 5229 :
1470 5191 1592 5233 cum
1637 5182 1816 5240 forma
1846 5203 2070 5259 serpe-nu

471 5251 543 5305 tis
582 5266 893 5324 serpentem
942 5271 1122 5328 necat,
1150 5266 1276 5336 quia
1309 5275 1568 5340 serpente
1611 5276 1680 5331 de
1712 5279 1860 5351 virga
1915 5251 2060 5341 facto

473 5344 565 5398 alii
617 5348 979 5410 absorbentur
1030 5370 1332 5431 serpentes.
1386 5366 1540 5425 Unde
1589 5388 1687 5442 per
1747 5378 2065 5448 prophetam

474 5437 589 5506 ipse
615 5439 749 5494 dicit
784 5461 798 5495 :
831 5443 940 5499 Ero
973 5465 1119 5507 mors
1150 5464 1260 5521 tua,
1291 5471 1324 5510 ο
1367 5475 1534 5528 mors,
1568 5475 1621 5519 et
1667 5483 1882 5526 morsus
1918 5483 2060 5544 tuus,

471 5547 505 5587 ο
541 5532 770 5591 inferne.
804 5535 1106 5608 Opprobria
1136 5548 1252 5616 ejus
1290 5561 1538 5609 nosnum
1571 5558 1840 5618 abstulere
1866 5532 2066 5634 appro:-

458 5623 660 5682 brium.
691 5626 919 5686 Vincula
952 5633 1076 5704 ejus
1122 5654 1222 5695 nos
1270 5642 1477 5700 liberos
1525 5648 1792 5710 fecerunt.
1840 5654 2059 5715 Corona

455 5719 644 5787 spinea
691 5724 887 5793 capitis
924 5728 1068 5797 ejus,
1117 5731 1364 5791 diadema
1417 5746 1568 5812 regni
1617 5746 1794 5816 adepti
1842 5765 2050 5811 sumas.

449 5809 774 5874 Vulneribus
795 5819 916 5889 eius
937 5839 1126 5884 sumus
1154 5832 1350 5888 sanati.
1380 5832 1669 5906 Sepultum
1698 5840 1816 5912 ejus
1858 5860 2041 5903 resur-

2221 1897 2357 1969 verbi
2399 1900 2536 1969 quod
2565 1903 2766 1959 dixerat
2803 1908 2845 1960 ei
2875 1904 3067 1969 Jesus:
3101 1911 3404 1983 priusquam
3440 1915 3616 1984 gallus
3653 1928 3791 1973 cantet

2219 1986 2317 2053 bis,
2352 1999 2428 2044 ter
2466 2009 2545 2046 me
2584 1998 2831 2065 negabis:
2863 2010 2910 2054 et
2950 2003 3101 2071 coepit
3131 2004 3280 2074 ﬂere.
3315 2003 3513 2062 Petrus
3550 2009 3672 2065 sine
3702 2011 3792 2080 spi-

2221 2082 2346 2152 ritu,
2379 2088 2737 2156 voci,ancilla3
2767 2093 2971 2150 cessit:
3003 2111 3124 2150 cum
3164 2097 3384 2165 Spiritu,
3416 2116 3518 2156 nec
3557 2104 3790 2173 principi-

2220 2175 2340 2241 bus,
2374 2193 2474 2234 nec
2501 2181 2722 2251 regibus
2743 2185 2907 2241 cedit.
2942 2187 3118 2243 Prima
3150 2191 3370 2258 ancilla,
3403 2195 3664 2252 titubatio
3686 2210 3788 2252 cSt:

2213 2271 2478 2334 secunda,
2509 2277 2804 2348 consensio
2833 2295 2848 2332 :
2885 2281 3079 2335 tertius
3110 2282 3212 2352 vir,
3249 2296 3400 2340 actus
3432 2298 3537 2342 est.
3574 2289 3700 2346 time
3722 2308 3748 2346 e
3775 2303 3788 2344 t

2211 2362 2350 2416 trina
2392 2366 2628 2435 negatio,
2662 2384 2821 2439 quam
2854 2371 3029 2428 abluit
3073 2390 3171 2446 per
3217 2376 3382 2437 ﬂetus
3423 2381 3574 2438 verbi
3608 2383 3786 2440 Christi

2210 2456 2715 2530 recordatioﬂl‘uuc
2747 2466 2908 2522 nobis
2932 2468 3108 2537 gallus
3129 2482 3333 2539 cantat,
3364 2477 3582 2544 quando
3615 2481 3787 2550 prsidi-

2206 2557 2360 2602 cator
2376 2551 2604 2621 quisque
2636 2570 2735 2624 per
2757 2561 3136 2628 pmnitentiam
3159 2564 3328 2621 corda
3349 2578 3540 2624 nostra
3565 2570 3638 2626 ad
3659 2587 3787 2626 cout-

2205 2643 2553 2718 punctionem
2595 2651 2815 2706 excitat.
2861 2653 3015 2711 Tunc
3060 2657 3354 2727 incipimus
3399 2660 3555 2729 ﬂere,
3582 2665 3781 2736 quando

2205 2733 2440 2809 igniptur
2466 2738 2610 2796 intus
2642 2758 2738 2813 per
2768 2746 3063 2804 scintillam
3095 2751 3345 2808 scientia:
3370 2769 3385 2808 :
3413 2765 3471 2811 et
3500 2755 3651 2815 {oras
3677 2761 3776 2816 exi-

2203 2843 2322 2885 mus
2350 2841 2504 2889 extra
2531 2836 2674 2904 quod
2707 2835 2935 2895 luimus.

2705 2993 2710 3000 ’
2790 2989 3023 3055 CAPUT
3059 2993 3178 3059 XV.

2272 3143 2342 3200 Et
2369 3149 2660 3218 confestim,
2691 3165 2841 3208 mane
2881 3157 3160 3213 consilium
3190 3161 3442 3230 facientes
3480 3167 3673 3221 summi
3706 3182 3781 3222 sa-

2143 3216 2164 3276 Ῑ
2196 3240 2432 3296 cerdotes
2449 3258 2563 3296 cum
2592 3247 2879 3302 senioribus
2900 3259 2946 3303 et
2967 3253 3172 3321 scribis,
3199 3262 3252 3308 et
3275 3257 3517 3313 universo
3544 3261 3778 3314 concilio:

2197 3331 2471 3387 vincientes
2496 3334 2700 3406 Iesum,
2733 3341 3018 3406 duxerunt,-
3041 3353 3090 3398 et
3121 3346 3454 3402 tradiderunt
3484 3348 3683 3406 Pilato.
3719 3351 3775 3405 Et

2192 3423 2531 3497 interrogavit
2570 3443 2686 3484 eum
2719 3431 2969 3490 Pilatus:
3012 3433 3086 3490 Tu
3130 3453 3183 3491 es
3215 3455 3310 3494 rea:
3333 3438 3682 3498 JUthOﬂmt.’
3716 3443 3772 3497 At

2193 3515 2280 3570 ille
2308 3522 2648 3591 respondens,
2685 3526 2757 3578 ait
2784 3527 2865 3580 illi
2889 3543 2907 3581 :
2935 3527 3014 3582 Tu
3038 3531 3189 3584 dicis.
3229 3532 3299 3585 Et
3332 3537 3763 3592 accumbentem

2191 3607 2379 3663 summi
2403 3616 2694 3670 sacerdotes
2724 3618 2777 3671 in
2803 3620 3001 3675 multis.
3038 3621 3249 3678 Pilatus
3274 3636 3447 3681 autent
3475 3645 3666 3684 rerum
3689 3630 3757 3681 in-

2191 3705 2468 3773 terrogavit
2513 3719 2650 3770 eum,
2696 3707 2872 3764 dicens
2907 3727 2926 3765 :
2981 3712 3105 3768 Non
3147 3718 3426 3787 respondes
3471 3721 3753 3791 quidquam?

2202 3792 2326 3848 Vide
2356 3797 2410 3850 in
2430 3801 2640 3867 quantis
2667 3812 2714 3855 te
2733 3817 3000 3860 accusant.
3029 3806 3185 3862 Jesus
3214 3821 3384 3865 autem
3407 3816 3633 3886 aniplitts
3649 3814 3760 3869 nihil

2186 3891 2476 3956 respondit,
2523 3894 2596 3946 ita
2626 3904 2683 3947 at
2723 3897 3002 3952 miraretur
3045 3899 3281 3958 Pilatus.
3316 3902 3419 3958 Per
3443 3907 3588 3962 diem
3620 3918 3767 3962 autent

2189 3983 2378 4050 festum
2411 3983 2605 4039 solrbat
2642 3987 2902 4044 dimittere
2931 3991 3040 4046 illis
3075 4011 3238 4048 unum
3275 4012 3340 4052 ea:
3371 3998 3588 4066 uinctis,
3621 4015 3774 4066 quem-

2185 4087 2403 4144 cumque
2443 4081 2709 4144 petissent.
2761 4082 2889 4136 Erat
2927 4096 3116 4147 autem,
3153 4091 3245 4159 qui
3282 4090 3561 4146 dicebatur
3596 4093 3774 4150 Barab-

2183 4164 2274 4218 bas
2288 4182 2308 4220 :
2328 4169 2414 4236 qui
2431 4185 2548 4224 cum
2569 4174 2828 4230 seditiosis
2853 4188 2964 4231 erat
2991 4180 3193 4235 vinctus
3208 4198 3227 4237 :
3248 4185 3336 4252 qui
3359 4185 3410 4238 in
3431 4189 3688 4242 seditione
3707 4189 3778 4258 fe-

2182 4269 2319 4312 cerat
2368 4259 2732 4320 homicidium.
2766 4267 2837 4322 Et
2878 4289 2995 4324 cum
3041 4275 3355 4331 ascendisset
3407 4281 3567 4336 turba
3594 4320 3608 4343 .
3641 4282 3777 4347 coepit

2181 4367 2368 4423 rogare
2397 4357 2527 4409 sicut
2569 4375 2769 4429 semper
2802 4365 3023 4432 faciebat
3062 4367 3190 4421 illis.
3230 4367 3436 4426 Pilatus
3485 4384 3670 4428 autent
3700 4390 3774 4426 re-

2179 4448 2392 4514 spondit
2423 4453 2524 4512 eis,
2558 4461 2608 4504 et
2637 4453 2787 4508 dixit.
2823 4456 2921 4510 Hic
2961 4458 3117 4512 adest
3165 4460 3394 4518 Samson
3418 4507 3433 4530 ,
3471 4464 3534 4520 id
3573 4477 3677 4532 est,
3707 4465 3776 4519 sol

2179 4547 2397 4596 eorum:
2445 4547 2642 4614 quibus
2682 4550 2938 4605 occubuit
2991 4554 3074 4608 sol
3133 4555 3187 4610 in
3252 4557 3482 4614 meridie
3517 4577 3535 4612 :
3591 4559 3775 4617 Dalila.

2178 4633 2336 4687 situla
2366 4636 2752 4708 interpretatur
2781 4661 2794 4697 :
2828 4659 2949 4712 qua:
2980 4657 3062 4702 eet
3111 4662 3410 4720 synagoga,
3443 4667 3575 4720 qua:
3607 4654 3777 4714 situla:

2178 4741 2333 4782 more
2373 4731 2656 4810 limpidum
2705 4735 2972 4805 liquorem
3024 4754 3132 4794 non
3169 4751 3351 4809 tenet;
3393 4755 3447 4798 et
3481 4746 3778 4817 quisquilia

2175 4821 2456 4878 immunda
2480 4824 2721 4897 collegit.
2757 4830 2990 4887 Samson
3021 4845 3207 4890 nes-ter
3253 4838 3467 4893 maxilla
3511 4843 3670 4898 verbi
3700 4841 3778 4896 sui

2173 4911 2492 4972 innumeras
2541 4929 2790 4977 catervas
2841 4923 3155 4982 Judzeorum
3221 4939 3278 4984 ct
3322 4930 3644 4991 daemonum
3696 4936 3780 4989 hic

2173 5009 2408 5063 Sternit:
2436 5019 2491 5065 et
2524 5011 2726 5070 fontem
2768 5020 3025 5087 perennis
3062 5021 3190 5077 vitae
3237 5024 3555 5082 sitientibus
3588 5029 3776 5091 nobis,

2178 5101 2232 5155 id
2264 5111 2368 5168 est,
2399 5108 2612 5176 corpori
2644 5123 2744 5164 suo
2773 5111 3005 5179 aperiet.
3036 5113 3326 5171 Pontitices
3353 5121 3779 5178 concitaverunt

2177 5197 2386 5264 turbas,
2421 5208 2477 5254 ut
2515 5211 2763 5270 peterent
2800 5203 3123 5267 Barabbam.
3165 5218 3223 5262 et
3264 5211 3662 5278 cruciﬁgerent
3685 5214 3778 5270 Je-

2175 5301 2317 5345 sum.
2359 5292 2457 5348 Hic
2493 5294 2602 5349 duo
2645 5296 2780 5352 hirci
2823 5299 3063 5355 adsunt:
3108 5318 3248 5359 unus
3279 5305 3680 5378 ἀποπομπαίος,
3729 5308 3779 5363 id

2173 5393 2279 5450 est,
2311 5387 2690 5445 admissarius:
2720 5406 2842 5448 cum
2873 5405 3104 5463 peccato
3135 5400 3319 5468 pepuli
3354 5400 3405 5453 in
3433 5399 3669 5458 deserto
3696 5403 3779 5456 in-

2174 5477 2309 5532 terni
2342 5477 2622 5536 absolutus
2661 5484 2995 5544 dimittitur:
3023 5490 3167 5546 alter
3193 5506 3292 5562 pro
3333 5493 3583 5562 peccatis
3614 5495 3778 5552 abso-

2171 5568 2434 5639 lutorum,
2483 5582 2543 5628 ut
2577 5591 2746 5648 agnus
2779 5580 3071 5638 occiditur.
3119 5583 3254 5640 Pars
3298 5585 3516 5641 Domini
3554 5604 3780 5660 semper

2165 5675 2464 5732 mactatur;
2499 5681 2626 5736 pars
2649 5671 2881 5741 diaboli,
2905 5677 2998 5746 qui
3029 5686 3115 5731 est
3145 5679 3404 5749 magister
3438 5693 3668 5748 eorum,
3700 5682 3778 5739 ei-

2161 5754 2367 5811 frenata
2403 5758 2456 5812 in
2499 5765 2765 5818 tartarum
2799 5767 3190 5836 praecipitatur.
3222 5770 3506 5826 Subditur.

2238 5849 2406 5906 Vultis
2449 5853 2706 5911 dimittam
2750 5859 2904 5916 vobis
2945 5878 3120 5933 regem
3175 5861 3518 5921 Iudaeorum!
3552 5866 3772 5924 Scirbat
