3970 6304
289 279 382 340 657

281 401 404 456 enim
429 398 566 470 quod
606 413 698 466 per
735 377 987 456 invidiam
1025 399 1370 456 tradidissent
1400 415 1516 456 eum
1547 401 1735 456 summi
1770 417 1856 454 sa-
1887 401 1932 460 Α
1961 399 2100 471 ejus.
2177 401 2310 456 Dum
2397 401 2642 470 legerent.
2689 420 2704 460 :

281 492 516 548 cerdotes.
561 491 844 562 Pontiﬁces
879 501 1056 548 autent
1098 497 1486 549 concitaverunt
1527 493 1756 556 turbam,
1799 503 1857 548 ut

275 584 428 655 magis
451 583 746 640 Barabbam
775 585 1056 642 dimitteret
1089 587 1183 642 eis.
1220 584 1434 640 Pilatus
1462 596 1632 640 autem
1665 588 1857 640 iterum

271 678 598 746 respondens,
654 678 728 734 ait
769 677 884 734 illis
916 696 935 734 :
970 679 1110 746 Quid
1149 695 1270 751 ergo
1307 680 1463 734 vultis
1505 679 1698 748 faciam
1743 679 1856 750 regi

263 767 608 824 Judatorum?
653 769 720 824 At
775 769 856 826 illi
903 771 1095 826 iterum
1144 770 1544 826 clamauerunt:
1595 771 1856 840 Cruci/iga

261 879 396 916 eum.
427 860 636 916 Pilatus
659 878 776 916 vero
805 862 1012 918 dicebat
1043 863 1152 918 illis
1175 880 1194 918 :
1217 864 1356 929 Quid
1383 865 1520 918 enim
1552 865 1676 918 mali
1700 865 1857 934 fecit?

265 953 326 1007 At
354 953 430 1006 illi
463 955 628 1024 magis
663 955 958 1010 clamabant
986 972 1004 1009 :
1035 953 1298 1028 Cruci/iga
1334 973 1472 1010 eum.
1505 953 1716 1010 Pilatus
1751 973 1849 1010 au-

265 1058 381 1113 tem,
439 1048 616 1103 volens
660 1047 856 1119 populo
888 1050 1222 1120 satisfacere,
1255 1050 1452 1106 dimisit
1495 1051 1602 1104 illis
1645 1049 1850 1106 Barab—

265 1143 390 1204 bant,
421 1150 472 1196 et
499 1142 723 1196 tradidit
752 1142 823 1196 eis
852 1141 1060 1208 Jcsum,
1087 1141 1316 1215 ﬂagellis
1346 1159 1553 1210 ctesum,
1587 1152 1644 1198 ut
1676 1144 1850 1197 cruci-

263 1236 517 1304 ﬁgeretur.
543 1234 742 1292 Milites
773 1243 945 1292 autem
972 1237 1242 1290 duxerunt
1273 1253 1387 1292 eum
1409 1238 1548 1290 intro
1574 1237 1630 1292 iu
1655 1237 1850 1294 atrium

263 1328 504 1396 prtetorii,
531 1337 580 1382 et
599 1338 886 1384 couvocant
914 1337 1078 1386 totam
1103 1329 1388 1396 cohortem,
1418 1339 1464 1384 et
1492 1330 1712 1384 induunt
1733 1345 1851 1384 eum

263 1437 508 1488 purpura,
531 1433 578 1476 et
605 1422 874 1494 imponunt
891 1423 960 1490 ei,
979 1423 1283 1487 plectentcs,
1305 1424 1540 1492 spineam
1563 1436 1846 1476 coronant:

263 1525 304 1566 et
333 1526 584 1581 ceperunt
605 1517 835 1572 salutare
856 1533 994 1586 eum,
1020 1517 1142 1583 Ave,
1175 1533 1270 1572 rex
1289 1513 1637 1571 Iudaeorum!
1660 1524 1706 1568 et
1731 1529 1849 1586 per-

267 1610 506 1664 cutiebaut
527 1619 686 1682 caput
715 1615 826 1686 ejus
859 1612 1140 1678 arundine,
1175 1621 1221 1666 et
1249 1609 1606 1682 conspuebant
1627 1625 1768 1676 eum,
1797 1619 1848 1664 et

269 1714 493 1772 ponentes
519 1720 714 1772 genua,
746 1705 1046 1758 adorabunt
1074 1719 1212 1760 eum.
1251 1703 1317 1758 Et
1355 1711 1628 1774 postquam
1667 1702 1846 1756 illuse-

874 277 1424 338 COMMENTARIUS
1463 279 1530 336 IN
1571 278 2030 340 EV'ANGEL‘IUM
2073 278 2220 340 SEC.
2267 282 2580 341 MARCUM.
2628 282 2781 342 CAP.
2825 285 2945 342 XV.

3457 283 3566 344 6-58

2801 403 3123 460 maledictus
3207 403 3382 458 omnis
3471 405 3562 473 qui

1963 493 2163 564 pendet
2217 495 2269 550 in
2327 493 2508 562 ligno:
2539 495 2714 552 factus
2765 505 2850 552 est
2903 497 3250 560 maledictus,
3297 507 3354 552 ut
3399 497 3561 552 tolle-

1961 596 2046 640 ret
2109 585 2480 644 maledictum.
2541 587 2727 644 Simon
2800 589 2892 659 qui
2957 599 3136 659 portat
3205 604 3425 644 crucem
3503 590 3561 646 in

1958 679 2226 748 angaria:
2270 681 2385 750 ipse
2429 688 2516 734 est
2557 681 2650 750 qui
2704 681 2918 736 laborat
2960 698 3058 750 pro
3090 681 3250 736 laude
3295 682 3556 738 humana.

1957 769 2176 841 Cogunt
2214 787 2336 826 eum
2383 771 2634 828 homines
2676 771 2802 828 huic
2833 773 3030 840 labori,
3065 789 3226 844 quem
3272 788 3380 830 non
3417 775 3566 844 cogit

1960 865 2126 922 timor
2168 877 2222 920 et
2249 865 2472 924 dilectio
2507 867 2620 920 Dei.
2664 867 2780 936 Ipsa
2819 868 3032 938 species
3065 869 3264 934 crucis,
3301 867 3430 938 quid
3473 877 3561 922 est

1961 959 2064 1014 nisi
2109 958 2280 1014 forma
2319 961 2582 1027 quadrata
2628 959 2850 1014 mundi?
2881 960 3078 1016 Oriens
3107 960 3178 1016 de
3208 960 3416 1016 vertice
3457 959 3560 1014 ful-

1955 1066 2114 1120 gens,
2135 1051 2342 1105 Arcton
2369 1049 2570 1105 dextra
2595 1060 2748 1106 tenet
2777 1069 2788 1104 :
2818 1052 3014 1106 Auster
3036 1051 3088 1106 in
3124 1051 3240 1106 leva
3265 1050 3555 1108 consistit:

1955 1147 2228 1204 Occidens
2275 1147 2376 1202 sub
2409 1149 2612 1216 plantis
2645 1149 2915 1202 ﬁrmatur.
2948 1147 3104 1222 Unde
3143 1147 3438 1218 Apostolus
3467 1147 3554 1204 di-

1955 1241 2070 1296 cit:
2124 1239 2190 1294 Ut
2239 1240 2499 1304 sciamus,
2533 1255 2654 1309 qute
2702 1240 2774 1294 sit
2821 1239 3078 1300 altitudo.
3127 1251 3182 1296 et
3211 1240 3458 1307 latitudo,
3501 1251 3557 1296 et

1955 1331 2265 1402 longitudo,
2311 1341 2366 1386 et
2407 1332 2758 1402 profundum.
2809 1331 2974 1396 Aves,
3005 1333 3224 1402 quando
3253 1333 3442 1388 volant
3482 1333 3551 1390 ad

1955 1423 2180 1488 mthcra,
2207 1423 2439 1480 formam
2462 1425 2640 1478 crucis
2669 1433 2994 1480 assmnunt:
3033 1425 3196 1478 homo
3227 1434 3424 1480 natans
3454 1441 3552 1496 per

1954 1531 2149 1586 aquas,
2183 1515 2272 1572 vel
2309 1530 2496 1584 orans,
2529 1515 2706 1572 forma
2737 1515 2920 1572 crucis
2958 1516 3204 1572 vehitur.
3245 1515 3408 1572 Navis
3457 1533 3555 1588 per

1959 1608 2164 1674 maria,
2207 1618 2442 1664 antenna
2491 1609 2642 1664 cruci
2691 1608 2928 1664 similata
2955 1609 3226 1664 sulﬁatur.
3261 1609 3304 1664 Τ
3343 1607 3550 1678 littera,

1950 1703 2160 1772 signum
2207 1701 2400 1758 salutis
2430 1709 2484 1756 et
2523 1701 2702 1757 crucis
2739 1700 3094 1756 describitur.
3137 1703 3202 1756 Et
3249 1701 3551 1772 perducunt

271 1803 374 1850 tll'tl
408 1796 472 1854 ei.
509 1805 764 1852 exuerunt
820 1795 974 1851 illuni
1019 1811 1293 1869 purpura:
1329 1804 1378 1850 et
1410 1795 1690 1848 induerunt
1728 1803 1849 1848 eum
1879 1799 1921 1860 Β
1953 1808 2076 1848 eum
2132 1793 2186 1848 in
2245 1791 2541 1862 Golgotba,
2608 1793 2752 1863 quod
2821 1794 3216 1862 interpretatur
3275 1791 3547 1850 Calvaria.

272 1889 560 1946 restituentis
573 1889 704 1945 suis.
725 1887 793 1944 Et
809 1890 1035 1946 educunt
1051 1890 1228 1954 illum,
1251 1897 1302 1944 ut
1322 1885 1684 1957 cruciﬁgereut
1704 1899 1844 1940 eum.

275 1979 446 2036 Multas
481 1983 800 2036 occasiones
832 1980 988 2037 dedit
1018 1980 1245 2050 Pilatus,
1291 1977 1562 2036 liberandi
1598 1975 1844 2032 salvato—

277 2087 394 2128 rem.
433 2053 614 2130 Prim'o
665 2074 958 2132 conferens
1001 2073 1296 2136 latronem,
1337 2069 1538 2126 deinde
1579 2068 1842 2135 inferens,

279 2163 395 2231 Quid
433 2181 562 2236 ergo
603 2166 766 2222 vultis
818 2166 1008 2222 iaciam
1057 2165 1172 2237 regi
1206 2160 1562 2220 Judmoruml
1600 2160 1845 2230 Cumque

279 2259 692 2330 respondissent,
735 2259 1089 2330 cruciﬁgalur
1119 2277 1130 2314 :
1165 2275 1272 2314 non
1313 2256 1498 2312 statim
1523 2253 1796 2325 acquievit
1827 2272 1840 2310 :

281 2351 356 2406 ted
375 2351 666 2408 secundum
691 2353 1098 2423 suggestionem
1119 2351 1326 2420 uxoris,
1351 2365 1471 2420 qua:
1495 2347 1846 2404 mandaverat

287 2447 344 2510 ei,
363 2455 412 2500 ut
433 2447 714 2500 Muttlueus
736 2445 877 2502 dixit
901 2463 914 2502 :
938 2445 1084 2502 Nihil
1111 2445 1208 2500 tibi
1231 2453 1284 2498 et
1305 2444 1457 2513 justo
1478 2442 1555 2520 illi
1585 2460 1596 2496 :
1621 2457 1846 2511 respon-

285 2535 362 2602 dit,
388 2537 522 2606 Quid
551 2539 694 2594 enim
727 2539 854 2596 mali
885 2539 1050 2594 fecit?
1079 2539 1222 2609 quod
1253 2535 1504 2596 dicendo,
1534 2533 1718 2592 Jesum
1749 2533 1844 2590 al)-

280 2629 428 2684 solvit.
445 2631 642 2690 Milites
665 2633 895 2688 induunt
919 2649 1046 2688 eum
1073 2647 1337 2704 purpura,
1355 2639 1462 2686 etc.
1487 2625 1843 2684 Vestimentis

279 2725 370 2780 suis
403 2727 656 2793 nudatur,
702 2727 754 2784 id
795 2735 899 2792 est,
931 2727 1160 2786 Iudaeis.
1191 2725 1434 2795 Purpura
1478 2722 1746 2786 induitur,
1785 2720 1842 2775 id

272 2827 356 2878 est.
375 2817 562 2888 gentili
595 2818 864 2888 Ecclesia,
891 2835 1012 2889 qua:
1040 2819 1108 2874 de
1139 2817 1384 2886 scopulis
1418 2815 1584 2870 maris
1615 2823 1700 2868 est
1721 2811 1844 2866 col-

265 2907 399 2964 lecta.
435 2909 570 2964 Item
593 2925 658 2966 ea
685 2909 1096 2966 scandalizante
1125 2916 1324 2964 exutus
1353 2908 1408 2962 in
1439 2907 1546 2962 line
1572 2923 1582 2957 :
1616 2903 1842 2960 Judaica

257 3019 460 3057 rursum
501 3003 748 3058 induitur
777 3003 964 3072 plebe.
997 3003 1132 3056 Cum
1173 3003 1318 3056 enim
1355 2999 1638 3055 intraverit
1667 2996 1842 3068 pleni-

255 3099 366 3152 tudo
393 3097 668 3166 geutium,
694 3105 823 3152 tunc
861 3100 1044 3152 omnis
1072 3096 1244 3152 Israel
1274 3095 1460 3150 salvus
1489 3094 1616 3150 erit.
1657 3094 1724 3148 Et
1749 3091 1845 3146 ad-

1951 1887 2196 1944 Tradunt
2229 1887 2428 1953 Judaei,
2463 1887 2680 1957 quando
2709 1887 2762 1940 in
2793 1885 2898 1940 hoc
2924 1887 3123 1942 montis
3149 1886 3270 1942 loco
3303 1886 3550 1944 immola-

1950 1989 2035 2036 tus
2087 1989 2172 2038 est
2219 1979 2367 2035 aries
2411 1993 2510 2048 pro
2555 1977 2726 2044 Isaac,
2761 1986 2818 2032 ut
2849 1977 2922 2032 ibi
2969 1976 3296 2046 decolletur,
3339 1977 3394 2034 id
3441 1987 3549 2044 est,

1947 2072 2200 2128 Christus
2243 2085 2276 2128 a
2304 2085 2472 2128 carne
2518 2085 2644 2137 sua,
2675 2069 2886 2126 carnali
2915 2068 3173 2124 videlicet
3217 2067 3408 2126 Iudaea
3453 2083 3544 2125 se-

1947 2173 2191 2238 paretur.

2017 2255 2088 2312 Et
2115 2255 2312 2310 dabant
2340 2256 2388 2310 ei
2417 2253 2584 2310 bibere
2613 2254 2940 2328 myrrltatum
2971 2255 3172 2324 vinum,
3198 2263 3248 2310 et
3274 2269 3376 2308 non
3403 2270 3550 2310 acre-

1946 2349 2044 2424 pit.
2079 2348 2144 2402 Et
2175 2347 2533 2418 cruciﬁgentes
2559 2363 2698 2402 eum.
2733 2345 2845 2402 [loc
2885 2357 3042 2402 aceto
3083 2360 3280 2400 succus
3329 2345 3547 2402 lethalis

1947 2439 2096 2512 pomi
2121 2439 2474 2510 abstergitur.
2499 2437 2566 2494 Et
2588 2453 2698 2492 non
2720 2438 2951 2508 accepit,
2979 2436 3034 2492 id
3063 2451 3161 2508 pro
3181 2453 3289 2508 quo
3321 2439 3542 2506 patitur.

1949 2531 2106 2590 Unde
2138 2531 2206 2588 de
2233 2545 2298 2585 eo
2325 2529 2529 2585 dicitur
2559 2545 2576 2584 :
2609 2529 2739 2596 Qua:
2769 2545 2875 2584 non
2905 2529 3096 2602 rapui,
3144 2539 3275 2584 tunc
3303 2531 3549 2586 exsolve-

1947 2625 2094 2680 bam.
2125 2623 2194 2678 Et
2223 2621 2550 2694 cruciﬁgunt
2574 2637 2721 2676 eum.
2760 2621 2859 2676 llic
2889 2620 3070 2692 ﬁgitur
3099 2621 3248 2676 salus
3279 2621 3333 2676 in
3363 2621 3508 2694 ligno
3531 2663 3547 2686 ,

1945 2716 2091 2786 ligno
2115 2717 2290 2784 primo
2310 2714 2478 2770 inﬁxa
2501 2724 2584 2770 est
2605 2729 2772 2770 mors.
2805 2716 3029 2786 Lignum
3058 2715 3312 2786 primum,
3341 2716 3548 2786 lignum

1944 2807 2193 2862 scientiae
2225 2806 2358 2861 boni
2387 2815 2442 2861 et
2471 2807 2598 2861 mali
2629 2815 2731 2862 est.
2767 2805 2838 2860 Et
2864 2807 3164 2862 secundum
3196 2807 3393 2877 lignum
3418 2807 3547 2864 boni

1949 2911 2154 2952 tantum
2187 2897 2346 2953 nobis
2373 2938 2388 2962 ,
2432 2908 2487 2952 et
2522 2897 2648 2952 vita:
2683 2898 2886 2968 lignum
2919 2909 3024 2954 est.
3056 2899 3318 2954 Extensio
3351 2917 3546 2958 tuanus

1945 2994 2135 3066 priora:
2175 2991 2243 3048 ad
2288 2993 2488 3064 lignum
2516 3034 2533 3060 ,
2582 3001 2814 3048 mortem
2859 2993 3222 3064 apprehendit
3254 3012 3268 3048 :
3298 2998 3546 3072 extensio

1946 3097 2123 3142 autem
2150 3085 2430 3152 secundm,
2459 3086 2624 3140 vitam
2655 3085 2800 3157 (qua:
2827 3088 3089 3156 perierat)
3117 3087 3346 3142 invenit.
3375 3087 3547 3160 Ligno

249 3191 448 3248 ducunt
499 3193 679 3261 illum,
718 3203 776 3247 ut
827 3191 1210 3260 cruciﬁgercut
1257 3205 1408 3246 eum.
1451 3189 1547 3244 Hic
1595 3187 1844 3244 educitur
1871 3194 1916 3257 (ζ
1950 3181 2054 3235 hoc
2087 3179 2336 3235 vehimur
2365 3194 2461 3250 per
2489 3193 2642 3233 mare
2687 3175 2956 3232 undosum
3001 3179 3069 3233 ad
3120 3187 3321 3234 terram
3354 3181 3544 3236 ViVen-

253 3283 362 3338 Abel
409 3284 472 3338 in
525 3299 717 3353 agrum
769 3299 802 3340 a
845 3283 1036 3346 fratre,
1069 3289 1131 3336 ut
1175 3281 1510 3352 perimatur:
1547 3279 1646 3334 liic
1683 3279 1844 3336 adest

247 3379 378 3435 Isaac
397 3397 532 3436 cum
573 3381 754 3450 lignis,
783 3391 837 3436 et
871 3377 1146 3434 Abraham
1176 3391 1300 3432 cum
1325 3376 1498 3430 ariete
1535 3374 1587 3428 in
1619 3373 1838 3432 Sabech
1931 3415 1934 3422 .

241 3471 508 3528 haerente.
555 3471 650 3528 Hic
693 3472 850 3528 adest
883 3469 1088 3540 Joseph
1123 3479 1248 3524 eum
1286 3469 1430 3522 l'asce
1461 3467 1670 3536 gremio
1697 3480 1842 3520 som-

227 3571 402 3628 niato.
459 3575 522 3622 et.
579 3566 760 3620 tunica
822 3565 979 3620 talari
1039 3563 1306 3634 sanguine
1361 3562 1478 3616 lita.
1535 3559 1634 3614 llic
1686 3559 1842 3612 adest

225 3659 454 3730 Moyses
501 3673 627 3713 cum
659 3659 830 3727 virga,
870 3665 926 3710 et.
965 3663 1222 3724 serpente
1259 3666 1530 3722 suSpenso
1567 3650 1620 3704 in
1665 3651 1838 3720 ligno.

227 3753 328 3808 llic
377 3753 546 3808 adest
589 3753 782 3806 hotrus
813 3752 864 3806 in
906 3750 1056 3820 ligno
1095 3755 1364 3820 portatus.
1396 3747 1494 3801 llic
1533 3745 1692 3798 adest
1733 3743 1841 3798 lili-

225 3860 378 3900 satus
406 3859 538 3898 cum
563 3843 710 3914 ligno
737 3843 804 3898 ad
836 3841 1186 3912 quaerendam
1214 3839 1472 3904 securim,
1503 3853 1622 3907 qua:
1645 3835 1702 3888 in
1734 3836 1838 3888 ima

227 3937 490 3992 demersa
523 3947 630 4001 est,
657 3945 714 3990 et
742 3935 954 3988 natavit
975 3933 1040 3986 ad
1071 3933 1298 3998 lignum,
1328 3930 1510 3996 idest,
1536 3943 1706 3999 genus
1737 3927 1834 3982 hu-

237 4043 509 4082 tnanunn:
555 4027 700 4096 quod
745 4043 770 4078 a
817 4025 972 4094 ligno
1013 4024 1182 4078 vetito
1213 4025 1266 4078 in
1309 4021 1580 4078 infernum
1620 4019 1836 4082 cecidit,

239 4135 334 4188 per
365 4121 574 4190 lignum
611 4120 791 4175 crucis
819 4118 1048 4180 Christi,
1081 4127 1133 4172 et
1175 4133 1270 4184 per
1307 4115 1634 4187 baptismum
1678 4109 1838 4186 aqute

245 4213 308 4266 ad
333 4213 644 4282 paradisqu
676 4211 900 4266 natavit.
935 4211 1035 4264 llic
1057 4209 1212 4264 adest
1234 4209 1422 4274 Jonas,
1449 4208 1516 4264 de
1541 4208 1688 4278 ligno
1713 4223 1836 4264 sor-

250 4304 314 4360 tis
339 4307 390 4362 in
419 4323 594 4374 mare,
623 4309 674 4362 in
704 4319 1060 4376 ventremque
1088 4305 1200 4360 ceti
1231 4305 1408 4360 triduo
1435 4305 1656 4360 missus.

319 4399 382 4454 Et
428 4381 841 4472 angariaverulut
890 4409 1280 4472 prwtercuntem
1324 4399 1623 4468 quempiam
1655 4397 1834 4452 Simo-

254 4507 362 4545 nem
387 4491 710 4564 Cyrcnwum,
737 4493 1020 4548 venientem
1051 4493 1115 4546 de
1139 4491 1286 4558 tilla,
1316 4504 1518 4564 patrem
1549 4491 1834 4546 Alexandri

1949 3276 2104 3330 tium.

2019 3366 2321 3422 Dioiserunt
2349 3367 2645 3422 vestimenta
2673 3369 2785 3446 ejus
2810 3408 2824 3432 ,
2873 3367 3136 3422 mittentes
3171 3379 3363 3424 sortem
3391 3386 3545 3440 super

1945 3463 2066 3517 eis:
2108 3464 2226 3533 quis
2265 3461 2405 3532 quod
2447 3461 2674 3516 tolleret.
2727 3461 3060 3517 Vestimenta
3113 3461 3373 3530 Domini,
3426 3463 3544 3532 ejus

1947 3556 2196 3610 mandata
2229 3567 2350 3609 sunt
2378 3597 2393 3621 ,
2425 3557 2620 3626 quibus
2650 3555 2850 3626 tegitur
2878 3572 3075 3626 corpus
3101 3556 3219 3626 ejus
3240 3598 3254 3622 ,
3287 3555 3430 3628 quod
3460 3567 3545 3612 est

1946 3647 2188 3702 Ecclesia
2211 3690 2225 3714 ,
2257 3663 2378 3717 qua:
2408 3647 2726 3703 dividuntur
2753 3649 2894 3703 inter
2921 3649 3120 3704 milites
3149 3649 3389 3720 gentium
3423 3695 3438 3720 ,
3487 3659 3545 3706 ut

1945 3739 2054 3796 sint
2081 3750 2312 3810 quatuor
2341 3741 2566 3796 ordines
2597 3757 2717 3796 cum
2753 3759 2852 3796 una
2885 3743 3012 3810 ﬁde,
3047 3743 3098 3796 id
3126 3753 3206 3798 est
3225 3787 3240 3808 ,
3267 3743 3539 3814 conjugati

1943 3846 1998 3890 ct
2036 3833 2240 3890 viduali
2267 3876 2282 3900 ,
2333 3835 2606 3904 prrcpositi
2652 3845 2708 3889 ct
2747 3836 3043 3904 separati:
3090 3837 3267 3889 sortiti
3300 3837 3538 3890 tunicam

1943 3933 2230 3988 indivisam
2256 3974 2272 3998 ,
2326 3949 2447 3996 qua:
2487 3939 2572 3988 est
2610 3947 2710 4000 pax
2742 3941 2796 3988 et
2828 3932 3009 3986 unitas
3033 3972 3049 3998 ,
3097 3929 3442 3986 inconsutilis
3483 3933 3536 3987 in

1941 4029 2159 4081 modum
2187 4026 2372 4080 annuli
2409 4025 2628 4096 regalis.

2015 4122 2144 4176 Erat
2174 4133 2348 4176 autem
2375 4120 2507 4176 liora
2534 4123 2690 4175 tertia
2713 4163 2728 4188 ,
2774 4131 2824 4174 et
2853 4121 3226 4190 cruci/inserunt
3257 4136 3390 4174 eum.
3427 4119 3542 4174 Hoc

1941 4230 2072 4270 vere
2119 4227 2174 4270 et
2219 4217 2437 4284 proprie
2480 4214 2694 4270 Marcus
2725 4214 2904 4268 intulit
2954 4231 2968 4268 :
3021 4231 3142 4268 nam
3199 4225 3352 4268 sexta
3403 4215 3534 4268 hora

1943 4309 2182 4364 tenebrm
2213 4307 2558 4362 sull'uderunt
2589 4316 2788 4361 terram
2817 4348 2832 4372 ,
2875 4315 2934 4360 ttt
2973 4321 3080 4360 non
3121 4307 3243 4374 quis
3275 4305 3542 4375 potuisset.

1943 4417 2162 4456 movere
2206 4411 2386 4471 caput.
2429 4399 2477 4456 Α
2516 4400 2794 4456 tricesimo
2839 4414 3072 4466 namque
3117 4397 3297 4453 fructu
3327 4397 3539 4453 Marcus

1939 4495 2182 4551 ascendit
2209 4495 2276 4548 ad
2301 4493 2690 4558 centesimum,
2725 4491 2776 4546 id
2801 4501 2914 4554 est,
2947 4505 2978 4544 a
3007 4487 3162 4545 tertia
3193 4489 3326 4544 hora
3351 4489 3533 4544 crucis

252 4595 294 4636 et
327 4585 459 4656 Ruﬁ,
489 4587 770 4642 attolleret
795 4603 998 4640 crucem
1028 4587 1160 4656 ejus.
1193 4584 1256 4638 Et
1297 4583 1586 4656 perducunt
1613 4585 1762 4638 illum
1781 4584 1834 4638 iu
1868 4594 1918 4654 Ι)
1945 4604 2116 4658 usque
2151 4587 2217 4642 ad
2251 4587 2468 4644 tertiam
2501 4584 2926 4644 resurrectionis
2957 4594 3080 4654 post
3113 4593 3223 4638 tres
3250 4583 3389 4640 dies.
3420 4581 3541 4637 'l‘ri-

251 4675 502 4750 Golgotlta
552 4681 748 4746 locum,
801 4679 944 4751 quod
994 4689 1066 4736 est
1117 4679 1530 4746 interpretatum,
1581 4676 1834 4732 Calvaria:

250 4769 406 4826 locus.
457 4773 558 4828 Alii
596 4790 693 4841 per
732 4774 924 4826 merita
971 4781 1186 4841 patrum
1222 4785 1448 4824 suorum
1498 4785 1834 4825 commemo-

251 4871 432 4918 rantur
459 4883 470 4918 :
506 4863 598 4918 alii
633 4879 730 4934 per
760 4865 956 4924 merita
981 4863 1219 4918 ﬁliorum
1251 4877 1494 4917 suorum.
1531 4863 1628 4918 llic
1649 4873 1831 4918 autem

246 4951 452 5020 Simon,
481 4958 572 5026 qui
613 4971 830 5012 crucem
869 4957 922 5010 in
951 4957 1178 5026 auguria
1215 4963 1416 5026 portat,
1453 4955 1664 5010 meritis
1689 4955 1832 5022 lilio-

247 5059 359 5102 rum
397 5063 648 5114 suorum,
689 5049 778 5120 qui
831 5057 991 5103 erant
1031 5045 1308 5116 discipuli,
1344 5059 1829 5104 commemoratur.

247 5135 344 5193 Per
375 5141 472 5196 hoc
509 5157 608 5196 nos
643 5143 697 5196 in
736 5145 992 5210 prmsenti
1021 5145 1131 5196 vita
1159 5141 1540 5208 admonemur,
1577 5149 1834 5211 parentes

245 5231 479 5302 adjuvari
523 5251 622 5305 per
653 5243 902 5290 natorum
937 5251 1161 5290 suorum
1197 5235 1542 5306 sapientiora,
1578 5247 1628 5290 ut
1660 5251 1832 5306 popu-

249 5323 326 5384 lus
353 5329 629 5392 Judaicus.
675 5341 897 5400 propter
937 5333 1394 5398 patriarcharum,
1438 5342 1493 5386 et
1529 5331 1827 5403 propheta-

245 5433 378 5482 rum.
403 5435 456 5477 et
498 5423 874 5494 apostolorum
918 5428 1131 5490 merita,
1172 5441 1388 5496 semper
1430 5441 1832 5482 commemora-

251 5517 350 5567 tur.
399 5514 478 5572 Dc
525 5517 887 5572 amaritudine
937 5519 1083 5572 enim
1137 5519 1334 5573 radicis
1380 5520 1553 5594 surgit
1596 5519 1830 5576 dulcedo

253 5607 416 5666 olivae.
449 5609 604 5668 Unde
637 5629 732 5682 per
757 5611 1058 5668 Jeremiam
1085 5613 1150 5667 ad
1176 5613 1418 5670 Judaeum
1445 5613 1650 5669 dicitur
1677 5635 1688 5669 ε
1719 5615 1830 5668 0ιὶ-

255 5713 362 5756 vam
384 5703 625 5768 uberem,
659 5703 965 5772 pulchram,
997 5703 1354 5769 fructiferam,
1385 5707 1692 5775 speciosam
1727 5724 1818 5763 vo-

255 5795 380 5852 cavit
427 5797 688 5856 Dominus
732 5813 930 5856 nomen
989 5811 1160 5858 tuum.
1211 5799 1280 5856 Ut
1329 5800 1544 5858 tolleret
1588 5815 1806 5858 crucem

1942 4682 2178 4738 cesimus
2211 4681 2418 4736 fructus
2445 4719 2460 4744 ,
2502 4689 2588 4736 est
2619 4681 2671 4734 in
2700 4693 2866 4734 cruce
2893 4694 2908 4731 :
2937 4675 3311 4750 sexagesimus
3359 4675 3410 4730 in
3456 4675 3538 4729 in-

1942 4777 2100 4831 ferno
2127 4791 2142 4829 :
2172 4773 2508 4830 centesimus
2538 4773 2592 4827 in
2625 4771 2904 4844 paradiso.

2011 4867 2082 4922 Et
2113 4878 2221 4922 erat
2249 4867 2430 4922 titulus
2460 4883 2634 4922 causa
2659 4871 2772 4941 ejus
2799 4869 3087 4938 inscriptus
3106 4907 3124 4934 ,
3174 4865 3284 4920 Rea;
3318 4863 3536 4920 Iudico-

1939 4981 2078 5018 rum.
2105 4963 2260 5031 Quod
2286 4965 2340 5019 in
2366 4964 2540 5020 titulis
2562 4975 2891 5036 praenotatur
2913 4966 3270 5028 Psalmorum,
3299 4963 3350 5016 in
3375 4959 3538 5016 linem

1944 5073 2012 5112 ne
2033 5073 2370 5127 corrumpas.
2393 5057 2460 5112 Et
2480 5057 2582 5112 hoc
2605 5059 2775 5114 tribus
2797 5059 3026 5128 linguis:
3049 5056 3274 5110 Musca
3296 5055 3530 5110 inuam:

1943 5152 2188 5212 Βασιλεὺς
2230 5151 2600 5225 ἐξομολοογητῶν
2643 5167 2660 5204 :
2709 5149 2822 5206 Rea:
2869 5149 3244 5220 conﬁtentium.
3288 5147 3382 5204 ιιω
3429 5159 3538 5204 tres

1937 5241 2136 5312 lingua:
2160 5286 2175 5310 ,
2223 5241 2275 5296 in
2319 5244 2497 5297 crucis
2527 5241 2682 5296 titulo
2711 5242 3022 5311 conjunctae
3059 5247 3224 5306 sunt,
3274 5249 3334 5294 ut
3359 5241 3536 5295 omnis

1941 5337 2122 5406 lingua
2153 5347 2550 5392 commemoret
2579 5337 2859 5408 perﬁdiam
2887 5333 3222 5389 Judazorum.

2012 5427 2078 5482 Et
2104 5447 2218 5482 cum
2236 5445 2294 5483 eo
2320 5429 2631 5500 cruciﬁguut
2655 5427 2786 5480 duos
2809 5425 3037 5481 latrones
3053 5444 3070 5481 .'
3091 5443 3252 5482 unum
3268 5445 3300 5482 a
3316 5427 3530 5494 dextris,

1937 5533 1983 5576 et
2031 5523 2194 5576 alium
2221 5541 2252 5574 a
2275 5524 2502 5576 sinistris
2528 5527 2658 5594 ejus.
2708 5517 2778 5574 Et
2807 5521 3016 5594 impleta
3039 5533 3113 5576 est
3137 5525 3394 5594 scriptura
3422 5537 3537 5592 quae

1939 5615 2060 5670 dicit
2091 5631 2107 5667 :
2135 5615 2204 5668 Et
2233 5633 2350 5670 cum
2377 5615 2566 5686 iniquis
2595 5621 2865 5683 reputatus
2905 5623 3000 5669 est.
3050 5613 3118 5668 Et
3162 5623 3529 5684 prceterenntes

1937 5709 2356 5783 blasphemabant
2382 5725 2520 5774 eum,
2551 5717 2808 5762 moventes
2839 5709 3013 5778 capita
3036 5724 3154 5772 sua,
3187 5717 3234 5760 et
3263 5707 3528 5762 dicentes:

1943 5801 2087 5874 Vah,
2117 5805 2204 5874 qui
2227 5801 2442 5858 destruit
2468 5799 2747 5872 templum,
2779 5811 2824 5856 et
2849 5801 2902 5854 iu
2929 5799 3086 5857 tribus
3117 5799 3299 5856 diebus
3329 5799 3512 5856 recedi-
