3970 6304
409 280 517 341 6'59

1429 283 1486 341 S.
1530 282 1915 342 IllERONYMl
1951 281 2239 342 OPERUM
2277 280 2642 344 bIANTISSA.

3596 294 3726 355 640

412 400 559 469 ﬁcat.
591 398 809 456 Salvum
835 402 919 472 {ac
945 402 1186 472 teipsttm,
1220 398 1533 456 descendens
1559 401 1622 455 de
1647 418 1816 456 cruce.
1847 400 2009 457 Simi-
2034 407 2082 467 Α
2112 400 2166 455 in
2199 414 2292 456 eas
2310 442 2325 467 ,
2354 400 2657 458 conﬁtebor
2684 402 2917 460 Domino
2943 421 2956 459 :
2985 418 3108 460 eum
3141 404 3248 461 ima
3275 418 3410 463 voce
3430 452 3444 477 ,
3478 406 3564 464 vel
3594 411 3731 466 sine

411 494 529 549 liter
556 503 605 549 et
628 496 812 548 summi
852 494 1142 548 sacerdotes
1168 535 1183 558 ,
1232 491 1509 549 illudentes
1546 494 1616 548 ad
1655 493 1965 549 alterutrum
1988 535 2004 562 ,

411 602 530 640 cum
559 586 743 641 scribis
767 587 1045 641 dicebant:
1073 586 1220 641 Alios
1246 587 1418 642 salvos
1446 588 1607 658 fecit,
1650 589 1875 660 seipsum
1904 604 2009 642 non

412 687 583 749 potest
625 678 824 732 salvum
873 679 1062 750 facere.
1110 678 1345 733 Christus
1384 696 1477 733 rea:
1513 678 1686 735 Israel
1734 680 2010 735 descendat

413 788 551 826 nunc
586 772 649 826 de
677 788 858 839 cruce,
894 781 950 826 ut
978 772 1247 828 videamus
1272 782 1322 828 et
1350 774 1640 828 credamus.
1679 772 1748 827 Et
1777 774 1865 844 qui
1890 789 2008 827 cum

412 882 473 921 eo
503 864 744 936 cruciﬁxi
784 877 933 921 erant
956 908 973 931 ,
1022 867 1442 923 conviciabantur
1478 868 1547 922 ei.
1597 866 1662 920 Et
1688 870 1846 938 {facta
1876 868 2008 921 hora

412 968 561 1014 sexta
587 1002 602 1025 ,
649 959 870 1014 tenebra:
909 964 1063 1031 factm
1090 970 1207 1014 sunt
1236 976 1328 1032 per
1357 968 1518 1013 totam
1548 968 1743 1014 terram
1772 978 1927 1032 usque
1956 962 2009 1017 in

411 1053 597 1107 horam
636 1071 850 1108 nonam.
881 1054 1017 1109 Cum
1050 1055 1248 1125 iniquis
1277 1055 1481 1110 veritas
1511 1054 1764 1123 deputata
1796 1073 1808 1109 :
1840 1072 2004 1111 unum

410 1146 636 1217 reliquit
666 1148 970 1215 sinistrum,
1006 1148 1241 1203 alterum
1275 1147 1506 1203 assumit
1534 1148 1786 1204 dextrum
1821 1167 1833 1202 :
1866 1151 2009 1205 sicut

416 1240 471 1294 in
503 1238 592 1294 die
628 1238 821 1309 judicii
865 1240 1024 1296 faciet
1052 1257 1065 1293 :
1096 1254 1164 1295 ex
1195 1238 1359 1294 simili
1399 1239 1629 1295 crimine
1655 1283 1669 1306 ,
1715 1240 2007 1297 dissimiles

414 1335 716 1390 sortiuntur
757 1335 915 1391 ﬁnes.
962 1335 1117 1391 Alter
1151 1333 1425 1391 antecedit
1459 1336 1679 1392 Petrum
1711 1337 1765 1393 in
1791 1338 2008 1408 paradi-

415 1440 534 1480 sum
562 1473 577 1495 ,
630 1426 766 1481 alter
809 1424 1004 1481 Judam
1045 1426 1099 1480 in
1134 1426 1426 1482 infernum.
1465 1427 1753 1484 Confessio
1780 1429 1963 1485 brevis
1987 1473 2002 1499 ,

2109 508 2243 549 voce
2276 497 2537 551 morimur
2563 542 2579 566 ,
2619 497 2709 566 qui
2758 498 2827 553 de
2859 508 3003 555 terra
3043 515 3254 557 sumus.
3294 500 3389 557 llle
3419 516 3551 557 vero
3583 518 3723 558 cum

2110 587 2347 643 exaltata
2373 603 2518 655 _voee
2558 590 2900 661 exspiravit,
2944 593 3036 664 qui
3078 594 3148 649 de
3192 594 3333 651 caelo
3380 595 3728 652 descendit:

2110 679 2306 736 Velum
2338 683 2528 753 templi
2557 683 2864 753 scinditur,
2918 685 2972 740 id
3022 695 3146 755 est,
3197 688 3394 744 caelum
3442 690 3728 758 aperitur.

2109 770 2370 828 Centurio
2398 774 2473 827 ait
2515 791 2530 827 :
2572 775 2714 830 Vere
2742 776 2839 832 Dei
2872 775 3016 832 ﬁlius
3038 789 3181 834 erat.
3226 777 3520 835 Novissimi
3553 781 3733 851 primi

2111 879 2253 919 nunc
2284 864 2617 921 efﬁciuntur.
2648 867 2883 924 Gcntilis
2905 869 3200 925 conﬁtetur
3226 872 3461 942 populus
3486 890 3499 926 :
3524 872 3734 931 Judaz-a

2111 966 2315 1012 etecata
2346 966 2531 1029 negat,
2566 970 2625 1014 ut
2654 960 2746 1015 ﬁat
2773 962 2855 1017 eis
2884 977 3043 1017 error
3070 962 3226 1033 pejor
3252 965 3457 1035 priore.

2181 1047 2348 1103 Erant
2377 1061 2551 1105 autem
2576 1060 2627 1107 et
2655 1055 2916 1121 mulieres,
2948 1055 3015 1109 de
3039 1056 3188 1129 longe
3215 1058 3553 1127 aspicientes,
3591 1060 3738 1116 inter

2108 1159 2237 1213 quas
2265 1154 2375 1199 erat
2403 1145 2580 1202 Maria
2610 1146 2940 1220 Magdalene,
2975 1160 3025 1205 et
3056 1150 3231 1205 Maria
3258 1151 3446 1208 Jacobi
3475 1158 3727 1225 minoris,

2109 1247 2158 1290 et
2184 1236 2380 1310 Joseplt
2411 1248 2600 1307 mater,
2631 1252 2679 1295 et
2706 1242 2938 1298 Salome.
2970 1244 3039 1298 Et
3068 1262 3187 1299 cum
3216 1256 3347 1302 esset
3377 1249 3429 1301 in
3464 1247 3726 1314 Galitata,

2109 1333 2453 1400 sequebantur
2494 1351 2611 1390 eum
2639 1376 2655 1402 ,
2707 1345 2755 1390 et
2800 1338 3165 1393 ministrabant
3192 1340 3239 1394 ei
3262 1357 3282 1395 :
3311 1350 3359 1395 et
3388 1342 3513 1396 aliw
3543 1343 3736 1396 nauita

2110 1439 2227 1494 qua:
2254 1426 2412 1479 simul
2440 1443 2559 1480 cum
2588 1442 2647 1481 eo
2674 1429 3020 1485 ascenderant
3047 1429 3453 1504 Jerosotymam.
3486 1434 3562 1489 Et
3616 1453 3739 1489 cum

411 1518 579 1574 vitam
603 1519 892 1590 acquisivit
913 1519 1131 1591 longam
1157 1538 1169 1575 :
1195 1530 1249 1576 et
1278 1520 1619 1591 blasphemia
1639 1522 1815 1590 ﬁnita,
1848 1540 2008 1596 pcena
2101 1519 2218 1590 jam
2248 1535 2365 1573 δενο
2395 1530 2524 1575 esset
2552 1522 2747 1593 factum
2774 1566 2790 1590 ,
2830 1526 2955 1595 quia
2981 1534 3089 1580 erat
3114 1543 3389 1597 parasceve
3412 1569 3426 1593 ,
3470 1532 3630 1599 quod
3661 1542 3741 1585 est

415 1618 676 1687 plectitur
706 1625 932 1673 aeterna.
967 1618 1067 1673 llic
1099 1618 1280 1690 pullus
1306 1619 1458 1674 Judae
1489 1619 1691 1691 ligatur
1717 1622 1785 1676 ad
1817 1623 2005 1679 vitem.

414 1712 514 1769 llic
541 1714 842 1770 ἀναϐολαίον
864 1755 877 1778 ,
911 1713 964 1769 id
1000 1723 1119 1780 est,
1155 1714 1377 1785 pallium
1411 1715 1635 1786 tingitur
1665 1717 1719 1772 in
1743 1720 2010 1789 sanguine

2110 1620 2233 1665 ante
2262 1612 2575 1681 sabbatum,
2623 1618 2760 1671 venit
2800 1616 2999 1690 Joseph
3042 1619 3106 1674 ab
3144 1620 3435 1677 Arimathia
3460 1669 3474 1693 ,
3530 1626 3742 1680 stolidis

2112 1702 2321 1758 decurio
2347 1746 2361 1769 ,
2401 1706 2491 1777 qui
2534 1718 2583 1761 et
2616 1708 2729 1777 ipse
2757 1718 2869 1764 erat
2895 1720 3202 1785 exspectans
3230 1730 3445 1787 regnum
3488 1713 3604 1770 Dei
3641 1732 3663 1770 :
3694 1728 3744 1771 et

414 1820 536 1861 uva:
561 1823 573 1859 :
600 1807 689 1860 hic
720 1807 926 1861 lacerat
955 1805 1097 1861 hmdi
1118 1807 1354 1862 vineam.
1381 1807 1835 1877 BlaSphemantes
1859 1828 2004 1882 eum,

2118 1797 2362 1852 audacter
2390 1799 2621 1854 introivit
2649 1802 2717 1855 ad
2746 1800 2987 1858 Pilatum
3011 1848 3025 1871 ,
3076 1814 3123 1859 et
3162 1807 3308 1877 petiit
3337 1824 3528 1880 corpus
3564 1808 3739 1864 Iesu.

415 1908 471 1954 et
501 1908 789 1954 moventes
816 1900 993 1969 capita
1037 1914 1158 1954 sua.
1188 1900 1468 1955 Emittitur
1498 1903 1551 1955 in
1579 1902 1757 1971 capita
1788 1904 2005 1976 iniquo-

418 2009 539 2047 rum
571 2008 743 2059 mors,
778 1992 993 2064 quando
1020 1993 1327 2048 excitantur
1349 1994 1562 2050 vincula
1587 1994 1808 2064 inferni,
1840 2014 2010 2066 usque

416 2086 483 2141 ad
506 2086 798 2155 cervicem,
814 2088 903 2157 qui
921 2096 1001 2141 est
1027 2087 1216 2141 cervix
1232 2087 1449 2158 generis
1472 2087 1715 2145 humani.
1732 2089 2010 2149 Descende

421 2179 490 2235 de
522 2195 684 2235 cruce
715 2199 728 2235 :
759 2195 827 2234 ne
872 2178 1075 2235 faceret
1119 2180 1347 2235 salutem
1369 2221 1384 2247 ,
1414 2196 1576 2251 quam
1605 2180 1905 2240 inchoarat.
1940 2186 2010 2241 Et

414 2272 672 2329 viderunt
701 2281 890 2342 postea
922 2282 1300 2343 resurgentem
1326 2273 1396 2329 de
1425 2273 1680 2343 sepulcro
1701 2321 1715 2344 ,
1749 2292 1909 2346 quem
1941 2279 2011 2334 de

415 2366 595 2421 crucis
616 2366 952 2422 descendere
976 2381 1082 2420 non
1109 2366 1405 2423 credebant
1429 2382 1590 2437 posse
1614 2368 1880 2438 patibulo.
1905 2371 2010 2428 Ubi

413 2468 517 2527 est,
540 2459 738 2524 Judaei,
755 2458 1043 2514 inﬁdelitas
1065 2469 1247 2513 vestra
1262 2458 1490 2515 'tAdhuc
1502 2460 1570 2515 de
1582 2462 1706 2516 vivo
1722 2462 2006 2536 dicebatis,

414 2552 460 2605 si
490 2566 580 2607 rex
611 2550 777 2605 Israel
807 2560 912 2617 est,
945 2549 1241 2605 descendat
1265 2549 1332 2606 de
1357 2566 1540 2607 cruce.
1569 2551 1679 2608 Vos
1706 2553 1853 2625 ipsos
1880 2571 2011 2612 con-

414 2644 534 2700 sulo
560 2684 574 2709 ,
626 2658 723 2699 vos
767 2644 919 2714 ipsos
960 2643 1223 2713 judicium
1269 2654 1393 2716 peto
1424 2662 1437 2701 :
1470 2656 1676 2717 quanto
1707 2650 2011 2707 mirabilius

416 2746 522 2804 est,
556 2746 828 2791 mortuum
862 2750 1021 2806 posse
1052 2752 1345 2807 resurgere
1368 2780 1383 2805 ,
1430 2754 1592 2809 quam
1619 2740 1798 2798 adhuc
1826 2742 2009 2799 vivum

415 2831 485 2888 de
510 2845 673 2887 cruce
711 2830 850 2886 velle
876 2830 1243 2887 descendere!
1278 2831 1446 2887 Parva
1477 2833 1709 2902 petistis,
1738 2835 1866 2890 dum
1898 2854 2012 2893 ma-

409 2926 528 2997 jora
573 2926 949 2997 provenerint.
997 2925 1104 2982 Sed
1149 2926 1441 2983 inﬁdelitas
1473 2939 1662 2984 vestra
1697 2946 1803 2987 non
1836 2934 2013 3004 potuit

414 3021 597 3077 sanari
627 3020 801 3091 signis
845 3019 1016 3075 multo
1046 3019 1359 3075 fortioribus
1389 3063 1403 3087 ,
1447 3038 1608 3093 quam
1644 3026 1875 3094 petistis.
1912 3027 2010 3084 llic

322 3156 323 3159 η
415 3129 611 3169 οιιιηθε
632 3114 1072 3180 declinaverunt,
1100 3115 1262 3169 simul
1287 3115 1502 3171 inutiles
1523 3116 1653 3171 facti
1675 3128 1822 3175 sunt.
1844 3120 2009 3178 Facta

2112 1887 2320 1945 Pilatus
2351 1901 2522 1947 autem
2551 1896 2860 1967 mirabatur,
2889 1898 2933 1952 si
2956 1902 3065 1969 iam
3097 1899 3333 1969 obiisset,
3364 1912 3412 1956 et
3464 1908 3745 1961 accersito

2111 1983 2418 2037 centurione
2441 2026 2457 2051 ,
2509 1985 2845 2060 interrogavit
2874 2005 2988 2043 eum
3010 2030 3024 2055 ,
3066 1991 3110 2044 si
3130 1993 3248 2059 jam
3284 2002 3522 2049 mortuus
3571 2006 3743 2054 esset.

2113 2075 2180 2129 Et
2201 2093 2317 2130 cum
2341 2080 2656 2148 cognovisset
2677 2097 2710 2135 a
2730 2084 3045 2144 centurione.
3062 2086 3271 2140 donavit
3291 2103 3478 2159 corpus
3492 2085 3524 2141 Ι
3533 2090 3743 2161 oseph.

2110 2167 2305 2238 Ioseph
2335 2182 2503 2225 autem
2534 2183 2794 2229 mercatus
2822 2176 3098 2231 sindonem
3121 2220 3136 2243 ,
3180 2188 3232 2233 et
3257 2180 3526 2251 deponens
3561 2198 3701 2236 eum
3727 2225 3744 2247 ,

2110 2264 2319 2319 involvit
2347 2267 2554 2321 sindoni
2579 2310 2593 2333 ,
2628 2277 2678 2321 et
2718 2271 2897 2339 posuit
2927 2288 3044 2326 eum
3072 2273 3127 2326 in
3155 2284 3487 2329 monumento
3512 2317 3528 2342 ,
3591 2278 3748 2344 quod

2110 2367 2220 2413 erat
2244 2360 2472 2414 excisum
2502 2361 2566 2415 de
2598 2370 2744 2431 petra
2785 2380 2804 2417 :
2841 2374 2890 2419 et
2915 2365 3143 2420 advolvit
3173 2365 3398 2438 lapidem
3425 2368 3499 2421 ad
3527 2370 3745 2423 ostium

2110 2452 2449 2505 monumenti.
2482 2451 2656 2507 Maria
2683 2462 2853 2510 autem
2897 2454 3216 2529 Magdalene
3236 2468 3285 2513 et
3314 2457 3491 2513 Maria
3518 2459 3745 2530 Ioseph

2110 2543 2431 2613 aspiciebant
2459 2543 2546 2599 ubi
2577 2556 2874 2617 poneretur.
2914 2547 3073 2604 Sicut
3105 2564 3213 2604 non
3254 2550 3575 2607 excluditur
3611 2570 3746 2609 mu-

2109 2634 2297 2693 liebris
2341 2652 2503 2693 sexus
2545 2653 2576 2693 a
2623 2638 2799 2695 salute
2868 2655 2964 2710 per
3014 2641 3241 2697 Mariam
3279 2644 3553 2715 virginem
3597 2664 3613 2700 :
3664 2651 3744 2703 ita

2114 2744 2222 2782 non
2252 2729 2535 2799 repellitur
2559 2747 2589 2785 a
2629 2732 2897 2803 mysterio
2926 2736 3106 2789 crucis
3145 2736 3390 2792 scientia:
3424 2747 3487 2793 et
3533 2756 3747 2797 resur—

2114 2821 2378 2876 rectionis
2402 2837 2500 2892 per
2519 2822 2738 2879 viduam
2757 2825 2981 2881 Mariam
2996 2826 3465 2898 Magdalenam,et
3487 2841 3749 2890 caeteras

2113 2924 2340 2971 matres.
2370 2914 2574 2987 Joseph
2606 2918 2758 2974 venit
2786 2933 2911 2975 sero
2940 2936 3256 2993 paraseeve,
3288 2923 3356 2978 ab
3379 2925 3746 2993 Arimathia,

2112 3025 2233 3080 quae
2261 3010 2656 3082 interpretatur
2685 3014 2969 3084 deponens,
3005 3015 3073 3070 ad
3098 3016 3487 3088 deponendum
3518 3035 3748 3093 corpus

2112 3103 2166 3157 in
2191 3116 2602 3161 monumentum
2631 3124 2645 3161 :
2671 3107 2868 3163 nobilis
2892 3109 3137 3177 decurio,
3161 3121 3498 3182 expectans
3522 3124 3587 3170 et
3618 3118 3749 3186 ipse

416 3208 553 3263 hora
579 3219 732 3264 sexta
759 3248 775 3275 ,
819 3209 1057 3263 tenebrae
1103 3209 1261 3264 iactae
1299 3222 1424 3264 sunt
1454 3226 1551 3281 per
1580 3222 1746 3267 totam
1780 3224 2000 3272 terram.
2032 3202 2077 3266 (ἶ
2108 3211 2336 3267 regnum
2365 3197 2463 3253 Dei
2498 3218 2510 3253 ⁵
2544 3201 2707 3254 imm
2735 3200 2803 3255 ad
2831 3200 3064 3257 Ρίίθῑυτη
3092 3244 3107 3267 ν
3152 3207 3289 3273 Ρθιίί
3317 3220 3529 3276 corpus
3571 3206 3742 3264 ’95“-

417 3301 517 3358 l‘lic
546 3301 700 3357 adest
729 3300 865 3370 Noe,
902 3301 1199 3356 inebriatus
1228 3317 1291 3358 ac
1319 3302 1583 3369 nudatus,
1614 3305 1754 3361 coelo
1780 3316 1836 3362 et
1868 3318 2011 3367 terra

417 3396 585 3467 pallio
617 3397 912 3452 tenebroso
946 3406 1158 3462 tectus,
1190 3407 1246 3453 et
1270 3397 1493 3454 homine
1522 3399 1735 3456 irrisus.
1771 3401 1869 3458 llic
1893 3404 2013 3460 stil-

419 3493 553 3549 lavit
577 3492 796 3562 sanguis
825 3492 893 3547 de
925 3492 1091 3563 ligno.

490 3584 558 3638 Et
581 3584 711 3638 hora
731 3601 888 3650 nona,
921 3585 1226 3638 exclamavit
1245 3583 1396 3640 Jesus
1418 3603 1536 3643 race
1558 3605 1769 3660 magna,
1799 3591 1973 3648 dicens
1991 3610 2011 3649 :

420 3676 530 3744 Eli,
560 3675 673 3743 Eli,
704 3677 892 3731 lamma
918 3675 1240 3732 Sabacthani
1264 3720 1278 3743 ,
1313 3680 1449 3749 quod
1480 3690 1555 3734 est
1579 3682 1967 3753 interpretatum
1992 3700 2011 3736 :

419 3769 561 3824 Deus
591 3787 731 3826 meus
757 3814 771 3837 ,
808 3770 953 3825 Deus
980 3788 1120 3826 meus
1144 3816 1158 3841 ,
1200 3782 1257 3825 ut
1284 3773 1412 3844 quid
1445 3792 1523 3828 me
1550 3774 1873 3847 dereliquisti
1894 3780 1917 3831 Σ)
1943 3776 2012 3831 Et

420 3864 629 3931 quidam
658 3862 723 3917 de
763 3863 1220 3918 circumstantibus
1256 3865 1524 3919 audientes
1564 3868 1803 3921 dicebant
1831 3884 1847 3919 :
1879 3865 2014 3922 Ecce

417 3956 595 4012 Eliam
628 3969 793 4013 vocat.
839 3957 1066 4012 Currens
1094 3967 1263 4013 autent
1296 3976 1431 4013 unus
1453 4002 1469 4025 ,
1511 3968 1556 4014 et
1596 3958 1815 4031 impleas
1858 3978 2015 4033 spon-

418 4053 561 4121 giam
587 4062 758 4119 aceto,
787 4053 1282 4123 circumponensque
1308 4054 1530 4119 calamo,
1562 4063 1741 4123 potum
1766 4054 1922 4109 dabat
1942 4057 2011 4124 ei,

421 4147 594 4200 dicens
619 4162 638 4199 :
668 4145 869 4210 Sinite.
902 4144 1169 4199 videamus
1204 4147 1249 4199 si
1280 4145 1450 4199 veniat
1476 4142 1627 4199 Elius
1658 4147 1725 4199 ad
1752 4146 2015 4218 deponen-

422 4243 547 4292 dum
582 4254 723 4293 eum.
773 4237 900 4292 Inde
937 4237 1201 4292 scribitur
1247 4237 1491 4308 psalmus
1517 4237 1619 4292 iste
1668 4254 1765 4308 pro
1808 4253 2017 4295 assum-

425 4329 607 4397 ptione
639 4330 925 4396 matutina,
972 4344 1075 4401 qua
1106 4328 1355 4382 Christus
1392 4328 1459 4382 ad
1503 4344 1725 4384 crucem
1772 4330 2010 4387 ducitur.

422 4425 600 4479 Verba
624 4426 838 4495 propria
861 4434 989 4479 sunt
1014 4424 1106 4478 ﬁlii
1130 4422 1397 4477 hominis:
1427 4422 1570 4478 unde
1596 4424 1842 4493 sequitur
1861 4424 2015 4493 juxta

423 4518 622 4573 Lucam
662 4535 673 4570 :
708 4515 767 4572 In
796 4532 988 4571 manus
1020 4526 1138 4570 tuas
1163 4516 1489 4570 commendo
1519 4514 1771 4585 spiritum
1807 4530 2012 4572 meum.

2115 3291 2323 3364 Ioseph
2364 3305 2639 3350 mercatur
2678 3297 2968 3353 sindonem
3000 3340 3016 3365 ,
3067 3300 3367 3354 involutum
3414 3316 3644 3372 corpus
3689 3306 3741 3360 in

2114 3383 2345 3440 sindone
2390 3387 2541 3456 ponit
2589 3388 2642 3442 in
2686 3399 3066 3459 monumento,
3118 3391 3262 3461 quod
3308 3402 3425 3449 erat
3474 3395 3736 3451 excisum

2114 3478 2185 3534 de
2227 3492 2402 3548 petra.
2448 3481 2703 3538 Advolvit
2737 3484 2972 3555 lapidem
3006 3486 3071 3541 ad
3102 3488 3298 3543 ostium
3348 3494 3725 3547 monumenti.

2114 3570 2296 3625 Mariae
2316 3573 2585 3642 aspiciunt
2610 3574 2701 3629 ubi
2725 3586 3040 3645 poneretur.
3064 3577 3188 3634 H320
3204 3580 3385 3634 omnia
3404 3594 3723 3653 congruunt

2115 3663 2192 3718 ad‘
2215 3664 2471 3734 populum
2495 3665 2817 3735 Iudaicum,
2859 3669 2913 3724 in
2944 3670 3051 3726 ﬁne
3076 3672 3397 3728 credentem
3430 3692 3447 3728 :
3482 3676 3568 3747 qui
3612 3691 3720 3731 no-

2115 3755 2363 3813 bilitatur
2394 3759 2535 3828 ﬁde,
2570 3770 2630 3815 ut
2658 3760 2896 3818 Abrahae
2932 3765 3004 3820 sit
3036 3766 3201 3821 ﬁlius.
3253 3767 3498 3838 Deponit
3525 3770 3735 3842 despe-

2119 3848 2410 3915 rationem,
2441 3860 2721 3920 exspectat
2746 3868 2969 3923 regnum
3002 3855 3137 3911 Dei:
3167 3857 3333 3913 intrat
3358 3858 3426 3913 ad
3450 3859 3742 3917 Christia-

2128 3956 2249 4007 nos,
2285 3952 2342 3996 ut
2368 3944 2691 4014 baptizetur.
2719 3947 2874 4014 Quod
2901 3948 3171 4020 signiﬁcat
3200 3965 3399 4005 nomen
3432 3950 3610 4011 Pilati
3633 3998 3651 4019 ,
3689 3957 3742 4012 id

2116 4043 2199 4091 est
2223 4077 2237 4101 ,
2268 4035 2595 4093 malleatoris
2619 4082 2635 4106 ,
2669 4040 2722 4094 id
2749 4048 2835 4096 est
2857 4084 2870 4105 ,
2904 4042 2996 4112 qui
3023 4042 3214 4098 domat
3242 4043 3462 4100 ferreas
3483 4062 3704 4117 gentes
3731 4095 3747 4117 ,

2118 4139 2176 4184 ut
2216 4141 2369 4201 regat
2404 4146 2498 4187 eas
2534 4134 2586 4187 in
2620 4133 2772 4205 virga
2810 4135 2984 4192 ferrea
3011 4178 3024 4205 ,
3082 4148 3136 4194 et
3176 4140 3311 4208 petit
3338 4142 3703 4200 sacriﬁcium
3734 4165 3753 4204 :

2116 4226 2261 4297 quod
2284 4227 2519 4284 donatur
2540 4231 2932 4299 paenitentibus
2961 4233 3014 4287 in
3039 4232 3146 4289 ﬁne
3167 4234 3450 4302 viaticum,
3479 4247 3535 4292 et
3558 4243 3759 4299 corde

2118 4319 2322 4375 mundo
2348 4360 2364 4387 ,
2407 4331 2464 4376 et
2500 4320 2740 4390 peccatis
2774 4333 2990 4379 mortuo
3025 4343 3036 4377 :
3073 4317 3300 4381 involvit
3328 4327 3380 4381 in
3413 4330 3761 4389 munimine

2120 4413 2271 4479 ﬁdei,
2305 4415 2606 4470 stabilitum
2639 4420 2899 4487 operculo
2926 4422 3043 4490 spei
3070 4461 3084 4486 ,
3117 4436 3216 4490 per
3240 4436 3405 4491 opera
3435 4420 3758 4483 charitatis

2119 4508 2416 4562 concludit.
2432 4507 2585 4564 Finis
2609 4509 2752 4565 enim
2777 4512 3036 4583 praecepti
3060 4522 3144 4569 est
3160 4512 3419 4570 cbaritas.
3437 4516 3756 4586 Aspicicn-

424 4608 577 4664 Nona
611 4607 742 4662 hora
773 4608 1043 4663 invenitur
1072 4622 1264 4663 eversa
1308 4608 1472 4662 domo
1499 4607 1709 4664 decima
1733 4607 2014 4678 drachma,
2042 4600 2094 4661 D
2121 4598 2267 4652 libus
2288 4614 2319 4652 a
2343 4600 2503 4670 longe
2528 4600 2740 4670 εὶθειίε,
2774 4603 2866 4674 qui
2893 4613 3021 4659 διιηῐ
3041 4605 3218 4661 meum
3237 4606 3404 4663 maris
3430 4626 3444 4663 ³
3477 4615 3757 4683 quando.

425 4718 545 4774 qnze
573 4700 831 4772 perierat.
869 4699 1110 4758 Currens
1145 4712 1325 4759 autem
1356 4719 1496 4760 unus
1532 4720 1598 4761 ex
1645 4707 1727 4763 eis
1751 4750 1766 4774 ,
1810 4710 2019 4766 invenit

426 4800 840 4858 similitudinem
871 4815 1063 4855 eorum
1096 4801 1383 4873 spongiam
1426 4817 1615 4859 cavam
1641 4846 1655 4870 ,
1702 4804 1973 4862 inﬁrmam
1999 4849 2015 4875 ,

425 4896 660 4961 aridam,
695 4894 907 4966 ignibus
936 4906 1116 4964 aptam
1145 4912 1159 4949 :
1189 4895 1379 4965 implet
1404 4908 1559 4952 aceto
1582 4942 1597 4967 ,
1628 4896 1731 4953 hoc
1759 4908 1866 4969 est,
1899 4915 2015 4955 ma-

426 4992 541 5045 litia
573 5002 627 5047 et
654 4989 783 5045 dolo
817 5008 830 5043 :
865 4990 932 5045 de
975 5006 1083 5060 quo
1130 4990 1326 5045 dicitur
1371 5009 1383 5044 :
1431 4993 1683 5048 Plantavi
1723 5002 1775 5049 te
1806 4996 2015 5052 vineam

430 5083 631 5139 Sorcch
659 5124 674 5150 ,
729 5090 786 5138 et
824 5082 1097 5154 quomodo
1126 5098 1390 5139 conversa
1421 5099 1480 5139 es
1512 5084 1567 5140 in
1599 5084 2017 5145 amaritudinem

432 5177 556 5231 vitis
586 5176 819 5231 alienat?
850 5177 916 5232 Et
944 5177 1254 5248 exspectavi
1286 5185 1345 5234 ut
1369 5177 1570 5236 faceret
1603 5196 1757 5251 uvas,
1793 5192 1848 5239 et
1890 5183 2020 5242 fecit

431 5271 639 5341 Spinas.

501 5362 654 5419 Iesus
675 5372 847 5418 autem
869 5367 1050 5421 emissa
1074 5384 1193 5421 voce
1216 5385 1424 5441 magna,
1448 5372 1749 5441 exspiravit.
1767 5373 1833 5429 Et
1855 5377 2023 5431 velum

434 5456 615 5527 templi
639 5457 856 5511 scissum
885 5469 957 5513 est
982 5460 1035 5512 in
1069 5461 1172 5514 duo
1196 5502 1213 5529 ,
1260 5479 1293 5515 ιι
1328 5478 1527 5517 summa
1564 5481 1723 5533 usque
1759 5469 2020 5525 deorsum.

440 5550 634 5606 Videns
664 5560 836 5605 autem
863 5554 1096 5606 centurio
1123 5595 1137 5618 ,
1181 5555 1269 5623 qui
1305 5572 1372 5610 ex
1414 5557 1629 5612 adverso
1654 5559 1823 5613 stabat
1847 5604 1863 5630 ,
1904 5566 2025 5633 quia

435 5644 510 5695 sic
537 5643 765 5696 clamans
792 5643 1103 5712 exspirasset
1132 5689 1146 5713 ,
1177 5647 1248 5697 ait
1290 5663 1308 5699 :
1358 5645 1485 5701 Vere
1516 5646 1599 5702 hic
1627 5651 1777 5703 homo
1804 5690 1818 5717 ,
1850 5651 2022 5708 Filius

438 5734 531 5787 Dei
559 5748 690 5788 erat.
729 5736 1001 5791 Inﬁrmata
1032 5737 1177 5792 enim
1204 5754 1393 5806 carne,
1426 5757 1532 5797 vox
1564 5742 1793 5798 invaluit
1818 5744 2020 5816 divina,

437 5840 557 5896 qua:
577 5826 707 5883 dicit
732 5845 745 5884 :
774 5829 995 5899 Aperite
1016 5829 1149 5885 mihi
1172 5840 1353 5903 portas
1373 5832 1623 5903 justitize,
1658 5848 1713 5893 et
1747 5838 2022 5913 ingressus

2119 4688 2167 4746 si
2187 4689 2304 4747 ﬁeri
2326 4700 2525 4763 potest,
2556 4694 3077 4753 scandalizabuntur
3100 4696 3284 4755 electi.

2715 4872 2943 4931 CAPUT
2984 4872 3126 4931 XVI.

2193 5003 2265 5059 Et
2290 5022 2410 5060 cum
2440 5008 2705 5062 transisset
2732 5007 3027 5076 sabbatum,
3063 5008 3241 5067 Maria
3272 5009 3603 5084 Magdalene
3632 5061 3653 5088 ,
3702 5032 3763 5078 et

2124 5096 2299 5153 Maria
2316 5099 2522 5168 Jacobi,
2544 5108 2592 5154 et
2613 5099 2844 5169 Salome,
2867 5112 3093 5156 emerunt
3114 5114 3371 5172 aromata,
3386 5114 3441 5159 ut
3464 5122 3560 5162 ven
3570 5109 3763 5169 iantes

2124 5203 2373 5265 ungerent
2417 5209 2554 5246 eum.
2598 5192 2753 5249 Nunc
2794 5195 3133 5252 aromatibus
3173 5197 3552 5257 redolentibus
3607 5222 3759 5264 cum

2126 5300 2357 5357 sponsa,
2392 5295 2446 5340 et
2472 5284 2906 5344 adolescentibus
2932 5333 2947 5359 ,
2995 5304 3116 5359 qua:
3153 5301 3377 5349 currunt
3408 5304 3538 5365 post
3579 5314 3758 5370 eam,

2128 5377 2537 5448 conspergimus
2582 5378 2783 5435 librum
2821 5391 2876 5436 et
2909 5382 3223 5439 cubiculum
3251 5386 3449 5442 mentis
3493 5401 3757 5451 nostra.

2126 5471 2279 5527 Nunc
2310 5472 2605 5528 introducit
2630 5488 2730 5529 nes
2757 5491 2855 5531 rex
2886 5476 2940 5530 in
2972 5477 3189 5532 cellaria
3223 5493 3339 5534 sua.
3370 5478 3525 5536 Nunc
3550 5490 3767 5558 surgit

2125 5564 2298 5620 amica
2328 5565 2492 5619 Maria
2518 5607 2533 5632 ,
2566 5566 2759 5633 ,hiems
2788 5569 2961 5636 abiit,
3008 5569 3184 5641 pluvia
3216 5572 3446 5627 recessit
3474 5590 3489 5628 :
3556 5574 3763 5637 ﬂores

2126 5659 2227 5714 visi
2258 5672 2383 5714 sunt
2413 5661 2465 5714 in
2496 5668 2639 5716 terra
2672 5678 2683 5713 :
2711 5678 2818 5718 vox
2858 5664 3088 5719 turturis
3129 5663 3310 5719 audita
3349 5673 3434 5719 est
3479 5664 3534 5721 in
3582 5677 3757 5727 terra

2128 5763 2335 5808 nostra.
2389 5754 2571 5811 Vinea:
2620 5753 2882 5811 ﬂorentes
2932 5756 3203 5812 dederunt
3257 5756 3508 5813 odorem.
3561 5760 3755 5818 Redit

2126 5860 2358 5919 sponsus
2384 5848 2452 5907 de
2484 5847 2695 5918 umbra,
2726 5849 2825 5906 sub
2854 5865 2956 5921 qua
2988 5849 3188 5908 dormit
3219 5850 3273 5907 in
3306 5849 3559 5908 meridie.
3592 5852 3752 5913 Post
