3970 6304
178 305 256 366 Bll
759 300 1308 365 COMMENTARIUS
1352 304 1416 365 IN
1454 298 1911 365 EVANGELIUM
1948 302 2101 363 SEC.
2144 302 2459 364 MARCUM.
2497 301 2654 363 CAP.
2694 298 2835 364 XVI.

3339 298 3481 385 Met

170 423 374 481 sabbata
408 420 586 481 tristia
612 421 743 479 felix
776 422 1006 479 irradiat
1030 422 1148 481 dies
1172 468 1189 493 ,
1221 440 1342 497 quae
1373 424 1663 496 primatum
1688 420 1745 477 in
1771 421 1824 483 A
1848 422 2129 494 quidquam
2176 422 2422 478 dixerunt
2444 438 2464 479 :
2493 422 2741 477 timebant
2791 421 2946 476 enim.
3000 419 3235 494 Surgens
3279 434 3452 480 autem

169 519 343 577 diebus
365 527 558 575 tenet:
582 518 702 574 luce
725 517 898 589 prima
920 517 973 574 in
996 534 1061 575 eo
1082 519 1415 585 lucescente,
1442 529 1496 574 et
1520 517 1750 573 Domino

170 628 274 670 meo
298 628 426 670 cum
458 612 733 683 triumpho
760 621 1103 684 resurgente,
1131 621 1186 669 et
1210 612 1428 669 dicente
1464 630 1478 667 :
1509 612 1638 669 llzcc
1666 620 1751 668 est

167 710 269 766 dies
291 749 307 775 ,
347 724 513 781 quam
540 707 676 765 fecit
706 705 970 764 Dominus
1006 726 1019 761 :
1049 708 1390 765 exsultemus
1415 716 1470 764 et
1505 707 1750 763 lattemur

167 801 212 858 in
231 816 314 860 ea.

228 894 292 947 Et
321 892 476 949 valde
505 909 653 949 mane
693 909 799 948 una
836 892 1167 948 sabbatorum
1212 894 1423 946 veniunt
1456 892 1527 945 ad
1564 906 1751 946 monu-

170 996 382 1042 mentum
400 1029 415 1054 ,
446 995 559 1041 orto
576 991 695 1060 jam
721 987 862 1055 sole,
893 997 944 1042 et
970 986 1205 1041 dicebant
1235 987 1305 1040 ad
1331 986 1546 1041 invicem
1570 1002 1589 1040 :
1623 985 1750 1052 Quis

174 1085 379 1137 resolvet
412 1081 557 1136 nobis
586 1081 815 1153 lapidem
842 1082 904 1135 ab
939 1082 1073 1137 ostio
1104 1080 1464 1136 monumenti?
1494 1079 1562 1135 Et
1585 1082 1754 1151 respi-

178 1177 342 1232 cientes
364 1176 599 1231 viderunt
617 1177 909 1231 revolutum
931 1176 1180 1249 lapidem.
1203 1174 1371 1231 Valde
1393 1190 1574 1242 mane,
1605 1174 1751 1245 quod

180 1270 297 1325 alius
325 1268 674 1339 Evangelista
704 1268 949 1325 diluculo
974 1268 1130 1324 dicit.
1169 1267 1473 1323 Diluculum
1497 1277 1581 1322 est
1612 1268 1754 1323 inter

182 1363 408 1419 tenebras
434 1364 647 1432 noctis,
680 1371 737 1418 et
762 1362 873 1418 diei
897 1362 1222 1419 claritatem.
1254 1360 1310 1416 In
1337 1377 1439 1432 qua
1471 1362 1623 1417 salus
1652 1360 1754 1415 hu-

183 1470 324 1510 manu
351 1456 541 1526 generi
571 1455 856 1525 provenit,
901 1454 1044 1511 felici
1072 1452 1351 1510 vicinitate
1377 1454 1705 1510 declaranda
1734 1496 1749 1522 ,

179 1562 310 1603 more
337 1547 468 1603 solis
511 1564 525 1601 :
573 1549 665 1619 qui
692 1546 944 1618 proxima
977 1547 1104 1603 luce
1134 1561 1470 1617 consurgens
1491 1591 1505 1615 ,
1537 1561 1751 1602 roseam

181 1638 436 1709 pramittit
469 1652 729 1693 auroram
754 1680 771 1707 ,
817 1647 877 1693 ut
917 1637 1090 1709 gratia
1124 1637 1368 1709 praeclari
1395 1637 1709 1708 splendoris
1733 1682 1747 1706 ,

180 1734 475 1805 praeparatis
498 1733 675 1789 oculis
703 1734 875 1804 possit
908 1734 1131 1799 intueri,
1164 1733 1379 1805 quando
1410 1744 1621 1805 tempus
1650 1734 1754 1788 Do-

1852 512 2011 571 Iesus
2060 532 2216 572 mane
2244 516 2414 589 prima
2454 515 2681 581 sabbati,
2742 515 2984 588 apparuit
3039 516 3208 585 primo
3263 515 3452 572 Maria:
3530 524 3541 543 ‘

1852 607 2205 679 Magdalenen,
2235 606 2299 662 de
2326 624 2430 679 qua
2454 610 2675 681 ejeeerat
2705 618 2896 681 septem
2925 609 3201 663 daemonia.
3228 607 3336 664 Illa
3359 627 3449 665 ua-

1851 703 1975 758 dens
2026 704 2277 759 nuntiavit
2304 704 2402 771 his,
2449 705 2686 775 quicum
2734 722 2791 760 eo
2831 706 3038 776 fuerant
3082 708 3375 779 lugentibus
3404 721 3453 765 et

1849 797 2113 866 ﬂentibus.
2139 794 2209 851 Et
2230 797 2311 852 illi
2335 797 2605 852 audientes
2624 798 2745 869 quia
2771 799 2979 864 viveret,
3009 808 3058 873 et
3075 800 3213 855 visus
3234 811 3361 857 esset
3384 803 3450 857 ab

1851 906 1931 957 ea,
1969 908 2070 945 non
2107 892 2459 946 crediderunt.
2508 890 2639 945 Post
2686 892 2794 947 btet:
2836 904 3005 946 autem
3037 892 3239 949 duobus
3276 911 3341 949 ea:
3378 897 3452 951 eis

1852 984 2239 1041 ambulantibus
2270 996 2507 1040 ostensus
2534 994 2612 1039 est
2635 986 2690 1039 in
2729 986 2835 1039 alia
2876 986 3070 1058 efﬁgie,
3118 988 3357 1043 euntibus
3396 991 3451 1043 in

1852 1080 2053 1147 villam,
2106 1090 2154 1135 et
2206 1081 2287 1135 illi
2332 1089 2509 1135 euntes
2546 1081 2915 1135 nuntiaverunt
2959 1082 3152 1136 caeteris
3188 1098 3327 1138 :nee
3345 1084 3454 1139 illis

1855 1174 2210 1230 crediderunt.
2245 1174 2431 1231 Brevis
2459 1176 2730 1231 sententia
2762 1175 2816 1230 in
2844 1175 3089 1247 syllabis,
3126 1177 3220 1233 sed
3255 1179 3449 1249 ingens

1856 1265 1911 1321 in
1941 1268 2246 1338 quantitate
2276 1270 2587 1340 promissio.
2629 1270 2708 1325 lbi
2750 1278 2836 1326 est
2866 1272 3046 1341 gaudii
3094 1273 3266 1328 nostri
3302 1273 3447 1343 fons,

1855 1368 1915 1417 et
1944 1360 2134 1417 salutis
2163 1372 2386 1418 aeterna:
2415 1363 2567 1433 origo
2591 1372 2916 1433 praeparata.
2946 1363 3451 1436 lbi'congregantur

1856 1454 2253 1526 dispersiones,
2304 1466 2361 1512 et
2404 1468 2667 1513 sanantur
2714 1457 2935 1514 contriti
2970 1459 3157 1515 corde.
3205 1460 3279 1517 Ibi
3327 1476 3450 1517 eum

1858 1548 2139 1615 videbitis,
2170 1566 2275 1607 non
2323 1552 2464 1607 sicut
2502 1551 2739 1608 vidistis.
2769 1555 2839 1607 At
2868 1553 2977 1608 illa:
3006 1565 3268 1611 exeuntes
3299 1555 3454 1629 fuge-

1857 1656 2009 1700 runt.
2036 1644 2245 1701 Dicitur
2271 1646 2338 1701 de
2366 1646 2541 1701 futura
2573 1648 2702 1701 vita.
2749 1647 2816 1703 Et
2864 1647 3033 1718 fugiet
3078 1649 3236 1705 dolor
3265 1665 3327 1707 ac
3360 1666 3455 1722 ge-
3502 1686 3515 1701 ο

1859 1736 2046 1792 mitus.
2077 1737 2365 1794 Imitantur
2387 1740 2643 1795 mulieres
2672 1752 2797 1795 ante
2827 1744 3289 1800 resurrectionem
3339 1762 3456 1801 om-
3502 1740 3503 1743 “

182 1828 369 1883 minicu:
398 1826 825 1883 resurrectionis
854 1826 1047 1883 elusit.
1085 1826 1151 1883 Ut
1176 1836 1303 1882 tunc
1328 1825 1518 1883 laudes
1546 1824 1749 1880 Christi
1780 1823 1829 1885 B
1855 1827 2026 1893 nium,
2079 1830 2223 1899 quod
2275 1830 2480 1886 faciunt
2523 1841 2645 1902 post
2697 1831 3154 1890 resurrectionem
3189 1853 3202 1890 :
3246 1835 3457 1907 fugiunt

184 1930 274 1976 tota
318 1931 539 1978 caneret
588 1919 898 1977 secundum
929 1920 1237 1991 exemplum
1279 1919 1471 1975 harum
1520 1918 1752 1975 femina—

184 2030 284 2070 rum
308 2014 568 2082 Ecclesia,
595 2015 813 2085 quando
841 2031 1010 2086 genus
1039 2014 1334 2070 humanum
1365 2013 1614 2083 exemplo
1639 2028 1753 2069 sua:

185 2109 577 2164 resurrectionis
607 2108 867 2164 animavit
900 2126 913 2163 :
947 2108 1165 2181 quando
1193 2108 1361 2163 vitam
1390 2106 1664 2177 praestitit,
1698 2116 1753 2161 et

185 2203 344 2259 lumen
378 2204 723 2261 credulitatis
754 2204 1011 2259 infundit.
1052 2204 1145 2260 Sol
1171 2219 1304 2260 vero
1338 2211 1464 2274 post
1501 2216 1753 2258 occasum

186 2296 405 2366 corporis
426 2296 623 2351 oritur.
657 2294 755 2350 Hic
776 2293 986 2366 Aquila:
1006 2294 1073 2350 ad
1096 2309 1296 2364 corpus
1317 2280 1751 2363 congregantur:

189 2394 366 2444 matres
388 2396 441 2444 et
467 2387 710 2459 apostoli
733 2386 921 2443 vident
942 2388 1244 2444 revolutum
1268 2387 1527 2459 lapidem,
1561 2387 1651 2458 qui
1672 2394 1760 2449 est

189 2483 262 2540 lex
283 2485 484 2555 mortis,
509 2500 573 2542 ac
592 2484 637 2541 si
660 2483 869 2541 diceret
891 2502 905 2541 :
927 2484 1050 2553 Ubi,
1072 2499 1241 2555 mors,
1272 2483 1494 2541 aculeus
1518 2482 1678 2539 tuus?
1702 2490 1757 2539 et

190 2580 390 2651 reliqua.
1709 2586 1721 2597 '

250 2668 365 2726 Erat
385 2673 578 2746 quippe
604 2689 827 2749 magnus
852 2673 1023 2729 valde.
1056 2670 1123 2725 Et
1148 2673 1466 2727 introeuntes
1492 2672 1550 2726 in
1576 2687 1758 2726 monu-

192 2773 386 2818 mentum
409 2806 425 2831 ,
474 2766 711 2821 viderunt
732 2770 980 2838 juvenem
1010 2764 1270 2819 sedentem
1296 2764 1354 2817 in
1385 2764 1581 2817 dextris
1604 2804 1619 2829 ,
1666 2780 1757 2816 co-

194 2866 397 2925 opertum
439 2856 579 2912 stola
625 2858 852 2913 candida
877 2899 894 2927 ,
949 2866 998 2911 et
1043 2856 1431 2928 obstupuerunt.
1463 2855 1563 2924 Qui
1595 2855 1759 2910 etiam

196 2948 397 3006 infantes
424 2953 478 3007 in
512 2960 667 3008 utero
696 2954 868 3024 tangit
894 2970 908 3005 :
936 2950 1172 3023 gemitus
1202 2951 1467 3017 omnium,
1501 2958 1557 3005 et
1585 2949 1761 3005 omni-

200 3040 279 3096 bus
303 3045 491 3114 gravis.
528 3045 595 3100 Et
618 3045 957 3101 iutroeuntes
984 3046 1037 3101 in
1068 3052 1480 3101 monumentum
1511 3043 1765 3100 viderunt

202 3132 437 3205 iuvenem,
469 3154 580 3193 non
612 3152 828 3207 senem,
860 3152 969 3193 non
1000 3137 1260 3193 infantem
1285 3178 1301 3203 ,
1336 3136 1431 3193 sed
1456 3137 1759 3207 jucundum

1856 1930 2088 1976 mortem
2112 1930 2168 1977 et
2194 1935 2475 1992 pavorem.
2510 1922 2581 1978 Et
2610 1924 2815 1979 nemini
2845 1924 3141 1997 quidquam
3174 1927 3454 1994 dixerunt,

1856 2014 1983 2084 quia
2029 2015 2130 2085 ipsi
2162 2015 2261 2070 soli
2296 2016 2616 2088 mysterium
2651 2018 3077 2074 resurrectionis
3111 2019 3327 2088 vident,
3357 2024 3450 2093 qui

1855 2106 2041 2162 videre
2093 2108 2195 2179 ipsi
2246 2108 2380 2164 illud
2427 2119 2763 2165 meruerunt.
2816 2110 2972 2166 Unde
3018 2112 3261 2183 sequitur
3299 2114 3453 2185 juxta

1856 2198 2122 2256 Joannem
2156 2218 2169 2255 :
2211 2200 2404 2257 Petrus
2433 2210 2613 2257 autem
2646 2201 2887 2257 cucurrit
2915 2202 2982 2257 ad
3014 2215 3450 2274 monumentum,

1858 2304 1917 2350 ut
1945 2295 2157 2351 videret
2186 2294 2303 2366 ipse
2339 2295 2483 2365 quod
2513 2294 2739 2351 audivit.
2775 2295 3019 2366 Surgens
3064 2307 3247 2353 autem
3294 2298 3453 2356 Jesus

1858 2390 2034 2461 primo
2060 2405 2217 2446 mane
2242 2372 2478 2458 sabbati,
2504 2390 2689 2445 Maria:
2709 2389 3039 2461 Magdalenae
3071 2390 3246 2461 primo
3272 2403 3455 2449 osten-

1858 2484 2044 2540 ditur:
2074 2484 2143 2541 de
2184 2500 2287 2555 qua
2317 2484 2553 2554 ejecerat
2594 2493 2802 2555 septem
2831 2485 3134 2555 daemonia,
3174 2488 3299 2558 quia
3341 2506 3457 2547 me-

1859 2575 2111 2644 retrices,
2154 2586 2209 2632 et
2249 2574 2522 2645 publicani
2550 2576 2865 2645 pra-cedunt
2894 2592 3224 2650 synagogam
3268 2580 3322 2635 in
3366 2597 3453 2638 re-

1859 2683 2024 2739 gnum
2053 2667 2194 2724 Dei:
2238 2679 2294 2723 ut
2338 2668 2476 2723 latro
2518 2669 2797 2736 prmcessit
2849 2671 3151 2740 apostolos.
3200 2672 3357 2729 Fient
3403 2685 3457 2731 et

1861 2761 2075 2833 lugent,
2110 2761 2201 2831 qui
2234 2761 2465 2817 necdum
2498 2761 2772 2829 viderunt,
2805 2763 2903 2818 sed
2946 2778 3052 2819 non
3083 2766 3455 2835 postmultum

1860 2854 2309 2912 consolabuntur.
2359 2855 2509 2911 Beati
2558 2856 2703 2911 enim
2740 2857 2832 2928 qui
2886 2857 3073 2928 lugent
3103 2876 3285 2929 nunc,
3311 2877 3455 2933 quo-

1863 2950 2007 3004 niam
2038 2949 2141 3019 ipsi
2171 2948 2625 3004 consolabuntur.
2654 2949 2722 3004 Et
2756 2948 2830 3004 illi
2874 2951 3160 3007 audientes
3196 2969 3304 3008 non
3335 2970 3459 3011 ere-

1862 3040 2140 3098 diderunt.
2173 3041 2336 3096 Fides
2384 3049 2563 3096 autem
2596 3040 2683 3097 hic
2726 3041 2959 3109 laborat,
3009 3058 3179 3115 agens
3224 3046 3456 3103 activam

1863 3134 2083 3190 vitam:
2135 3135 2246 3191 illic
2292 3136 2712 3206 contemplativa
2760 3147 2947 3194 secuta
2992 3138 3200 3196 visione
3246 3153 3455 3213 regnat.

210 3236 368 3299 atate,
399 3242 456 3287 ut
484 3230 721 3288 dicitur:
752 3232 987 3301 Laetare,
1026 3232 1263 3301 juvenis,
1298 3231 1352 3287 in
1393 3231 1761 3288 adolescentia
1788 3213 1833 3277 Ο
1870 3227 1968 3284 Hic
1993 3245 2092 3299 per
2122 3231 2404 3301 Speculum
2437 3239 2767 3286 contuemur
2814 3232 3102 3304 imaginem
3137 3251 3151 3289 :
3184 3235 3293 3292 illic
3322 3236 3458 3293 facie

213 3327 295 3387 tu,
317 3339 428 3393 qua:
457 3341 566 3379 non
596 3332 681 3380 est
711 3324 802 3379 bie
826 3340 977 3391 vera,
1010 3324 1139 3379 dum
1168 3339 1291 3379 cum
1317 3323 1472 3380 senio
1496 3333 1578 3379 est
1608 3338 1758 3379 com-

218 3414 357 3470 mixta.
383 3417 681 3473 Sedentem
708 3418 763 3473 in
791 3417 1001 3473 dextris
1028 3416 1266 3481 virtutis,
1296 3416 1348 3471 id
1377 3424 1493 3482 εει,
1526 3431 1758 3487 regnan-

218 3509 301 3559 tem
319 3507 355 3563 in
372 3509 672 3580 prosperis.
698 3509 798 3565 llic
823 3510 1041 3580 juvenis
1066 3508 1295 3563 formam
1318 3509 1755 3576 resurrectionis,

211 3597 478 3659 timentibus
519 3611 752 3657 mortem
787 3602 1048 3659 ostendit.
1099 3602 1433 3673 Coopertum
1462 3602 1599 3658 stola
1625 3616 1757 3657 ean-

200 3690 318 3763 dida,
346 3712 468 3769 qua
500 3712 631 3753 vera
660 3697 845 3752 laetitia
875 3704 980 3765 est,
1013 3697 1170 3752 hoste
1199 3696 1448 3767 depulso,
1482 3710 1759 3766 regnoque

194 3785 361 3858 adepto
379 3831 394 3855 ,
426 3803 561 3861 rege
588 3789 741 3861 pacis
769 3789 1001 3862 quaesito
1022 3831 1038 3856 ,
1070 3790 1292 3845 invento
1317 3832 1333 3857 ,
1368 3799 1423 3845 et
1465 3804 1758 3860 numquam

191 3876 409 3938 dimisso.
442 3881 515 3937 Et
545 3882 989 3954 obstupuerunt,
1018 3880 1072 3936 id
1103 3892 1186 3938 est
1212 3924 1227 3949 ,
1256 3881 1402 3953 quod
1433 3882 1625 3937 oculus
1652 3898 1759 3937 non

190 3972 322 4041 vidit,
350 3990 453 4031 nec
476 3975 627 4031 auris
648 3974 879 4043 audivit,
912 3988 1012 4031 nec
1033 3974 1086 4030 in
1111 3988 1208 4030 cor
1229 3974 1467 4030 hominis
1491 3973 1758 4043 ascendit,

186 4082 287 4136 quae
312 4070 640 4142 pmparavit
668 4070 814 4127 Deus
842 4068 1189 4140 diligentibus
1215 4083 1291 4125 se.

249 4162 342 4228 Qui
377 4165 506 4219 dicit
536 4164 643 4219 illis
669 4180 689 4219 :
722 4162 903 4219 Nolite
940 4179 1291 4235 expavescere.
1321 4160 1499 4218 Iesum
1537 4161 1764 4233 quwritis

192 4252 511 4313 Nazarenam
539 4257 852 4327 cruciﬁxum
885 4272 903 4311 :
943 4257 1209 4323 surrexit,
1260 4272 1365 4310 non
1391 4266 1466 4310 est
1492 4257 1574 4310 hic
1601 4273 1618 4309 :
1653 4272 1766 4311 ecce

190 4350 318 4406 lorus
348 4354 431 4408 ubi
458 4361 741 4426 posuerunt
765 4368 901 4407 eum.
951 4350 1059 4407 Sed
1090 4352 1161 4405 ite
1186 4393 1200 4419 ,
1241 4359 1288 4404 et
1315 4351 1468 4405 dicite
1494 4350 1765 4421 discipulis

186 4443 302 4512 ejus,
333 4455 378 4500 et
407 4444 592 4501 Petro.
622 4445 770 4499 Deus
796 4443 1035 4499 charitas
1062 4452 1167 4499 est.
1196 4442 1313 4499 Non
1342 4452 1425 4499 est
1451 4459 1579 4514 ergo
1603 4445 1765 4499 timor

192 4537 235 4589 in
267 4539 549 4597 charitate.
584 4539 723 4609 Quid
755 4546 1215 4609 expavescerent,
1246 4552 1368 4609 qua:
1399 4539 1764 4606 invenerunt,

1861 3323 1928 3377 ad
1961 3322 2153 3377 faciem
2185 3322 2491 3378 videbimus
2512 3324 2818 3379 veritatem.
2844 3324 3000 3382 Unde
3020 3330 3301 3399 sequitur:
3331 3332 3461 3388 Post

1864 3417 1981 3471 lure
2025 3416 2238 3472 duobus
2294 3432 2359 3471 ex
2407 3416 2516 3472 illis
2561 3418 2994 3485 ambulantibus,
3054 3420 3106 3476 id
3142 3434 3266 3490 est,
3316 3425 3459 3481 labo-

1864 3509 2151 3577 rantibus,
2203 3519 2454 3566 ostensus
2489 3519 2573 3566 est
2620 3510 2674 3566 in
2725 3511 2829 3567 alia
2872 3512 3069 3585 efﬁgie.
3118 3515 3188 3571 Et
3216 3517 3323 3574 illis
3363 3536 3459 3576 an-

1866 3602 2239 3659 nuntiantibus
2292 3619 2398 3660 non
2431 3612 2515 3659 est
2542 3605 2807 3661 creditum
2841 3624 2855 3661 :
2904 3607 3031 3664 dum
3062 3609 3203 3665 sicut
3244 3611 3460 3684 Moyses

1864 3694 2151 3762 viderunt,
2198 3697 2341 3767 quod
2393 3712 2497 3753 non
2548 3698 2851 3755 sufficiebat
2893 3701 2996 3757 eis.
3050 3702 3202 3759 Unde
3247 3704 3461 3777 Moyses

1868 3786 1998 3843 dicit
2044 3806 2057 3843 :
2122 3788 2361 3845 Ostende
2413 3789 2545 3844 mihi
2611 3792 2976 3863 temetipsum.
3032 3793 3241 3850 Oblitus
3281 3800 3461 3854 carnis

1868 3894 2002 3947 sum,
2035 3882 2272 3951 postulat
2300 3883 2353 3938 in
2387 3883 2492 3938 vita
2520 3884 2623 3939 ista
2645 3885 2789 3956 quod
2818 3895 2940 3956 post
2986 3886 3133 3944 illam
3176 3903 3463 3961 speramus

1870 3972 1923 4028 in
1951 3972 2150 4029 futura.

1941 4064 2235 4121 Nouissime
2280 4074 2454 4122 autem
2503 4068 2910 4124 recumbentibus
2944 4070 3053 4126 illis
3098 4073 3333 4129 undecim
3368 4093 3465 4148 ap‘

1869 4163 2076 4232 paruit,
2101 4171 2149 4216 et
2178 4161 2504 4233 exprobravit
2530 4164 2944 4220 incredulitatem
2971 4167 3181 4221 illorum
3221 4179 3267 4223 et
3315 4170 3466 4225 duri-

1871 4257 1997 4312 tiam
2026 4258 2197 4311 cordis
2223 4273 2242 4311 :
2272 4258 2396 4328 quia
2422 4258 2524 4324 Itis,
2555 4258 2642 4329 qui
2668 4259 2901 4314 viderant
2932 4277 3048 4314 eum
3096 4265 3462 4335 resurrexisse,

1871 4368 1975 4406 non
2002 4352 2349 4407 crediderunt.
2378 4350 2455 4409 Ut
2482 4367 2676 4410 omnes
2713 4363 2881 4411 testes
2918 4366 3238 4413 enarrarent
3283 4361 3460 4415 omni»

1869 4446 1990 4513 bus,
2007 4446 2153 4517 quod
2170 4447 2535 4502 communiter
2558 4447 2808 4503 viderunt
2833 4458 2887 4503 et
2917 4448 3231 4506 audierunt.
3255 4451 3463 4524 Expro-

1874 4536 1993 4591 hrat
2008 4538 2465 4602 incredulitatem,
2486 4538 2812 4593 utsuccedat
2831 4539 3120 4597 credulitas
3137 4558 3149 4595 :
3166 4543 3468 4613 exprobrat

191 4646 334 4699 quem
357 4635 728 4707 quaesierunt?
749 4633 933 4690 Jesum
955 4633 1198 4703 quaeritis
1218 4630 1577 4687 Nazarenam.
1592 4631 1761 4687 Radix
1789 4622 1842 4684 D
1868 4630 2122 4686 duritiam
2146 4630 2327 4685 cordis
2349 4630 2571 4700 lapidei,
2591 4640 2649 4685 ut
2669 4634 2924 4690 succedat
2946 4648 3043 4689 cor
3058 4648 3316 4691 carneum
3339 4637 3469 4693 cha-

193 4727 319 4782 euim
348 4744 529 4784 amara
563 4727 747 4784 crucis
774 4726 1033 4783 evanuit:
1060 4724 1164 4780 llos
1185 4724 1331 4779 enim
1352 4726 1476 4779 vitta
1499 4740 1620 4780 eum
1652 4726 1765 4779 fru-

195 4818 352 4875 ctibus
379 4822 579 4891 erupit,
608 4820 665 4877 id
692 4830 795 4886 est,
827 4822 918 4892 qui
944 4818 1115 4889 jacuit
1145 4817 1199 4874 in
1229 4825 1424 4883 morte,
1454 4818 1691 4872 surrexit
1711 4816 1765 4874 in

195 4911 366 4976 gloria.
401 4915 543 4971 Ecce
574 4914 749 4970 locus.
781 4911 1101 4969 Ostenditur
1138 4909 1440 4965 mortalitas
1485 4911 1767 4965 immorta-

197 5003 321 5061 libus
345 5007 413 5063 ad
444 5008 743 5079 gratiarum
772 5006 1045 5062 actionem
1069 5003 1250 5059 debita
1276 5020 1289 5056 :
1322 5011 1382 5056 ut
1406 5002 1768 5071 intelligamus

198 5096 308 5163 quid
335 5098 593 5155 fuerimus
615 5140 630 5165 ,
667 5106 725 5154 et
746 5098 983 5154 sciamus
1003 5138 1017 5162 ,
1044 5095 1174 5167 quid
1207 5093 1374 5149 futuri
1399 5093 1623 5150 erimus.
1658 5094 1766 5151 Sed

198 5189 294 5260 ile,
328 5193 513 5250 dicite.
554 5191 871 5248 Mulieribus
912 5191 1150 5258 dicitur,
1192 5199 1250 5244 ut
1278 5187 1598 5243 annuntient
1643 5202 1771 5259 apo-

196 5284 331 5340 stolis
356 5304 371 5341 :
413 5286 539 5358 quia
564 5300 661 5357 per
689 5284 973 5340 mulierem
1010 5296 1158 5338 mors
1184 5280 1503 5337 annuntiata
1529 5289 1645 5347 est,
1674 5295 1771 5351 per

198 5377 434 5435 mulieres
461 5379 576 5434 vita
607 5390 923 5449 resurgens.
954 5374 1025 5432 Et
1053 5376 1237 5431 Petro.
1263 5375 1367 5445 Qui
1398 5389 1459 5431 se
1489 5375 1767 5446 indignum

192 5465 379 5535 iudicat
396 5470 747 5544 discipulatu,
777 5470 907 5525 dum
933 5478 1013 5525 ter
1034 5469 1253 5540 negavit
1274 5468 1610 5540 magistrum.
1637 5467 1769 5525 Pec-

195 5574 298 5620 cata
329 5565 608 5637 praeterita
641 5580 747 5621 non
780 5573 1001 5629 nocent,
1033 5562 1252 5635 quando
1282 5578 1392 5620 non
1425 5565 1663 5634 placent.

255 5659 382 5725 Quia
407 5659 665 5733 prwcedet
688 5674 776 5714 vos
814 5660 866 5713 in
896 5656 1172 5713 Galilaeam
1202 5673 1219 5712 :
1250 5657 1319 5711 ibi
1358 5675 1475 5713 eum
1512 5658 1768 5725 uidebitis,

192 5750 305 5805 sicut
334 5752 467 5807 dixit
498 5750 658 5807 vobis.
681 5750 746 5805 At
778 5750 885 5807 illa:
913 5759 1182 5819 exeuntes,
1223 5750 1465 5821 fugerunt
1495 5750 1559 5806 de
1582 5769 1769 5807 monu-
1797 5757 1803 5761 ’

191 5855 363 5905 uento.
392 5842 670 5906 Invaserat
709 5844 848 5904 enim
891 5859 977 5903 eas
1020 5842 1172 5904 timor
1211 5849 1259 5902 et
1300 5858 1481 5919 pavor,
1506 5854 1551 5903 st
1578 5845 1771 5903 nemini

1872 4725 2032 4781 ritate
2045 4726 2287 4796 plenum.
2307 4725 2441 4780 Hinc
2470 4725 2735 4795 est,quod
2760 4735 3055 4799 martyrum
3068 4740 3302 4787 caterva:
3319 4746 3465 4787 mor-

1871 4827 1980 4872 tem
2026 4816 2183 4886 hujus
2225 4814 2411 4869 saeculi
2458 4815 2690 4872 libenter
2716 4816 3009 4875 affectant:
3049 4821 3173 4894 quia
3204 4832 3471 4880 noverunt

1872 4926 1972 4981 pro
1994 4910 2096 4965 isto
2124 4909 2405 4979 temporali
2435 4909 2653 4965 interitu
2684 4924 2945 4981 perpetuo
2970 4930 3030 4971 se
3054 4931 3175 4973 esse
3203 4917 3465 4975 victuros.

1947 5003 2015 5057 Et
2046 5003 2178 5056 dixit
2222 5003 2294 5056 eis
2318 5017 2336 5057 :
2360 5000 2559 5056 Euntes
2586 5003 2639 5058 in
2676 5007 2927 5060 mundum
2954 5008 3249 5063 universum
3272 5010 3468 5080 prcdi-

1875 5106 1985 5150 cate
2034 5092 2378 5166 Evangelium
2424 5098 2561 5150 omni
2589 5108 2861 5155 creatum.
2886 5097 3040 5154 Nunc
3069 5102 3300 5170 primum
3346 5111 3469 5173 post

1873 5197 2153 5257 acceptum
2202 5187 2475 5259 spiritum,
2524 5205 2589 5246 ac
2640 5192 2687 5245 si
2738 5206 2864 5247 vasa
2914 5192 3108 5247 limosa
3155 5208 3251 5263 per
3279 5193 3461 5267 ignem

1872 5281 2187 5336 confirmata
2217 5298 2232 5333 :
2261 5283 2409 5337 omni
2441 5291 2731 5351 creaturae,
2763 5284 2813 5339 id
2842 5292 2941 5350 est,
2971 5285 3118 5339 omni
3146 5288 3336 5357 generi
3368 5289 3468 5345 hu-

1872 5387 2052 5439 manu,
2088 5372 2229 5442 quod
2276 5373 2330 5427 in
2374 5388 2435 5429 se
2471 5388 2763 5430 commune
2794 5374 2992 5447 aliquid
3027 5376 3191 5433 habet
3221 5379 3289 5434 ab
3316 5383 3461 5437 omni

1870 5475 2140 5533 creatura,
2170 5464 2414 5536 jubetur,
2446 5466 2499 5521 id
2527 5474 2631 5535 est,
2663 5466 2889 5537 angelis,
2927 5470 3239 5537 pecoribus,
3268 5471 3451 5543 lignis,

1872 5559 2164 5631 lapidibus,
2191 5560 2300 5630 igni
2330 5570 2385 5615 et
2413 5576 2572 5631 aqua,
2606 5562 2783 5617 calido
2808 5572 2864 5617 ct
2904 5562 3121 5634 frigido,
3160 5567 3381 5622 humido
3411 5577 3466 5623 et

1874 5652 2067 5707 arido:
2100 5651 2223 5723 quia
2263 5652 2496 5707 mundus
2533 5653 2710 5708 minor
2741 5652 2905 5709 homo
2937 5657 3156 5713 dicitur.
3198 5658 3463 5717 Dominus

1876 5748 2063 5819 utique
2092 5747 2273 5816 Jesus,
2305 5748 2395 5818 qui
2422 5746 2489 5802 de
2531 5745 2670 5803 ccelo
2700 5748 2985 5806 descendit
3027 5751 3095 5807 ad
3125 5751 3462 5810 liberandam

1875 5844 2208 5919 infirmitatis
2235 5854 2435 5905 nostrae
2466 5852 2719 5906 naturam
2748 5866 2760 5907 :
2792 5847 2907 5924 ipse
2945 5849 3108 5909 etiam
3146 5864 3311 5927 Super
3348 5867 3460 5915 rm-
