3970 6304
523 291 630 349 643
1556 289 1617 349 S.
1663 287 2047 348 HIERONYMI
2085 290 2373 349 OPERUM
2412 290 2789 350 MANTISSA.
3662 301 3747 364 Gil

519 406 697 461 lorum
724 404 893 461 caalos
916 402 1185 467 ascendit,
1215 401 1306 473 qui
1326 400 1483 465 sedet
1514 403 1582 458 ad
1612 403 1890 459 dexteram
1915 403 2109 460 Patris.
2140 410 2195 467 Α
2293 405 2397 472 Qui
2422 405 2719 473 crediderit,
2747 415 2794 460 et
2826 406 3114 477 baptizatus
3144 407 3321 479 fuerit,
3365 411 3523 467 salvus
3546 416 3657 470 erit:
3679 421 3751 487 qui

520 498 984 555 Considerandum
1013 506 1099 551 est
1124 506 1302 551 autem
1323 537 1339 565 ,
1374 496 1516 566 quod
1543 498 1858 566 frequenter
1892 497 1944 551 in
1972 497 2119 553 Scri-
2221 514 2338 553 vero
2370 516 2473 553 non
2495 500 2793 567 crediderit,
2826 502 3270 559 condenmabitur.
3314 504 3469 576 Signa
3494 519 3638 562 autem
3662 528 3746 580 eos,

523 594 697 664 pturis
728 592 926 646 divinis
955 591 1148 660 plurali
1177 606 1406 645 numero
1438 591 1606 646 caelos
1636 591 1811 645 dictos
1842 590 2114 656 invenies,
2219 594 2311 665 qui
2340 592 2671 660 crediderint,
2707 594 2816 647 Iuro
2839 605 3139 664 sequentur.
3170 594 3235 648 In
3268 599 3463 651 nomine
3481 616 3581 654 meo
3600 601 3751 657 dtcuto-

524 688 649 741 dum
682 685 878 755 legitur
906 702 919 736 :
954 683 1008 737 lu
1037 684 1306 753 principio
1339 683 1463 739 fecit
1501 684 1645 738 Deus
1672 685 1869 737 cmlum
1912 693 1965 738 et
2008 693 2115 737 ter-
2222 688 2310 739 nia
2335 686 2564 758 ejicient,
2597 686 2790 755 linguis
2818 688 3095 753 loquentur
3135 688 3297 757 nouis,
3327 703 3565 757 serpentes
3589 693 3749 747 tollent.

524 793 658 841 ram,
710 792 834 830 cum
887 787 1066 831 tamen
1100 778 1385 845 pluraliter
1432 776 1559 831 dicti
1592 776 1716 831 caeli
1771 776 2018 846 lcgantur
2064 784 2119 831 et
2222 775 2288 830 Et
2316 778 2359 829 si
2389 778 2709 845 mortiferum
2733 778 2857 847 quid
2889 777 3127 844 biberint,
3159 796 3263 833 non
3290 783 3356 834 eis
3396 783 3597 835 nocebit.
3624 784 3755 851 Super

528 883 706 926 terra.
755 870 947 925 Modus
987 871 1135 925 enim
1167 870 1269 925 iste
1312 872 1604 949 locutionis
1651 871 1809 924 latius
1839 878 2025 939 patet,
2061 878 2119 923 ιιι
2222 885 2385 940 (egros
2412 887 2603 924 manus
2633 872 2920 941 imponent,
2944 882 2991 926 et
3018 873 3142 927 bene
3169 873 3435 929 habebunt.
3466 874 3525 927 Et
3549 874 3752 932 Dominus

523 965 746 1019 abusive
774 962 1065 1033 singularia
1098 964 1294 1032 plurali
1329 979 1557 1019 numero
1586 963 1859 1029 dicamus,
1909 973 1963 1017 et
1994 961 2113 1031 plu‘
2222 965 2429 1035 quidem
2456 963 2607 1019 Iesus
2655 975 2926 1037 postquam
2952 967 3157 1021 locutus
3181 977 3259 1021 est
3296 969 3385 1031 eis,
3424 980 3755 1039 assumptusest

525 1056 657 1110 ralia
707 1056 991 1125 singulari.
1025 1055 1108 1111 Ad
1137 1056 1412 1112 Orientem
1457 1072 1611 1122 vero,
1658 1056 1802 1126 quod
1836 1054 2116 1125 psalmista
2222 1058 2275 1112 in
2318 1059 2521 1122 caelum,
2544 1070 2595 1114 et
2624 1060 2764 1114 sedet
2808 1076 2841 1113 a
2890 1062 3087 1115 dextris
3133 1060 3249 1116 Dei.
3291 1060 3383 1117 Illi
3408 1072 3569 1117 autem
3592 1066 3759 1135 profecti

524 1148 655 1203 dicit
688 1168 702 1202 :
732 1148 1099 1219 Evangelisttn
1127 1159 1348 1204 tacent:
1383 1149 1775 1219 Jerosolymam
1824 1146 2118 1217 signiﬁcat,
2223 1154 2637 1223 praedicaverunt
2677 1153 2881 1223 ubique,
2930 1155 3153 1211 Domino
3197 1168 3512 1231 cooperante,
3540 1171 3581 1213 et
3608 1176 3755 1213 sermo-

524 1260 647 1316 qua:
678 1252 763 1298 est
793 1243 846 1297 iu
879 1242 1118 1298 Orientis
1150 1243 1397 1311 partibus
1426 1243 1715 1297 collocata.
1752 1242 1907 1296 Unde
1940 1240 2123 1295 Domi-
2223 1263 2343 1300 nem
2404 1248 2745 1317 conﬁrmante
2807 1251 3135 1316 sequentibus
3200 1252 3383 1326 signis.
3436 1252 3752 1308 Ducentesimo

525 1352 643 1401 nus,
670 1334 936 1405 apostolis
963 1334 1297 1403 videntibus,
1329 1336 1575 1407 ascendit
1616 1334 1681 1390 ad
1723 1333 1920 1389 caelos.
1951 1332 2125 1388 Terra
2228 1340 2507 1394 tricesimo
2536 1342 2727 1409 quinto
2758 1343 2999 1413 capitqu
3030 1344 3239 1399 Marcus
3271 1345 3417 1417 signa
3447 1347 3750 1413 credentium,

525 1428 709 1483 multis
737 1428 893 1497 plena
935 1429 1239 1495 miraculis,
1277 1429 1365 1485 ubi
1408 1429 1649 1485 ﬁdelium
1679 1428 1975 1485 credulitas
2000 1427 2120 1498 plus
2226 1447 2349 1489 cum
2384 1434 2640 1492 Matthteo
2670 1446 2723 1493 et
2752 1435 2901 1493 Luca
2934 1440 3299 1509 concordans,
3329 1452 3561 1499 enarrat.

524 1524 754 1586 actibus,
786 1538 947 1592 quam
981 1524 1308 1581 lectionibus
1334 1524 1603 1580 eruditur.

520 1642 3747 1671 W

1872 1766 2481 1861 PR/EFATIO

770 1958 773 1963 ι
813 1920 997 1984 Falso
1029 1918 1311 1998 ascripta
1343 1916 1518 1977 beato
1550 1911 1943 1991 Hieronymo
1983 1908 2345 1990 presbytero
2380 1914 2447 1973 in
2476 1913 2897 1995 Evangelium
2924 1902 3262 1980 secundum
3292 1916 3542 1983 Lucam.

597 2177 793 2236 Lucas.
823 2176 997 2248 Syrus
1023 2173 1246 2229 natione
1276 2166 1684 2235 Antiochensis,
1714 2175 1831 2223 arte
1861 2163 2127 2233 medicus,
2159 2164 2206 2224 B
2236 2167 2466 2222 rationis
2494 2166 2545 2222 in
2579 2168 2794 2225 Christo
2833 2170 3091 2242 implcttc,
3139 2174 3458 2244 repetenda:
3500 2191 3525 2228 a
3558 2173 3776 2245 principio

524 2267 827 2337 discipulus
857 2264 1253 2334 apostolorum,
1301 2272 1490 2332 postea
1519 2259 1744 2315 Paulum
1788 2267 2006 2313 secutus
2036 2271 2092 2310 us

2236 2258 2532 2315 nativitatis
2574 2260 2847 2328 humanm,
2890 2274 3132 2333 potestas
3176 2269 3449 2338 permissa
3489 2276 3565 2323 est
3603 2276 3776 2322 :utre«

525 2378 629 2431 que
660 2360 727 2416 ad
758 2360 1289 2414 consummationem
1320 2354 1459 2423 ejus,
1485 2352 1730 2406 serviens
1751 2350 1981 2403 Domino
2006 2348 2125 2402 sine
2230 2353 2583 2421 quirentibus
2629 2356 3070 2425 demonstraret,
3139 2360 3192 2415 in
3247 2377 3366 2431 quo
3421 2359 3779 2431 apprehendens

523 2454 773 2509 crimine.
806 2450 940 2506 Nam
965 2465 1141 2520 neque
1163 2462 1391 2503 uxorem
1418 2458 1671 2515 umquam
1696 2440 1927 2503 habens,
1948 2454 2087 2507 nequ

2208 2454 2347 2511 ,erat
2393 2462 2488 2515 per
2514 2448 2726 2503 Nathan
2779 2449 2948 2507 ﬁlium
2982 2452 3149 2508 David
3197 2452 3456 2518 introitu,
3488 2452 3775 2510 recurrentis

527 2548 667 2603 ﬁlios
694 2561 709 2599 ε
734 2543 1076 2613 septuaginta
1111 2550 1166 2596 et
1194 2548 1432 2611 quatuor
1462 2551 1725 2590 annorum
1762 2532 1899 2586 obiit
1941 2533 1993 2585 in
2033 2530 2123 2584 Bi-
2231 2536 2283 2591 in
2320 2537 2485 2592 Deum
2528 2542 2899 2609 generationis
2952 2543 3215 2614 admisso,
3282 2546 3646 2618 inseparabilis
3681 2543 3776 2606 De."

526 2638 711 2708 thynia
746 2635 942 2704 plenus
968 2632 1173 2704 Spiritu
1204 2638 1415 2686 sancto.
1461 2628 1563 2695 Qui
1602 2641 1723 2681 cum
1758 2625 1871 2693 jam
1914 2621 2117 2693 scripta
2226 2638 2287 2685 ut
2341 2631 2643 2700 praedicans
2692 2635 2743 2688 iu
2789 2636 3046 2692 omnibus
3082 2637 3370 2695 Christum
3409 2656 3564 2696 suum
3600 2638 3780 2711 perfecti

524 2742 706 2791 essent
732 2731 1026 2803 Evangelia
1056 2747 1071 2782 :
1098 2744 1193 2798 per
1217 2724 1528 2782 Matthmum
1558 2721 1775 2793 quidem
1807 2720 1860 2774 in
1891 2717 2073 2772 iudica
2103 2733 2116 2769 :
2222 2736 2357 2791 opus
2408 2723 2640 2781 hominis
2688 2725 2869 2784 redire
2901 2730 2953 2784 in
2997 2746 3058 2787 se
3088 2747 3184 2800 per
3226 2732 3410 2790 tilium
3460 2733 3649 2790 laceret
3677 2749 3689 2787 :
3715 2731 3784 2802 qni

521 2844 617 2899 per
642 2827 881 2882 Marcum
914 2833 1095 2879 autem
1126 2822 1180 2876 in
1221 2819 1377 2875 italia
1407 2836 1421 2871 :
1454 2826 1647 2873 sancto
1682 2814 1973 2883 inStigantc
1999 2810 2120 2881 Spi-
2220 2829 2317 2885 per
2374 2817 2541 2872 David
2599 2828 2808 2889 patrem
2868 2823 3214 2880 venientibus
3278 2828 3382 2882 iter
3442 2826 3690 2896 prmbebat
3731 2825 3773 2879 it

524 2923 651 2985 ritu,
680 2921 733 2976 in
764 2919 984 2976 Achaia:
1030 2917 1278 2989 partibus
1323 2914 1427 2969 hoc
1456 2911 1676 2981 scripsit
1715 2907 2115 2977 Evangelium:
2218 2904 2459 2962 Christo.
2512 2908 2608 2965 Cui
2661 2913 2796 2968 lucae
2833 2930 2943 2970 non
2994 2915 3272 2972 immerito
3302 2919 3469 2974 etiam
3510 2914 3779 2974 scribendo-

520 3012 829 3084 signiﬁcans
878 3010 1040 3064 etiam
1084 3009 1200 3079 ipse
1232 3006 1285 3061 iu
1337 3002 1625 3075 principio,
1671 3010 1798 3055 ante
1830 3014 1984 3053 suum
2012 2997 2116 3052 alia
2218 3016 2339 3056 rum
2403 3002 2635 3060 Actuum
2686 3008 3063 3076 apostolorum
3122 3020 3371 3079 potestas
3423 3012 3477 3067 in
3528 3008 3784 3066 ministerio

519 3120 641 3160 esse
668 3102 963 3172 descripta.
1008 3101 1105 3155 Cui
1149 3108 1303 3155 extra
1355 3112 1416 3153 ea
1462 3112 1583 3166 qua:
1612 3092 1746 3148 ordo
1777 3088 2116 3158 Evangelicm
2218 3094 2375 3149 datur
2406 3104 2504 3150 :ut
2535 3096 2646 3151 Deo
2696 3098 2749 3152 in
2782 3098 2952 3155 Deum
2994 3103 3184 3170 pleno,
3233 3111 3296 3160 et
3348 3103 3464 3159 ﬁlio
3512 3098 3784 3173 perditionis

520 3195 895 3267 dispositionis
927 3193 1197 3264 exposcit,
1232 3207 1293 3247 ea
1327 3190 1560 3245 maxime
1584 3185 1881 3242 necessitas
1910 3182 2114 3239 laboris
2218 3187 2488 3243 exstincto
2520 3206 2535 3243 :
2564 3189 2817 3247 oratione
2862 3191 2933 3247 ab
2969 3192 3105 3262 ipsis
3156 3196 3434 3265 apostolis
3473 3195 3624 3257 facta.
3668 3200 3784 3247 sorte

521 3290 643 3352 fuit,
674 3296 733 3342 ut
761 3288 994 3359 primum
1019 3285 1231 3341 Grtncis
1254 3283 1506 3339 ﬁdelibus
1530 3280 1676 3335 omni
1703 3275 2115 3349 prophetatione
2218 3282 2431 3338 Domini
2490 3283 2777 3340 electionis
2851 3302 3110 3343 numerus
3168 3292 3567 3360 cmnp‘eremr.
3625 3285 3781 3352 Sicque

520 3383 733 3439 venturi
788 3382 842 3437 in
874 3396 1093 3435 carnem
1127 3378 1219 3434 Dei
1246 3376 1451 3432 Christi
1483 3372 1830 3430 manifestata
1861 3371 2115 3426 humani-
2217 3377 2418 3433 Paulus
2447 3380 2979 3436 consummationem
3009 3383 3338 3453 apostolicis
3390 3383 3599 3439 actibus
3622 3379 3779 3434 daret:

519 3486 652 3541 tate,
686 3491 754 3529 ne
800 3474 1041 3529 Judaicis
1072 3472 1267 3527 fabulis
1298 3469 1490 3525 attenti
1541 3469 1595 3524 in
1628 3468 1744 3522 solo
1795 3466 1932 3537 legis
1967 3464 2112 3521 desi-
2217 3471 2473 3543 quamdiu
2520 3481 2713 3528 contra
2760 3473 3039 3529 Stimulum
3085 3476 3530 3534 recalcitrantem
3573 3471 3776 3530 Dominus

520 3569 674 3627 derio
704 3579 1044 3633 tenerentur,
1078 3566 1163 3621 vel
1196 3582 1266 3627 ne
1298 3565 1569 3619 lucreticis
1596 3561 1815 3628 fabulis,
1857 3570 1912 3615 et
1934 3558 2110 3615 stultis
2138 3557 2183 3618 C
2218 3561 2498 3632 elegisset.
2571 3564 2726 3633 Quod
2787 3575 2845 3621 et
2912 3566 3221 3637 legentibus
3293 3585 3363 3625 ac
3430 3562 3774 3640 requirentibus

520 3662 992 3721 sollicitationibus
1020 3662 1233 3717 seducti
1259 3659 1579 3715 exciderent
1600 3673 1627 3709 a
1653 3656 1904 3721 veritate,
1930 3654 2113 3709 elabo-
2223 3655 2393 3709 Deum
2426 3673 2443 3733 εἴ
2472 3657 2600 3713 etsi
2631 3672 2727 3727 per
2758 3657 2969 3729 singula
3001 3659 3255 3729 expediri
3289 3678 3318 3715 a
3354 3661 3518 3717 nobis
3546 3657 3646 3716 utile
3677 3652 3766 3707 lue-

518 3767 685 3814 raret.
714 3757 923 3813 Dehinc
950 3767 1005 3810 ut
1038 3756 1090 3811 in
1138 3754 1406 3824 principio
1435 3751 1715 3822 Evangelii
1750 3750 1979 3805 Joannis
2012 3764 2110 3803 na-
2221 3755 2342 3814 rat;
2371 3748 2554 3803 sciens
2583 3758 2790 3817 tamen,
2822 3750 2969 3821 quod
2996 3762 3333 3822 operantem
3361 3754 3637 3826 agricolam
3654 3758 3773 3817 opor-

521 3852 729 3907 tivitate
778 3859 1109 3921 praesumpta
1141 3867 1155 3903 :
1184 3849 1271 3904 cui
1317 3844 2009 3917 Evangelium-scriberet,
2055 3852 2113 3898 et
2220 3838 2589 3911 teatprimum
2616 3841 2685 3897 de
2725 3843 2989 3897 fructibus
3018 3846 3135 3899 suis
3164 3845 3375 3917 edere,
3416 3844 3688 3905 vitavimus
3707 3852 3781 3905 pu-

519 3945 572 3998 in
595 3961 701 4013 quo
733 3944 942 3998 electus
968 3941 1259 4007 scriberet,
1294 3940 1556 3995 iudicaret
1585 3957 1596 3991 :
1629 3945 1945 3991 contestans
1974 3936 2029 3991 in
2052 3951 2111 3990 se
2218 3932 2417 3991 blicam
2461 3935 2835 3991 curiositatem
2870 3952 2885 3990 :
2915 3953 2984 3993 ne
3015 3954 3121 3994 non
3156 3948 3272 3996 tam
3315 3941 3623 3996 volentibus
3656 3935 3786 3989 Deum

515 4036 785 4105 completa
823 4051 965 4102 esse,
1017 4050 1138 4104 quae
1188 4043 1373 4088 essent
1401 4032 1472 4087 ab
1518 4030 1641 4085 aliis
1682 4030 1956 4089 inchoata.
2010 4026 2111 4081 Cui
2219 4025 2628 4085 demonstrasse
2661 4029 3001 4101 videremur,
3046 4047 3209 4103 quam
3257 4032 3661 4091 fastidientibus
3693 4040 3791 4098 pro-

516 4126 639 4184 ideo
668 4137 791 4199 post
814 4127 1147 4198 baptismum
1178 4125 1304 4181 Filii
1349 4124 1466 4192 Dei,
1513 4139 1545 4180 a
1581 4121 1916 4193 perfectione
1941 4135 2111 4192 gene-
2218 4121 2445 4178 didisse.

511 4254 3769 4284 ww

699 4383 1381 4515 ADMONITIO
1455 4383 1575 4466 IN
1652 4381 2569 4492 SUBSEQUENTES
2649 4382 3645 4472 COMMENTARIOS.

592 4618 762 4673 Nemo
785 4626 858 4671 est
879 4616 1168 4691 hominum,
1191 4615 1285 4691 qui
1311 4612 1503 4667 eruditi
1528 4612 1769 4691 audiunt,
1799 4613 2213 4691 cuisubsequens
2231 4612 2641 4691 Cortrmentarius
2671 4617 2797 4670 liber
2830 4618 2885 4670 in
2908 4616 3193 4691 meauli
3219 4616 3523 4691 Epistolas,
3563 4617 3623 4669 S.
3646 4612 3801 4668 Hiero-

520 4708 674 4764 nymo
702 4704 969 4764 perperam
999 4689 1123 4764 olim
1142 4684 1436 4764 attributas,
1467 4702 1567 4764 non
1588 4685 1831 4764 uideatur
1857 4684 1948 4739 ille
1978 4685 2133 4764 idem,
2158 4686 2391 4764 quem
2415 4687 2738 4764 Augustinus
2762 4705 2876 4764 cum
2900 4690 3046 4764 qlibi,
3080 4700 3190 4744 tum
3222 4684 3320 4745 lib.
3348 4708 3410 4750 ut
3434 4694 3499 4747 de
3518 4697 3805 4763 peccatorum

520 4754 717 4818 nferitis'
755 4754 806 4816 et
824 4759 1117 4813 remissione
1149 4775 1265 4831 cup.
1300 4758 1352 4831 1,
1382 4765 1428 4831 et
1458 4754 1659 4831 Marius
1706 4755 1961 4810 Mercator
1991 4757 2042 4810 in
2079 4754 2625 4831 Contntonitorio'non
2668 4760 2859 4821 semel,
2898 4754 3245 4817 Cassiodorus
3280 4765 3409 4817 item
3434 4806 3450 4827 ,
3489 4754 3636 4831 atque
3662 4764 3807 4810 auctor

518 4833 883 4889 Prwdestinati
906 4832 1063 4901 fuisse
1084 4848 1115 4883 a
1143 4827 1355 4901 Pelain
1383 4828 1738 4882 elucubratum
1770 4838 2041 4901 testantur.
2073 4827 2140 4881 Et
2162 4846 2287 4881 sane
2315 4830 2390 4897 (id
2419 4832 2555 4898 quod
2587 4839 2785 4884 tantum
2816 4848 2918 4885 non
2952 4833 3159 4886 evidens
3192 4836 3248 4887 in
3280 4852 3397 4888 eam
3429 4852 3537 4890 rem
3555 4827 3807 4901 argumen-

519 4916 623 4961 tum
649 4908 750 4976 est)
775 4892 916 4967 loca,
934 4917 1048 4976 qua:
1074 4916 1138 4955 ea:
1162 4899 1256 4976 illo
1274 4892 1493 4971 “Pelagii
1524 4916 1674 4970 opere
1691 4940 1703 4961 ,
1732 4908 1907 4976 utpote
1932 4899 2161 4976 haretici
2192 4892 2447 4976 dogmatis
2473 4918 2666 4956 veneno
2700 4903 2915 4976 infecta,
2948 4906 3165 4958 recitant
3206 4907 3297 4959 illi
3322 4917 3485 4975 atque
3510 4892 3809 4973 impugnat“,

519 4971 742 5035 totident'
760 4982 865 5047 fere
893 4971 953 5029 in
975 4973 1073 5028 hoc
1099 4971 1591 5047 verbisoccurrunt.
1616 4982 1766 5047 atque
1797 4971 1888 5025 illa
1921 4988 2039 5024 cunt
2060 4973 2266 5047 primis,
2291 4988 2404 5047 quae
2424 4989 2491 5047 ea;
2510 4991 2643 5047 cup.
2661 4971 3057 5047 [Epistolaiad
3088 4976 3371 5031 Romanos
3392 4971 3669 5047 desumpta
3688 4976 3807 5024 “Wo

518 5052 649 5105 etab
678 5042 931 5120 impressa
963 5047 1203 5120 lectione,
1238 5042 1323 5098 via:
1351 5052 1601 5120 quantum
1644 5042 1839 5096 tribuas
1874 5045 2571 5120 amanuensium“licentia:,
2610 5044 2891 5120 illi/ferunt.
2941 5044 3026 5100 Ea
3067 5062 3166 5120 nos
3197 5050 3424 5119 singula
3459 5050 3531 5103 ibi
3569 5042 3811 5117 diligenter

516 5112 954 5190 comparuvimus,
985 5132 1101 5188 qllll?
1127 5117 1223 5190 huc
1255 5116 1489 5190 conferre
1518 5113 1729 5190 longum
1753 5122 1883 5190 erat.
1919 5112 2257 5190 ‘Veraitaque
2280 5115 2375 5190 illa
2395 5119 2654 5190 sententia
2678 5128 2772 5183 est,
2796 5117 2925 5190 adeo
2950 5136 3051 5171 non
3082 5118 3274 5172 habere
3292 5112 3475 5173 "libros
3501 5123 3621 5172 istos
3650 5112 3810 5167 aucto-

516 5185 1157 5261 rem'Hieronymum,’ut
1176 5188 1277 5261 sint
1306 5187 1463 5237 immo
1479 5188 1645 5261 certis
1676 5185 1885 5261 indiciis
1909 5185 2041 5250 fetus
2064 5186 2403 5261 infensissimi
2442 5191 2578 5255 eius,
2622 5187 2988 5261 et_catholicw
3019 5189 3141 5257 ﬁdei
3172 5188 3373 5244 hostis.
3416 5190 3527 5246 Sed
3560 5200 3630 5241 est
3665 5196 3810 5261 tanta!

515 5265 784 5317 assertioni
808 5254 989 5316 modus
1016 5258 1360 5331 adhibendus,
1390 5273 1454 5310 ne
1473 5256 1595 5331 inde
1620 5258 1925 5311 conclusum
1951 5274 2060 5331 eas,
2093 5260 2231 5327 quod
2255 5276 2442 5327 purum
2469 5254 2653 5329 putum
2676 5258 2953 5329 Pelagium
2988 5254 3268 5314 contextus
3301 5263 3522 5331 referat.
3558 5259 3687 5316 Cum
3707 5254 3815 5308 οίίηι

517 5335 663 5388 bona;
685 5335 869 5405 frugis,
904 5350 990 5405 nec
1016 5330 1204 5405 passim
1231 5327 1469 5405 indoctus
1499 5326 1910 5405 Commentarius
1933 5326 2215 5405 videretur,
2240 5326 2301 5384 ea
2326 5348 2438 5405 qtae
2462 5326 2568 5405 prce
2590 5332 2786 5385 caeteris
2810 5326 3048 5387 luvresim
3071 5326 3451 5400 insinuabant,
3483 5348 3661 5387 cavere
3682 5330 3817 5405 {6610'

514 5407 655 5459 ribus
685 5397 915 5477 religiosi
941 5397 1179 5477 homines
1203 5401 1508 5477 studuerunt
1540 5415 1556 5451 :
1589 5409 1636 5453 et
1660 5397 1916 5453 nonnulla
1945 5401 2241 5477 sanioribus
2280 5397 2884 5477 verbisiinlet'polarttnt,
2910 5404 3015 5458 alia
3038 5403 3245 5474 penitus
3272 5397 3637 5460 exsciderttnt.
3671 5399 3814 5469 Argu-

512 5487 684 5531 menta
716 5468 823 5530 Itw'c
854 5476 977 5541 sint,
1010 5490 1124 5543 quae
1145 5468 1728 5543 descripsitqblercator,
1755 5487 1890 5524 nunc
1917 5487 2032 5524 vero
2059 5474 2417 5525 desiderantur
2450 5489 2467 5526 :
2498 5472 2559 5526 Hi
2587 5468 2792 5535 autem,
2820 5468 3011 5543 inqui‘,
3038 5468 3135 5543 ἠυξ
3158 5486 3359 5529 contra
3394 5480 3677 5531 traducem
3708 5482 3817 5539 pec-

513 5554 619 5603 cati
650 5548 911 5613 sentiunt,
940 5540 1099 5599 aliter
1128 5559 1249 5611 eos,
1283 5542 1373 5612 qui
1398 5540 1700 5616 defendunt
1721 5545 2019 5616 traducem,
2050 5546 2368 5612 impugnare
2396 5552 2685 5599 ecitantur.
2723 5545 2777 5601 Si
2812 5540 3115 5613 peccatum.
3139 5545 3340 5616 inquit,
3372 5551 3509 5604 Adae
3538 5549 3696 5602 etiam
3718 5552 3815 5616 90!!

516 5621 867 5689 peccantibus
895 5610 1099 5676 nocuit,
1136 5610 1266 5690 ergo
1302 5610 1359 5670 et
1387 5613 1589 5690 Christi
1622 5613 1832 5682 justitia
1884 5630 1987 5667 non
2033 5610 2377 5669 credentibus
2412 5616 2665 5690 prodest;
2716 5610 2979 5690 quoniam
3024 5610 3529 5690 situilit'erpitnmo
3558 5619 3679 5690 plus
3701 5610 3816 5690 dicit

513 5684 834 5761 Apostolus,
865 5706 959 5761 per
986 5702 1147 5739 unum
1185 5685 1428 5750 liberati,
1459 5700 1618 5753 quam
1648 5701 1742 5750 per
1765 5696 2083 5761 unutn_ant_e
2114 5684 2423 5761 perierunt;
2458 5686 2667 5743 Deinde
2699 5684 2908 5761 dicum,
2951 5690 3140 5761 inquit,
3177 5688 3237 5743 Si
3272 5684 3585 5761 baptistnus
3616 5684 3816 5743 mundiIl

514 5755 798 5833 antiquum
823 5755 959 5815 illud
988 5766 1442 5833 veternosumque
1476 5763 1774 5833 peccatum,
1804 5757 1892 5825 qui
1922 5755 1988 5810 de
2029 5756 2240 5833 duobus
2272 5757 2555 5833 baptizat‘is
2578 5761 2697 5833 nati
2730 5755 2952 5821 fuerint.
2997 5755 3200 5833 debent
3232 5755 3561 5816 hoc'carerc
3594 5762 3813 5833 peccam-

510 5827 812 5892 Non'euim
841 5839 1133 5905 potuerunt
1156 5828 1221 5893 ad
1248 5840 1501 5898 posteros
1523 5832 1920 5895 transmittere,
1948 5829 2096 5899 quod
2118 5831 2223 5900 ipsi
2250 5829 2475 5889 minime
2503 5830 2838 5889 habuerunt.
2867 5832 2927 5889 ln
2950 5834 3055 5889 hoc
3078 5829 3319 5903 addunt,
3350 5836 3550 5905 inquit,
3576 5827 3813 5905 quoniam
