3970 6304
189 338 280 399 645
871 333 1415 395 COMMENTARIUS
1454 334 1522 393 IN
1563 336 1944 394 EPlSTOLAM
1987 335 2078 394 AD
2117 333 2465 395 ROMANOS.
2507 337 2660 396 CAP.
2705 336 2746 394 Ι.
3351 335 3456 395 666

186 461 228 509 si
255 454 427 507 anima
461 467 568 508 non
596 458 772 509 estex
808 456 1051 522 traduce,
1085 456 1224 510 sicut
1255 470 1355 510 nec
1385 463 1487 524 est,
1511 456 1604 510 sed
1634 457 1748 510 sola
1775 473 1902 511 caro
1933 456 2098 511 habet
2135 457 2411 513 traducem
2453 458 2681 525 peccati,
2711 457 2824 511 sola
2858 465 2914 512 et
2946 471 3159 527 pinnam
3202 468 3466 512 meretur.

185 527 433 600 lnjustum
475 535 555 600 est
585 529 760 600 enim,
813 539 874 581 ut
910 528 1072 582 hodie
1105 537 1226 582 nata
1271 529 1449 582 anima
1481 543 1586 582 non
1619 544 1686 583 ex
1725 544 1904 583 massa
1954 529 2118 593 Adae,
2162 538 2270 583 tam
2318 531 2599 600 antiquum
2636 539 2934 600 peccatum,
2967 541 3142 598 portet
3189 528 3466 584 alienum:

185 598 293 666 quia
329 613 425 654 nec
453 597 778 670 rationabile
801 608 886 652 est
916 608 974 652 ut
1003 599 1168 659 Deus,
1203 600 1291 670 qui
1337 602 1553 668 propria
1588 609 1805 669 peccata
1833 600 2081 667 dimittit,
2120 617 2286 654 unum
2324 597 2550 668 imputet
2581 597 2845 656 alienum.
2887 597 3015 656 uec
3055 611 3194 665 sunt,
3227 600 3462 670 inquam,

185 686 211 722 a
230 670 406 744 nostris
437 668 821 744 exemplaribus
860 667 1348 744 abi-asa,_nonalia
1376 667 1653 744 decausa1
1674 688 1829 744 quam
1859 672 2000 744 qu_od_
2026 672 2076 723 in
2108 682 2338 744 apertam
2384 667 2622 726 lucrm-im
2661 671 2993 741 erumpebant
3029 689 3046 726 :
3076 671 3266 744 indicio
3294 667 3469 724 autem

181 742 584 814 sunt,ejusmodi
603 740 717 814 alia
745 743 974 814 canit/em
1009 741 1227 794 subiisse
1269 743 1531 810 fortunam
1565 743 1584 795 ,ί
1616 739 1878 795 cunei-um
1905 739 2242 814 I’elagiiesse
2273 743 2390 813 jam
2420 762 2450 796 α
2486 759 2582 814 χιιι
2616 761 2772 814 usque
2808 739 3002 797 sa'culo
3034 741 3342 797 credebatur
3375 758 3392 795 :
3422 751 3469 795 et

181 812 478 882 luculentum
504 828 565 864 ea
594 813 733 882 inire
765 812 1056 882 Scriptoris
1077 814 1239 865 nostri
1275 814 1581 867 Veronensis
1611 814 1956 866 testimonium
1979 825 2074 877 est,
2105 812 2331 867 Joannis
2361 831 2433 879 se,
2458 812 2772 878 diaconi,'ut
2803 814 3060 868 Paucinio
3088 814 3305 878 dicitur,
3337 814 3464 876 sive,

185 893 232 958 ut
257 881 614 958 Pastrmgico,
636 881 862 937 Joannis
885 881 1169 958 presbyteri
1193 883 1545 958 Mansionarii
1565 886 1617 940 in
1645 885 1889 958 Historia
1920 885 2152 958 nondum
2185 887 2345 958 edita,
2378 902 2492 957 qua:
2517 885 2658 958 apud
2691 903 2785 939 nos
2811 896 2907 940 est.
2929 885 3062 958 ίνὶἀὶ
3083 927 3096 954 ,
3130 887 3320 958 inquit,
3357 899 3462 954 ego

180 955 280 1023 ipse
318 954 548 1008 Joannes
576 954 1042 1026 Commentarium
1073 955 1273 1026 Pelagii
1307 956 1570 1024 prtedicti,
1602 973 1766 1026 super
1799 955 2068 1025 Epistulas
2108 956 2288 1021 Pauli,
2330 954 2399 1010 in'
2429 954 2694 1026 quo'licet
2723 958 2894 1012 multa
2927 957 3067 1014 bene
3097 967 3153 1012 et
3181 956 3462 1026 eleganter

179 1035 412 1094 exponat,
465 1035 645 1080 tamen
691 1025 970 1082 subtiliter
1018 1025 1257 1081 iniundit
1303 1039 1572 1096 venenum
1624 1025 1846 1083 haeresis
1888 1043 2023 1082 suae.
2074 1025 2461 1096 Prw/ationeni
2486 1045 2640 1099 porro
2685 1028 2839 1081 istam
2879 1028 3108 1086 melioris
3155 1025 3292 1081 noue
3342 1043 3466 1080 mss.

178 1107 420 1168 ignorant.

176 1197 3440 1222 Μ

189 1246 242 1257 δὴ

1159 1297 2471 1430 COMMENTARII

321 1527 523 1736 IN
620 1525 1724 1676 EPISTOLAS
1822 1527 2538 1694 SANCTI
2637 1529 3286 1681 PAULI.

1367 1956 2200 2065 PBIEFATIO
2223 2024 2260 2063 .

235 2169 454 2226 Litteris
482 2165 591 2224 tuis
623 2166 824 2226 cursim
872 2162 1005 2220 mihi
1046 2161 1246 2228 allatis,
1289 2169 1343 2242 et
1385 2158 1664 2215 laboribus
1713 2169 1765 2215 et
1793 2159 1846 2218 A
1871 2159 2027 2226 serit,
2060 2161 2164 2216 hoc
2187 2172 2269 2218 est
2298 2179 2466 2238 usque
2492 2166 2559 2226 ad
2588 2168 2804 2244 tertiam
2853 2169 3027 2242 legem
3067 2170 3274 2230 veteris
3312 2172 3465 2228 ηογί.

177 2263 315 2317 curis
358 2263 409 2317 in
446 2261 616 2316 sacris
661 2257 940 2314 codicibus
979 2251 1248 2311 desudare
1292 2268 1377 2306 me
1424 2251 1603 2322 Cogis,
1648 2251 1761 2321 jam

177 2355 303 2409 mihi
345 2335 655 2410 senescente
704 2365 934 2424 corpore
975 2359 1029 2404 et
1068 2345 1275 2402 viribus
1318 2343 1762 2410 lassescentibus,

177 2447 448 2502 lleliodore
486 2457 722 2500 sancte:
776 2443 942 2512 idque
983 2443 1034 2495 in
1087 2435 1346 2511 Epistolis
1392 2436 1532 2491 beati
1585 2435 1755 2498 Pauli,

177 2555 282 2608 qua:
312 2547 360 2593 et
383 2539 608 2592 scientia
654 2534 1059 2606 prmdicaloris,
1103 2541 1156 2586 et
1200 2531 1324 2584 lima
1374 2527 1607 2599 justitiaz
1652 2538 1758 2581 tam

183 2649 386 2704 magna),
419 2641 474 2688 ct
504 2629 875 2702 prmdicando,
911 2637 966 2684 et
997 2625 1269 2689 docendo,
1296 2621 1613 2678 testimonio
1639 2620 1760 2692 Spi-

184 2730 307 2782 titus
331 2728 503 2782 sancti
537 2727 765 2798 prolata:
795 2735 959 2794 atque
989 2722 1230 2777 dilatatae
1266 2726 1415 2783 sunt,
1449 2727 1506 2772 ut
1534 2732 1759 2784 compa-

181 2835 310 2882 rire,
338 2831 424 2873 aut
457 2833 745 2888 comquare
767 2816 938 2871 veteri
971 2813 1326 2870 Testamento
1349 2818 1405 2864 et
1433 2806 1760 2876 evangelica:

181 2911 424 2966 doctrina:
471 2926 582 2965 non
618 2909 952 2965 dubitemus.
1002 2906 1124 2976 Ipse
1156 2903 1321 2969 enim,
1351 2902 1630 2958 revelante
1654 2891 1760 2955 'sibi

183 3004 368 3070 Spiritu
398 3012 615 3072 sancto,
649 3001 929 3072 cognovit.
961 2999 1090 3054 dum
1115 3013 1174 3052 se
1197 3005 1409 3067 raptum
1441 3009 1564 3050 esse
1590 2991 1764 3064 usque

184 3098 233 3148 ad
257 3097 470 3152 tertium
513 3096 711 3150 coelum
743 3095 796 3148 in
842 3106 1075 3163 corpore
1097 3133 1112 3156 ,
1142 3097 1238 3144 aut
1263 3098 1416 3144 extra
1445 3101 1647 3157 corpus
1673 3101 1760 3141 as-

1877 2269 1981 2322 que
2004 2253 2361 2312 Testamenti.
2392 2258 2449 2314 In
2471 2275 2718 2330 corpore,
2746 2273 2841 2318 aut
2859 2273 3012 2319 extra
3039 2279 3260 2334 corpus,
3290 2262 3462 2333 idest,

1875 2361 2050 2415 neque
2092 2363 2191 2424 per
2218 2350 2391 2426 legem
2437 2365 2663 2421 naturae,
2715 2372 2893 2426 neque
2922 2372 3017 2428 per
3044 2339 3218 2430 legem
3246 2356 3465 2430 littera},

1872 2443 1968 2494 sed
2001 2456 2094 2511 per
2126 2440 2392 2511 Spiritum
2421 2459 2692 2514 sanctum,
2725 2448 2776 2503 ei
2803 2449 3056 2504 omnibus
3079 2448 3341 2520 apostolis
3368 2448 3468 2504 tui-

1871 2533 2019 2586 nimo
2056 2533 2349 2591 novissime
2375 2537 2556 2593 datum
2605 2556 2701 2610 per
2729 2541 2916 2596 Jesum
2953 2541 3232 2598 Christum
3263 2542 3454 2602 Domi-

1870 2638 1996 2678 num
2028 2637 2291 2693 nostrum,
2324 2645 2422 2700 per
2463 2647 2623 2706 quem
2665 2631 2927 2690 habemus
2957 2649 3236 2706 accessum
3269 2634 3321 2690 in
3355 2633 3456 2690 ista

1871 2718 2064 2785 gratia,
2096 2719 2147 2774 in
2183 2735 2290 2790 qua
2335 2732 2392 2778 et
2439 2709 2770 2792 stamus,'ct
2813 2726 3134 2796 gloriamur.
3179 2726 3290 2784 Nos
3339 2743 3468 2804 vero

1868 2810 2190 2879 simpliciter
2236 2817 2592 2883 exposuisse,
2654 2819 3017 2896 brevibusque
3068 2820 3456 2888 sermonibus,

1868 2904 2191 2972 comperies.
2225 2905 2359 2977 Ejus
2386 2925 2581 2980 nempe
2605 2909 2862 2983 Epistolzc
2904 2913 3335 2985 magnificentius
3389 2912 3457 2968 ab

1867 2998 2117 3053 omnibus
2165 2999 2499 3072 sapientibus
2552 3014 2606 3061 ct
2643 3005 3073 3078 interpretantur
3100 3051 3114 3076 ,
3173 3017 3229 3064 et
3269 3005 3468 3078 przcdi-

1876 3100 2090 3146 CBDIUI‘.

193 3225 3452 3251 MM

824 3397 832 3404 ,
921 3308 1046 3393 ΙΝ
1120 3297 1788 3388 EPISTOLAM
1862 3304 2021 3386 AD
2099 3264 2700 3394 ROMANOS.

1652 3477 1985 3493 ﬂ

681 3606 908 3668 CAPUT
938 3603 1232 3664 PRIMUM.

243 3705 462 3764 Paulus.
488 3704 799 3774 Quaerimus
819 3714 990 3772 quare
1011 3697 1215 3754 Paulus
1237 3695 1462 3764 set-ibat.
1487 3709 1612 3750 cum
1627 3694 1762 3750 Sau-

185 3799 250 3860 lus
272 3809 433 3858 antea
468 3799 542 3854 sit
573 3793 836 3870 vocatus?
873 3791 1029 3859 Quod
1059 3806 1128 3846 ex
1159 3804 1311 3846 more
1342 3797 1656 3844 sanctorum
1688 3787 1766 3842 ie-

181 3894 296 3947 cisse
321 3888 666 3947 credendum
697 3895 803 3952 εει,
834 3886 926 3956 qui
965 3883 1020 3939 in
1065 3881 1360 3937 virtutibus
1393 3878 1764 3950 proﬁcientes,-

176 3994 362 4041 mutato
408 3983 633 4050 nomine
672 3988 798 4035 sunt
841 3977 1063 4044 vocati,
1112 3983 1176 4030 ut
1216 3986 1401 4038 esseut
1445 3973 1610 4038 etiam
1645 3973 1764 4044 ipso

1865 3601 2084 3659 Christo
2109 3606 2162 3661 in
2189 3611 2591 3678 apostolatum;
2624 3623 2946 3685 segregatus
2975 3623 3154 3672 autem
3177 3615 3232 3672 in
3266 3617 3468 3688 praedi-

1867 3699 2139 3755 cationem
2168 3703 2413 3771 gentium
2433 3746 2449 3771 ,
2475 3715 2537 3762 ut
2569 3709 2823 3763 ostendat
2861 3724 3023 3764 unam
3058 3725 3182 3767 esse
3208 3711 3466 3769 substan-

1871 3792 1996 3847 tiam
2030 3793 2226 3865 Patris,
2259 3804 2313 3852 et
2340 3797 2490 3865 Filii,
2522 3809 2577 3855 et
2607 3800 2843 3872 Spiritus
2872 3803 3069 3858 sancti.

1943 3885 2281 3958 Segregatus.
2310 3890 2464 3948 Sicut
2495 3894 2548 3947 in
2577 3893 2800 3948 Actibus
2825 3895 3198 3960 apostolorum
3230 3894 3471 3966 Spiritus

1869 3989 2091 4035 sanctus
2121 3981 2292 4050 dicit,
2329 3983 2624 4056 Segregate
2655 3985 2786 4040 mihi
2808 3981 3118 4042 Barnabam
3148 3996 3205 4042 et
3232 3986 3464 4044 Paulum

174 4079 382 4133 [tamine
437 4075 589 4138 novi,
646 4081 708 4127 ut
755 4069 1052 4142 Abraham,
1082 4077 1162 4123 .et
1213 4066 1369 4129 Sara,
1417 4072 1474 4134 et
1525 4064 1762 4134 Cephas.
1797 4051 1845 4112 Β
1871 4071 1927 4126 in
1955 4087 2092 4142 opus
2120 4075 2186 4130 ad
2216 4077 2360 4147 quod
2385 4051 2526 4147 elegi
2557 4092 2674 4134 eos.

172 4172 342 4230 Aliter.
384 4171 614 4229 Paulus.
644 4171 798 4226 Sicut
823 4169 1057 4234 aliorum
1081 4174 1396 4226 sanctorum
1436 4172 1542 4218 tam
1585 4161 1638 4216 in
1667 4175 1764 4216 ve-

171 4274 278 4339 teri,
304 4287 481 4345 quam
514 4271 568 4325 in
599 4285 740 4324 novo
762 4267 1137 4331 Testamento,
1163 4263 1216 4320 id
1244 4272 1347 4328 est,
1377 4250 1681 4322 Abraham,
1707 4265 1766 4312 et

172 4363 316 4433 Petri,
349 4375 418 4420 et
442 4374 794 4424 caterormn,
814 4359 1058 4432 proiectu
1081 4365 1139 4413 et
1165 4357 1505 4411 incremento
1535 4352 1764 4408 merito-

167 4474 270 4511 rum
303 4465 519 4512 mutata
570 4463 700 4510 sunt
746 4453 969 4508 nomina
1001 4467 1014 4504 :
1050 4452 1122 4505 ita
1153 4459 1209 4505 et
1254 4446 1449 4512 Paulus
1498 4447 1552 4502 in
1589 4443 1765 4513 gratia

167 4553 480 4620 proﬁciens,
516 4565 714 4606 nomen
746 4548 848 4604 sibi
874 4547 992 4617 ipse
1021 4543 1272 4604 mutavit.

228 4649 422 4714 Servus
446 4645 575 4700 Jesu
607 4643 824 4700 Christi.
852 4643 899 4698 A
924 4655 1084 4698 servo
1110 4640 1298 4709 etrapit,
1329 4636 1644 4706 exemplum
1667 4649 1770 4698 nos

169 4740 242 4796 bis
284 4739 615 4798 humilitatis
638 4737 936 4800 ostendens
969 4754 983 4792 :
1013 4735 1171 4807 quasi
1221 4731 1458 4788 imitator
1500 4730 1642 4800 ejus,
1673 4729 1766 4796 qui

169 4836 460 4892 exinauivit
490 4834 734 4904 seipsum
756 4875 770 4899 ,
807 4830 1034 4886 formam
1063 4827 1206 4883 servi
1250 4825 1546 4894 accipiens,
1579 4831 1636 4877 et
1661 4821 1765 4876 hu-

170 4928 394 4985 miliavit
435 4914 703 4996 seipsum,
757 4923 931 4979 tactus
981 4920 1249 4980 obediens
1287 4931 1457 4986 usque
1506 4914 1571 4969 ad
1624 4928 1768 4968 mor-

169 5033 269 5072 teu
304 5036 319 5074 :
353 5027 580 5089 propter
608 5013 776 5085 quod,
811 5023 867 5068 et
893 5012 1039 5068 Deus
1068 5011 1218 5066 illum
1258 5007 1544 5064 exaltavit.
1581 5004 1648 5060 Et
1676 5005 1768 5058 hic

171 5126 256 5180 per
299 5111 466 5168 ﬁdele
515 5109 753 5181 primum
798 5107 1078 5172 servitium
1131 5103 1328 5160 meruit
1376 5099 1765 5170 apostolatum.

179 5212 330 5270 Item,
365 5221 477 5261 non
515 5203 818 5258 secundum
851 5201 1101 5270 timorem
1126 5239 1141 5263 ,
1178 5197 1275 5263 sed
1303 5194 1600 5252 secundum
1630 5191 1767 5250 dile-

171 5300 429 5364 ctionem,
451 5297 591 5352 sicut
623 5297 738 5366 ipse
755 5295 895 5350 dicit
925 5311 938 5348 :
969 5292 1108 5350 Vivo
1129 5301 1336 5357 autem,
1363 5289 1476 5358 jam
1508 5303 1613 5348 non
1635 5300 1760 5358 ego,

171 5391 286 5446 vivit
320 5407 460 5450 vero
489 5389 544 5447 in
575 5406 665 5444 me
697 5390 969 5454 Christus.

243 5484 476 5551 Vocatus
505 5485 799 5557 apostolus.
831 5482 950 5540 lam
978 5482 1030 5538 in
1059 5481 1351 5552 praesentia
1381 5480 1448 5538 ad
1481 5480 1584 5538 hoc
1608 5493 1760 5538 voea-

179 5587 278 5648 tus,
304 5588 370 5634 ut
403 5591 546 5634 esset
569 5577 870 5648 apostolus.
899 5578 1028 5633 Item
1052 5576 1310 5640 ostendit,
1333 5591 1440 5633 non
1469 5576 1648 5634 solum
1674 5590 1770 5631 vo-

173 5682 354 5726 catum
375 5685 441 5728 se
463 5670 530 5726 ad
553 5668 898 5738 apostolatus
922 5668 1149 5740 gratiam
1177 5687 1190 5720 :
1220 5667 1313 5732 sed
1344 5677 1399 5726 et
1427 5679 1768 5740 segregatum
1842 5731 1846 5736 _

174 5761 225 5818 iu
249 5763 700 5835 praedicationem
732 5764 1001 5834 gentium,
1028 5773 1085 5818 ut
1112 5763 1226 5832 ipse
1253 5772 1538 5820 memorat.
1573 5761 1689 5818 Nos
1714 5763 1769 5819 in

171 5857 408 5929 gentibus
432 5871 453 5910 :
471 5857 577 5931 ipse
595 5868 770 5914 autem
797 5857 851 5913 in
876 5855 1296 5916 circumcisione.
1325 5855 1562 5917 Vocatus
1584 5871 1716 5932 ergo
1739 5872 1771 5916 a

1940 4165 2006 4220 In
2037 4166 2378 4239 Evangetium
2408 4169 2529 4226 Dei.
2558 4173 2931 4244 Evangelium,
2983 4173 3176 4230 Latine
3205 4174 3338 4229 bona
3367 4191 3470 4231 an-

1866 4261 2146 4329 nuntiatia,
2171 4261 2374 4319 dicitur
2399 4281 2415 4318 :
2440 4264 2736 4320 nativitatis
2759 4267 2981 4323 scilicet
2999 4267 3224 4336 Christi,
3257 4271 3470 4339 passio-

1869 4353 1977 4418 nis,
2010 4364 2065 4408 et
2089 4357 2532 4425 resurrectionis,
2568 4359 2700 4415 etin
2729 4361 2925 4417 ccelum
2957 4362 3318 4417 ascensionis.

1944 4445 2098 4511 Quod
2122 4458 2242 4503 ante
2279 4451 2586 4520 promiserat
2613 4469 2704 4522 per
2733 4454 3014 4525 praphetas
3043 4470 3189 4510 suas.
3220 4455 3474 4511 Ostendit

1869 4550 1931 4593 se
1958 4537 2239 4594 Christum
2263 4557 2370 4595 non
2395 4543 2560 4598 alium
2595 4545 2917 4613 praedicare,
2944 4559 3107 4616 quam
3133 4563 3282 4616 eum,
3311 4549 3472 4619 cujus

1870 4630 2224 4702 Evangelium
2247 4637 2526 4707 propheta;
2546 4638 2616 4693 ab
2630 4638 2934 4695 Jerusalem
2958 4641 3328 4711 promiserant
3347 4657 3470 4698 esse

1868 4734 2181 4785 venturum.

1943 4825 2010 4880 In
2042 4827 2330 4899 Scripturis
2370 4832 2581 4886 sanctis.
2626 4830 2776 4903 Ipsos
2818 4833 3015 4890 asserit
3055 4835 3154 4892 Dei
3179 4835 3474 4907 prophetas

1870 4941 1992 4982 esse
2025 4945 2037 4980 :
2063 4937 2119 4983 et
2147 4927 2264 4984 illas
2291 4930 2600 5001 Scripturas
2628 4943 2847 4991 sanctas
2873 4937 2941 4992 de
2967 4937 3188 4994 Christo
3227 4949 3352 4992 ante
3379 4953 3470 4994 ce-

1870 5026 2144 5085 cinerunt.
2177 5030 2374 5086 Verum
2408 5041 2552 5089 totus
2586 5033 2676 5090 hic
2719 5037 2872 5093 locus
2912 5051 3102 5094 contra
3136 5039 3466 5097 Manichmos

1871 5123 2020 5196 facit,
2057 5128 2146 5185 ubi
2177 5131 2328 5201 dicit,
2367 5133 2512 5205 quod
2546 5135 2897 5209 Evangelium
2938 5149 3065 5196 ante
3110 5141 3180 5197 sit
3225 5142 3467 5212 promis.

1871 5244 2012 5298 sum,
2039 5242 2092 5288 et
2131 5249 2228 5304 per
2260 5237 2554 5308 prophetas
2589 5239 2712 5308 Dei,
2742 5252 2796 5297 et
2825 5243 2877 5298 in
2907 5244 3110 5298 sanctis
3140 5245 3462 5317 Scripturis,

1871 5335 2014 5404 quod
2043 5335 2288 5393 (Ihristus
2317 5341 2616 5396 secundum
2649 5357 2870 5398 carnem
2899 5359 2966 5402 ex
2988 5343 3158 5401 David
3187 5347 3384 5418 stirpe,
3421 5346 3471 5402 id

1795 5441 1841 5506 (ς
1872 5445 1974 5512 est,
2015 5437 2082 5494 de
2117 5439 2284 5504 Maria
2314 5440 2537 5516 Virgine
2569 5447 2640 5506 sit
2685 5455 2929 5514 creatus.
2975 5449 3278 5508 secundum
3315 5450 3464 5522 quod

1877 5541 2209 5612 praedixerat
2235 5542 2422 5602 Isaias.

1947 5639 2028 5696 De
2055 5642 2198 5702 Filio
2228 5661 2342 5700 suo.
2375 5647 2523 5706 Multi
2552 5648 2650 5703 [iiii
2685 5650 2857 5720 gratia
2880 5693 2895 5718 ,
2929 5652 3022 5709 hic
3050 5670 3116 5710 na
3130 5664 3281 5719 tura;
3319 5653 3477 5723 cujus

1877 5747 2040 5804 etiam
2065 5748 2118 5805 in
2143 5764 2308 5806 carne
2339 5751 2591 5808 nativitas
2621 5752 2905 5813 dissimilis
2934 5759 3158 5816 caeteris
3185 5760 3457 5815 invenitur

1877 5867 1947 5910 eo
1975 5853 2117 5924 quod
2148 5870 2213 5910 ex
2245 5855 2458 5926 virgine
2487 5866 2648 5915 natus
2680 5869 2785 5919 est.
