3970 6304
511 287 615 347 647

1538 290 1598 351 S.
1639 284 2029 352 HIERONYMI
2067 289 2351 355 OPERUM
2385 295 2750 361 MANTISSA.

3691 305 3784 368 618

586 404 691 470 Qui
715 407 885 471 factus
914 413 988 461 est
1017 404 1064 461 ei
1090 420 1156 462 ea:
1183 406 1379 463 semine
1410 404 1604 464 David.
1634 408 1831 466 Factus
1858 426 1957 480 per
1987 410 2110 483 Spi-
2137 413 2190 476 A
2216 413 2516 485 profectum
2567 434 2581 472 :
2627 416 2756 475 Sive
2813 414 2939 490 quia
2996 418 3143 476 omni
3192 420 3395 478 mundo
3452 421 3647 480 mirum
3700 427 3787 483 fuit

514 497 678 554 ritum
710 507 979 554 sanctum.

591 593 889 648 Secundum
929 608 1153 649 carnem.
1206 593 1473 652 Addendo
1519 596 1820 652 secundum
1867 611 2107 665 carnem,

514 698 569 745 et
597 688 884 744 Pbotinum
916 688 1175 751 excludit.
1219 699 1275 745 et
1306 690 1515 747 Arium.
1551 690 1608 748 Si
1638 691 1781 748 enim
1813 691 2107 747 secundum

511 798 730 839 carnem
762 784 931 865 factus
977 792 1083 851 est,
1117 785 1417 842 secundum
1446 784 1610 843 Verbi
1643 786 1831 857 utique
1858 785 2110 843 substan-

509 879 639 932 tiam
670 877 848 934 factus
872 893 979 934 non
1005 889 1113 935 est.

587 969 691 1037 Qui
734 972 1131 1042 pret-destinatus
1182 982 1257 1028 est
1304 970 1355 1026 F
1360 972 1483 1027 ilius
1528 972 1626 1027 Dei
1673 973 1729 1027 in
1778 975 1985 1028 virtute.
2016 971 2109 1026 Di-

514 1061 691 1117 cendo
734 1063 787 1117 in
833 1063 1076 1129 virtute,
1126 1066 1369 1121 ostendit
1424 1080 1529 1121 non
1577 1066 1800 1120 solitum
1856 1064 2109 1120 humanm

509 1164 721 1210 naturae
749 1170 875 1211 esse
900 1166 1247 1226 conceptum,
1281 1156 1377 1213 sed
1409 1158 1614 1227 absque
1640 1157 1783 1213 virili
1805 1156 2014 1214 semine
2039 1172 2107 1213 ex

510 1248 721 1318 virgine
751 1256 1126 1318 procreatum.
1159 1248 1445 1304 Inferendo
1476 1258 1657 1306 autem
1684 1268 1697 1305 :

580 1342 883 1397 Secundum
915 1342 1172 1413 Spiritum
1199 1343 1649 1412 sanctiﬁcationis.
1678 1342 1930 1399 Ostendit
1955 1355 2107 1399 crea-

506 1445 682 1492 torem
710 1451 866 1491 suum
900 1436 1161 1506 Spiritum
1190 1444 1454 1491 sanctum.
1489 1436 1623 1491 item
1656 1444 1716 1491 ut
1743 1436 1815 1490 sit
1842 1436 1896 1491 in
1928 1436 2106 1491 omni-

507 1529 607 1584 bus
662 1529 781 1599 ipse
837 1530 1130 1599 primatum
1192 1536 1423 1598 tenens,
1478 1527 1776 1585 secundum
1837 1526 2101 1599 Spiritum

504 1624 955 1679 sanctiﬁcationis
984 1624 1425 1695 prtedestinatus,
1454 1634 1515 1680 ut
1559 1626 1707 1695 prior
1733 1625 1985 1681 omnibus
2011 1624 2097 1679 in-

506 1717 980 1787 corruptibilitatis
1024 1718 1225 1774 virtute
1274 1726 1553 1789 surgeret,
1604 1728 1661 1775 et
1685 1719 1829 1774 viam
1857 1733 2103 1775 resurre-

2212 508 2488 567 Romanos
2530 512 2854 578 credidisse,
2902 513 2997 585 qui
3050 514 3320 573 idolorum
3372 516 3542 573 nimia
3589 517 3787 578 fuerant

2211 602 2422 658 cultura
2456 606 2718 675 possessi,
2759 605 2833 660 ita
2873 616 2931 661 ut
2960 607 3207 664 omnium
3237 610 3480 680 gentium
3513 608 3639 679 diis,
3670 627 3786 682 quas

2212 694 2499 764 vicerant;
2553 695 2915 755 deservirem.
2966 698 3072 755 Sed
3130 710 3185 757 et
3233 702 3560 773 simpliciter
3615 718 3784 760 eorum

2213 788 2380 845 ﬁdem
2412 789 2666 846 laudasse
2703 790 3033 847 credendum
3071 802 3177 862 est,
3209 793 3366 863 cujus
3404 808 3549 851 nunc
3585 793 3786 851 devotio

2212 881 2640 938 demonstratur.
2683 904 2689 910 ·

2286 973 2450 1030 Testis
2476 977 2614 1031 enim
2651 976 2781 1032 mihi
2805 988 2880 1033 est
2908 976 3053 1034 Deus
3078 979 3162 1034 cui
3189 978 3356 1035 servio
3384 980 3440 1035 in
3478 980 3669 1051 spiritu
3691 996 3784 1035 meo

2209 1071 2264 1126 in
2290 1070 2576 1144 Evangelia
2608 1070 2742 1128 Filii
2770 1074 2902 1146 ejus.
2939 1074 3056 1129 Hoc
3087 1082 3191 1141 est,
3222 1075 3275 1129 in
3319 1082 3435 1130 toto
3460 1073 3629 1130 corde
3658 1089 3782 1142 meo,

2209 1172 2266 1219 et
2294 1174 2542 1235 prompta
2568 1163 2858 1222 devotione
2891 1182 3009 1222 mea
3039 1167 3318 1223 deservio.
3351 1166 3408 1224 Si
3436 1167 3582 1223 enim
3612 1166 3783 1222 volens

2208 1256 2315 1313 hoc
2358 1271 2483 1328 ago,
2510 1258 2819 1315 mercedem
2850 1258 3048 1315 habeo.
3096 1258 3225 1317 Sive
3252 1261 3476 1315 verbum
3508 1260 3599 1315 hic
3643 1261 3778 1331 spiri-

2209 1359 2323 1406 tum
2376 1352 2697 1420 nominavit,
2744 1361 2807 1408 ut
2852 1361 2938 1409 est
2984 1352 3117 1408 illud
3162 1371 3174 1408 :
3228 1353 3402 1410 Verbo
3430 1353 3646 1409 Domini
3680 1353 3775 1409 coeli

2208 1442 2407 1499 ﬁrmati
2450 1453 2596 1513 sunt,
2646 1453 2703 1501 et
2744 1445 2941 1516 spiritu
2986 1447 3098 1502 oris
3139 1446 3255 1517 ejus
3284 1445 3465 1503 omnis
3509 1447 3682 1503 virtus
3706 1461 3779 1502 eo-

2206 1550 2349 1592 rum.

2282 1627 2437 1694 Quod
2492 1629 2604 1685 sine
2660 1630 3050 1687 intermissione
3106 1631 3412 1688 memoriam
3455 1631 3614 1688 uestri
3662 1632 3782 1705 {acia

2205 1737 2407 1793 semper
2436 1722 2492 1776 in
2536 1723 2861 1779 orationibus
2906 1727 3055 1780 meis.
3104 1724 3203 1781 llic
3231 1724 3492 1795 ostendit,
3530 1739 3592 1781 se
3620 1727 3781 1782 omnia

506 1811 706 1865 ctionis
756 1810 853 1865 Dei
903 1811 1025 1866 ﬁliis
1072 1810 1335 1880 aperiret.
1387 1811 1464 1867 De
1515 1810 1712 1882 quibus
1762 1810 1879 1881 ipse
1925 1808 2098 1865 dicit:
2132 1819 2181 1882 Β
2207 1828 2277 1867 ex
2304 1812 2598 1870 dilectione
2628 1814 2926 1883 dicturum,
2954 1824 3014 1871 ut
3037 1815 3266 1873 liberius
3292 1817 3591 1875 audiatur:
3630 1825 3682 1873 et
3705 1816 3783 1873 dat

505 1902 642 1971 Quia
674 1902 770 1958 ﬁlii
802 1903 919 1969 Dei,
952 1917 1076 1957 cum
1105 1903 1211 1958 sint
1242 1903 1334 1957 ﬁlii
1364 1902 1809 1959 resurrectionis.

580 1995 663 2050 Ea:
706 1996 1083 2051 resurrectione
1132 2006 1451 2051 mortuorum
1492 1993 1620 2050 Jesu
1666 1994 1860 2050 Christi
1890 1994 2103 2050 Domini

503 2093 688 2147 nostri.
742 2090 858 2146 Non
909 2092 1150 2146 omnium
1200 2092 1643 2161 resurgentium,
1696 2090 1791 2145 sed
1828 2089 1896 2144 ad
1946 2089 2104 2144 Chri-

505 2192 650 2238 stum
681 2183 1072 2254 pertinentium
1096 2228 1111 2254 ,
1165 2181 1219 2238 in
1268 2183 1389 2253 ipso
1418 2180 1637 2239 Christo
1683 2180 2103 2239 resurrectionis

502 2276 677 2333 forma
708 2285 812 2332 est.

577 2368 681 2425 Per
711 2386 860 2442 quem
886 2370 1181 2443 accepimus
1208 2370 1434 2441 gratiam
1479 2378 1527 2425 et
1562 2371 1927 2443 apostolatum.
1961 2370 2101 2426 Gra-

508 2463 638 2518 tiam
689 2463 741 2518 in
798 2462 1069 2534 baptismo
1098 2479 1113 2519 :
1142 2463 1507 2533 apostolatum
1529 2504 1544 2528 ,
1592 2463 1810 2533 quando
1840 2478 1871 2518 a
1896 2462 2101 2534 Spiritu

503 2564 695 2611 sancto
732 2555 972 2611 directus
1003 2565 1109 2611 est.
1149 2555 1447 2625 Apostolus
1478 2555 1625 2611 enim
1655 2555 1865 2622 Graace,
1910 2556 2103 2612 Latine

499 2651 689 2704 missus
741 2647 962 2705 dicitur.
1010 2648 1143 2704 item
1193 2658 1344 2705 recto
1386 2648 1600 2715 ordine,
1633 2658 1859 2721 accepta
1904 2648 2097 2721 gratia,

501 2739 767 2798 honorem
798 2741 1136 2813 apostolatus
1166 2742 1435 2798 meruisse
1461 2757 1522 2798 se
1547 2742 1703 2798 dicit.

575 2834 657 2888 Ad
702 2834 1049 2890 obediendum
1094 2834 1235 2904 ﬁdei.
1270 2832 1523 2891 Ostendit
1552 2832 1835 2906 Evangelii
1870 2834 2097 2907 gratiam

501 2930 884 2988 obedientibus
917 2930 1341 3001 praedicandam.

573 3025 643 3081 In
673 3025 907 3080 omnibus
936 3025 1193 3096 gentibus.
1236 3022 1617 3094 Apostolatum
1645 3022 1877 3093 accepit,
1907 3030 1962 3077 ut
1985 3020 2097 3093 jam

498 3134 608 3176 non
638 3116 792 3189 Legi,
820 3116 917 3174 sed
948 3117 1071 3171 ﬁdei
1102 3115 1408 3171 obedirent.

2211 1907 2526 1979 exemplum
2559 1908 2681 1965 sine
2712 1910 3114 1967 intermissione
3142 1912 3353 1968 orandi.

2282 2001 2594 2059 Obsecrans.
2623 2006 2742 2071 Qua
2767 2005 3088 2062 liberatione
3117 2006 3186 2063 ad
3213 2022 3312 2064 vos
3335 2008 3653 2080 quandoque
3672 2024 3785 2081 per-

2206 2098 2421 2153 veniam
2473 2100 2525 2154 in
2572 2100 2855 2156 voluntate
2899 2101 3020 2159 Dei.
3068 2102 3249 2160 Aliter
3294 2105 3439 2161 enim
3476 2120 3783 2177 prOSperum

2206 2188 2311 2245 iter
2349 2206 2460 2246 non
2506 2191 2703 2259 habeo,
2754 2193 2859 2248 nisi
2907 2210 2994 2250 me
3044 2196 3294 2253 voluntas
3321 2194 3441 2269 Dei,
3468 2214 3590 2269 qua:
3620 2202 3784 2254 omnia

2208 2284 2391 2352 novit,
2438 2285 2568 2341 illuc
2596 2286 2881 2357 direxerit,
2912 2298 2972 2345 ut
3007 2289 3245 2362 aliquem
3285 2290 3512 2348 habeam
3543 2292 3784 2349 fructum.

2208 2378 2367 2437 Unde
2414 2381 2467 2436 in
2497 2380 2723 2438 Actibus
2751 2384 3124 2453 apostolorum
3150 2385 3400 2458 legimus,
3435 2401 3531 2444 eos
3578 2387 3684 2443 alio
3720 2390 3786 2444 ire

2206 2472 2488 2536 volentes.
2539 2475 2649 2530 alio
2693 2474 3016 2535 destinatos.
3049 2478 3180 2536 Sive
3218 2480 3519 2537 secundum
3550 2481 3677 2537 illud
3715 2481 3787 2537 la-

2204 2567 2327 2623 cobi
2359 2584 2373 2622 :
2402 2567 2460 2624 Si
2491 2568 2636 2626 Deus
2665 2570 2923 2641 voluerit,
2949 2582 3004 2630 et
3030 2573 3347 2647 vixerimus,
3382 2575 3643 2633 iaciemus
3669 2576 3785 2645 hoc,

2202 2662 2289 2719 vel
2318 2662 2470 2719 illud.
2670 2658 2671 2661 “

2275 2758 2338 2815 Si
2386 2776 2487 2831 quo
2535 2762 2686 2817 modo
2738 2766 2947 2819 tandem
2993 2765 3283 2837 aliquando
3341 2781 3661 2838 prosperum
3707 2766 3786 2821 iter

2201 2852 2415 2908 habeam
2466 2855 2520 2909 in
2567 2856 2835 2913 voluntate
2864 2857 2966 2913 Dei
3010 2859 3250 2914 veniendi
3294 2860 3361 2913 ad
3408 2876 3519 2915 uos.
3567 2860 3786 2917 Demon-

2201 2956 2343 3004 strat
2386 2962 2446 3005 se
2492 2959 2686 3007 cuncta
2738 2967 2861 3024 qua:
2906 2952 3123 3025 agebat,
3159 2968 3228 3010 ex
3259 2952 3358 3011 Dei
3385 2969 3579 3027 gerere
3612 2958 3781 3012 volun-

2202 3047 2333 3097 tate.

2274 3131 2533 3192 Desidero
2564 3139 2697 3194 enim
2728 3137 2905 3195 uidere
2942 3156 3054 3196 vos.
3089 3139 3189 3197 Hic
3218 3141 3477 3211 ostendit,
3522 3142 3779 3215 quomodo

573 3208 682 3263 Pro
726 3209 935 3263 nomine
963 3211 1098 3281 ejus.
1129 3207 1261 3263 Vice
1305 3208 1544 3264 nominis
1568 3208 1683 3280 ejus
1731 3209 2003 3280 fungimur
2041 3217 2097 3263 ut

2225 3243 2297 3283 tos
2341 3230 2591 3299 superius
2637 3229 2979 3299 laudaverat,
3012 3234 3105 3305 qui
3134 3233 3200 3289 ad
3237 3235 3673 3292 conﬁrmandum
3699 3234 3784 3291 ali-

502 3303 619 3375 ipse
647 3303 726 3358 ait
749 3320 765 3358 :
788 3301 931 3359 sicut
959 3303 1109 3357 misit
1153 3318 1241 3359 me
1270 3302 1457 3369 Pater,
1490 3314 1544 3360 et
1572 3318 1675 3375 ego
1706 3305 1861 3361 mitto
1887 3318 2002 3360 vos.
2034 3304 2100 3361 Et

499 3398 699 3452 iterum
725 3414 738 3449 :
764 3395 868 3464 Qui
900 3410 1000 3450 vos
1029 3395 1243 3466 recipit,
1267 3412 1356 3451 me
1382 3396 1599 3467 recipit.

576 3490 642 3544 In
669 3489 855 3562 quibus
880 3490 1007 3545 estis
1032 3497 1082 3544 et
1112 3505 1199 3544 vos
1227 3492 1393 3544 rocati
1421 3489 1549 3546 Jesu
1576 3489 1790 3546 Christi.
1825 3491 1892 3547 Et
1922 3490 1977 3546 in
2004 3506 2099 3547 vo-

496 3582 603 3646 bis,
634 3582 689 3638 id
715 3591 821 3650 est,
853 3582 1118 3639 Romanis
1148 3584 1515 3653 apostolatum
1540 3584 1877 3655 accepimus.

576 3676 829 3733 Omnibus
847 3677 937 3747 qui
960 3686 1084 3732 sunt
1097 3675 1278 3733 Romae
1300 3678 1502 3732 dilectis
1525 3676 1647 3734 Dei.
1675 3680 1791 3735 Hoc
1810 3688 1895 3735 est
1923 3678 2100 3735 omni-

503 3768 606 3825 bus
637 3767 1013 3835 credentibus,
1055 3783 1193 3839 quos
1238 3769 1521 3840 aequaliter
1569 3769 1744 3840 diligit
1790 3769 1936 3826 Deus
1980 3770 2100 3826 sine

500 3861 819 3933 acceptione
849 3876 1122 3933 personae,
1154 3862 1352 3932 Judtei,
1384 3864 1469 3919 vel
1493 3864 1692 3921 Graeci.

579 3955 789 4011 Vocatis
818 3956 1033 4009 sanctis.
1068 3956 1284 4011 Sanctis
1313 3956 1603 4014 vocatione
1631 3957 1752 4023 Dei,
1784 3972 1891 4014 non
1936 3960 2099 4014 meri-

502 4051 573 4106 tis
620 4050 770 4107 facti.
818 4050 950 4107 Item
982 4049 1187 4105 idcirco
1230 4050 1383 4115 dicit,
1416 4051 1643 4119 sanctis,
1674 4053 1931 4123 quoniam
1974 4069 2099 4123 gra-

500 4148 632 4202 tiam
663 4145 900 4223 Spiritus
928 4144 1102 4199 sancti
1127 4144 1453 4201 habentibus
1487 4146 1833 4216 praedicabat.

581 4236 767 4294 Gratia
792 4238 935 4293 vobis
962 4246 1009 4291 ct
1034 4254 1141 4309 pax
1176 4256 1209 4292 a
1244 4236 1357 4293 Deo
1383 4236 1566 4305 Patre,
1594 4248 1641 4294 et
1670 4238 1896 4295 Domino
1921 4249 2098 4296 nostro

497 4330 624 4385 Iesu
656 4329 884 4385 Christo.
918 4328 1063 4384 Talis
1111 4338 1197 4384 est
1247 4329 1451 4399 ubique
1500 4330 1754 4387 salutatio
1785 4333 1927 4401 ejus,
1963 4342 2099 4388 utet

501 4430 901 4480 commemoret
935 4422 990 4477 in
1019 4421 1179 4478 nobis
1208 4421 1470 4479 beneﬁcia
1500 4423 1619 4491 Dei,
1648 4433 1707 4480 et
1736 4432 1891 4493 optet
1915 4423 1968 4479 in
1999 4440 2096 4479 no-

505 4518 590 4572 bis
624 4517 834 4588 integra
862 4531 1184 4587 permanere
1214 4534 1227 4570 :
1254 4518 1385 4589 quia
1415 4528 1469 4573 et
1491 4520 1663 4590 gratia
1693 4519 1847 4575 nobis
1876 4529 2096 4589 peccata

501 4610 721 4665 dimissa
751 4621 897 4677 sunt,
926 4620 983 4666 et
1014 4611 1352 4667 reconciliati
1381 4627 1569 4667 sumus
1597 4612 1710 4668 Deo
1741 4627 1837 4684 per
1865 4622 2096 4669 mortem
2122 4581 2177 4642 Ῑ)

502 4702 597 4757 ﬁlii
644 4702 783 4773 ejus.
814 4701 1137 4759 Commonet
1180 4704 1343 4760 etiam
1397 4704 1651 4775 paciﬁcos
1700 4720 1825 4762 esse
1870 4706 2092 4778 debere,

498 4812 659 4852 unam
686 4795 1038 4867 eamdemque
1061 4797 1286 4869 gratiam
1315 4806 1658 4855 consecutos.

572 4888 813 4944 Primum
834 4889 1040 4959 quidem
1061 4891 1256 4961 gratias
1277 4908 1377 4963 ago
1403 4891 1516 4947 Deo
1542 4910 1675 4948 meo.
1704 4892 1928 4962 Natura,
1951 4892 2097 4951 Deus

500 4984 741 5040 omnium
785 4995 870 5040 cst
909 5001 925 5039 :
970 4985 1166 5040 merito
1215 4996 1271 5041 et
1314 4986 1594 5042 voluntate
1620 5028 1636 5055 ,
1678 5003 1996 5058 paucorum,
2037 4998 2097 5044 ut

502 5072 645 5131 Deus
674 5074 946 5131 Abraham
986 5091 1003 5133 :
1041 5075 1345 5133 secundum
1372 5078 1516 5150 quod
1547 5078 1636 5139 hic
1664 5095 1821 5137 suum
1851 5081 2097 5137 nominat

504 5165 696 5223 Deum.

575 5257 679 5312 Per
703 5256 881 5313 Iesum
910 5257 1176 5315 Christum
1225 5278 1321 5334 pro
1369 5264 1603 5320 omnibus
1649 5265 1809 5322 vobis.
1845 5264 1960 5323 l-loc
1984 5275 2090 5337 est,

504 5364 613 5405 non
644 5365 747 5422 pro
773 5350 974 5407 Judaeis
1005 5353 1157 5409 solis.

579 5448 713 5515 Quia
742 5447 872 5517 ﬁdes
916 5458 1086 5503 vestra
1129 5448 1476 5507 annuntiatur
1518 5454 1575 5509 in
1604 5454 1839 5510 universo
1875 5454 2090 5512 mundo.

506 5540 758 5598 Ostendit
783 5539 1056 5610 quomodo
1081 5540 1454 5599 Romanorum
1480 5543 1611 5601 ﬁdes
1633 5548 1885 5604 omnibus
1904 5548 2093 5605 Eccle-

504 5636 602 5691 siis
628 5634 841 5705 cognita
869 5632 959 5688 sit.
1003 5633 1092 5689 Vel
1121 5643 1289 5705 certe,
1318 5638 1463 5709 quod
1499 5638 1689 5695 eadem
1730 5640 1885 5710 ﬁdes,
1926 5658 2085 5713 quam

510 5727 740 5785 Romani
791 5734 1001 5796 tenent,
1050 5726 1105 5782 in
1154 5731 1419 5789 universo
1464 5733 1667 5791 mundo
1713 5735 1782 5789 ab
1829 5736 2095 5808 apostolis

510 5820 853 5898 praedicetur.
887 5820 1017 5879 item
1058 5820 1349 5895 prudenter
1385 5825 1591 5897 laudat,
1623 5838 1681 5887 ut
1719 5839 1977 5903 provocet
2007 5830 2075 5890 ad

2200 3320 2330 3393 quid
2361 3324 2551 3393 gratia:
2581 3324 2822 3396 indigent
2851 3326 3174 3397 spiritualis.

2277 3413 2343 3469 Ut
2400 3415 2602 3487 aliquid
2658 3419 2929 3490 impertiar
2976 3421 3160 3492 gratiae
3202 3420 3345 3476 vobis
3390 3421 3679 3495 spiritualis
3719 3421 3778 3474 ad

2201 3508 2589 3578 conﬁrmandos
2608 3527 2720 3567 vos.
2745 3512 3021 3569 Romanos
3043 3514 3187 3569 Petri
3220 3515 3613 3586 praedicatione
3636 3518 3769 3573 ﬁdem

2202 3609 2452 3657 tenentes
2478 3602 2802 3659 conﬁrmare
2835 3619 2896 3660 se
2924 3605 3063 3662 velle
3092 3606 3289 3663 Paulus
3315 3607 3452 3665 dicit
3499 3628 3513 3663 :
3558 3626 3650 3666 non
3672 3623 3763 3678 quo

2201 3695 2381 3749 minus
2420 3696 2763 3766 accepissent
2802 3712 2832 3753 a
2870 3698 3037 3755 Petro
3088 3715 3104 3753 :
3151 3699 3246 3756 sed
3298 3711 3357 3756 ut
3404 3701 3607 3758 duobus
3649 3713 3759 3771 apo-

2201 3786 2358 3842 stolis
2396 3788 2626 3845 testibus
2664 3799 2829 3862 atque
2866 3790 3217 3861 doctoribus,
3272 3808 3466 3851 eorum
3511 3795 3763 3853 roboratur

2201 3879 2358 3936 ﬁdes.

2270 3972 2338 4027 Id
2369 3984 2444 4029 est
2473 3975 2629 4030 simul
2658 3978 2920 4032 consolari
2948 3978 3002 4033 iu
3028 3978 3167 4034 vobis
3194 3996 3285 4051 per
3313 3996 3429 4035 eam
3450 4023 3468 4050 ,
3512 3998 3629 4052 qua:
3655 3980 3773 4037 inri-

2200 4085 2308 4125 cem
2338 4079 2415 4124 est
2461 4071 2590 4140 ﬁdes
2639 4082 2808 4127 uestra
2852 4083 3007 4145 atque
3052 4091 3190 4132 mea.
3224 4075 3294 4133 Ut
3323 4093 3423 4149 per
3448 4092 3779 4135 communem

2199 4161 2362 4218 ﬁdem
2395 4164 2622 4220 invicem
2650 4166 3019 4224 consolemur.

2273 4256 2414 4313 Nolo
2444 4268 2615 4315 autem
2645 4277 2735 4316 vos
2760 4262 3023 4333 ignorare,
3058 4266 3415 4339 [ratres:quia
3444 4285 3586 4343 sirpe
3611 4280 3793 4343 prapo-

2198 4349 2283 4404 sui
2332 4351 2502 4406 venire
2547 4353 2615 4406 ad
2661 4370 2773 4411 vos.
2805 4355 2911 4413 Per
2953 4368 3322 4417 commeantes
3367 4371 3553 4421 autem
3603 4366 3793 4419 fratres

2201 4443 2391 4501 audire
2422 4445 2694 4516 potuistis.

2272 4536 2342 4591 Et
2380 4539 2670 4611 prohibitus
2697 4558 2813 4597 sum
2843 4558 3005 4615 usque
3034 4545 3226 4601 adhuc.
3263 4546 3515 4604 Ostendit
3546 4562 3611 4605 se
3639 4562 3794 4605 occu-

2201 4640 2389 4703 patum
2438 4636 2763 4693 necessitate
2810 4638 3087 4711 Evangelii
3136 4641 3511 4713 praedicandi,
3562 4644 3792 4699 Romam

2201 4723 2381 4781 adhuc
2414 4725 2494 4783 ire
2522 4743 2631 4784 non
2661 4743 2838 4800 posse.
2871 4729 3005 4788 ltem
3038 4733 3340 4802 prohibitus
3367 4733 3459 4790 hic
3497 4744 3797 4808 occupatus

2202 4816 2467 4887 accipitur
2506 4837 2522 4875 :
2566 4820 2697 4876 dum
2728 4822 2849 4878 aliis
2880 4825 3178 4894 provinciis
3207 4827 3595 4899 praedicaverit
3620 4847 3635 4884 :
3662 4829 3797 4883 sicut

2199 4909 2317 4979 ipse
2362 4914 2583 4983 exponit
2627 4914 2682 4968 in
2714 4914 2819 4972 ﬁne
2849 4916 3110 4988 Epistolas
3138 4934 3271 4989 suae,
3298 4920 3530 4977 dicens:
3563 4921 3798 4995 Propter

2199 5005 2341 5076 quod
2370 5020 2424 5063 et
2453 5008 2789 5079 impediebar
2818 5012 3114 5082 plurimum
3145 5016 3331 5072 venire
3355 5017 3423 5073 ad
3455 5034 3575 5075 vos.

2279 5095 2346 5152 Ut
2394 5100 2619 5171 aliquem
2659 5103 2890 5173 fructum
2936 5104 3150 5162 habeam
3193 5109 3449 5165 iuvabis.
3482 5111 3795 5170 Mercedem

2206 5190 2409 5248 laboris
2438 5195 2523 5251 sui
2553 5198 2797 5254 nominat
2823 5200 3080 5269 fructum,

2276 5284 2429 5341 Sicut
2451 5297 2498 5343 et
2521 5289 2575 5342 in
2604 5292 2804 5346 caeteris
2833 5294 3092 5364 gentibus.
3127 5294 3487 5366 Subauditur,
3518 5299 3728 5358 habeo.

2277 5377 2472 5434 Graecis
2523 5396 2585 5434 ac
2635 5382 2914 5453 Barbaris,
2964 5389 3285 5459 sapientibus
3334 5402 3387 5447 et
3430 5392 3802 5465 insipientibus

2203 5471 2401 5526 debitor
2430 5490 2567 5529 sum.
2601 5474 2926 5549 Sapientes;
2980 5481 3200 5538 Graecos
3229 5483 3619 5557 philosophos;
3669 5486 3800 5542 Bar-

2204 5562 2386 5632 baros,
2416 5566 2728 5637 insipientes
2756 5572 3017 5642 appellat.

2270 5658 2458 5731 Itaque
2503 5662 2642 5733 quod
2687 5664 2742 5718 in
2792 5682 2874 5720 me
2920 5677 3219 5740 promptum
3257 5678 3359 5740 est,
3405 5680 3454 5727 et
3502 5672 3675 5742 vobis,
3712 5672 3803 5746 qui

2199 5750 2381 5807 Roma:
2430 5756 2553 5810 estis
2602 5759 2972 5831 euangelizare.
3020 5762 3121 5831 Qui
3164 5764 3353 5822 Roma:
3401 5768 3533 5823 estis
3575 5783 3591 5822 :
3642 5784 3801 5843 atque

2200 5846 2606 5924 insipientibus,
2639 5862 2697 5913 ut
2720 5852 2928 5917 Graecis
2951 5859 3323 5935 evangelizare
3350 5862 3484 5921 vult.
