3970 6304
212 290 312 354 σω

814 293 869 357 Ε
902 292 1446 357 COMMENTARIUS
1484 296 1554 359 IN
1592 296 1985 361 EPISTOLAM
2027 299 2121 361 AD
2170 298 2522 364 ROMANOS.
2561 300 2718 365 CAP.
2754 307 2799 366 ι.

3404 308 3512 370 650

271 408 404 466 Non
450 406 589 467 enim
634 409 879 469 erubesco
910 416 1277 491 Evangelium.
1325 417 1497 475 Recte
1531 418 1662 476 dicit
1693 437 1800 478 non
1828 424 1882 484 Α
1906 420 1979 478 Ει
2020 422 2173 494 plura
2214 425 2340 496 alia,
2382 442 2503 498 quae
2546 439 2870 484 enumerare
2896 425 3214 499 perlongum
3252 433 3357 485 est.
3381 428 3510 488 Sive

192 518 253 561 se
284 504 615 564 erubescere
658 508 1103 581 praedicationem
1148 514 1349 585 crucis,
1379 530 1502 586 quae
1529 518 1804 573 credenti-

187 599 299 656 bus
331 602 429 657 Dei
459 602 627 659 virtus
665 615 750 661 est
794 605 849 661 in
896 607 1157 664 salutem.
1186 607 1321 665 Item
1355 610 1456 667 hoc
1483 609 1549 666 ad
1582 615 1809 669 taxatio-

188 709 323 751 nem
372 696 645 753 subtiliter
690 699 927 768 pertinet
955 715 1308 773 paganorum,
1349 705 1464 776 qui,
1524 720 1648 761 cum
1699 722 1806 762 non

189 790 530 846 erubescant
557 791 788 848 credere
818 792 989 849 Deum
1020 809 1177 850 suum
1205 794 1397 852 Jovem
1428 807 1654 870 propter
1686 798 1807 857 ina-

194 898 328 939 nem
361 884 670 954 libidinem,
718 886 773 941 in
800 887 1059 944 animalia
1090 889 1509 960 irrationabilia,
1541 901 1597 947 et
1625 893 1810 951 insen-

199 976 381 1032 sibilia
413 992 535 1034 esse
583 987 885 1052 mutatum,
925 982 1083 1039 nobis
1112 982 1545 1040 erubescendum
1589 995 1804 1059 putant,

203 1071 494 1128 Dominum
542 1084 768 1145 pr0pter
795 1074 1030 1130 salutem
1062 1076 1261 1147 perditi
1308 1078 1543 1135 hominis
1583 1080 1808 1137 credere

210 1168 524 1224 cruciﬁxum
572 1186 586 1222 :
628 1184 754 1225 cum
785 1170 842 1225 in
872 1170 1047 1227 altero
1076 1170 1409 1229 horrendum
1449 1174 1519 1229 sit
1544 1174 1804 1243 dedecus,

213 1258 263 1315 in
299 1260 468 1317 altero
512 1261 834 1319 admiranda
875 1263 1069 1335 pietas
1096 1275 1263 1336 atque
1306 1268 1499 1323 virtus.
1532 1266 1708 1323 Simul
1751 1277 1808 1325 et

215 1353 331 1409 illos
374 1353 662 1411 hzereticos
716 1356 911 1428 tangit,
959 1358 1048 1428 qui
1102 1357 1221 1413 hsce
1268 1366 1541 1431 tamquam
1586 1359 1807 1431 indigna

219 1444 322 1503 Deo
361 1447 654 1519 refugiunt,
708 1458 771 1506 ut
819 1450 1101 1508 hominem
1148 1451 1442 1525 indueret,
1495 1470 1655 1526 quem
1709 1471 1806 1525 pro

219 1543 381 1599 salute
424 1544 647 1599 humani
676 1546 891 1616 generis
924 1547 1162 1617 passioni
1191 1546 1464 1616 traderet,
1501 1565 1608 1604 non
1647 1549 1808 1605 intel-

219 1633 435 1705 ligentes
480 1636 617 1692 nihil
647 1636 865 1709 dignius
891 1646 1165 1710 creatore,
1209 1655 1370 1710 quam
1400 1652 1667 1697 creaturae
1694 1657 1805 1699 sua:

222 1742 400 1785 curare
425 1730 656 1786 salutem
702 1747 717 1785 :
765 1732 1001 1788 maxime
1030 1747 1154 1787 eum
1188 1732 1307 1802 ipse
1338 1748 1435 1803 per
1462 1735 1566 1790 hoc
1597 1741 1806 1790 naturae

1912 518 2093 573 omnis
2120 518 2395 591 impietas,
2428 520 2493 577 ad
2527 521 2772 579 diversas
2797 521 3066 578 idolorum
3090 522 3329 578 culturas
3366 522 3509 579 reic-

1911 608 2079 664 renda
2111 620 2194 665 est
2238 628 2253 664 :
2282 620 2341 667 ut
2368 613 2619 684 impletas
2646 615 2802 686 quasi
2831 614 2903 670 ad
2931 614 3186 686 injuriam
3216 614 3338 682 Dei,
3367 614 3512 687 inju-

1910 701 2058 757 stitia
2086 717 2218 758 vero
2244 704 2314 759 ad
2337 708 2517 761 omnia
2544 716 2765 777 peccata
2794 709 3071 779 pertinere
3101 708 3371 765 videatur.

1982 796 2183 853 Eorum
2209 800 2299 870 qui
2321 801 2588 856 ueritatem
2614 800 2714 857 Dei
2740 803 2796 857 in
2821 803 3087 873 injustitia
3114 802 3362 859 detinent.
3394 801 3505 860 Ve“

1908 889 2125 947 ritatem
2146 894 2385 949 nominis
2412 895 2509 950 Dei
2539 894 2802 966 injustitia
2832 896 3068 967 indigum
3096 898 3341 953 materiae
3370 896 3509 953 deti-

1908 992 2075 1039 nentc
2120 984 2390 1041 dolorem.
2424 986 2561 1043 Item
2608 989 2847 1045 scientes
2889 989 3235 1062 delinquunt,
3264 991 3379 1062 qui,
3408 988 3511 1047 Dei

1909 1075 2141 1132 veritate
2166 1077 2369 1147 agnita,
2399 1080 2603 1149 injuste
2631 1090 2817 1153 agunt.
3146 1124 3151 1131 .

1985 1169 2121 1239 Quia
2144 1173 2286 1243 quod
2312 1182 2495 1228 notum
2522 1184 2595 1230 est
2623 1174 2746 1231 Dei.
2771 1175 3019 1233 Ostendit
3037 1178 3308 1249 quomodo
3329 1179 3508 1237 omnis

1910 1262 2076 1320 homo
2106 1267 2413 1323 naturalem
2448 1268 2663 1326 habens
2705 1270 3066 1339 intellectum,
3112 1273 3360 1343 agnoscit
3388 1288 3512 1330 esse

1910 1354 2300 1429 insequendum
2332 1360 2695 1417 substantiam
2730 1362 3086 1431 invisibilem,
3119 1380 3239 1435 quae
3267 1366 3513 1422 diversas

1911 1448 1966 1504 in
1994 1451 2249 1507 omnibus
2287 1461 2434 1511 artes
2462 1464 2516 1511 et
2544 1454 2863 1525 disciplinas
2892 1467 3169 1528 operatur.
3199 1459 3317 1525 Quo
3346 1461 3512 1515 etiam

1910 1544 2164 1614 exemplo
2192 1544 2475 1603 invisibilis
2502 1548 2643 1603 Deus
2671 1549 3051 1608 manifestatur
3078 1550 3409 1618 hominibus,
3438 1567 3511 1608 ex

1910 1633 1998 1692 his
2018 1638 2301 1707 operibus,
2332 1656 2453 1712 quae
2483 1650 2737 1713 operatus
2768 1652 2874 1712 est,
2902 1654 2961 1701 et
2994 1653 3262 1716 ‘operatur
3288 1663 3303 1677 ’
3345 1645 3511 1703 simul

1909 1734 1969 1781 et
2015 1744 2171 1785 mens
2221 1730 2508 1788 Trinitatis
2558 1734 2897 1791 demonstrat
2946 1735 3259 1806 imaginem,
3310 1737 3365 1793 in
3411 1751 3521 1809 qua

226 1820 599 1877 detrimentum
628 1822 783 1893 quasi
809 1823 1159 1894 impassibilis
1198 1824 1403 1881 sentire
1434 1840 1542 1879 non
1576 1826 1767 1897 possit.
1834 1822 1885 1885 B
1908 1831 2137 1890 generat
2166 1822 2388 1879 insitum
2432 1826 2535 1881 sibi
2577 1828 2825 1896 verbum,
2868 1837 2924 1884 et
2953 1828 3374 1901 inseparabilem
3430 1830 3529 1886 ha-

288 1912 463 1969 Virtus
491 1915 631 1969 enim
658 1914 753 1969 Dei
781 1925 855 1971 est
882 1917 939 1971 in
968 1917 1212 1972 salutem.
1240 1915 1397 1971 Nulla
1425 1918 1603 1989 major
1632 1919 1805 1974 virtus

235 2015 325 2075 est,
356 2022 516 2079 quam
545 2024 667 2080 qua:
696 2008 909 2067 devicta
939 2021 1119 2067 morte
1150 2010 1358 2068 homini
1383 2011 1597 2083 perdito
1627 2013 1807 2070 reddit

230 2099 403 2155 vitam.

289 2190 437 2250 Omni
466 2193 723 2253 credenti.
756 2195 1015 2265 Quamvis
1043 2198 1334 2257 inﬁrmitas
1360 2198 1612 2259 videatur
1636 2201 1805 2260 incre-

232 2288 378 2347 dolis.

289 2383 467 2442 ludam
494 2385 723 2460 primum
751 2397 800 2444 et
827 2384 1029 2445 Gratco.
1067 2387 1194 2448 Sive
1218 2390 1361 2463 quod
1380 2390 1588 2463 justum
1613 2391 1803 2461 fuerit,

232 2489 283 2537 ut
322 2482 591 2553 quomodo
636 2483 911 2540 Abraham
943 2484 1171 2542 credens
1208 2504 1274 2544 ex
1302 2489 1557 2559 gentibus
1586 2504 1687 2559 per
1718 2504 1809 2544 so-

235 2576 325 2631 lam
350 2578 575 2648 primam
611 2577 771 2633 ﬁdem
799 2579 1040 2637 salvatus
1069 2588 1192 2636 est:
1220 2581 1290 2635 ita
1312 2582 1496 2638 cxcteri
1523 2581 1807 2637 credentes

234 2671 567 2728 salvarentur.
620 2669 747 2728 Sive
796 2675 939 2743 quod
986 2673 1120 2728 illud
1174 2672 1611 2742 Testamentum,
1660 2676 1807 2747 quod

230 2780 316 2837 per
352 2767 524 2841 legem
552 2765 697 2825 Deus
740 2783 907 2825 verax
956 2768 1307 2840 promiserat,
1338 2769 1607 2827 debuerat
1652 2770 1809 2827 exbi-

225 2858 357 2919 bere.
1688 2884 1692 2889 ·

279 2952 508 3011 Iustitia
532 2955 673 3011 enim
699 2952 800 3011 Dei
828 2959 883 3011 in
923 2971 987 3013 eo
1011 2940 1293 3013 rivelatur.
1320 2957 1574 3015 Ostendit
1607 2974 1676 3015 ex
1703 2958 1810 3015 ﬁde

219 3048 636 3121 uniuscujusque
680 3058 949 3121 nostrum,
1001 3050 1400 3121 praedicationis
1444 3050 1608 3108 ﬁdem
1650 3067 1811 3124 posse

218 3143 489 3201 roborari.

1909 1911 2003 1968 bet
2030 1915 2252 1971 sibimet
2279 1926 2463 1973 natum
2492 1918 2715 1975 verbum
2764 1921 3047 1991 sapientia.
3077 1920 3211 1978 Item
3238 1922 3382 1995 quod
3426 1937 3525 1994 po-

1909 2012 2018 2061 test
2067 2008 2386 2066 naturaliter
2427 2011 2568 2069 scire
2613 2012 2683 2069 de
2729 2012 2876 2084 Deo,
2932 2014 3074 2086 quod
3123 2016 3217 2085 sit,
3267 2027 3324 2075 et
3374 2016 3523 2088 quod

1905 2097 2086 2169 justus
2122 2101 2214 2158 sit.

1987 2191 2331 2267 Manifestum
2371 2206 2446 2253 est
2493 2199 2548 2255 in
2594 2199 2725 2258 illis.
2775 2201 2836 2259 In
2882 2203 3232 2263 conscientiis
3290 2219 3503 2263 eorum.

1925 2286 2115 2345 Omnis
2141 2306 2374 2362 namque
2400 2302 2651 2350 creatura
2686 2293 2855 2351 Deum
2882 2310 2945 2352 se
2974 2311 3140 2353 nosse
3167 2306 3419 2365 testatur,
3462 2306 3519 2355 et

1911 2382 1982 2438 ah
2019 2383 2128 2440 alio
2172 2384 2371 2441 factam
2409 2387 2616 2458 judicat
2654 2405 2669 2442 :
2713 2390 2871 2461 cujus
2899 2390 3166 2446 voluntati
3192 2391 3295 2447 sibi
3324 2407 3521 2463 parere

1913 2494 2143 2536 necesse
2188 2480 2279 2536 sit.
2331 2482 2388 2538 Si
2433 2484 2577 2539 enim
2627 2484 2771 2541 Deus
2824 2501 3100 2541 summum
3129 2502 3385 2557 magnum
3411 2497 3519 2557 est,

1911 2568 2225 2640 invisibilis,
2259 2572 2733 2646 incomparabilis,
2765 2577 3355 2650 incomprehensibilis,
3389 2581 3523 2634 inm-

1911 2664 2205 2721 stimabilis
2230 2684 2244 2721 ε
2268 2675 2324 2723 et
2347 2669 2437 2739 qui
2469 2684 2635 2741 super
2656 2671 2836 2727 omnia
2867 2671 2962 2743 sit,
2996 2673 3049 2729 id
3078 2682 3198 2743 est,
3229 2675 3315 2729 cui
3348 2689 3524 2744 neque

1912 2760 2159 2832 praeponi
2202 2762 2437 2833 aliquid,
2487 2781 2663 2837 neque
2694 2767 2864 2836 possit
2892 2769 3117 2839 aequari,
3155 2770 3272 2825 sive
3303 2771 3522 2842 magni-

1916 2852 2126 2922 tudine,
2158 2854 2275 2910 sive
2305 2856 2574 2926 claritate,
2603 2858 2689 2914 vel
2713 2860 2956 2930 potentia
2990 2860 3379 2917 :manil‘estum
3410 2869 3523 2930 est,

1916 2942 2026 3002 hoc
2058 2948 2190 3003 nulli
2216 2959 2481 3006 creaturae
2511 2967 2671 3021 posse
2700 2961 3049 3024 competere,
3099 2970 3218 3022 quas
3248 2965 3303 3011 et
3349 2954 3526 3011 oculis

1918 3039 2159 3109 videtur,
2193 3042 2407 3099 ratione
2428 3044 2725 3115 colligitur,
2749 3054 2805 3102 et
2834 3047 3198 3103 aestimatione
3221 3046 3520 3118 judicatur.

1919 3132 2093 3207 Major
2121 3146 2302 3193 autem
2333 3137 2588 3195 omnibus
2619 3154 2716 3209 per
2742 3142 2924 3196 omnia
2955 3141 3101 3197 nulla
3132 3150 3219 3198 est
3239 3150 3524 3198 creatura:

276 3234 359 3291 Επ
417 3234 526 3304 ﬁde
561 3234 619 3290 ίη
650 3235 829 3306 ﬁdem.
864 3232 997 3294 sive
1025 3236 1171 3309 quod
1213 3252 1283 3294 ex
1331 3236 1437 3295 ﬁde
1482 3237 1812 3309 iustiﬁcatur
1838 3218 1889 3288 C
1917 3228 2044 3301 quia
2065 3245 2256 3288 omnes
2280 3246 2343 3288 se
2370 3232 2692 3288 alterutrum
2722 3234 2969 3291 vincunt.
2996 3236 3116 3291 Alia
3146 3236 3289 3291 enim
3316 3236 3529 3307 magni-

223 3326 448 3395 iudseus,
480 3337 538 3383 et
573 3328 629 3383 in
678 3329 783 3385 [ide
811 3330 1052 3400 gentilis.
1096 3330 1166 3385 Et
1216 3330 1343 3387 ideo
1384 3331 1718 3403 exposuerit,
1752 3341 1812 3389 ut

228 3418 505 3491 cacologize
532 3418 728 3476 vitium
754 3420 1075 3477 declinaret.
1405 3475 1411 3481 .

287 3514 430 3571 Sicut
456 3514 709 3587 scriptum
736 3526 833 3571 est.
865 3516 984 3573 Non
1014 3533 1086 3573 ex
1109 3517 1370 3589 operibus
1399 3518 1555 3591 legis.

276 3610 466 3666 Justus
496 3620 673 3666 autem
713 3628 777 3665 ea:
808 3612 911 3681 ﬁde
959 3613 1102 3667 vivit.
1152 3613 1445 3684 Pr0pterea
1490 3614 1593 3670 hoc
1634 3613 1810 3669 dicit:

214 3703 330 3773 quia
362 3704 487 3759 sine
514 3703 640 3771 ﬁde,
671 3702 775 3759 hoc
806 3714 911 3770 est,
944 3706 1066 3760 sine
1110 3720 1208 3777 Spe
1234 3707 1610 3765 retributionis
1640 3708 1814 3763 bono-

213 3810 325 3851 rum
356 3810 613 3867 operum,
645 3796 911 3863 perlicere
941 3796 1174 3855 virtutes
1204 3816 1367 3857 nemo
1401 3802 1600 3868 poterit
1630 3818 1644 3855 :
1672 3801 1814 3856 sicut

216 3896 264 3942 et
315 3889 437 3959 ipse
482 3888 551 3943 ad
599 3888 863 3946 Hebraeos
912 3891 1209 3963 perbihens
1255 3894 1414 3949 docet
1464 3911 1478 3947 :
1535 3894 1661 3949 Sine
1708 3894 1814 3950 ﬁde

216 3990 393 4036 autem
446 3980 787 4052 impossibile
831 3992 917 4040 est
965 3984 1187 4054 placere
1219 3985 1351 4041 Deo.
1397 3986 1635 4042 Credere
1669 3988 1814 4043 enim

222 4083 434 4144 oportet
462 4075 815 4132 accedentem
847 4077 914 4132 ad
944 4077 1137 4146 Deum,
1163 4079 1292 4151 quia
1318 4091 1426 4149 est,
1456 4089 1512 4136 et
1535 4080 1813 4152 inquiren-

230 4168 364 4223 tibus
397 4184 455 4225 sc
486 4178 871 4226 rcmunerator
897 4172 991 4227 sit.

292 4262 569 4318 Rerelatur
599 4264 737 4318 enim
766 4264 847 4318 ira
871 4262 969 4318 Dei
997 4264 1063 4320 de
1090 4266 1241 4322 caelo.
1272 4266 1331 4324 Si
1364 4267 1669 4325 dicentibus
1697 4269 1814 4325 Ma-

233 4355 463 4425 nicbaais,
499 4357 735 4414 crudelis
764 4358 1028 4414 asseritur
1056 4356 1201 4416 Deus
1232 4362 1437 4417 veteris
1456 4359 1815 4429 Testamenti,

234 4449 345 4519 quia
372 4466 538 4521 super
568 4460 888 4523 peccatores
917 4453 1211 4510 vindictam
1252 4455 1475 4511 inducat
1500 4473 1514 4513 :
1542 4456 1817 4527 quomodo

236 4539 328 4599 hoc
357 4544 472 4600 loco
506 4545 576 4601 ab
604 4547 869 4615 Apostolo
910 4547 1107 4603 dicitur
1134 4564 1163 4603 a
1194 4548 1307 4606 Deo
1332 4551 1458 4605 novi
1484 4551 1822 4608 Testamenti

1920 3323 2113 3381 tudine
2136 3367 2153 3394 ,
2205 3333 2263 3380 ut
2289 3324 2511 3395 caelum,
2545 3335 2711 3382 terra.
2752 3326 2872 3383 Alia
2900 3327 3168 3398 claritate,
3202 3338 3262 3383 ut
3300 3330 3406 3401 sol,
3441 3329 3531 3387 vel

1920 3416 2101 3473 stella.
2136 3417 2256 3473 Alia
2287 3418 2595 3487 altitudine,
2623 3429 2682 3476 ut
2706 3435 2876 3477 mare.
2913 3420 2991 3476 ita
3020 3436 3155 3493 ergo
3180 3420 3523 3492 pervidetur,

1922 3514 2046 3585 quia
2080 3513 2289 3570 nullum
2320 3514 2650 3571 elementum
2679 3515 2752 3571 sit
2782 3515 2947 3571 Deus.
2976 3514 3133 3583 Quod
3158 3525 3342 3572 autem
3383 3517 3528 3572 facta

1923 3606 2057 3674 sint,
2106 3605 2443 3661 mutabilitas
2495 3622 2705 3673 eorum,
2738 3622 2860 3679 quae
2889 3621 2997 3662 non
3032 3617 3213 3677 potest
3238 3606 3440 3663 cadere
3469 3609 3530 3663 in

1923 3697 2287 3753 aeternitatem
2317 3740 2330 3765 ,
2382 3697 2745 3753 demonstrat.
2797 3698 2953 3765 Quod
3004 3714 3137 3754 vero
3184 3715 3292 3755 non
3345 3700 3527 3769 seipsa

1924 3792 2175 3861 fecerint,
2227 3792 2571 3849 manifesmm
2599 3802 2715 3849 est:
2743 3794 2868 3863 quia
2897 3794 2944 3848 si
2988 3810 3049 3849 se
3094 3794 3207 3863 ipsa
3256 3794 3526 3863 fecerunt,

1919 3887 2034 3958 jam
2067 3897 2223 3944 erant
2270 3899 2563 3960 antequam
2609 3889 2821 3957 ﬁerent,
2867 3895 2925 3942 ut
2964 3904 3023 3943 se
3052 3886 3231 3944 facere
3274 3897 3522 3960 possent,

1924 3980 2070 4051 quod
2098 3981 2256 4037 valde
2280 3981 2575 4037 absurdum
2626 3989 2711 4037 est
2739 3981 2939 4036 dicere.
2965 3981 3099 4035 Cum
3130 3997 3260 4037 vero
3288 3984 3523 4053 variant,

1926 4086 1984 4131 et
2032 4075 2258 4132 ordines
2303 4091 2431 4131 suos
2480 4084 2813 4147 permutant,
2864 4086 2918 4131 et
2945 4075 3268 4132 alterutrum
3299 4078 3525 4146 cedunt,

1926 4167 2227 4224 ostendunt
2250 4183 2311 4224 sc
2334 4168 2404 4224 ab
2425 4183 2533 4224 uno
2556 4176 2781 4224 auctore
2812 4168 2973 4235 facta,
3004 4177 3061 4224 et
3085 4185 3195 4224 non
3221 4184 3396 4238 suam,
3429 4172 3532 4227 sed
3574 4160 3575 4163 “

1925 4262 2144 4318 Domini
2175 4261 2260 4317 sui
2287 4262 2467 4318 facere
2492 4262 2829 4318 voluntatem
2855 4278 2870 4317 :
2897 4261 3054 4332 cujus
3086 4262 3390 4335 transgredi
3416 4278 3527 4321 non

1926 4365 2158 4428 possunt
2188 4356 2521 4427 imperium.

2000 4448 2144 4505 Deus
2178 4449 2314 4503 enim
2344 4446 2451 4503 illis
2477 4446 2849 4519 manifestavit.
2884 4444 3070 4503 Virtus
3101 4446 3247 4505 enim
3287 4449 3406 4521 ejus
3438 4464 3533 4508 oc-

1928 4545 2098 4612 culta,
2138 4560 2202 4599 ex
2232 4543 2319 4598 his
2353 4557 2475 4613 qua:
2503 4542 2679 4613 palam
2726 4550 2881 4610 sunt,
2924 4542 3244 4598 aestimatur.
3288 4542 3349 4598 Si
3382 4544 3532 4600 enim

236 4634 511 4693 vindictam
535 4638 716 4709 impiis
740 4640 1053 4697 hominibus
1077 4640 1451 4698 inferendam?
1488 4642 1637 4701 Unde
1656 4661 1808 4701 mon-

1931 4652 1995 4695 ea
2022 4654 2144 4709 qua:
2174 4638 2459 4705 videntur,
2495 4644 2604 4693 tam
2636 4636 2896 4708 prmclare
2923 4636 2993 4691 ab
3020 4651 3085 4692 eo
3109 4636 3250 4692 facta
3282 4646 3439 4707 sunt,
3472 4647 3533 4695 ut

238 4736 443 4800 stratur,
482 4746 649 4789 unum
682 4732 1045 4804 eumdemque
1073 4733 1244 4790 Deum
1274 4749 1395 4791 esse
1422 4738 1547 4792 novi
1584 4746 1640 4793 et
1665 4748 1817 4797 vete-

239 4820 305 4876 ris
350 4823 703 4882 Testamenti.
752 4826 887 4881 ltem
945 4827 1135 4897 incipit
1185 4828 1254 4883 ad
1305 4837 1517 4899 partem
1568 4832 1813 4902 gentium

237 4913 392 4987 loqui,
434 4919 675 4992 dicitque
705 4920 803 4976 Dei
853 4922 989 4976 iram
1040 4936 1137 4992 per
1163 4922 1523 4994 Evangelium
1554 4926 1811 4997 revelari,

234 5008 340 5066 sive
386 5027 483 5083 per
514 5024 724 5070 natura:
753 5015 1127 5071 testimonium
1174 5032 1188 5069 :
1238 5027 1507 5073 noverunt
1532 5020 1674 5074 enim
1715 5020 1815 5078 bo-

235 5103 415 5173 mincs,
444 5114 500 5164 et
544 5106 830 5175 beneﬁcia,
860 5117 916 5164 et
946 5109 1129 5181 plagas
1160 5118 1483 5179 exspectare
1514 5112 1583 5168 de
1612 5114 1774 5171 caelo.

301 5196 462 5271 Super
489 5216 696 5254 omnem
722 5200 1066 5270 impietatem,
1098 5211 1147 5255 et
1179 5204 1495 5276 injustitiam
1518 5205 1809 5265 hominum.

236 5282 361 5347 Tres
397 5306 518 5349 esse
548 5291 807 5348 videntur
836 5292 1162 5363 impietates.
1196 5294 1379 5351 Prima
1409 5304 1464 5352 et
1492 5300 1725 5354 maxima
1752 5301 1812 5356 in

232 5376 411 5449 Deum,
440 5398 563 5455 quae
606 5391 701 5439 aut
726 5399 823 5455 per
873 5384 1285 5455 blasphemiam,
1315 5397 1407 5443 aut
1435 5404 1533 5460 per
1583 5390 1811 5447 idolola-

233 5472 378 5529 triam
404 5475 731 5533 admittitur.
758 5476 1030 5545 Secunda,
1060 5479 1111 5534 in
1164 5490 1435 5551 parentes,
1470 5494 1562 5539 aut
1590 5484 1807 5555 injuria,

230 5574 315 5620 aut
340 5576 685 5639 contemptus
712 5584 727 5622 :
760 5568 899 5625 sicut
927 5568 1183 5626 scribitur
1213 5572 1265 5626 in
1296 5572 1537 5630 Levitico
1566 5595 1577 5629 :
1602 5576 1657 5633 Si
1686 5578 1808 5648 quis

234 5656 510 5717 dormierit
558 5678 680 5718 cum
724 5677 896 5717 uxore
925 5662 1094 5733 patris
1144 5664 1246 5733 sui,
1281 5677 1457 5724 morte
1501 5672 1807 5726 moriatur:

230 5752 384 5805 ambo
428 5751 761 5824 impietatem
809 5753 1073 5810 fecerunt.
1118 5753 1325 5822 Tertia,
1375 5758 1429 5813 in
1482 5770 1803 5831 extraneos,

230 5855 285 5903 ut
306 5857 390 5905 est
417 5846 546 5906 illud
578 5865 592 5902 :
626 5846 693 5901 Et
722 5856 776 5902 tu
804 5848 1057 5903 remisisti
1098 5850 1428 5921 impietatem
1460 5854 1639 5914 cordis
1674 5858 1811 5916 mei.

504 5944 783 6009 PATBOL.
840 5942 1053 6012 XXX.

1930 4733 2151 4806 quidam
2174 4732 2265 4787 illa
2288 4731 2421 4788 deos
2446 4738 2722 4801 putarent,
2753 4739 2808 4785 et
2833 4736 3035 4785 acterna
3066 4744 3188 4786 esse
3212 4738 3487 4787 tentarent
3516 4748 3532 4786 :

1932 4836 2137 4901 quanto
2167 4825 2340 4897 magis
2381 4824 2649 4881 factorem
2681 4824 3077 4894 sempiternum
3099 4831 3156 4881 et
3182 4826 3535 4896 omnipoten-

1931 4931 2069 4989 tem,
2100 4929 2157 4977 et
2202 4920 2528 4976 immensum
2563 4933 2686 4973 esse
2736 4917 3047 4990 intelligere
3084 4919 3409 4989 potuerunt!
3444 4931 3530 4973 se-

1933 5014 2176 5073 cundum
2246 5011 2541 5084 Sapientia:
2592 5010 2794 5066 librum
2851 5009 3125 5067 dicentem
3167 5028 3183 5066 :
3244 5008 3327 5064 Ad
3378 5009 3536 5080 cujus

1936 5109 2363 5183 magnitudinem
2384 5149 2401 5178 ,
2436 5114 2687 5163 creatura
2714 5115 3033 5178 comparata
3053 5145 3069 5174 ,
3100 5102 3305 5174 poterit
3334 5102 3533 5160 horum

1936 5211 2154 5261 creator
2172 5200 2365 5271 videri,
2391 5208 2495 5256 etc.

2013 5294 2307 5352 Invisibilia
2332 5293 2467 5349 enim
2492 5290 2657 5364 ipsius
2676 5308 2710 5345 a
2737 5297 2973 5345 creatura
2994 5286 3175 5342 mundi
3200 5302 3291 5359 per
3312 5304 3397 5358 ea,
3424 5304 3540 5361 qua:

1941 5392 2079 5463 facta
2125 5397 2279 5459 sunt,
2332 5384 2596 5442 intellecta
2636 5384 3041 5456 conspiciuntur.
3082 5380 3216 5438 Tam
3253 5382 3540 5440 evidenter

1938 5483 2218 5541 intellecta
2248 5491 2396 5551 sunt,
2429 5490 2490 5537 ut
2510 5488 2796 5551 conspecta
2828 5476 3099 5533 dicantur.

2018 5576 2348 5647 Sempiterna
2390 5590 2593 5647 quoquc
2641 5572 2751 5643 ejus
2800 5570 2963 5624 virtus
3006 5580 3054 5625 et
3082 5569 3357 5636 divinitas,
3384 5566 3459 5623 ita
3485 5579 3540 5624 ut

1939 5672 2045 5727 sint
2072 5669 2471 5725 inexcusabiles.
2502 5666 2639 5733 Quia
2673 5680 2788 5718 cum
2817 5663 3170 5735 cognovissent
3200 5662 3387 5717 Deum.
3412 5663 3541 5721 Sive

1940 5781 2043 5840 per
2066 5776 2338 5831 naturam,
2368 5761 2483 5817 sive
2512 5775 2609 5829 per
2630 5759 2919 5826 facturam,
2946 5769 3003 5816 ct
3029 5760 3323 5815 rationem.

2018 5861 2147 5923 Non
2190 5862 2321 5918 sicut
2369 5854 2543 5916 Deum
2584 5850 3037 5931 gloriﬁcaverunt,
3083 5865 3175 5912 aut
3208 5855 3405 5929 gratias
3432 5875 3552 5933 ερε-

3032 5950 3111 6013 21
