3970 6304
527 264 624 321 6-51

1541 254 1612 311 IS.
1651 250 2038 312 HlERONYMi
2080 249 2364 316 ΟΡΕΒΒΜ
2405 249 2778 324 ΜᾼεΝΞηδδᾼ.

3699 249 3792 312 652

525 387 671 446 mn.
699 377 812 444 J’ro
825 373 1069 447 eo,quod
1101 371 1237 432 tales
1269 369 1396 427 tacti
1421 379 1582 438 sunt,
1605 377 1675 436 ‘ut
1711 369 1878 428 Deum
1907 369 2120 440 possint
2145 370 2421 440 Aturcm.
2476 364 2827 430 Infandorum
2851 363 2994 440 enim
3017 363 3294 426 idolorum
3339 362 3590 436 cultura,
3637 364 3793 420 omnis

525 487 844 543 agnoscere,
877 469 923 523 si
947 467 1140 536 velint.

596 563 709 630 Sed
735 569 1047 632 eranum-unt
1078 559 1131 616 in
1153 554 1549 630 cogitationibus
1579 554 1706 630 suis.
1743 553 2010 634 ,Putantes
2045 567 2115 620 ,se

527 657 622 711 Dei
648 652 1078 725 magnitudinem
1098 650 1159 722 in
1183 648 1523 730 pugilatione
1544 661 1713 717 posse
1743 647 2115 720 comprehen-

517 750 656 819 dere
675 788 692 816 ,
715 753 1063 816 evanuerunt
1083 744 1141 812 in
1184 741 1420 814 naturali
1451 755 1677 821 sopore,
1701 748 1990 812 creaturas
2012 751 2115 808 pro

515 846 768 911 pacatae
790 835 1061 912 Numini-

591 929 662 996 Et
693 930 1020 1006 auguratum
1041 935 1124 998 est
1149 924 1396 1003 insipiens
1425 940 1514 981 car
1541 940 1737 1002 eorum.
1767 920 2113 998 Decedentes

521 1038 550 1076 a
580 1022 782 1077 lumine
808 1020 1078 1076 veritatis.

590 1114 836 1192 Dicente;
863 1114 998 1182 enim
1021 1129 1079 1184 se
1101 1128 1216 1182 esse
1248 1113 1525 1194 statuentes.
1555 1109 1728 1192 Quasi
1747 1108 1848 1184 τριιὶ
1875 1107 2116 1178 invenis-

515 1219 646 1276 sent
679 1204 960 1278 quomodo
1011 1203 1302 1274 invisibilis
1340 1204 1520 1272 Deus,
1565 1217 1661 1274 per
1691 1200 2110 1280 simulacrorum

517 1300 733 1372 visibile
760 1299 1056 1364 coleretur.

588 1392 752 1454 Stultt'
779 1391 914 1470 [acti
941 1399 1078 1454 sunt.
1111 1386 1182 1444 Et
1211 1395 1530 1456 mutaverunt
1558 1387 1780 1460 gloriam
1805 1384 2116 1454 incorrupti-

507 1486 632 1552 .b.'li_s
673 1483 773 1560 Ηᾳὶ
808 1484 866 1546 in
895 1481 1313 1548 similitudinem.
1354 1479 1470 1554 Non
1506 1480 1870 1558 intelligentes
1901 1478 2110 1562 nullam

513 1578 928 1642 sunilitudinem
975 1575 1185 1644 habere
1230 1574 1461 1638 mortale
1492 1573 1837 1644 immortalis,
1884 1581 1945 1636 et
1989 1586 2113 1630 cor-

508 1673 774 1745 ,ruptibile
803 1647 1150 1744 sempiterni.
1745 1649 1748 1652 Α

2219 460 2344 520 mali
2382 475 2540 520 causa
2572 469 2691 530 est,
2729 459 2950 522 initium
2993 467 3056 514 .et
3083 457 3229 516 ﬁnis.

2281 552 2545 628 Similiter
2572 561 2744 608 autem
2784 559 2830 612 et
2860 551 3109 618 masculi,
3141 547 3322 608 relicto
3351 549 3583 626 naturali
3606 565 3706 606 usu
3723 550 3792 620 fe-

2209 646 2390 723 7mima.
2422 658 2722 710 exarserunt
2751 647 2802 710 in
2829 643 3099 726 desideriis
3123 645 3231 720 suis
3269 647 3325 700 in
3354 644 3570 708 invicem
3598 643 3796 698 masculi

2217 741 2270 803 in
2310 741 2565 804 masculos
2601 739 2974 812 turpitudinem
3013 747 3302 812 operantes.
3337 736 3611 804 Eﬂrcnata
3645 736 3794 792 libido

2217 817 2443 892 modum
2471 845 2691 894 servare
2719 847 2825 900 non
2857 832 3027 908 novit.

2284 924 2356 988 Et
2391 925 2707 1004 mercedem,
2745 941 2897 1004 quam
2922 923 3170 996 oportuit,
3200 922 3402 990 erroris
3430 920 3511 978 sui
3551 921 3606 990 in
3630 933 3793 976 semct-

2207 1017 2340 1100 Iipsis
2382 1019 2702 1092 recipientes.
2725 1018 2827 1089 gSic
2847 1017 3095 1100 cucurrit
3118 1017 3280 1096 prdo,
3311 1027 3373 1094 ut
3404 1017 3494 1096 qui
3529 1016 3626 1084 Dei
3660 1016 3791 1072 obliti

2215 1121 2393 1178 erant,
2415 1127 2522 1188 nec
2545 1113 2754 1198 seipsos
2777 1121 3159 1196 agnoscerent.

2285 1206 2353 1276 Et
2380 1207 2513 1262 sicut
2551 1225 2653 1268 non
2696 1209 3042 1276 probaverunt
3061 1248 3077 1273 ,
3112 1205 3281 1264 Deum
3309 1205 3494 1282 habere
3519 1206 3576 1260 in
3604 1205 3785 1262 notitia.

2211 1299 2328 1358 Non
2355 1302 2700 1366 nescierunt,
2725 1303 2820 1356 sed
2854 1300 3075 1362 minime
3107 1301 3502 1368 probaverunt.
3533 1298 3636 1368 ille
3674 1299 3780 1354 eum

2205 1395 2409 1478 probat
2437 1407 2496 1450 se
2529 1393 2698 1448 Deum
2733 1392 2932 1462 habere
2952 1393 3011 1462 in
3031 1393 3255 1472 ,notitia,
3286 1392 3381 1472 qu'i
3413 1405 3635 1470 semper
3669 1391 3784 1446 illum

2209 1486 2263 1544 in
2289 1487 2541 1556 praesenti
2563 1485 2796 1562 habens,
2829 1499 3054 1555 peccare
3087 1499 3194 1539 non
3221 1482 3406 1562 audet.

2282 1577 2530 1648 Tradidit
2567 1559 2688 1632 illos
2717 1575 2861 1632 Deus
2907 1577 2961 1631 in
2990 1559 3274 1650 reprobum'
3289 1592 3515 1656 sensum.
3554 1573 3683 1631 Non
3722 1589 3787 1631 re-

2205 1671 2478 1744 probandi
2503 1680 2632 1726 sunt
2663 1671 2843 1726 traditi
2877 1671 2931 1748 in
2961 1669 3520 1739 reprobumsensum.

586 1765 841 1837 Imaginis
868 1759 1224 1834 corruptibilis
1251 1759 1497 1828 hominis,
1523 1766 1573 1812 et
1599 1755 1888 1830 volumen.
1913 1764 1960 1812 ει
1985 1772 2112 1828 qua-
2133 1763 2188 1834 ςΒ
2289 1764 2355 1820 Ut
2379 1764 2584 1838 faciant
2609 1781 2691 1832 ea,
2725 1779 2838 1833 qua:
2865 1780 2968 1818 non
2999 1763 3324 1817 conveniunt.
3355 1761 3574 1816 Homini
3607 1761 3791 1816 facere.

509 1861 838 1938 drupe'dum,
871 1867 916 1922 et
957 1856 1290 1936 serpentium.
1339 1853 1458 1912 Non
1501 1851 1737 1920 hominis
1772 1851 1945 1909 solum
1967 1896 1981 1920 ,
2013 1849 2107 1922 sed

511 1951 765 2032 imaginis
799 1949 1080 2030 Γιιοιιιὶμςλδε
1118 1957 1175 2024 et
1210 1961 1318 2028 non
1342 1945 1510 2018 iulius
1544 1954 1784 2010 tantum,
1817 1944 1914 2008 sed
1945 1942 2108 1998 etiam

514 2029 853 2102 animalium.
904 2043 1003 2098 llic
1054 2040 1208 2097 Jovis
1257 2041 1500 2096 cultores
1539 2039 1810 2127 appellat,
1843 2038 2108 2112 quicum

505 2148 732 2218 propter
758 2151 972 2202 amores
999 2133 1332 2192 foedissimos
1359 2133 1413 2188 in
1447 2133 1549 2187 ista
1575 2139 1827 2198 asserunt
1847 2131 2110 2194 transfor-

506 2242 759 2298 ,matnm,
802 2240 857 2284 et
913 2226 1118 2284 idcirco
1167 2240 1234 2294 se
1275 2225 1364 2280 illi
1417 2225 1549 2280 tales
1601 2223 1865 2296 imagines
1924 2237 2112 2284 conse-

505 2305 716 2389 crasse,
751 2321 807 2378 in
821 2319 1027 2390 quibus
1052 2317 1264 2382 libidini
1298 2316 1582 2372 satisfecit.
2001 2303 2008 2306 ’

583 2415 811 2483 Propter
837 2410 973 2490 quod
1001 2411 1213 2464 tradidit
1242 2409 1358 2462 illos
1391 2407 1534 2462 Deus
1567 2409 1619 2462 in
1643 2406 1911 2468 desideria
1938 2407 2109 2461 cordis

505 2524 708 2572 eorum.
735 2507 794 2564 ιιι
815 2506 930 2568 hoc
961 2504 1107 2576 quod
1145 2504 1290 2560 Deus
1309 2503 1612 2574 tradidisse
1640 2503 1848 2558 dicitur
1874 2504 2108 2574 propriis

501 2600 799 2674 desideriis
843 2608 1195 2667 peccatores,
1243 2595 1483 2650 ostendit
1530 2610 1639 2650 non
1692 2594 1839 2679 quod
1877 2595 1994 2663 ipse
2039 2583 2108 2648 sit

500 2709 695 2758 causa,
737 2691 834 2745 sed
865 2691 1010 2761 quod
1038 2705 1134 2758 per
1159 2688 1655 2759 longanimitatem,
1696 2699 1751 2745 et
1788 2688 2107 2760 patientiam

513 2803 623 2858 non
667 2784 980 2841 inducenda
1021 2783 1356 2851 vindictam,
1402 2783 1604 2854 patitur
1651 2797 1747 2839 eos
1800 2784 2106 2850 secundum

511 2879 696 2942 cordis
733 2879 815 2932 sui
859 2891 1022 2948 agere
1065 2875 1444 2930 voluntatem:
1477 2874 1581 2929 hoc
1613 2874 1742 2930 facit
1787 2875 1977 2936 volens
2014 2891 2109 2933 eos

511 2974 578 3046 ad
611 2971 988 3044 paenitentiam
1018 2971 1284 3026 converti.
1306 2969 1439 3024 Item
1470 2969 1688 3024 tradere
1720 2969 1772 3024 in
1813 2969 2109 3043 Scripturis

510 3065 712 3122 dicitur
751 3063 934 3127 Deus,
961 3077 1084 3117 cum
1116 3078 1224 3116 non
1266 3062 1463 3117 retinet
1483 3060 1858 3131 delinquentes
1887 3072 2109 3134 propter

511 3158 723 3214 arbitrii
752 3157 1094 3218 libertatem:
1120 3156 1259 3221 sicut
1286 3159 1337 3210 in
1365 3155 1581 3213 Psalmo
1606 3155 1740 3212 dicit
1769 3175 1778 3209 :
1811 3156 1878 3212 Et
1903 3157 2179 3244 dimisit'c

507 3267 607 3305 eos
637 3249 934 3306 secundum
958 3247 1227 3304 desideria
1252 3247 1431 3324 cordis
1461 3263 1676 3303 eorum.

585 3333 653 3402 In
685 3340 1098 3418 immunditiam.
1140 3338 1273 3408 Quae
1301 3349 1387 3406 cst
1420 3341 1470 3393 in
1504 3339 1750 3411 turpibus
1781 3339 2108 3420 iministeriis

510 3434 804 3489 idolorum.

588 3527 655 3583 Ut
677 3527 1000 3582 contumeliis
1015 3526 1252 3598 afﬁciant
1270 3543 1487 3598 corpora
1509 3543 1624 3582 sua.
1643 3525 1780 3584 Dum
1809 3526 1913 3583 sibi
1940 3528 1992 3583 in
2020 3543 2107 3582 sa-

505 3621 800 3676 oramentis
843 3635 1067 3688 eorum,
1116 3621 1358 3676 cauteria
1409 3629 1464 3675 et
1503 3621 1910 3677 combustiones
1957 3621 2102 3676 inlli-

507 3723 661 3784 gunt.

577 3807 647 3860 1η
685 3804 992 3874 semetipsis.
1027 3803 1100 3861 Ut
1145 3805 1304 3876 quasi
1336 3814 1578 3861 amentes
1607 3806 1710 3877 ipsi
1753 3807 1808 3862 in
1855 3821 1945 3875 se,
1978 3823 2105 3866 suo—

514 3916 631 3954 rum
667 3899 775 3953 sint
802 3897 1046 3953 vindices
1069 3898 1412 3954 delictorum.

581 3990 717 4057 Quia
757 3999 1197 4044 commutaverunt
1248 3993 1510 4048 ceritatem
1542 3991 1637 4047 Dei
1674 3993 1728 4047 in
1757 3995 2098 4050 mendacium.

505 4081 992 4137 Commutaverunt
1019 4082 1132 4137 veri
1174 4081 1266 4138 Dei
1289 4083 1497 4138 cultum
1529 4086 1580 4138 in
1612 4084 1950 4141 mendacium
1983 4087 2101 4141 ido-

508 4176 684 4230 lorum
705 4215 720 4241 ,
753 4190 874 4245 quae
915 4173 1056 4228 falso
1087 4173 1349 4244 prodigiis
1399 4177 1728 4234 coluerunt:
1760 4188 1815 4232 et
1845 4179 2104 4249 quodam-

508 4268 670 4323 tundo
701 4268 882 4322 stultis
916 4266 1248 4322 mentiuntur
1274 4283 1418 4336 esse,
1451 4271 1593 4340 quod
1620 4288 1726 4326 non
1755 4282 1904 4327 sunt.

576 4359 645 4413 Et
686 4360 992 4427 coluerunt,
1034 4369 1082 4414 et
1119 4361 1400 4415 servierunt
1439 4371 1690 4418 στρατω-(υ
1737 4366 1908 4436 potius
1947 4382 2104 4436 quam

503 4454 742 4506 creatori.
766 4451 885 4506 Non
909 4453 1081 4507 solum
1106 4451 1546 4518 dilexerunt,scd
1568 4455 1730 4510 etiam
1761 4457 2101 4512 servierunt:

2287 1856 2530 1926 Beplctos
2571 1856 2710 1920 omni
2759 1856 3066 1926 iniquitate,
3101 1853 3326 1910 malitia.
3360 1853 3715 1928 iniquitatem
3753 1863 3797 1906 et

2212 1949 2500 2030 malitiam,
2521 1947 2860 2030 principales
2891 1935 3083 2014 causes
3109 1946 3346 2024 ostendit
3373 1945 3634 2020 vitiorum
3675 1960 3792 2012 esse.

2210 2023 2214 2034 ’
2283 2023 2693 2106 Fornicutione,
2748 2039 3009 2104 avaritia,
3057 2023 3308 2110 neq-uitia.
3365 2037 3796 2093 Fornicationem

2213 2143 2421 2202 autem.
2447 2142 2502 2189 et
2521 2134 2812 2208 avaritiam
2843 2132 3003 2187 simul
3020 2132 3240 2204 junxit;
3269 2131 3397 2204 quia
3423 2131 3649 2204 utrique
3671 2146 3798 2224 pene

2213 2227 2525 2282 idololatria
2548 2237 2897 2295 comparatur
2927 2225 3206 2295 nequitia).

2287 2319 2476 2376 Plenas
2543 2319 2778 2384 invidia,
2839 2317 3151 2376 homicidiis.
3231 2316 3463 2374 Pulchre
3550 2317 3800 2376 invidiam

2209 2410 2508 2486 homicidio
2533 2412 2771 2468 sociavit
2799 2429 2813 2466 :
2846 2411 2971 2494 quia
2987 2411 3192 2510 prima,
3225 2409 3387 2482 hujus
3413 2409 3672 2467 criminis
3701 2412 3800 2482 ipsa

2211 2503 2438 2560 materia
2467 2512 2571 2558 est.

2207 2579 2210 2586 ’
2284 2597 2640 2653 Contemione.
2685 2596 2976 2660 Contentio
3023 2606 3140 2668 est,
3171 2597 3264 2653 ubi
3307 2612 3416 2654 non
3452 2598 3681 2654 ratione
3719 2596 3806 2652 alio

2203 2689 2338 2762 ,quid
2367 2732 2383 2758 ,
2424 2691 2521 2745 sed
2557 2675 2721 2744 animi
2755 2691 3057 2762 pertinacia
3083 2679 3423 2756 defenditur,
3488 2699 3546 2745 et
3574 2690 3677 2746 ubi
3708 2690 3804 2761 jam

2205 2767 2323 2838 non
2355 2783 2556 2838 veritas
2577 2783 2857 2852 quaeritur,
2895 2783 2990 2838 sed
3019 2783 3301 2854 proximus
3331 2780 3609 2852 fatigatur.

2287 2873 2440 2928 Dolo.
2465 2875 2684 2930 Occulta
2699 2873 2900 2929 malitia
2911 2916 2924 2941 ,
2938 2873 3151 2930 blandis
3165 2873 3510 2950 sermonibus
3523 2873 3801 2956 adornata.

2285 2964 2635 3036 Malignitate.
2681 2966 2900 3022 Malitia:
2938 2957 3155 3034 votum,
3185 2967 3269 3022 vel
3299 2981 3437 3038 opus
3457 3008 3471 3033 ,
3501 2966 3806 3038 malignitas

2211 3047 2533 3130 appellatur.

2285 3151 2631 3207 Susurrones.
2658 3151 3108 3220 Murmuratores,
3138 3167 3244 3208 non
3275 3152 3330 3208 in
3363 3151 3564 3226 faciem
3583 3193 3601 3221 ,
3635 3154 3731 3222 sed
3760 3155 3807 3208 in

2211 3261 2398 3301 aurem
2425 3245 2730 3316 loquentes.
3311 3235 3314 3238 ’
3395 3233 3402 3240 “
3673 3239 3678 3242 ’

2281 3338 2640 3403 Detractores,
2673 3339 2784 3394 Deo
2824 3339 3064 3395 odibiles.
3091 3339 3233 3408 Nihil
3263 3351 3349 3398 est
3380 3343 3530 3398 enim
3561 3353 3669 3399 tam
3696 3340 3802 3397 odi-

2208 3433 2317 3489 bile
2359 3433 2471 3488 Deo
2494 3473 2508 3498 ,
2555 3447 2715 3504 quam
2760 3431 3066 3488 idololatria
3097 3452 3110 3487 :
3146 3435 3231 3489 cui
3261 3450 3358 3504 per
3395 3433 3798 3490 similitudinem

2208 3523 2518 3580 eradicandi
2549 3507 2706 3594 pinna
2734 3523 3092 3580 detractionis
3121 3526 3320 3596 scripta
3351 3519 3712 3602 conjungitur.

2280 3613 2711 3672 Contumeliosos.
2738 3617 2842 3683 Qui
2867 3619 3085 3674 veloces
3114 3628 3240 3674 sunt
3271 3619 3326 3672 in
3355 3615 3541 3674 verbis
3565 3607 3783 3686 injuriae.

2281 3711 2571 3781 Superbos,
2601 3711 2782 3783 elatos,
2815 3714 3101 3768 inventores
3129 3714 3411 3768 malorum.
3445 3715 3537 3781 Qui
3567 3714 3670 3766 vult
3695 3724 3779 3764 su-

2207 3804 2460 3875 pergredi
2487 3805 2628 3874 quod
2653 3817 2734 3862 est
2751 3846 2767 3874 ,
2795 3805 3070 3876 superbus
3093 3817 3176 3862 est
3193 3847 3210 3875 ,
3239 3807 3382 3862 sicut
3413 3808 3653 3863 diabolus
3674 3819 3791 3875 per-

2207 3897 2289 3952 dit
2329 3899 2568 3968 seipsum
2599 3898 2744 3969 quod
2767 3909 2867 3954 est.
2893 3900 2993 3964 Qui
3017 3899 3160 3954 enim
3183 3914 3346 3968 super
3366 3899 3511 3956 alios
3533 3900 3641 3954 vult
3659 3911 3795 3963 esse,

2209 3993 2297 4048 hic
2331 3993 2470 4048 infra
2517 4008 2577 4048 se
2607 3992 2700 4049 ﬁet
2733 4011 2746 4047 :
2786 4004 2840 4049 et
2869 3993 2990 4049 ideo
3021 3983 3266 4065 sequitur
3314 3996 3614 4050 inventores
3647 3994 3805 4048 maio-

2207 4101 2323 4138 rum
2363 4103 2375 4138 :
2419 4084 2544 4155 quia
2593 4100 2810 4156 semper
2869 4087 3124 4156 superbia
3179 4089 3457 4156 excogitat
3503 4097 3564 4144 et
3607 4085 3811 4142 invenit

2207 4179 2371 4243 mala,
2403 4181 2542 4232 sicut
2568 4187 2757 4233 auctor
2787 4179 3055 4250 superbim
3078 4194 3181 4266 per
3220 4181 3519 4235 elationem
3546 4196 3710 4236 suam
3741 4178 3818 4233 in-

2208 4272 2354 4326 venit
2385 4272 2488 4326 sibi
2533 4273 2756 4338 malum,
2789 4273 2932 4343 quod
2961 4281 3088 4329 ante
3125 4290 3230 4329 non
3263 4272 3459 4329 fuerat.
3491 4275 3699 4331 Elatus
3728 4289 3814 4330 au-

2206 4373 2315 4419 tem
2345 4364 2562 4432 dicitur,
2586 4367 2677 4436 qui
2704 4367 2927 4422 elfertur
2948 4381 3112 4438 super
3145 4381 3426 4422 mensuras
3454 4381 3619 4425 suas.

2279 4453 2590 4512 Parentibus
2619 4476 2719 4512 non
2749 4459 3059 4514 obedientes.
3092 4459 3213 4516 Veri
3248 4473 3506 4530 parentes
3532 4474 3700 4532 sunt,
3739 4461 3822 4534 qui

502 4547 596 4628 sed
629 4548 956 4617 quicumque
981 4547 1210 4618 alicujus
1235 4557 1499 4603 creaturae
1523 4549 1817 4621 cupiditate
1841 4551 2094 4622 vincitur,
2126 4569 2178 4631 υ
2205 4567 2305 4620 per
2339 4568 2524 4608 semen
2556 4552 2707 4609 verbi
2745 4565 3004 4625 generant
3043 4554 3096 4608 in
3142 4555 3317 4610 lucem
3349 4554 3496 4611 filios
3539 4555 3619 4611 ad
3657 4557 3824 4613 vitam

499 4640 600 4706 ipSl
629 4639 816 4693 servit.
847 4643 887 4692 Α
919 4654 1024 4710 quo
1052 4640 1194 4695 enim
1225 4641 1451 4713 quisque
1481 4655 1768 4712 superatus
1798 4655 1902 4712 est,
1935 4644 2094 4716 hujus

497 4742 551 4786 ct
573 4748 764 4788 servus
788 4741 891 4788 est.
1879 4739 1884 4748 '

565 4829 675 4894 Qui
704 4839 777 4881 est
804 4827 1097 4882 benedictus
1125 4830 1178 4883 in
1207 4830 1400 4886 swcula
1427 4847 1445 4886 :
1475 4847 1642 4889 amen.
1680 4832 1779 4902 Cui
1812 4836 1858 4890 si
1895 4837 2093 4893 servis-

497 4932 639 5002 sent,
676 4920 793 4974 fieri
825 4919 1099 4976 benedicti
1132 4922 1188 4976 in
1223 4925 1418 4978 smcula
1449 4927 1768 4995 potuissent.
1811 4929 1915 4997 Qui
1946 4934 2090 4986 enim

497 5017 682 5070 I‘eterit
727 5015 1060 5072 voluntatem
1107 5016 1242 5084 Dei,
1286 5029 1466 5074 manet
1513 5019 1565 5076 in
1605 5031 1916 5088 mternum:
1952 5023 2094 5080 sicut

493 5107 608 5177 ipse
631 5120 812 5164 manet
838 5110 890 5164 in
918 5121 1206 5165 aeternum.

566 5199 848 5273 Propterea
879 5204 1094 5258 tradidit
1127 5202 1246 5258 illos
1285 5202 1426 5260 Deus
1459 5207 1521 5270 lin
1551 5211 1819 5278 passiones
1864 5211 2087 5283 ignomi-

492 5295 611 5348 nite.
633 5293 865 5368 _Pr0pter
895 5313 1089 5354 causas
1121 5299 1373 5371 superius
1403 5312 1752 5372 memoratas,
1789 5304 1842 5359 in
1876 5304 1960 5361 his
1986 5304 2084 5360 ﬂa-

490 5383 637 5453 gitiis
667 5399 793 5439 sunt
831 5385 1074 5443 dimissi.
1253 5381 1258 5386 ’

564 5476 701 5530 Nam
733 5479 936 5548 femineo
964 5497 1144 5536 eorum
1185 5482 1584 5542 immutaverunt
1615 5491 1907 5545 naturalem
1933 5508 2083 5548 usum

485 5573 537 5624 in
565 5587 684 5625 eum
710 5587 881 5638 usum,
913 5575 1000 5642 qui
1029 5586 1102 5628 est
1127 5586 1308 5631 contra
1351 5589 1617 5635 naturam.
1645 5582 1837 5638 Omnia
1869 5600 2088 5655 perver-

489 5674 672 5721 terunt
710 5666 764 5721 in
811 5666 977 5721 Deum
1020 5671 1288 5737 perversi.
1317 5670 1502 5744 Neque
1541 5673 1686 5730 enim
1717 5676 1962 5734 ordinem
1991 5695 2088 5734 na-

479 5766 614 5814 tura:
663 5765 1062 5818 servaverunt:
1095 5762 1187 5833 qui
1239 5771 1465 5842 naturae
1501 5765 1907 5841 dereliquerunt
1958 5786 2084 5829 auc-

2201 4656 2481 4700 aeternam.

2273 4735 2607 4808 Insipientes,
2633 4739 3018 4810 incompositos.
3047 4741 3148 4809 Qui
3175 4756 3206 4796 a
3232 4741 3382 4796 fonte
3409 4743 3721 4818 sapientia:
3749 4760 3832 4802 re—

2199 4841 2502 4895 cesserunt.
2536 4847 2760 4889 necesse
2789 4844 2868 4889 est
2901 4845 2960 4890 ut
2989 4835 3291 4890 inordinate
3317 4835 3589 4893 ferantur.

2272 4927 2400 4984 Sine
2436 4928 2737 4999 allectione,
2769 4929 2960 5000 absque
2991 4931 3204 5000 fwdere.
3233 4928 3463 4987 Aﬁectio
3493 4941 3585 4988 est
3637 4933 3831 4990 adim-

2196 5021 2366 5093 pletio
2397 5022 2696 5078 charitatis.

2273 5117 2402 5174 Sine
2429 5118 2804 5174 misericordia.
2833 5119 3060 5187 Quando
3090 5121 3213 5178 aliis
3242 5131 3496 5193 poterant
3524 5122 3835 5190 misereri.

2199 5211 2292 5282 qui
2337 5213 2388 5265 in
2431 5226 2491 5268 se
2529 5212 2909 5268 misericordes
2937 5227 3060 5268 esse
3091 5212 3423 5269 noluerunt?
3459 5205 3589 5268 ilice
3627 5218 3838 5292 omnia

2199 5320 2298 5375 per
2333 5305 2576 5362 ordinem
2615 5306 2819 5378 digesta
2849 5317 3101 5378 peccata,
3136 5293 3345 5363 deillis
3374 5307 3678 5376 dicuntur,
3738 5309 3846 5383 qui

2199 5387 2647 5474 derelinquentes
2676 5405 2842 5460 Deum
2863 5447 2877 5472 ,
2910 5406 2980 5459 ab
3005 5422 3070 5461 eo
3102 5406 3342 5461 vicissim
3376 5417 3505 5462 sunt
3531 5406 3844 5468 derelicti.

2197 5493 2503 5574 Caveamus
2551 5512 2681 5567 ergo
2715 5505 2769 5554 et
2805 5513 2938 5562 nos,
2972 5515 3040 5553 ne
3080 5499 3228 5572 quod
3259 5499 3460 5554 malum
3493 5515 3561 5556 ex
3599 5501 3711 5560 his
3747 5503 3851 5561 ha-

2197 5587 2411 5654 bentes,
2441 5589 2700 5646 similiter
2730 5592 3116 5662 relinquemur.

2271 5680 2510 5748 Quicum
2533 5685 2803 5756 justitiam
2831 5683 2931 5740 Dei
2959 5687 3350 5758 cognovissent,
3385 5701 3492 5740 non
3525 5685 3851 5746 intellexe-

2197 5782 2319 5826 runt
2345 5789 2363 5830 :
2391 5775 2635 5843 quoniam
2661 5777 2750 5848 qui
2779 5778 2907 5834 talia
2933 5787 3118 5850 agunt,
3152 5777 3298 5848 digni
3325 5785 3446 5836 sunt
3474 5787 3689 5836 morte.
3729 5782 3850 5858 'ﬂic
