3970 6304
180 283 270 344 633
832 284 1376 347 COMMENTARIUS
1411 285 1481 345 IN
1520 285 1912 348 EPISTOLAM
1949 285 2042 346 AD
2079 286 2426 347 ROMANOS.
2465 286 2621 347 CAP.
2663 287 2731 345 ll.

3330 288 3436 350 εει

170 401 394 458 ostendit
427 401 708 474 quomodo
737 405 1106 474 unusquisque
1150 403 1429 460 hominum
1459 403 1531 460 sit
1569 417 1600 459 a
1632 404 1743 460 Deo
1767 408 1824 470 Α
1850 413 1953 462 tor.
1974 405 2126 461 Multi
2158 421 2218 463 se
2247 405 2494 463 homines
2531 422 2628 478 per
2658 403 2976 478 patientiam
3008 405 3102 463 Dei
3129 405 3395 464 seducunt
3421 426 3435 461 :

168 495 453 553 secundum
479 507 633 553 actus
660 497 911 568 proprios
934 496 1259 567 judicandus
1285 515 1298 552 :
1331 497 1387 552 in
1409 513 1515 568 quo
1544 506 1596 552 et
1629 497 1744 567 ipse

167 591 318 644 alium
360 589 636 646 hominem
676 600 990 660 peccantem
1037 591 1246 662 judicat
1289 599 1454 661 atque
1488 588 1746 647 condem-

168 694 268 742 nat.
291 685 428 742 Item
451 701 572 741 cum
603 702 672 740 ex
701 701 768 742 eo
794 686 897 754 sibi
927 687 1158 759 quisque
1183 686 1464 756 displicet,
1494 685 1638 759 quod
1670 685 1746 741 le-

165 779 288 835 ccrit
317 780 678 852 malumﬂDei
704 779 971 853 justitiam
997 781 1321 854 cognovisse
1365 781 1602 837 dicitur:
1636 793 1746 838 non
1793 782 1796 790 '

164 871 547 929 intellexerunt
579 873 717 931 tales
745 873 814 930 ab
841 888 930 944 eo,
959 883 1016 932 et
1046 874 1094 932 si
1121 889 1229 931 non
1259 874 1316 931 in
1346 873 1630 946 praesenti,
1661 881 1745 930 ta-

165 982 275 1024 men
315 967 372 1024 in
422 967 604 1028 futuro
640 984 766 1027 esse
791 971 1115 1046 puniendos.
1148 971 1208 1027 Si
1248 970 1398 1040 enim
1444 968 1749 1028 intellexis-

161 1071 290 1132 sent,
325 1061 512 1135 utique
536 1061 662 1120 talia
693 1064 1033 1121 committere
1063 1064 1388 1134 timuissent.

224 1155 352 1213 Non
397 1159 569 1213 solum
605 1160 696 1230 qui
736 1176 794 1214 ea
829 1160 1066 1231 faciunt,
1095 1159 1185 1214 sed
1214 1161 1371 1224 etiam
1409 1157 1499 1231 qui
1535 1175 1748 1216 consen-

159 1251 282 1306 tiunt
312 1252 644 1322 facientibus.
672 1250 751 1309 Ne
780 1252 900 1323 quis
923 1252 1152 1316 diceret,
1185 1251 1303 1332 haec
1337 1267 1443 1307 non
1472 1251 1659 1308 omnia
1688 1265 1750 1308 se

162 1344 348 1399 iecisse
373 1361 387 1397 :
425 1343 656 1412 addidit,
689 1346 780 1422 qui
809 1345 1159 1418 consentiunt
1188 1345 1530 1418 facientibus.
1560 1343 1669 1402 Sed
1695 1353 1752 1401 et

159 1438 237 1508 qui
280 1437 338 1491 in
381 1437 501 1508 istis
551 1453 660 1510 non
698 1439 1010 1511 consensit,
1060 1440 1152 1512 qui
1197 1437 1519 1509 judicabant
1561 1439 1752 1510 hujus-

161 1517 294 1584 inodi
324 1546 341 1586 :
370 1539 551 1587 tamen
578 1531 905 1600 idololatria:
933 1531 1347 1602 consentiendo,
1368 1548 1491 1604 quac
1510 1533 1749 1590 omnium

162 1623 345 1679 horum
375 1633 541 1696 caput
576 1635 632 1682 ct
665 1640 830 1683 causa
858 1635 974 1695 est,
1020 1626 1268 1684 omnibus
1298 1627 1647 1685 consensisse
1675 1628 1752 1684 vi-

160 1717 406 1773 dabatur.

766 1809 998 1869 CAPUT
1036 1810 1104 1867 Il.

219 1899 456 1975 Propter
482 1900 621 1974 quod
652 1903 1020 1960 inexcusabilis
1050 1919 1126 1974 es,
1158 1921 1188 1962 ο
1231 1903 1387 1960 homo
1425 1904 1590 1960 omnis
1616 1948 1631 1975 ,
1664 1903 1753 1976 qui

150 1997 381 2070 judicas.
427 1996 496 2050 In
535 2013 634 2070 quo
662 1998 798 2052 enim
825 1999 1050 2054 alterum
1078 1999 1291 2070 judicas
1316 2040 1332 2066 ,
1361 1999 1581 2069 teipsum
1623 2015 1751 2054 con-

157 2091 393 2145 demnas.
443 2089 644 2145 Eadem
673 2092 812 2146 enim
841 2093 976 2164 agis,
1006 2108 1125 2165 qua:
1144 2093 1381 2166 judicas.
1411 2093 1614 2150 Omnes
1646 2093 1749 2148 hu-

154 2182 414 2253 jnsmodi,
441 2183 532 2255 qui
556 2184 955 2255 dijudicabant,
979 2186 1215 2242 maxime
1244 2194 1424 2258 tamen
1448 2185 1504 2242 hi
1533 2185 1626 2259 qui
1655 2187 1755 2242 ha-

154 2276 271 2333 bent
317 2279 374 2332 in
424 2278 879 2349 reprehendendo
919 2277 1181 2352 judicium
1209 2278 1423 2352 judice;
1462 2289 1517 2354 et
1546 2279 1752 2336 domini

156 2373 572 2427 conveniuntur.
619 2372 864 2428 Naturali
904 2374 1048 2430 enim
1091 2372 1297 2443 judicio
1345 2374 1560 2446 dignam
1598 2373 1754 2432 faelis

155 2467 358 2535 profert
407 2467 785 2536 unusquisque
836 2466 1158 2524 sententiam
1195 2483 1209 2519 :
1241 2481 1536 2539 omnesque
1589 2482 1755 2524 nove-

159 2567 305 2624 runt,
338 2566 398 2612 ct
427 2558 797 2614 innocentiam
831 2557 1030 2614 mereri
1058 2557 1363 2630 prmmium,
1404 2569 1458 2615 et
1488 2558 1753 2614 malitiam

160 2650 354 2708 habere
382 2651 734 2723 supplicium.

227 2744 435 2800 Scimus
468 2746 603 2799 enim
631 2746 875 2815 quoniam
903 2744 1168 2818 judicium
1210 2744 1309 2800 Dei
1344 2755 1422 2800 est
1467 2745 1756 2800 secundum

158 2838 455 2904 veritatem,
510 2839 563 2892 in
606 2855 692 2892 eos
741 2839 831 2910 qui
873 2837 1000 2892 talia
1043 2847 1223 2911 agunt.
1259 2835 1542 2898 Existimas
1580 2845 1758 2890 autem

162 2931 260 2999 hoc,
294 2948 326 2983 ο
351 2933 514 2984 homo
543 2931 734 2995 omnis,
768 2931 854 3001 qui
873 2930 1090 3003 judicas
1119 2947 1238 2999 eos,
1276 2931 1367 3002 qui
1398 2930 1527 2985 talia
1554 2939 1753 3002 agunt,

161 3033 198 3076 et
227 3026 350 3093 {aris
383 3040 494 3080 ea:
523 3026 647 3096 quia
679 3034 732 3078 tu
762 3023 977 3098 e/fugies
993 3024 1258 3098 judicium
1282 3009 1421 3079 Dei?
1447 3023 1754 3081 Secundum

166 3121 444 3173 veritatem
495 3119 604 3172 erit
642 3117 906 3188 judicium
936 3159 951 3184 ,
989 3131 1100 3188 quo
1136 3116 1522 3186 judicabantur
1573 3117 1758 3187 hujus-

1845 498 1940 572 qui
1978 499 2205 555 nonvult
2245 501 2427 557 statim
2457 500 2649 571 punire
2676 508 2966 570 peccantes
2994 513 3009 552 :
3046 506 3263 568 putatur
3291 499 3438 555 enim

1845 602 1941 649 aut
1983 608 2072 650 res
2101 592 2364 651 humanas
2401 593 2622 650 minime
2647 607 2873 660 curare,
2899 600 2994 646 aut
3032 592 3222 664 culpas
3247 590 3439 648 indul-

1845 703 1996 762 gere,
2027 687 2149 761 quia
2195 687 2396 744 dillert.
2426 687 2677 760 Plerique
2721 687 2882 744 etiam
2923 695 3113 743 contra
3141 701 3202 742 se
3228 685 3441 745 calum-

1848 780 2086 850 niantur,
2119 796 2216 838 cur
2246 781 2300 837 in
2341 781 2596 854 prtesenti
2626 797 2734 838 non
2757 778 2971 838 reddit:
2998 796 3104 838 non
3135 779 3442 851 intelligen-

1846 881 1952 939 tes,
1984 872 2128 944 quod
2158 874 2202 942 si
2232 873 2310 929 ita
2355 874 2540 943 fieret,
2571 875 2750 932 nullus
2787 891 2923 948 pene
2950 873 3228 932 hominum
3262 887 3442 929 rema-

1847 975 2046 1023 neret:
2086 982 2190 1024 nec
2220 983 2478 1038 umquam
2522 967 2592 1025 de
2630 968 2844 1037 injustis
2889 967 3083 1024 tierent
3116 966 3271 1038 justi.
3313 965 3442 1032 Ideo

1849 1071 2030 1117 autem
2072 1061 2383 1129 hominibus
2407 1062 2623 1119 videtur
2650 1065 2793 1120 Deus
2831 1063 2922 1122 diu
2953 1075 3273 1138 exspectare
3312 1078 3439 1134 pec-

1850 1164 2038 1211 cantes
2063 1172 2076 1208 :
2112 1155 2236 1226 quia
2264 1170 2365 1211 nos
2394 1171 2516 1210 cum
2555 1157 2713 1228 parvi
2746 1159 3010 1228 temporis
3038 1157 3240 1223 simus,
3270 1171 3443 1216 annos

1853 1257 2070 1304 centum
2126 1250 2492 1305 :eternitatem
2544 1261 2820 1320 putamus.
2885 1249 2982 1306 llle
3029 1258 3254 1319 autem,
3300 1251 3444 1321 apud

1852 1355 2018 1414 quem
2066 1339 2218 1396 mille
2258 1341 2389 1397 anni
2417 1357 2515 1416 pro
2547 1358 2653 1399 uno
2684 1353 2810 1398 sunt
2847 1341 2969 1408 die,
3015 1351 3228 1398 centum
3274 1358 3448 1398 annos

1854 1437 2018 1492 unius
2043 1435 2193 1494 hora:
2218 1452 2329 1492 suae
2350 1439 2526 1510 spatio
2555 1452 2662 1494 non
2683 1446 2962 1506 coaequat;
2990 1446 3319 1508 quapropter
3347 1437 3449 1492 hoc

1852 1542 2083 1600 parvum
2112 1539 2193 1586 est
2219 1531 2362 1601 apud
2400 1546 2524 1586 eum
2552 1548 2564 1585 :
2597 1546 2717 1585 cum
2751 1529 2921 1585 etiam
2963 1529 3213 1586 homines
3243 1529 3452 1584 soleant

1855 1621 2031 1678 multo
2051 1631 2298 1694 tempore
2328 1623 2726 1693 correptioncm
2760 1638 2986 1692 sperare
3016 1622 3374 1692 peccantium.

1930 1718 2233 1774 Secundum
2257 1727 2430 1773 autem
2450 1717 2697 1771 duritiam
2723 1727 2886 1786 tuam,
2912 1726 2961 1771 et
2989 1716 3310 1788 impamiteps
3334 1731 3444 1770 cor.

1777 1803 1832 1885 Β
1856 1809 1939 1875 Tu
1969 1825 2151 1886 autem
2180 1814 2497 1886 imprudens
2520 1830 2685 1886 mger,
2717 1815 2785 1868 ad
2818 1814 3042 1868 vulnera
3073 1812 3248 1883 major
3263 1812 3455 1868 abute-

1853 1907 1928 1960 ris
1957 1905 2080 1976 ipso
2109 1906 2350 1962 remedio
2379 1924 2393 1960 :
2425 1905 2548 1978 quia
2582 1906 2738 1973 juxta
2785 1904 3111 1961 sententiam
3140 1904 3284 1960 beati
3327 1904 3452 1973 Job,

1854 1999 2192 2070 pmnitentite
2239 1997 2360 2054 loco
2401 1999 2647 2074 abuteris
2689 1999 2742 2052 in
2791 1998 3120 2067 superbiant.
3164 1996 3318 2074 Unde
3346 2015 3456 2052 non

1844 2085 2035 2160 agnita
2067 2092 2236 2161 pietas
2274 2089 2451 2162 majus
2481 2090 2579 2146 tibi
2605 2089 2874 2162 judicium
2921 2101 3077 2160 parat
3108 2105 3123 2141 :
3167 2100 3229 2144 ut
3269 2090 3452 2146 vindi-

1854 2171 1996 2237 ctam
2025 2183 2246 2248 sentiat,
2276 2184 2367 2254 qui
2395 2181 2827 2238 misericordiam
2859 2182 3065 2238 sentire
3092 2183 3450 2253 contempsit.

1852 2272 2076 2344 Iterum,
2117 2292 2278 2332 omne
2316 2279 2463 2334 enim
2495 2293 2612 2345 cor,
2650 2277 2794 2348 quod
2843 2292 2950 2332 non
2999 2278 3188 2342 sentit,
3239 2277 3460 2334 indura-

1853 2377 1964 2424 tur.
2000 2368 2114 2440 Hoc
2143 2369 2287 2424 enim
2312 2369 2472 2425 modo
2493 2369 2770 2424 induravit
2803 2369 2942 2424 Deus
2973 2384 3069 2424 cor
3096 2368 3412 2424 Pharaonis.

1933 2461 2276 2516 Tltesaurizas
2308 2463 2399 2516 tibi
2421 2463 2553 2516 iram
2583 2463 2637 2516 in
2678 2461 2760 2516 die
2788 2464 2901 2527 ἐγω,
2934 2475 2979 2515 et
3001 2463 3333 2517 reuelationis
3359 2465 3454 2535 ju-

1855 2558 1924 2611 sti
1928 2558 2131 2630 judicii
2159 2557 2256 2612 Dei
2279 2575 2298 2612 :
2319 2558 2407 2628 qui
2436 2556 2606 2613 reddit
2645 2557 2922 2627 unicuique
2966 2551 3254 2612 secundum
3296 2573 3451 2629 opera

1856 2657 1992 2727 ejus.
2030 2654 2084 2707 In
2107 2651 2249 2718 diem
2273 2653 2486 2724 judicii,
2521 2652 2654 2707 iram
2693 2651 2785 2707 tibi
2815 2665 2984 2720 super
3017 2652 3152 2706 iram
3186 2650 3302 2720 ipse
3332 2665 3463 2705 cou-

1859 2747 1946 2803 dis
1979 2766 1990 2800 :
2023 2748 2114 2816 qui
2150 2748 2238 2802 die
2262 2747 2486 2824 definito
2507 2788 2522 2815 ,
2549 2756 2606 2802 et
2632 2758 2786 2802 certo
2812 2753 3058 2816 tempore
3082 2745 3387 2818 apparebit.

1935 2838 2035 2894 His
2071 2840 2278 2913 quidem
2304 2839 2394 2907 qui
2421 2839 2704 2894 secundum
2749 2840 3050 2912 patientiam
3098 2825 3219 2892 boni
3267 2839 3454 2910 operis.

1863 2931 1998 2988 Boni
2033 2933 2216 3004 operis
2269 2948 2484 2986 merces
2536 2948 2633 3002 per
2691 2933 3005 3002 patientiam
3060 2942 3454 3001 exspectatur:

1861 3026 1986 3096 quia
2017 3026 2068 3080 in
2102 3026 2353 3096 prmsenti
2383 3027 2489 3079 vita
2530 3041 2638 3079 non
2671 3023 2934 3081 redditur.
2980 3025 3083 3080 Per
3111 3024 3270 3100 [idem
3307 3025 3450 3090 enim

1865 3122 2226 3186 ambulamus,
2276 3131 2331 3175 et
2372 3135 2478 3194 non
2510 3134 2604 3192 per
2631 3116 2891 3190 speciem.
2927 3119 2992 3173 Et
3039 3128 3167 3188 tunc
3204 3117 3311 3174 erit
3342 3133 3464 3187 pcr-

167 3211 315 3277 madi,
343 3209 440 3279 qui
476 3224 582 3263 non
614 3209 983 3264 condemnare
1015 3211 1066 3263 in
1099 3207 1223 3263 aliis
1263 3218 1590 3279 potuerunt,
1639 3225 1757 3278 qmn
1785 3186 1830 3252 ε
1865 3213 2067 3270 fectum
2100 3228 2258 3283 opus,
2283 3212 2327 3268 si
2357 3212 2409 3266 in
2451 3209 2611 3280 linem
2649 3227 2822 3284 usque
2852 3210 3132 3278 duraverit
3162 3230 3174 3265 :
3205 3211 3330 3280 quia
3371 3213 3463 3281 qui

175 3301 257 3370 ipsi
281 3302 640 3360 committere
685 3316 791 3357 non
828 3305 1145 3357 timuerunt.
1189 3301 1248 3358 Si
1282 3302 1424 3356 enim
1453 3311 1531 3372 tu,
1568 3316 1759 3373 pecca-

183 3402 276 3454 tor.
299 3406 655 3465 peccatorem
689 3394 785 3448 tibi
818 3392 1050 3448 similem
1074 3393 1324 3466 judicas,
1355 3403 1558 3464 quanto
1591 3393 1759 3464 magis

189 3484 311 3542 Deus
344 3487 529 3558 justus
560 3496 612 3541 te
636 3485 904 3556 judicabit
933 3485 1222 3556 injustam!
1259 3501 1329 3542 ne
1357 3485 1434 3540 illi
1473 3485 1609 3540 mala
1639 3485 1759 3556 pla-

172 3594 309 3646 cere,
343 3593 397 3637 et
446 3581 630 3652 displit
651 3596 744 3636 ere
772 3581 913 3636 bona
949 3580 1180 3637 forsitan
1210 3580 1534 3637 videantur:
1564 3581 1762 3652 quippe

163 3687 303 3741 quem
340 3676 463 3728 sine
489 3688 853 3745 personarum
879 3675 1218 3745 acceptione,
1261 3691 1363 3730 nec
1407 3676 1596 3730 amicis
1626 3677 1759 3742 suis,

155 3779 246 3821 nec
272 3767 489 3838 angelis
534 3766 767 3838 legimus
805 3767 1119 3839 pepercisse
1135 3750 1764 3837 "peccantibus-.“llifuia-

152 3873 271 3913 num
337 3851 522 3916 autem
572 3861 835 3931 judicium
903 3862 1091 3917 multis
1140 3862 1318 3932 modis
1372 3864 1757 3934 corrumpitur.

146 3949 377 4018 Amore,
402 3953 553 4020 odio,
584 3954 805 4020 timore,
840 3955 1066 4008 avaritia
1095 3969 1241 4025 saepe
1262 3953 1455 4025 judicii
1479 3955 1764 4027 integritas

143 4041 428 4100 violatur:
464 4054 518 4098 et
543 4054 733 4099 contra
763 4044 988 4115 iustitiae
1017 4045 1258 4118 regulam
1291 4045 1562 4102 interdum
1595 4049 1761 4104 misc-

144 4131 390 4210 ricordia
422 4136 733 4193 inclinatur.
1687 4207 1693 4214 ἱ

207 4234 294 4286 Αη
333 4231 553 4286 divitias
581 4231 831 4286 bonitatis
865 4233 1002 4304 ejus,
1051 4242 1096 4288 et
1125 4233 1422 4304 patientiae,
1449 4245 1499 4290 et
1527 4235 1766 4309 longani-

138 4326 356 4382 mitatis
403 4325 732 4381 contemnis?
774 4323 1002 4396 Ignoras
1038 4329 1287 4398 quoniam
1333 4329 1618 4402 benignitas
1664 4327 1765 4402 Dei

133 4421 200 4472 ad
245 4419 620 4491 penitentiam
661 4429 709 4474 te
753 4416 1012 4474 adducit?
1057 4419 1157 4476 llic
1192 4432 1382 4492 aperte
1432 4431 1766 4478 monstratur

136 4530 313 4582 quare
366 4513 639 4584 pcccatori
667 4512 938 4569 desideria
967 4513 1152 4570 cordis
1182 4517 1264 4570 sui
1295 4515 1560 4590 dimiserit
1583 4517 1762 4573 Deus:

1865 3308 2301 3382 perseveraverit
2333 3321 2501 3386 qsque
2531 3306 2583 3360 in
2616 3304 2801 3372 linem,
2834 3304 2922 3359 hic
2946 3305 3130 3359 salvus
3153 3305 3277 3359 erit.

1941 3399 1982 3456 G
1993 3401 2178 3455 loriam
2207 3410 2253 3454 et
2284 3399 2553 3467 honorem,
2607 3409 2656 3462 et
2701 3398 3165 3467 incorruptionem.
3196 3395 3462 3464 Gloriam,

1865 3506 1975 3566 qua
1999 3492 2171 3558 sancti
2208 3489 2497 3564 fulgebunt
2523 3499 2580 3544 ιιι
2603 3491 2709 3560 sol.
2744 3489 3044 3558 Honorem,
3079 3489 3313 3544 ﬁliorum
3345 3490 3463 3556 Dei,

1865 3600 1975 3652 quo
2002 3583 2132 3637 nihil
2162 3591 2246 3637 cst
2274 3582 2486 3652 majus:
2521 3597 2636 3651 per,
2663 3597 2824 3652 quem
2865 3581 3032 3636 etiam
3061 3581 3284 3651 angelos
3310 3581 3455 3653 judi-

1867 3678 2091 3734 cabunt.
2119 3676 2586 3756 [incorruptionem
2621 3675 2746 3731 vita:
2772 3687 3074 3748 perpetuze.

1945 3768 2301 3838 Quatrentibus
2368 3769 2524 3822 ritum
2573 3779 2832 3836 tuternam.
2894 3768 2999 3836 Qui
3054 3785 3150 3839 per
3195 3768 3468 3840 patientiae

1870 3877 2039 3934 opera
2070 3862 2267 3932 quaerit
2297 3861 2464 3915 vitam
2495 3870 2755 3916 mternam
2797 3861 2897 3917 ista
2943 3861 3124 3938 omnia
3172 3865 3462 3932 consequi-

1871 3967 1977 4020 tur.
2005 3956 2070 4028 Et
2085 3956 2175 4028 qui
2205 3954 2526 4036 liabetlliauc
2551 3969 2726 4026 spem,
2745 3955 2797 4030 in
2819 3971 2884 4011 eo
2906 3956 3211 4024 sanctificat
3235 3971 3295 4011 se
3313 3996 3330 4023 ,
3352 3955 3462 4011 sic-

1870 4063 1934 4126 ut
1954 4061 2006 4108 et
2032 4053 2122 4122 ille
2150 4061 2369 4106 sanctus
2401 4058 2502 4106 est.

1944 4144 2045 4199 His
2075 4152 2246 4198 autem
2291 4143 2379 4214 qui
2419 4151 2534 4197 sunt
2563 4158 2624 4198 ea:
2671 4142 3017 4198 contentione.
3067 4141 3322 4210 Audiant,
3374 4145 3461 4216 qui

1872 4253 2018 4310 sape
2061 4237 2208 4310 victi,
2261 4235 2609 4306 animositate
2648 4235 3005 4303 contendunt,
3053 4244 3107 4302 et
3139 4238 3365 4304 timeant
3409 4240 3462 4294 in

1872 4329 2263 4408 consuetudine
2294 4328 2529 4400 pessima
2559 4344 2902 4398 permanere,
2936 4344 3004 4384 ne
3031 4330 3132 4384 ista
3165 4329 3346 4386 omnia
3369 4347 3461 4386 su-

1872 4441 1973 4498 per
2000 4440 2095 4498 eos
2130 4425 2482 4497 deputentur.
2515 4421 2635 4479 Jam
2665 4425 2913 4495 superius
2955 4424 3159 4497 dictum
3188 4435 3292 4494 est,
3335 4442 3465 4483 cor:-

1876 4519 2173 4582 tentiosum
2208 4518 2350 4572 hunc
2379 4532 2498 4572 esse
2543 4516 2875 4590 specialiter,
2918 4517 3009 4588 qui
3041 4517 3242 4592 aliquid
3275 4531 3464 4576 contra

132 4623 183 4664 et
223 4627 372 4667 cum
414 4612 590 4692 possit
617 4608 906 4680 prohibere
931 4618 1272 4680 peccantem,
1298 4612 1384 4666 vel
1416 4611 1618 4684 inferre
1643 4612 1769 4667 vina
1797 4581 2268 4686 Dconscientiam
2296 4626 2446 4665 suam
2469 4608 2657 4664 nititur
2687 4608 2993 4666 defensare.

136 4703 380 4772 dictam,
416 4702 626 4758 mavult
646 4703 892 4758 converti
921 4701 988 4757 ad
1018 4702 1412 4772 paenitentiam.
1446 4701 1579 4759 ltem
1601 4719 1764 4759 num-v

129 4801 266 4869 quid
333 4807 635 4871 propterea
683 4795 778 4851 tibi
827 4795 896 4852 de
944 4797 1266 4866 impunitate
1294 4795 1601 4864 blandiris,
1631 4797 1757 4869 quia

131 4891 287 4948 Deus
347 4891 403 4946 in
465 4888 718 4961 praesenti
771 4902 878 4944 non
909 4887 1218 4944 redditzet
1259 4899 1314 4943 tu
1361 4888 1758 4960 longitudinem

131 4987 458 5059 temporis,
501 4995 556 5041 et
587 4983 972 5058 abundantiam
1004 4984 1262 5042 bonitatis
1311 4984 1528 5041 intuens
1550 5029 1564 5051 ,
1599 4995 1763 5056 putas

119 5084 242 5156 jam
275 5096 403 5138 non
429 5093 553 5138 esse
580 5078 876 5150 judicium?
904 5077 1046 5134 Audi
1066 5077 1357 5150 Scriptura:
1384 5079 1706 5152 sententiam
1736 5097 1753 5134 :

120 5178 252 5233 Non
291 5178 488 5232 tardat
533 5173 798 5230 Dominus
850 5173 1162 5245 promissis,
1211 5171 1306 5229 sed
1351 5173 1621 5244 patienter
1647 5173 1762 5244 agit

121 5281 379 5343 propter
411 5283 508 5324 vos
545 5267 736 5324 nolens
775 5267 1009 5338 aliquem
1060 5266 1273 5338 perire,
1314 5267 1409 5324 sed
1451 5281 1639 5323 omnes
1687 5267 1755 5323 ad

117 5363 536 5436 pceniteutiam
565 5361 1036 5434 converti..Bonus
1065 5369 1146 5416 est
1175 5360 1559 5432 exspectando,
1578 5361 1754 5432 justus

118 5471 208 5512 est
267 5453 585 5527 puniendo.
638 5452 791 5509 Unde
829 5455 1082 5509 admonet
1121 5452 1389 5525 Propheta
1422 5473 1436 5510 :
1469 5452 1547 5510 Ne
1573 5454 1755 5511 tardes

115 5552 405 5608 converti
428 5549 493 5606 ad
519 5550 830 5619 Dominum,
858 5567 1034 5625 neque
1054 5551 1272 5610 dill‘eras
1293 5553 1360 5609 de
1388 5552 1475 5610 die
1494 5555 1548 5610 in
1571 5554 1712 5612 diem
1735 5571 1752 5612 :

117 5646 341 5701 Subito
374 5645 518 5699 venit
543 5645 618 5699 ira
648 5645 790 5716 ejus,
820 5656 872 5700 et
902 5645 954 5700 in
987 5655 1229 5718 tempore
1256 5646 1509 5702 vindicta:
1540 5648 1754 5719 disper-

113 5743 216 5794 de:
257 5751 350 5793 lc.
381 5736 441 5792 Et
467 5739 667 5795 iterum
700 5759 711 5794 ε
740 5739 819 5796 Ne
847 5740 1083 5798 dixeris:
1109 5740 1440 5817 Peccavi,et
1460 5743 1586 5814 quid
1613 5743 1757 5799 acci-

113 5836 199 5892 ιιιι
236 5829 408 5890 milii
445 5835 632 5893 triste?
673 5843 758 5894 est
803 5835 954 5899 enim
981 5835 1296 5900 Altissimns
1329 5835 1541 5909 patiens
1582 5836 1762 5900 reddi~

1950 4706 2021 4762 Et
2048 4706 2134 4782 qui
2163 4723 2265 4780 non
2286 4703 2616 4776 acquiescant
2647 4707 2851 4760 veritati
2875 4721 2894 4758 .·
2924 4706 3140 4778 credunt
3164 4720 3338 4786 autem
3366 4711 3464 4766 iui-

1863 4799 2081 4878 .quitati.
2137 4796 2476 4876 Evangelica:
2524 4795 2736 4853 veritati
2795 4814 2902 4876 non
2945 4800 3191 4871 credunt,
3233 4812 3288 4866 et
3335 4817 3465 4858 con-

1876 4895 2120 4961 sentiunt
2163 4887 2454 4963 iniquitati,
2509 4897 2565 4954 ut
2611 4888 2805 4945 relicto
2843 4901 3112 4964 creatore,
3155 4892 3468 4956 deserviant

1874 4996 2161 5044 ειεειιιιινω.

1855 5059 1890 5096 ⁹
1949 5080 2046 5136 Ira
2070 5089 2116 5134 et
2138 5076 2452 5150 indignatio.
2484 5073 2766 5148 lnjudicio
2795 5091 2973 5153 penna:
3003 5087 3150 5135 sunt.

1879 5207 1890 5220 -
1951 5173 2241 5249 Tribulatio
2268 5183 2315 5227 et
2345 5172 2608 5243 angustia.
2640 5168 3000 5229 Conscientiae
3028 5183 3081 5227 et
3109 5170 3463 5232 infructuosa:

1875 5269 2236 5348 pmnitentize,
2277 5266 2415 5336 sicut
2441 5265 2703 5336 scriptum
2735 5275 2818 5321 est
2849 5281 2865 5324 :
2914 5264 3064 5322 Tunc
3093 5265 3274 5320 dicent
3324 5268 3462 5326 intra

1873 5381 1942 5423 se
1971 5361 2340 5438 ptenitentiam
2390 5368 2632 5434 agentes,
2667 5367 2722 5414 et
2766 5373 2864 5428 per
2894 5359 3198 5429 angustiam
3243 5361 3465 5431 spiritus

1875 5435 2182 5536 gementes.
2215 5454 2348 5532 item
2379 5452 2658 5526 hucusque
2692 5465 2876 5509 sermo
2902 5449 3151 5534 dirigitur
3182 5454 3246 5509 ad
3275 5471 3465 5512 omnes

1885 5551 2119 5626 naturali
2157 5549 2424 5607 obnoxios
2454 5547 2560 5618 legi
2592 5563 2604 5600 :
2636 5544 2688 5600 in
2721 5559 2826 5616 quo
2864 5545 3027 5602 etiam
3059 5547 3232 5603 Judmi
3263 5553 3466 5620 pariter

1877 5645 2253 5704 continentur.
2286 5640 2492 5698 Idcirco
2526 5650 2704 5695 autem
2749 5635 2968 5712 Judmus
2998 5638 3198 5696 Gentili
3225 5641 3464 5698 antefer-

1883 5747 2019 5797 tur:
2066 5737 2321 5814 quoniam
2373 5743 2570 5810 praeter
2615 5731 2940 5806 naturalem,
2969 5730 3160 5809 legem
3211 5721 3470 5832 δειίρῇξῦ

1881 5831 2079 5899 habet.
2733 5826 2771 5830 “’
2979 5826 3000 5830 ““
3119 5826 3130 5828 “
3154 5826 3198 5830 ’“
3368 5826 3464 5832 “”
