3970 6304
497 303 605 371 655

1534 312 1591 371 S.
1634 307 2011 371 IlIERONYMl
2050 302 2337 370 OPERUM
2373 305 2741 372 MANTISSA.

3672 300 3781 369 656

566 428 633 487 1η
665 444 866 487 omnem
892 429 1118 487 animam
1159 428 1380 486 hominis
1418 430 1680 502 operantis
1717 429 1913 483 malum
1940 444 1960 482 :
1994 424 2093 480 Ju-
2116 429 2169 491 Α
2194 426 2545 493 accusabunt,
2582 437 2673 483 aut
2715 426 2877 483 etiam
2922 423 3279 493 excusabant,
3324 419 3467 482 sicut
3520 424 3779 497 scriptum

496 525 599 581 diei
644 527 866 599 primum
922 534 969 580 et
1026 522 1215 580 Grieci.
1266 525 1476 581 Animae
1529 538 1742 595 poenam
1793 520 2089 593 Apostolus

495 621 856 677 comminatur
879 664 894 689 ,
938 629 1157 692 propter
1188 619 1503 689 haereticos,
1540 620 1629 691 qui
1661 619 1831 674 solam
1868 632 2088 674 carnem

498 709 812 786 delinquere
855 714 1043 771 dicunt
1072 733 1086 769 :
1118 722 1174 771 et
1203 715 1435 771 animam
1474 722 1672 785 negant
1710 728 1869 785 posse
1898 727 2091 784 pecca-

496 823 579 867 re.
615 806 745 865 Sive
785 807 963 864 anima
995 822 1096 880 pro
1135 817 1249 864 toto
1279 808 1501 863 homine
1548 807 1788 862 dicitur:
1839 804 1989 861 Sicut
2035 804 2091 860 in

495 900 695 960 Genesi
722 921 735 958 :
768 902 935 960 Jacob
962 917 1087 959 cum
1114 903 1459 974 septuaginta
1489 900 1773 957 animabus
1792 898 2089 971 Egyptum

491 996 754 1054 introisse
779 995 1037 1053 refertur.

565 1089 755 1148 Gloria
781 1100 974 1161 autem,
1020 1090 1207 1162 honor,
1241 1100 1291 1148 et
1310 1109 1414 1165 pax
1455 1092 1593 1147 omni
1621 1090 1855 1163 aperanti
1879 1089 2086 1143 bonum.

494 1182 681 1243 Gloria
725 1194 914 1242 contra
969 1186 1129 1255 iram,
1181 1186 1358 1241 honor
1404 1194 1594 1241 contra
1636 1182 2084 1253 indignationem.

490 1278 565 1336 Et
590 1280 735 1353 quod
763 1297 931 1353 supra
958 1280 1421 1352 incorruptionem
1441 1320 1459 1347 ,
1488 1279 1579 1335 hic
1613 1292 1803 1348 pacem
1827 1274 2082 1346 appellat.

561 1374 750 1433 Jadwo
771 1377 997 1446 primum
1022 1385 1071 1430 et
1091 1373 1296 1431 Graeco.
1330 1372 1486 1441 Quod
1514 1387 1677 1444 supra
1710 1370 1969 1437 animam,
1999 1366 2090 1423 hic

492 1467 774 1526 hominem
816 1468 1157 1525 inominavit.
1218 1466 1458 1522 Primum
1505 1475 1688 1523 autem
1735 1478 1833 1536 pro
1881 1462 2088 1534 quidem

489 1564 665 1636 ponit.
713 1564 841 1623 Sive
868 1564 1108 1637 primum
1146 1561 1495 1620 credulitatis
1535 1570 1807 1632 tempore,
1847 1572 1958 1614 non
1987 1556 2085 1613 bo-

491 1674 650 1716 nore.
1096 1719 1111 1741 .

564 1749 693 1809 Non
736 1753 871 1809 enim
917 1762 996 1810 est
1042 1768 1387 1825 personarum
1428 1748 1656 1823 acceptio
1702 1748 1844 1822 apud
1895 1746 2085 1803 Deum.

2195 529 2277 577 est
2315 539 2327 575 :
2386 522 2620 593 Arguam
2668 529 2741 591 te,
2800 530 2856 579 et
2897 528 3129 578 statuam
3175 536 3295 577 eam
3353 531 3543 576 contra
3590 520 3783 578 faciem

2194 623 2359 671 tuam.

2265 709 2565 765 Secundum
2595 706 2935 782 Evangelium
2950 720 3145 775 meum,
3181 722 3272 778 per
3286 704 3466 761 Iesum
3496 702 3781 763 Christum.

2192 802 2503 860 Secundum
2536 803 2679 876 quod
2717 802 2976 859 annuntio
3012 817 3108 874 per
3132 800 3318 858 Iesum
3346 798 3654 870 Christum,
3695 801 3785 874 ju-

2192 894 2394 953 dicabit
2422 894 2584 953 Deus.

2264 990 2328 1047 Si
2356 1000 2525 1046 autem
2552 992 2606 1047 tu‘
2623 989 2839 1048 Iudaeus
2877 990 3275 1065 cognominaris.
3305 989 3406 1048 ilic
3434 990 3708 1049 convertit
3728 1007 3788 1049 se

2190 1083 2260 1139 ad
2286 1083 2530 1153 Judaeos,
2559 1084 2763 1141 docens
2810 1100 3006 1157 opere,
3040 1100 3149 1141 non
3184 1084 3401 1141 nomine
3439 1094 3647 1141 tantum
3691 1082 3788 1141 de-

2191 1178 2323 1235 bere
2352 1193 2473 1235 esse
2499 1180 2745 1236 Judaeum
2774 1199 2786 1235 :
2818 1195 3048 1251 eumque
3087 1194 3210 1237 esse
3241 1194 3427 1236 verum
3448 1222 3465 1250 ,
3507 1178 3665 1251 cujus
3698 1194 3787 1235 oc-

2191 1272 2335 1329 culta
2366 1282 2491 1329 sunt
2528 1272 2669 1328 bona
2703 1290 2719 1330 :

2262 1366 2332 1423 Et
2357 1368 2631 1438 requiescis
2659 1369 2714 1423 in
2742 1368 2873 1441 lege.
2903 1365 3143 1425 Conﬁdis
3170 1367 3259 1425 vel
3284 1382 3505 1426 securus
3532 1382 3611 1424 es.

2264 1459 2335 1515 Et
2354 1460 2596 1533 gloriaris
2624 1461 2681 1516 in
2711 1462 2821 1516 Deo
2847 1477 2867 1518 :
2900 1471 2947 1516 et
2975 1463 3110 1517 nosti
3132 1461 3444 1517 voluntatem
3480 1464 3610 1535 ejus.
3650 1460 3781 1518 Clo-

2189 1554 2350 1612 riaris
2387 1564 2441 1611 te
2480 1556 2655 1612 solum
2700 1570 2862 1615 nosse
2917 1557 3115 1628 Deum,
3175 1557 3402 1630 ejusque
3450 1558 3784 1615 voluntatem

2191 1662 2507 1719 agnoscere.

2262 1743 2331 1798 Et
2370 1745 2555 1816 probas
2577 1746 2792 1801 utiliora
2838 1747 3127 1804 instructus
3156 1763 3247 1818 per
3268 1745 3449 1822 legem.
3474 1744 3642 1818 Eligis
3671 1762 3793 1802 ma-

493 1844 640 1919 Ergo
670 1861 772 1904 nec
803 1855 994 1919 gentes
1032 1848 1136 1903 sibi
1166 1846 1233 1904 de
1262 1845 1565 1919 ignorantia
1594 1844 1750 1909 falsa,
1789 1857 1890 1899 nec
1915 1840 2089 1898 Judaei
2116 1834 2165 1898 B
2188 1838 2340 1910 jora,
2369 1848 2426 1897 et
2450 1841 2592 1898 inter
2620 1843 2830 1899 minora
2861 1843 3148 1901 discernis.
3186 1844 3318 1912 Qute
3358 1842 3505 1900 enim
3549 1858 3647 1913 per
3690 1859 3795 1900 na-

489 1937 561 1996 de
602 1938 738 2011 legis
778 1938 1213 2007 circumcisione,
1245 1951 1301 1995 et
1330 1935 1613 2009 privilegio
1646 1933 2013 1991 blandiantur.

564 2030 882 2105 Quicumque
930 2033 1069 2088 enim
1117 2033 1229 2088 sine
1274 2032 1385 2101 lege
1414 2039 1774 2102 peccaverunt,
1826 2030 1935 2084 sine
1980 2028 2090 2101 lege

486 2125 747 2201 peribunt.
791 2123 865 2181 Et
901 2128 1209 2199 quicumque
1244 2125 1300 2179 in
1328 2125 1437 2197 lege
1478 2132 1832 2193 peccaverunt,
1876 2140 1969 2193 per
2012 2123 2088 2178 le-

488 2238 603 2295 gem
615 2218 1020 2294 judicabuntur.
1046 2221 1177 2279 Sine
1202 2220 1324 2291 lege
1352 2229 1599 2275 naturae:
1634 2219 1738 2274 hoc
1768 2218 1911 2287 loco,
1944 2216 2089 2285 peri-

492 2315 631 2372 bunt
659 2325 714 2371 et
735 2314 1143 2387 judicabuntur,
1185 2330 1351 2371 unum
1399 2314 1574 2371 voluit
1600 2314 1861 2385 intelligi,
1886 2314 2009 2384 quia
2035 2322 2092 2371 et

496 2410 590 2480 qui
631 2409 798 2480 perit,
828 2424 928 2479 per
960 2409 1055 2465 Dei
1090 2408 1355 2479 judicium
1400 2408 1568 2479 perit,
1595 2416 1652 2464 et
1677 2408 1767 2480 qui
1790 2406 2085 2479 iudicatur,

486 2510 745 2574 peccator
773 2502 914 2573 perit
944 2519 956 2556 :
984 2501 1125 2556 sicut
1155 2502 1417 2573 scriptum
1446 2510 1553 2566 est,
1596 2502 1722 2573 quia
1768 2509 2084 2572 peccatores

487 2595 766 2665 peribunt.
791 2592 929 2649 Nam
958 2604 1013 2649 et
1041 2593 1252 2650 similes
1300 2595 1424 2651 illos
1459 2594 1588 2650 facit
1628 2593 1861 2651 dicendo
1899 2613 1911 2649 :
1964 2593 2087 2651 Non

491 2685 769 2743 auditores
794 2692 1007 2741 tantum
1037 2685 1175 2757 legis
1215 2686 1393 2756 justos
1420 2699 1565 2753 esse,
1595 2684 1692 2742 sed
1735 2685 1992 2743 factores.
2020 2686 2089 2743 Et

490 2777 660 2851 paulo
682 2778 909 2835 inferius
944 2776 1078 2835 dicit
1122 2785 1312 2850 gentes
1360 2778 1414 2834 in
1461 2779 1551 2836 die
1593 2776 1806 2834 Domini
1841 2770 2089 2849 judican-

493 2869 613 2927 das.
654 2870 788 2938 Quis
814 2869 956 2927 enim
986 2868 1221 2937 dubitat,
1268 2876 1380 2925 tam
1408 2870 1508 2926 sub
1543 2871 1662 2941 lege
1690 2870 1897 2940 positos
1928 2885 2089 2941 quam
2166 2870 2169 2875 ’

494 2961 615 3017 sine
661 2961 783 3034 lege
816 2956 1115 3033 degentes,
1148 2961 1252 3017 nisi
1279 2960 1551 3018 Christum
1582 2960 1929 3029 crediderint,
1962 2977 2089 3034 per-

492 3055 666 3112 ituros
686 3055 712 3110 ἲ

570 3146 695 3202 Νοη
736 3148 873 3203 enim
910 3147 1174 3203 auditores
1205 3146 1330 3220 legis
1372 3146 1507 3222 justi
1544 3156 1663 3203 sunt
1704 3147 1848 3215 apud
1893 3146 2085 3218 Deum,

2189 1940 2366 1988 turam
2397 1934 2612 1990 utiliora
2632 1935 2957 2011 probantur,
2990 1934 3203 1993 utiliora
3230 1946 3357 1991 sunt
3384 1951 3482 2007 per
3510 1934 3709 2007 legem.

2261 2022 2494 2095 Con/ldis
2522 2028 2743 2098 teipsum
2763 2044 2870 2085 esse
2904 2031 3087 2084 ducem
3115 2045 3384 2085 caecorum.
3421 2027 3658 2097 Quorum
3688 2042 3795 2085 cor

2189 2118 2535 2175 obscuratum
2567 2128 2671 2178 est.

2260 2209 2457 2266 Lumen
2495 2228 2691 2281 eorum,
2715 2214 2805 2285 qui
2830 2214 2887 2269 in
2916 2213 3135 2270 tenebris
3156 2222 3298 2269 sunt.
3329 2210 3673 2285 Ignorantia.

2271 2305 2603 2361 Eruditorem
2640 2304 3016 2379 insipientium.
3057 2306 3161 2377 Qui
3198 2306 3297 2364 Dei
3324 2322 3431 2365 non
3464 2304 3668 2365 habent
3695 2322 3793 2365 sa-

2190 2405 2468 2477 pientiam.

2262 2497 2574 2571 Magistrum
2630 2496 2931 2570 infantium.
2997 2482 3355 2554 Parvulorum
3426 2502 3628 2565 aetate,
3692 2495 3793 2553 vel

2189 2607 2377 2650 sensu.

2261 2685 2550 2741 Habentem
2581 2689 2802 2759 formam
2830 2685 3078 2756 scientiaz,
3106 2693 3155 2739 et
3184 2683 3409 2740 veritatis
3435 2682 3491 2739 in
3530 2683 3663 2756 lege.
3698 2681 3791 2739 Ad

2190 2794 2353 2851 quam
2374 2794 2589 2849 semper
2608 2779 2931 2851 reSpiciens,
2957 2793 3145 2834 errare
3169 2791 3278 2832 non
3307 2785 3484 2848 potes.

2265 2869 2364 2940 Qui
2394 2889 2515 2944 ergo
2540 2873 2703 2926 alium
2733 2871 2906 2937 doces,
2932 2871 3153 2941 teipsum
3182 2886 3285 2924 non
3323 2870 3489 2925 doces.
3516 2866 3791 2925 Similiter

2189 2968 2443 3040 gentibus
2473 2965 2725 3022 dixerat:
2759 2965 2860 3034 Qui
2895 2965 3038 3020 enim
3068 2965 3230 3020 alium
3268 2963 3504 3035 judicas,
3550 2962 3793 3034 teipsum

2190 3060 2543 3116 condemnas.
2574 3058 2673 3126 Qui
2702 3058 2758 3113 in
2806 3058 2925 3128 lege
2954 3057 3281 3129 requiescis,
3308 3072 3341 3112 o
3376 3055 3589 3123 Iudaee,
3620 3071 3795 3128 quare

2190 3151 2584 3223 transgrederis
2614 3150 2954 3221 legemiQui
2983 3151 3238 3223 gloriaris
3258 3149 3313 3206 in
3344 3151 3480 3218 Deo,
3512 3165 3687 3221 quare
3711 3150 3796 3206 in-

505 3237 597 3295 sed
646 3239 865 3311 factores
905 3240 1032 3312 legis
1067 3238 1515 3314 justiﬁcabuntur.
1565 3238 1761 3295 Reddit
1799 3239 2086 3310 rationem,
2118 3239 2163 3304 C
2197 3248 2436 3305 honoras
2460 3246 2670 3303 Deum?
2701 3246 2806 3315 Qui
2856 3245 3003 3302 nosti
3052 3246 3388 3302 voluntatem
3437 3244 3581 3316 ejus,
3621 3260 3794 3317 quare

496 3348 667 3404 quare
689 3349 797 3390 non
826 3332 936 3390 sint
958 3335 1210 3406 gentibus
1234 3334 1509 3392 meliores.
1542 3334 1699 3393 Unde
1729 3346 1785 3394 et
1814 3338 1973 3393 nobis
2018 3337 2086 3393 ti-

493 3426 752 3484 mendum
780 3434 887 3495 est,
917 3442 987 3483 ne
1014 3427 1295 3484 audientes
1336 3428 1534 3499 legem,
1566 3438 1622 3485 et
1660 3443 1769 3484 non
1801 3428 2086 3499 facientes,

492 3536 618 3577 cum
642 3520 894 3593 gentibus
918 3535 1250 3591 pereamus:
1296 3521 1438 3578 sicut
1467 3521 1585 3593 ipse
1628 3521 1760 3578 alibi
1799 3521 1931 3579 dicit
1965 3540 1980 3578 :
2009 3521 2089 3579 Ne

496 3630 626 3673 cum
650 3615 754 3671 hoc
788 3615 992 3671 mundo
1022 3614 1368 3672 damnemur.

566 3706 699 3765 Cum
726 3708 863 3764 enim
895 3716 1092 3780 gentes,
1134 3725 1250 3780 qua:
1291 3708 1454 3780 legem
1480 3724 1586 3765 non
1627 3709 1835 3765 habent.
1862 3709 1943 3768 Ne
1968 3712 2091 3785 quis

500 3802 642 3860 forte
662 3800 867 3858 diceret
897 3818 914 3857 :
944 3800 1142 3872 Legem
1168 3818 1277 3859 non
1306 3802 1545 3861 habent:
1576 3803 1644 3860 ad
1678 3820 1837 3876 quam
1862 3804 2093 3862 formam

495 3902 755 3965 poterunt
776 3891 1011 3964 judicari
1035 3894 1059 3948 ‘i

576 3983 916 4041 Naturaliter
941 4001 1024 4051 ea,
1056 4001 1174 4057 qua:
1199 3984 1327 4059 legis
1352 3996 1492 4056 sunt,
1522 3988 1742 4061 faciunt.
1768 3989 1893 4045 Sive
1919 3987 1988 4046 de
2008 3988 2093 4046 his

496 4078 651 4147 dicit,
679 4078 771 4150 qui
798 4077 1127 4134 naturaliter
1148 4079 1283 4150 justi
1325 4079 1544 4137 fuerunt
1579 4093 1710 4139 ante
1738 4081 1935 4154 legem,
1977 4080 2094 4140 sive

495 4173 589 4245 qui
618 4172 784 4228 etiam
810 4185 957 4227 nunc
980 4170 1111 4227 boni
1142 4170 1348 4241 aliquid
1375 4184 1692 4244 operantur.

570 4262 849 4335 Ejusmodi
878 4264 1042 4336 legem
1062 4279 1165 4318 non
1184 4263 1453 4333 habentes,
1480 4267 1580 4339 ipsi
1605 4276 1725 4323 sunt
1758 4264 1861 4323 lex.
1891 4267 2092 4325 Osten-

493 4356 577 4413 dit
600 4356 727 4413 illos
752 4371 863 4413 non
891 4369 1015 4412 esse
1032 4356 1151 4412 sine
1178 4356 1321 4429 lege,
1353 4367 1413 4414 ut
1438 4368 1493 4415 et
1521 4369 1716 4432 gentes
1744 4361 2089 4419 inexcusabi-

499 4450 582 4507 les
608 4448 792 4517 faciat,
816 4456 872 4506 et
897 4448 1099 4506 ludatis
1122 4449 1191 4506 de
1217 4452 1552 4522 proprietate
1579 4454 1811 4525 gloriam
1842 4454 2018 4514 tollat.

576 4544 718 4612 Quid
771 4543 1049 4599 ostendunt
1100 4559 1231 4615 opus
1286 4546 1412 4618 legis
1455 4550 1705 4617 scriptum
1743 4550 1799 4604 in
1851 4551 2093 4608 cordibus

2194 3358 2301 3409 non
2332 3342 2672 3411 obtemperas
2704 3339 2821 3409 ejus
2860 3338 3167 3395 voluntati?
3191 3337 3291 3407 Qui
3328 3337 3525 3410 probas
3547 3338 3789 3405 utiliora,

2192 3452 2291 3494 cur
2318 3435 2529 3491 inutilia
2555 3433 2819 3490 sectaris?
2846 3432 2966 3488 Dux
2992 3447 3266 3488 caecorum
3297 3449 3314 3485 :
3346 3430 3623 3502 quomodo
3648 3431 3787 3485 viam

2193 3545 2302 3585 non
2341 3526 2491 3583 vides
2523 3526 2765 3583 rectam?
2800 3525 2859 3582 Si
2884 3526 3029 3581 enim
3062 3525 3279 3581 videres
3309 3543 3322 3578 :
3356 3540 3454 3594 per
3476 3523 3648 3595 ipsam
3687 3525 3787 3578 uti-

2193 3637 2297 3693 quc
2318 3620 2646 3677 ambulares.
2675 3619 2731 3675 Si
2759 3618 2942 3673 lumen
2974 3634 3033 3675 es
3054 3618 3307 3686 aliorum,
3340 3632 3443 3673 cur
3466 3632 3567 3674 non
3588 3615 3778 3685 abjicis

2195 3729 2362 3785 opera
2393 3710 2780 3769 tenebrarum?
2811 3710 3069 3766 Eruditor
3107 3710 3499 3782 insipientium,
3547 3716 3604 3762 ut
3645 3706 3775 3778 quid

2196 3811 2446 3865 timorem
2473 3807 2711 3874 Domini,
2742 3804 2835 3878 qui
2869 3815 2952 3862 est
2980 3806 3190 3861 initium
3217 3807 3525 3878 sapientiae,
3554 3803 3778 3876 reliqui-

2195 3904 2301 3961 sti?
2330 3901 2582 3973 Magister
2609 3898 2917 3968 infantium,
2947 3899 3217 3970 quomodo
3246 3915 3380 3969 puer
3412 3914 3471 3955 es
3499 3900 3554 3954 in
3589 3896 3783 3954 sensu?

2196 3997 2299 4066 Qui
2329 3996 2496 4051 habes
2525 3993 2750 4049 formam
2781 3991 3024 4048 scientiae
3049 3991 3294 4048 veritatis
3324 3992 3376 4047 in
3427 3993 3583 4063 lege,
3624 4005 3786 4063 quare

2198 4106 2302 4148 nec
2330 4090 2444 4160 ipse
2471 4086 2741 4158 sequeris,
2771 4100 2872 4142 nec
2914 4084 3051 4141 alios
3083 4084 3240 4156 sequi
3268 4084 3511 4156 pessimo
3538 4081 3795 4154 exemplo

2199 4184 2505 4258 permittis?
2535 4182 2715 4251 Quare
2770 4195 2878 4236 non
2929 4178 3187 4237 convenit
3229 4179 3339 4236 vita
3392 4188 3483 4235 tua
3533 4177 3795 4234 doctrin:

2201 4290 2331 4351 tute,
2357 4288 2413 4337 et
2440 4294 2575 4350 opus
2601 4286 2753 4333 tuum
2782 4274 3013 4331 destruit
3032 4274 3195 4330 ﬁdem
3224 4273 3407 4329 tuam?
3434 4272 3593 4328 Unde
3620 4272 3719 4329 (iet
3744 4279 3791 4327 ut

2199 4376 2292 4433 lex
2317 4389 2349 4431 a
2372 4386 2428 4430 te
2451 4387 2556 4429 non
2577 4369 2867 4437 custodita,
2903 4384 3009 4424 non
3052 4368 3232 4423 solum
3255 4366 3370 4434 tibi
3422 4364 3563 4421 nihil
3594 4366 3785 4437 prosit,

2201 4469 2302 4528 sed
2324 4468 2487 4525 etiam
2513 4464 2737 4536 majoris
2763 4461 3004 4518 criminis
3030 4477 3208 4529 reum,
3252 4474 3409 4516 suum
3438 4470 3785 4531 contempto-

2200 4579 2320 4622 rem
2348 4562 2611 4618 obtineat.

495 4636 605 4691 suis
634 4653 649 4689 :
677 4636 1025 4692 testimonium
1059 4636 1305 4693 reddente
1346 4638 1453 4693 illis
1483 4642 1797 4696 conscientia
1838 4643 2090 4714 ipsorum.
2119 4633 2217 4718 1),
2284 4658 2386 4727 Qui
2433 4653 2684 4726 ρηεάξεαε
2712 4669 2818 4707 non
2856 4649 3162 4722 furandum,
3208 4648 3427 4721 furum,
3456 4645 3689 4717 Quidam
3721 4646 3803 4704 ἀί-

495 4727 697 4785 Natura
724 4727 836 4801 agit
864 4728 1040 4800 legem
1073 4730 1127 4786 in
1165 4728 1333 4785 corde
1385 4746 1483 4801 per
1527 4732 1886 4790 conscientiae
1937 4738 2090 4793 testi-

494 4821 740 4879 monium
775 4840 788 4877 :
817 4820 934 4879 sive
954 4822 1290 4879 conscientia
1317 4832 1549 4880 testatur
1574 4825 1750 4897 legem
1778 4827 1983 4885 habere
2022 4831 2090 4886 ti-

490 4913 717 4984 mendo,
742 4914 872 4972 dum
899 4922 1108 4986 peccat,
1137 4924 1193 4972 et
1234 4915 1393 4972 victis
1435 4918 1763 4988 gratulando
1809 4922 2048 4991 peccatis
2069 4964 2086 4992 ,

491 5012 659 5068 etiam
689 5009 735 5066 si
756 5010 961 5066 nullum
992 5009 1271 5066 hominum
1300 5020 1556 5068 vereatur
1582 5012 1726 5085 ipse,
1752 5016 1843 5085 qui
1875 5026 2084 5086 peccas.

564 5104 636 5160 Et
658 5103 795 5159 inter
812 5119 866 5159 se
906 5104 1125 5159 invicem
1154 5105 1524 5176 cogitationum
1570 5109 1950 5181 accusantium,
2000 5120 2089 5166 aut

493 5199 651 5261 etiam
680 5197 1069 5270 defendentium
1114 5198 1172 5252 in
1217 5197 1300 5253 die
1347 5216 1462 5253 cum
1502 5200 1764 5272 judicabit
1804 5200 1947 5257 Deus
1995 5218 2088 5257 oc-

487 5291 630 5347 culta
650 5290 937 5345 hominum.
966 5289 1105 5347 Dicit
1122 5289 1506 5347 altercationes
1528 5292 1917 5363 cogitationum
1940 5306 2085 5363 esse,

487 5404 611 5445 cum
639 5387 769 5460 quid
799 5387 1126 5462 faciendum,
1163 5388 1253 5445 vel
1279 5405 1387 5446 non
1416 5389 1721 5447 faciendum
1748 5391 1956 5449 diutina
1984 5395 2084 5451 de-

488 5484 817 5542 liberatione
843 5484 1211 5556 decernimus,
1244 5494 1303 5543 et
1328 5486 1620 5543 secundum
1645 5487 1747 5545 hoc
1778 5505 1876 5545 nos
1904 5490 1957 5545 in
1990 5489 2080 5545 die

486 5578 707 5636 Domini
732 5579 1054 5651 judicandos
1088 5598 1102 5636 :
1137 5581 1264 5652 quia
1290 5581 1490 5638 bonum
1513 5582 1785 5639 malumve
1799 5599 1907 5639 non
1925 5582 2078 5655 igno-

478 5686 656 5741 rasse,
707 5672 1022 5745 probamur.
1056 5672 1185 5729 Sive
1227 5676 1585 5743 conscientia,
1626 5682 1683 5732 et
1718 5678 2074 5747 cogitationes

480 5778 685 5823 nostra:
712 5774 876 5823 erunt
902 5768 956 5823 in
984 5765 1073 5823 die
1099 5765 1289 5836 judicii
1318 5780 1441 5824 ante
1463 5769 1651 5825 oculos
1675 5779 1910 5840 nostros,
1936 5779 2077 5827 tam-

476 5876 640 5936 quam
670 5863 917 5935 quadam
955 5864 1197 5924 historice
1224 5868 1613 5940 cognoscenda:
1640 5886 1653 5924 :
1687 5878 1779 5926 aut
1808 5868 1940 5940 ipsa:
1970 5882 2070 5926 nos

2214 4760 2366 4817 cunt,
2397 4745 2784 4804 abscondendo
2820 4744 2888 4800 ab
2928 4741 3239 4798 hominibus
3265 4739 3463 4797 iuraris
3493 4739 3800 4796 Christum.

2284 4844 2386 4914 Qui
2415 4844 2545 4897 dicis
2576 4858 2678 4896 non
2700 4837 3080 4904 mmchandum,
3112 4836 3406 4892 macharis.
3435 4834 3555 4890 Non
3580 4845 3666 4890 est
3694 4850 3807 4889 una

2207 4938 2462 4997 mmcltia.
2493 4934 2628 4991 Nam
2657 4947 2818 4989 omne
2842 4929 2987 5003 quod
3012 4930 3127 4985 Deo
3171 4927 3334 4984 debet
3367 4927 3572 4997 anima,
3606 4926 3655 4983 si
3703 4925 3810 4981 ali-

2208 5030 2339 5103 quid
2364 5037 2724 5101 praeterquam
2756 5023 2871 5079 Deo
2896 5020 3218 5089 reddiderit,
3249 5020 3577 5077 mmchatur.

2286 5122 2388 5188 Qui
2428 5119 2743 5175 abominaris
2778 5115 2944 5183 idola,
2980 5113 3313 5185 sacrilegium
3356 5114 3505 5185 facis.
3557 5110 3812 5170 Sacrile-

2209 5216 2357 5289 gium
2386 5222 2489 5281 est,
2518 5210 2661 5283 quod
2691 5206 2911 5281 proprie
2948 5208 3003 5263 in
3034 5207 3204 5263 Deum
3234 5205 3615 5274 committitur,
3646 5206 3815 5277 quasi

2208 5305 2545 5365 sacrosancti
2565 5303 2808 5359 violatio.
2865 5301 2998 5357 Item
3046 5299 3103 5355 in
3156 5299 3280 5365 hoc,
3329 5299 3527 5369 inquit,
3584 5298 3641 5354 in
3691 5313 3811 5371 quo

2208 5400 2503 5459 committis
2524 5394 2884 5466 sacrilegium,
2915 5392 3201 5450 idololatra
3230 5406 3353 5447 esse
3377 5392 3732 5447 monstraris.

2286 5494 2387 5561 Qui
2435 5492 2492 5545 in
2543 5490 2653 5561 lege
2694 5486 2955 5560 gloriaris,
3003 5502 3094 5559 per
3137 5485 3616 5556 prwvaricationem
3676 5483 3820 5555 legis

2205 5584 2378 5643 Deum
2406 5584 2707 5655 inhonorus.
2740 5579 2977 5653 Exponit
3006 5578 3372 5649 sacrilegium,
3404 5577 3531 5649 quia
3554 5576 3693 5633 dicit
3720 5595 3741 5634 :

2280 5678 2487 5733 Nomen
2517 5676 2651 5731 cnim
2671 5673 2771 5730 Dei
2801 5691 2891 5745 per
2921 5689 3007 5728 vos
3029 5672 3412 5744 blasphematur
3438 5671 3573 5725 inter
3606 5680 3824 5743 gentes,

2201 5774 2335 5831 sicut
2372 5774 2618 5844 scriptum
2650 5780 2724 5825 est
2745 5786 2763 5824 :
2787 5770 2843 5824 ln
2868 5768 3019 5824 Isaia.
3048 5768 3445 5838 Prteposterato
3467 5766 3662 5823 ordine
3684 5776 3831 5822 ante

2203 5871 2390 5946 posuit
2416 5865 2784 5929 testimonium
2808 5880 2969 5938 quam
2998 5863 3223 5934 diceret,
3249 5861 3527 5935 scriptum.
3556 5858 3639 5919 Ita
3661 5861 3829 5919 enim
