3970 6304
187 347 289 409 657

861 346 1408 406 COMMENTARIUS
1445 347 1513 405 IN
1551 345 1939 407 EPISTULAM
1976 349 2069 407 AD
2107 351 2453 411 ROMANOS.
2491 353 2644 411 CAP.
2684 352 2778 411 III.

3361 357 3469 420 658

180 457 416 517 dicentis
444 472 626 515 sermo
652 456 895 529 dilapsus
924 467 1029 525 est,
1061 468 1119 513 ut
1154 458 1298 530 quod
1334 474 1398 514 ex
1431 459 1650 532 propria
1690 461 1775 515 in-
1801 460 1857 523 Α
1881 460 2115 517 cundum
2147 478 2346 520 novum
2372 466 2781 524 Testamentum
2812 467 3000 540 :quod
3027 469 3284 529 interiora
3316 487 3467 546 quisa

181 555 430 613 tentione
460 554 676 611 dicebat
710 572 723 607 :
756 552 948 608 eodem
987 566 1150 608 sensu
1195 553 1455 622 scriptum
1486 553 1772 623 repererit.

182 650 280 707 Vel
311 664 529 719 revera,
570 646 1050 718 quorum,injustis
1082 647 1291 702 actibus
1312 660 1507 701 nomen
1538 646 1633 700 Dei
1661 645 1778 701 fue-

178 751 267 799 rat
301 741 774 813 blasphematum,
816 739 956 794 sicut
1006 739 1267 810 scriptum
1296 749 1415 795 est:
1447 738 1778 807 [Polluerunt

182 853 385 895 nomen
427 851 605 893 meum
637 824 780 891 inter
820 843 1009 906 gentes
1045 852 1057 887 :
1107 834 1234 889 dum
1261 834 1517 889 dicuntur
1547 833 1777 904 populus

182 930 306 997 Dei,
339 930 488 986 inter
511 943 645 1000 quas
687 937 876 1000 gentes
905 927 1131 998 captivi,
1162 928 1273 982 suis
1302 925 1535 996 peccatis
1578 926 1778 981 iacien-

184 1012 331 1078 tibus
358 1023 731 1078 morabantur.
772 1021 927 1086 Item,
960 1020 1099 1076 sicut
1133 1020 1209 1074 ait
1241 1039 1253 1074 :
1301 1019 1403 1074 Per
1443 1021 1580 1075 bona
1614 1035 1778 1088 opera

180 1126 370 1171 vestra
395 1113 737 1171 benedicitur
768 1113 944 1168 Deus:
976 1113 1050 1168 ita
1079 1126 1220 1168 nunc
1243 1127 1350 1167 non
1380 1120 1528 1169 recte
1554 1126 1781 1167 convcr-

179 1210 434 1265 santibus
459 1208 891 1280 blasphematur.

256 1301 603 1357 Circumcisio
623 1301 830 1373 quidem
855 1300 1096 1368 prodest,
1146 1302 1192 1354 si
1222 1301 1384 1372 legem
1428 1301 1678 1356 observes.
1719 1300 1782 1356 Si

181 1405 359 1450 autem
376 1392 896 1465 prwt'aricatorlegis
933 1393 1036 1458 sis,
1086 1392 1404 1446 circumcisio
1450 1402 1538 1446 tua
1578 1408 1785 1464 prthti-

182 1488 315 1539 tium
342 1486 487 1557 facta
508 1492 604 1539 est.
637 1482 923 1553 Quomodo
949 1482 1080 1538 nihil
1109 1491 1223 1550 est,
1261 1484 1305 1538 si
1334 1483 1590 1553 prodest?
1616 1482 1787 1537 Prod-

183 1591 269 1638 est
300 1591 551 1651 tempore
596 1595 695 1637 suo
737 1582 951 1651 signum
987 1598 1000 1634 :
1031 1580 1254 1649 prodest
1281 1580 1326 1634 si
1359 1579 1565 1649 justitia
1610 1579 1786 1651 (cujus

182 1682 272 1729 est
292 1672 667 1745 signaculum)
695 1672 859 1728 adsit.
891 1670 1162 1726 Caeterum
1196 1672 1311 1727 sine
1334 1670 1425 1726 illa
1450 1672 1786 1743 superlluum

183 1769 313 1833 erit,
343 1768 466 1822 sive
490 1765 829 1839 quiazvivere
857 1766 1092 1821 faciebat
1137 1764 1405 1831 Judaeum,
1462 1774 1518 1821 et
1565 1764 1786 1821 infantia

1880 562 1975 630 rit,
1999 577 2116 633 quae
2145 562 2324 619 solum
2346 563 2493 621 videt
2516 566 2679 621 Deus.

2493 658 2721 715 CAPUT
2760 659 2851 715 III.

1958 748 2097 816 Quid
2124 765 2241 821 ergo
2263 750 2482 822 amplius
2502 761 2575 806 est
2602 751 2803 823 Judteo
2821 769 2840 808 :
2866 760 2958 809 aut
2996 770 3111 824 qua:
3139 757 3341 814 utilitas
3370 760 3473 814 cir-

1882 842 2205 896 cumcisionis
2230 842 2254 895 ?
2284 842 2514 897 Multum
2538 862 2627 915 per
2649 861 2848 900 onmem
2871 846 3105 905 modum.
3130 849 3211 905 Ex
3237 865 3472 921 persona

1884 934 2055 991 Judazi
2086 936 2492 1009 interrogantis,
2523 937 2742 1007 dicitur,
2790 940 3159 1011 respondente
3181 944 3472 1014 Apostolo,

1884 1029 2114 1084 multum
2147 1032 2363 1101 quidem
2389 1033 2685 1089 secundum
2715 1048 2934 1101 omnem
2955 1035 3196 1092 modum.
3221 1037 3348 1095 Ideo
3377 1056 3474 1096 au-

1886 1131 1991 1179 tem
2024 1125 2248 1178 multum
2280 1126 2511 1181 interest
2542 1145 2557 1181 :
2587 1141 2695 1181 non
2726 1128 2856 1197 quia
2902 1129 3371 1187 circumcisionem
3420 1133 3475 1189 in

1885 1232 2047 1274 carne
2076 1228 2427 1289 acceperunt,
2451 1220 2549 1277 sed
2573 1221 2697 1291 quia
2727 1221 2936 1277 credita
2966 1232 3095 1278 sunt
3125 1225 3232 1281 illis
3262 1226 3477 1298 eloquia

1888 1311 2003 1368 Dei.
2033 1311 2169 1368 Item
2196 1313 2375 1369 reddit
2401 1315 2698 1381 rationem,
2722 1316 2867 1386 quod
2900 1316 2995 1373 lex
3027 1327 3337 1390 contempta
3364 1339 3470 1378 non

1886 1406 2079 1478 prosit,
2111 1417 2166 1463 et
2195 1408 2341 1479 quod
2369 1409 2602 1465 carnalis
2631 1410 3068 1468 circumcisionis
3096 1417 3477 1488 praerogativa,

1889 1501 2054 1556 nullis
2076 1503 2329 1572 operibus
2356 1502 2510 1571 fulta,
2544 1505 2613 1559 sit
2640 1519 2803 1559 vana.
2834 1503 3174 1578 Interrogat,
3197 1509 3327 1580 quid
3356 1526 3476 1565 am-

1891 1593 2032 1661 plius
2056 1594 2253 1650 habeat
2276 1594 2517 1652 Iudaeus.
2536 1595 2619 1650 Ex
2640 1596 2794 1667 cujus
2823 1612 3057 1666 persona
3082 1601 3477 1670 respondetur:

1890 1684 2112 1741 Multum
2140 1703 2239 1758 per
2263 1703 2482 1744 omnem
2509 1688 2748 1743 modum.
2782 1688 2919 1745 Nam
2965 1690 3012 1745 si
3066 1691 3237 1761 ipsius
3290 1707 3485 1750 sensus

1894 1788 1975 1833 est
2009 1796 2023 1832 :
2050 1780 2276 1835 multum
2305 1797 2400 1849 per
2427 1796 2643 1835 omnem
2671 1782 2891 1837 modum
2914 1823 2931 1850 ,
2983 1789 3040 1838 et
3087 1784 3268 1840 omnis
3320 1784 3484 1844 homo

184 1860 546 1916 θιῑετωῖηθΐί
575 1868 863 1929 antequam
892 1866 1137 1928 saperet,
1169 1859 1285 1913 δίνθ
1319 1858 1441 1928 QUI“
1470 1858 1521 1911 Ῑη
1568 1858 1687 1928 lege
1714 1858 1789 1911 ἵει·
1819 1864 1869 1925 Β
1895 1870 2132 1925 mendax
2164 1890 2176 1924 :
2210 1872 2483 1942 quomodo
2514 1882 2699 1943 postea
2739 1875 3082 1931 contravenit
3106 1917 3122 1942 ,
3162 1876 3349 1934 dicens
3380 1896 3395 1934 :
3427 1880 3487 1936 Si

184 1962 337 2008 ceret
360 1967 487 2007 esse
517 1969 532 2005 :
558 1967 663 2023 qua
688 1960 973 2023 perspecta
1005 1950 1300 2018 invenitur,
1336 1949 1517 2004 carnis
1549 1949 1785 2004 cireum-

185 2044 399 2101 eisione
424 2054 698 2112 cessante,
724 2058 912 2097 veram
944 2042 1089 2097 illam
1117 2042 1299 2096 cordis
1340 2056 1459 2097 esse
1486 2050 1785 2096 venturam.

184 2139 254 2193 Et
274 2138 673 2209 praevaricator
704 2136 837 2210 legis
867 2145 972 2204 est,
1003 2135 1130 2190 dum
1159 2150 1266 2190 non
1286 2133 1537 2205 sequitur
1569 2133 1621 2189 id
1646 2133 1789 2205 quod

183 2229 257 2285 ibi
289 2228 621 2300 praedictum
646 2238 749 2284 est.

255 2321 324 2377 Si
346 2321 509 2393 igitur
537 2320 850 2393 prteputium
871 2318 1106 2389 justitias
1135 2320 1258 2390 legis
1296 2319 1595 2374 custodiat:
1625 2338 1793 2377 nonne

187 2418 505 2486 przputium
532 2416 674 2469 illius
704 2416 759 2468 in
784 2413 1229 2469 circumcisionem
1260 2413 1621 2482 reputabitur?
1649 2414 1794 2470 Visi-

186 2510 313 2567 bilia
348 2508 599 2578 indigent
642 2505 1025 2573 invisibilibus,
1072 2505 1364 2560 invisibilia
1407 2521 1512 2561 non
1547 2506 1793 2579 indigent

191 2604 507 2659 visibilibus
530 2645 545 2668 ,
579 2616 645 2658 eo
674 2601 817 2673 quod
854 2600 1088 2656 visibilia
1136 2601 1313 2671 imago
1367 2610 1497 2654 sunt
1541 2601 1789 2658 invisibi-

194 2697 349 2764 lium,
386 2706 448 2754 et
478 2693 770 2752 invisibilia
800 2693 1001 2749 veritas
1031 2691 1142 2747 sint
1168 2691 1465 2747 visibilium
1498 2711 1508 2744 :
1541 2693 1663 2749 ideo
1687 2694 1792 2748 cir-

191 2791 459 2847 cumeisio
509 2795 693 2844 autem
739 2787 957 2855 cordis,
1002 2800 1111 2841 non
1160 2784 1365 2856 indiget
1415 2785 1791 2856 carniszquia

191 2884 433 2956 imagine
464 2896 573 2938 non
617 2880 821 2951 indiget
845 2878 1086 2934 veritas:
1120 2878 1297 2944 imago
1353 2885 1529 2931 autem
1586 2877 1795 2948 indiget

193 2988 446 3043 veritate.
476 2982 751 3050 Quaeritur
775 2995 909 3036 sane
939 2996 953 3033 :
980 2993 1149 3051 quare
1180 2979 1252 3033 sit
1279 2977 1403 3032 data
1425 2977 1790 3046 circumcisio,

195 3080 236 3136 si
249 3094 345 3149 per
362 3078 607 3147 seipsam
630 3089 738 3129 non
764 3072 1005 3144 prodest.
1033 3071 1297 3134 Primum,
1328 3076 1388 3125 ut
1407 3078 1794 3141 agnosceretur

198 3171 287 3228 Dei
319 3170 562 3243 populus
593 3166 735 3223 inter
748 3176 961 3237 gentes.
996 3162 1241 3233 Denique
1262 3161 1477 3233 quando
1505 3162 1607 3217 soli
1638 3171 1795 3217 erant

1894 1970 2072 2017 autem
2104 1961 2356 2032 iniquitas
2406 1973 2589 2019 nostra
2639 1965 2907 2034 justitiam
2948 1966 3046 2021 Dei
3093 1969 3484 2039 commendat,

1893 2054 2022 2124 quid
2062 2054 2631 2127 dicemus?Numquid
2656 2057 2874 2127 iniquus
2903 2058 3084 2115 Deus?
3118 2059 3315 2128 Absit,
3374 2072 3485 2119 etc.

1894 2145 2176 2202 Postremo
2200 2192 2215 2216 ,
2248 2148 2522 2218 quomodo
2549 2147 2767 2209 Iudaeos
2813 2148 2949 2205 nihil
3003 2150 3238 2221 amplius
3282 2152 3486 2215 habere

1896 2241 2207 2303 conﬁrmat.
2237 2242 2281 2295 si
2314 2241 2401 2295 hic
2428 2241 2657 2296 multum
2687 2240 2891 2297 habere
2920 2247 3350 2301 commemorat?

1966 2332 2207 2388 Primum
2235 2335 2444 2406 quidem
2464 2376 2479 2401 ,
2503 2336 2626 2405 quia
2652 2334 2849 2389 credita
2869 2344 2987 2389 sunt
3008 2334 3111 2389 illis
3136 2337 3341 2408 eloquia
3360 2338 3483 2395 Dei.

1896 2427 2009 2482 Iloc
2038 2428 2170 2482 estis
2196 2427 2393 2482 dicturi
2424 2444 2438 2481 :
2468 2428 2736 2498 primum,
2765 2427 2911 2499 quod
2943 2427 3149 2485 credita
3196 2439 3323 2487 sunt
3369 2432 3480 2490 illis

1896 2521 2111 2591 eloquia
2134 2519 2252 2589 Dei,
2286 2529 2341 2576 et
2365 2519 2622 2589 gentibus
2652 2519 2822 2576 nulla.

1972 2616 2110 2683 Quid
2149 2616 2323 2681 enim,
2369 2615 2415 2669 si
2465 2614 2679 2685 quidam
2722 2615 2934 2670 illorum
2978 2631 3084 2671 non
3120 2616 3489 2675 crediderunt?

1896 2706 2169 2777 Numquid
2200 2705 2537 2760 incredulitas
2567 2704 2782 2760 illorum
2835 2706 2990 2776 ﬁdem
3042 2706 3139 2762 Dei
3176 2711 3436 2766 euacuaait
3463 2714 3490 2768 ?

1897 2798 2063 2853 Absit.
2087 2796 2275 2852 Fidem
2306 2797 2720 2868 promissorum,
2746 2811 2867 2852 cum
2900 2797 2973 2853 sit
2993 2798 3196 2856 dictum
3216 2800 3485 2859 Abrahae:

1896 2891 2032 2960 Quia
2061 2892 2115 2947 in
2138 2894 2344 2949 semine
2364 2902 2457 2949 tuo
2489 2892 2879 2950 benedicentur
2903 2910 3094 2953 omnes
3123 2908 3335 2967 gentes.

1969 2982 2066 3039 Est
2089 2995 2259 3041 autem
2280 2985 2421 3042 Deus
2448 3002 2631 3054 verax,
2666 2988 2831 3042 omnis
2861 2997 3035 3043 autem
3069 2989 3219 3046 homo
3242 2992 3487 3048 mendax.

1899 3078 1996 3135 Hic
2025 3078 2223 3146 omnis,
2256 3095 2357 3151 pro
2388 3080 2621 3135 maxima
2647 3090 2803 3152 parte
2847 3080 3010 3148 dicit,
3065 3083 3211 3139 sicut
3244 3102 3256 3137 :
3289 3084 3493 3143 Omnes

1901 3184 1998 3226 sua
2022 3180 2291 3241 quaerunt.
2325 3170 2395 3226 Et
2422 3185 2612 3228 omnes
2638 3188 2725 3229 me
2745 3173 3176 3245 dereliquerunt,
3202 3174 3381 3232 Lucas
3406 3187 3493 3235 est

205 3268 252 3322 in
278 3279 499 3330 eremo,
531 3259 839 3317 circumcisi
866 3274 976 3314 non
1011 3256 1253 3312 fuerunt.
1292 3255 1416 3311 Sive
1459 3266 1517 3310 ut
1567 3270 1792 3326 corpora
1821 3263 1868 3328 α
1900 3280 2115 3321 mecum
2145 3265 2315 3321 solus,

216 3376 385 3416 eorum
429 3366 870 3430 agnoscerentur
900 3353 955 3408 in
1003 3350 1169 3406 bello.
1210 3349 1344 3405 Nam
1393 3348 1538 3419 quod
1599 3349 1653 3404 in
1705 3350 1797 3405 tali

219 3452 447 3508 membro
480 3450 788 3520 signantur,
820 3446 936 3501 haec
965 3458 1129 3499 causa
1156 3451 1241 3498 est
1265 3461 1280 3497 :
1302 3442 1542 3498 Primum
1565 3457 1637 3497 ne
1655 3442 1799 3498 aliud

217 3548 511 3605 membrum
541 3554 635 3599 aut
665 3542 848 3599 debile
870 3541 1044 3609 ﬁeret,
1079 3547 1170 3593 aut
1205 3545 1380 3607 turpe,
1412 3537 1555 3607 quod
1588 3536 1801 3607 publice

212 3644 504 3701 videretur.
556 3640 798 3707 Iterum,
847 3640 1070 3707 propter
1110 3633 1301 3704 gratiae
1347 3630 1800 3702 promissionem,

206 3739 255 3795 in
276 3755 385 3811 qua
415 3743 578 3792 erant
607 3749 701 3804 per
730 3731 1038 3788 castitatem
1070 3725 1340 3799 placituri.
1391 3726 1517 3781 Sive
1561 3735 1620 3781 ut
1650 3726 1804 3781 Chri-

204 3844 319 3890 stus
342 3830 753 3905 significaretur
789 3841 855 3882 ex
911 3823 1029 3895 ejus
1076 3822 1284 3878 semine
1331 3821 1633 3876 nasciturus
1668 3864 1681 3888 ,
1736 3819 1803 3874 ad

204 3947 368 4005 quem
401 3928 586 3983 futura
611 3933 731 3980 erat
763 3924 864 3978 ista
891 3918 1146 3987 carnalis,
1174 3932 1295 3987 qua:
1328 3916 1664 3987 spiritualetn
1712 3914 1808 3968 lia-

207 4028 376 4083 bebat
410 4022 649 4079 aﬂ‘erre:
682 4017 836 4089 cujus
866 4027 1049 4088 typum
1078 4028 1277 4085 gerens
1304 4012 1465 4067 Jesus
1498 4009 1672 4077 Nave,
1713 4028 1807 4081 po-

206 4122 401 4194 pulnm
432 4115 674 4173 secundo
699 4106 1352 4183 circumciderejubetur.

282 4214 361 4270 Et
401 4209 662 4284 judicabit
710 4204 765 4260 id
793 4202 930 4275 quod
958 4218 1022 4257 ea:
1051 4208 1239 4287 gatura
1274 4204 1349 4253 est
1376 4198 1711 4269 prteputium,
1740 4198 1812 4252 le-

208 4329 333 4387 gem
356 4318 750 4365 consummans,
781 4308 859 4363 te,
891 4296 980 4366 qui
1006 4311 1096 4366 per
1126 4292 1353 4347 litteram
1386 4301 1433 4345 et
1462 4292 1814 4345 circumcisio-

205 4384 337 4461 item
360 4396 731 4474 prmaricator
755 4391 882 4462 legis
912 4404 983 4443 es.
1015 4387 1141 4442 Sive
1182 4385 1312 4440 dum
1354 4384 1550 4438 litterae
1583 4384 1814 4438 circum-

207 4498 487 4555 cisionem
514 4486 742 4546 sectaris
765 4527 779 4553 ,
812 4480 1285 4537 circumcisionem
1314 4480 1536 4546 spiritus
1565 4477 1814 4546 accipere

207 4586 536 4661 dedignaris
563 4602 576 4639 :
605 4582 721 4638 sive
742 4593 849 4633 non
880 4572 1156 4646 sequendo
1180 4613 1195 4639 ,
1225 4571 1368 4641 quod
1396 4570 1481 4624 lex
1503 4568 1637 4623 dicit
1666 4585 1679 4621 :
1711 4568 1815 4623 hoc

1973 3358 2126 3414 Sicut
2150 3358 2401 3429 scriptum
2439 3367 2514 3413 est
2566 3375 2584 3414 :
2637 3358 2706 3414 Ut
2744 3361 3053 3432 justiﬁceris
3086 3365 3142 3419 in
3176 3365 3497 3421 sermonibus

1902 3450 2034 3516 tuis,
2062 3460 2109 3505 et
2140 3450 2313 3505 vincas
2353 3467 2471 3504 cum
2505 3450 2788 3521 judicaris.
2819 3451 2877 3507 In
2905 3455 3113 3522 psalmo
3159 3457 3497 3528 quinquage-

1903 3546 2063 3599 simo.
2102 3543 2216 3598 Hoc
2245 3544 2617 3599 testimonium
2676 3546 2749 3599 ita
2801 3546 2984 3618 posuit
3039 3564 3166 3619 pars
3211 3549 3445 3607 adversa
3478 3591 3496 3618 ,

1904 3635 2057 3706 quasi
2087 3634 2295 3691 diceret
2330 3652 2341 3687 :
2376 3635 2671 3707 Propterea
2696 3652 2799 3706 ego
2829 3640 3082 3709 peccavi,
3115 3649 3175 3696 ut
3209 3650 3270 3697 tu
3313 3642 3497 3714 justus

1906 3743 2204 3799 appareas,
2234 3728 2660 3800 mejudicando.
2692 3729 2803 3787 Sed
2854 3747 3017 3789 verus
3068 3750 3262 3791 sensus
3308 3737 3388 3793 sic
3437 3752 3499 3793 se

1908 3822 2075 3878 habet
2101 3841 2113 3876 :
2139 3823 2266 3894 quia
2294 3824 2621 3893 promiserat
2643 3838 2705 3879 se
2734 3825 2877 3880 Deus
2898 3827 3014 3882 sine
3036 3842 3390 3898 personarum
3409 3845 3501 3886 ac-

1910 3917 2164 3987 ceptione
2192 3917 2245 3971 in
2270 3917 2627 3987 peccantibus
2659 3916 2937 3975 vindicare
2970 3939 2982 3975 :
3015 3929 3069 3977 et
3118 3922 3336 3992 quidam
3379 3923 3503 3995 ejus

1911 4009 2229 4079 patientiam
2253 4009 2593 4064 mendacium
2616 4009 2962 4079 judicabant,
2989 4013 3157 4069 vineit
3196 4028 3321 4071 cum
3344 4015 3498 4086 judi-

1907 4102 2135 4167 caverit,
2164 4102 2381 4173 quando
2398 4117 2587 4157 eorum
2614 4102 2753 4158 facta
2777 4104 3003 4173 puniet:
3032 4106 3087 4162 in
3113 4108 3310 4178 quibus
3331 4124 3493 4165 nemo

1912 4194 2185 4266 putaverit
2217 4193 2500 4250 vindicari.
2535 4194 2705 4251 Aliter
2738 4213 2752 4250 :
2781 4195 3031 4254 Probasti
3082 4209 3136 4255 te
3186 4215 3372 4257 curam
3425 4205 3499 4258 de

1915 4285 2224 4342 hominibus
2254 4286 2478 4354 habere,
2510 4287 2599 4357 qui
2632 4302 2731 4358 per
2758 4288 3085 4360 Prophetam
3114 4306 3232 4347 mea
3275 4293 3508 4350 abscon-

1915 4381 2029 4437 dita
2051 4379 2306 4437 revelasti
2323 4421 2339 4447 ,
2368 4388 2424 4435 et
2442 4378 2621 4435 vicisti
2650 4396 2747 4438 eos
2770 4424 2787 4448 ,
2833 4382 2927 4454 qui
2954 4391 3009 4440 te
3038 4384 3374 4442 incuriosum
3406 4386 3509 4443 hu-

1916 4488 2205 4528 manorum
2230 4481 2449 4527 actuum
2469 4486 2595 4528 esse
2621 4474 2960 4544 contingunt.
3014 4475 3312 4549 ﬂuensque
3359 4480 3513 4551 obje-

1921 4566 2031 4621 ctio
2050 4565 2294 4620 cucurrit
2323 4582 2334 4616 :
2360 4563 2473 4633 jam
2502 4563 2692 4634 incipit
2716 4565 3009 4635 Apostolus
3038 4570 3401 4640 respondere.

208 4648 327 4750 έέι,
352 4648 421 4736 ut
448 4677 668 4734 Christo
696 4668 930 4727 credens
948 4712 963 4737 ,
1006 4680 1188 4722 veram
1228 4660 1700 4718 circumcisionem
1729 4675 1815 4717 ac-
1838 4648 1891 4710 D
1997 4658 2059 4712 Si
2085 4670 2255 4710 autem
2288 4655 2529 4725 iniquitas
2558 4664 2736 4709 nostra
2749 4657 3010 4725 justitiam
3036 4657 3139 4714 Dei
3167 4668 3514 4735 commendat,

361 4792 460 4835 τιὸ.

361 4796 460 4835 ns.

209 4796 429 4928 chVemt
448 4866 607 4933 enim,
640 4863 729 4935 qui
756 4861 810 4914 in
829 4858 1104 4929 mnifesto
1129 4851 1349 4909 Judteus
1385 4860 1483 4913 est,
1521 4865 1681 4918 neque
1706 4864 1821 4921 qua:

214 4970 273 5023 in
305 4962 585 5033 manifesto
615 4958 669 5011 in
698 4969 852 5009 came
881 4961 954 5005 est
970 4947 1296 5002 circumcisio
1327 4960 1345 4999 :
1377 4942 1467 4997 sed
1496 4944 1583 5013 qui
1614 4943 1668 4996 in
1702 4942 1821 4996 abs-

217 5059 441 5117 comtito
477 5050 697 5106 Judatus
733 5056 829 5101 est.
866 5044 988 5114 Ipse
1040 5049 1123 5096 est
1158 5050 1338 5093 verus.
1388 5033 1580 5089 Omnia
1633 5035 1776 5089 enim
1800 5077 1817 5102 ,

220 5168 354 5224 qua:
381 5155 539 5203 antea
567 5143 709 5199 circa
734 5137 1062 5194 exteriorem
1085 5130 1361 5188 hominem
1379 5127 1728 5200 gerebantur,
1758 5126 1821 5181 li-

222 5261 427 5323 guram
458 5236 736 5297 interioris
762 5230 1055 5289 habebant.

317 5340 378 5395 Et
400 5331 720 5393 circumcisio
746 5326 939 5383 cordis.
968 5325 1045 5379 De
1071 5337 1173 5393 qua
1198 5320 1456 5390 scriptum
1480 5317 1531 5372 in
1558 5316 1677 5387 lege
1703 5325 1822 5371 est:

228 5438 294 5493 In
340 5423 650 5489 novissimis
680 5420 874 5477 diebus
898 5413 1253 5471 circumcidet
1284 5413 1426 5467 Deus
1468 5424 1566 5465 cor
1594 5419 1741 5463 tuum
1773 5415 1835 5475 et,

228 5542 341 5587 cor
366 5521 589 5582 seminis
614 5517 713 5581 tui,
732 5513 801 5569 ad
819 5511 1105 5568 Dominum
1134 5508 1305 5563 Deum
1332 5518 1487 5562 tuum
1514 5502 1828 5559 amandum.

235 5625 315 5681 Et
359 5621 554 5677 iterum
587 5631 603 5670 :
631 5606 1020 5667 Circumeidite
1069 5618 1165 5660 vos
1212 5603 1326 5658 Deo
1375 5609 1596 5670 vestro,
1648 5606 1705 5655 et
1731 5598 1837 5655 cir-

238 5711 535 5771 cumeidite
568 5702 892 5779 praeputium
921 5696 1103 5755 cordis
1130 5694 1325 5751 vestri.

327 5810 391 5865 In
406 5809 619 5880 spiritu,
642 5822 745 5862 non
761 5804 936 5858 littera
963 5818 982 5856 :
1006 5802 1157 5872 cujus
1177 5798 1290 5852 laus
1310 5811 1411 5850 non
1445 5811 1509 5849 ea:
1534 5791 1846 5859 hominibus,

257 5901 355 5961 sed
383 5918 445 5960 ea:
470 5898 581 5957 Deo
612 5906 707 5956 est.
729 5896 849 5956 Non
873 5892 1169 5957 secundum
1193 5890 1430 5951 litteram
1456 5887 1612 5961 legis,
1641 5884 1737 5945 sed
1761 5900 1850 5944 sc-

1923 4749 2048 4821 quid
2078 4746 2338 4801 dicemus?
2369 4745 2643 4817 Numquid
2670 4747 2874 4817 iniquus
2908 4758 2984 4805 est
3026 4749 3213 4809 Deus?
3266 4755 3515 4829 Iniquum

1923 4850 2027 4909 est,
2056 4840 2173 4895 siin
2202 4838 2309 4894 illis
2340 4837 2601 4905 vindieat,
2630 4839 2717 4909 qui
2748 4837 2873 4896 ideo
2896 4854 3285 4913 peccaverunt,
3317 4858 3378 4904 ut
3404 4849 3518 4905 illis

1922 4932 2120 5005 justior
2150 4942 2457 5003 appareret.
2498 4929 2631 4985 Item
2684 4946 2795 4986 non
2833 4932 2981 5003 quod
3029 4944 3211 4991 nostra
3260 4938 3518 5010 iniquitas

1928 5027 2089 5082 addat
2104 5024 2372 5097 justitiam
2397 5026 2527 5089 Deo,
2555 5022 2651 5079 sed
2676 5023 2734 5080 in
2764 5034 3030 5097 tempore,
3057 5030 3274 5100 quando
3300 5029 3355 5085 in
3373 5032 3521 5103 judi-

1934 5123 2076 5177 cium
2103 5134 2223 5175 eum
2242 5118 2355 5173 Deo
2385 5115 2653 5185 venimus,
2693 5132 2800 5173 non
2848 5119 3200 5177 observantes
3246 5137 3523 5197 praecepta

1933 5216 2075 5286 ejus,
2115 5211 2534 5284 promissionum
2567 5210 2980 5267 retributionem
3008 5211 3338 5273 fraudamus.
3369 5216 3524 5276 Unde

1936 5308 2242 5365 ostenditur
2265 5306 2407 5360 Deus
2434 5320 2599 5360 verax
2626 5320 2642 5373 ;
2679 5303 2804 5375 quia
2833 5319 2951 5375 quae
2984 5305 3235 5376 promisit
3270 5312 3475 5369 sanctis
3502 5354 3523 5384 ,

1934 5398 2315 5473 peccatoribus
2345 5413 2453 5453 non
2489 5396 2604 5451 dat.

2012 5494 2113 5561 Qui
2144 5495 2301 5564 infert
2331 5493 2486 5549 iram.
2521 5492 2587 5550 Ut
2608 5495 2661 5551 in
2691 5494 2894 5552 diluvio
2918 5504 2976 5553 et
3011 5495 3246 5557 Sodoma
3282 5543 3299 5571 ,
3348 5498 3422 5556 ita
3468 5499 3526 5556 in

1936 5588 2161 5661 judicio.

2020 5688 2316 5745 Secundum
2340 5687 2594 5743 hominem
2622 5687 2736 5743 dico
2768 5689 2974 5746 :Absit.
3000 5689 3243 5763 Alioquin
3269 5689 3529 5761 quomodo

1942 5784 2201 5858 judicabit
2228 5782 2371 5839 Deus
2414 5784 2547 5835 hunc
2602 5784 2893 5839 mundum?
2942 5784 3245 5843 Secundum
3292 5792 3390 5854 te,
3438 5783 3535 5857 qui

1952 5878 2131 5938 taliter
2153 5877 2346 5936 sentis.
2370 5874 2627 5949 Alioquin
2653 5878 2926 5949 quomodo
2944 5876 3209 5951 judicabit
3230 5878 3373 5938 Deus
3393 5877 3540 5937 hunc
