3970 6304
484 362 590 423 659

1520 363 1577 422 S.
1619 362 2004 421 HIERONYMI
2040 352 2323 428 OPERUM
2363 368 2734 431 MANTISSA.

3658 370 3760 431 660

488 477 795 537 mundum?
839 475 974 548 Quia
1017 476 1224 549 iustitia
1272 476 1552 535 damnabit
1591 478 1912 550 iniustitiam
1940 497 1956 535 :
1985 479 2070 550 si,

2253 488 2473 560 Linguis
2502 491 2608 544 suis
2642 489 2819 545 dolose
2844 487 3082 561 agebant.
3120 484 3280 544 Aliud
3328 500 3426 546 ore
3453 488 3765 561 promitten-

490 573 786 629 secundum
812 581 886 637 te,
913 572 1149 627 humana
1180 571 1464 642 iniquitate
1489 574 1559 627 sit
1584 573 1800 643 justior.

558 665 621 721 Si
646 667 781 719 enim
802 666 991 718 veritas
1013 664 1119 719 Dei
1149 664 1202 720 in
1231 680 1341 719 meo
1369 666 1635 721 mendacio
1689 666 1967 723 abundavit
2020 668 2075 722 in

480 757 700 830 gloriam
727 758 911 830 ipsius.
939 757 1054 813 Hoc
1082 769 1186 823 est,
1218 760 1404 815 crevit.

560 854 701 921 Quid
751 851 922 907 adhuc
977 861 1028 909 et
1073 869 1186 925 ego.
1233 854 1345 911 Hoc
1367 858 1470 922 eat,
1494 854 1717 926 insuper
1744 853 1958 925 judicor
1977 868 2078 926 ego

484 950 814 1020 quicumque
839 949 1075 1005 mentiar
1103 950 1267 1005 homo
1291 992 1307 1017 ,
1350 951 1443 1021 qui
1473 949 1683 1005 laudari
1712 949 1969 1006 deberem
1987 995 2000 1019 ,
2032 951 2076 1006 si

486 1054 610 1096 meo
638 1040 949 1103 mendacio,
976 1041 1071 1096 Dei
1102 1041 1304 1097 veritas
1334 1044 1739 1112 comprobatur.

560 1132 845 1203 Tamquam
869 1144 1106 1206 peccator
1116 1134 1332 1207 judicor
1359 1135 1383 1188 ἲ
1411 1133 1483 1188 Et
1503 1144 1606 1188 non
1652 1136 1785 1188 sicut
1834 1134 2076 1206 blasphe-

484 1242 707 1293 mamur,
740 1236 789 1281 et
813 1229 945 1281 sicut
964 1220 1117 1281 aiunt
1138 1227 1351 1298 quidam
1378 1244 1474 1283 nos
1502 1229 1689 1284 dicere.
1719 1227 1792 1285 Dt
1845 1229 1937 1300 qui
1994 1242 2082 1285 me

489 1318 561 1373 ita
583 1318 819 1388 judicat,
851 1334 960 1390 qua
988 1330 1327 1391 peccantem,
1356 1330 1411 1376 et
1440 1335 1546 1376 non
1570 1322 1715 1377 sicut
1740 1321 1957 1393 quidam
1982 1326 2081 1378 nos

487 1414 640 1468 aiunt
661 1413 843 1469 dicere
867 1430 881 1466 :
911 1415 1053 1484 quod
1076 1422 1284 1484 quanto
1306 1415 1512 1484 majora
1547 1413 1690 1470 mala
1742 1414 2036 1471 fecerimus
2059 1453 2076 1484 ,

487 1516 641 1563 tanto
669 1508 877 1576 majora
905 1507 1049 1562 bona
1077 1507 1419 1578 recipiamus.

560 1600 843 1657 Faciamus
869 1602 1027 1668 mata,
1050 1610 1105 1655 ut
1128 1606 1335 1657 veniant
1355 1602 1508 1658 bona.
1537 1601 1650 1658 Hoc
1679 1600 1929 1659 fortassis
1959 1602 2081 1659 ideo

488 1695 791 1769 putabant:
823 1693 947 1766 quia
972 1709 1081 1752 non
1105 1694 1514 1763 intellexerunt,
1542 1694 1689 1768 quod
1732 1695 1947 1767 quidam
1999 1695 2083 1751 di.

488 1789 647 1845 cebat
675 1805 689 1841 :
715 1787 820 1844 Ubi
867 1786 1166 1843 abundavit
1226 1795 1510 1860 peccatum
1537 1832 1553 1858 ,
1611 1786 2081 1859 superabundavit

488 1882 684 1955 gratia.

568 1974 803 2042 Quorum
829 1973 1095 2029 damnatio
1104 1974 1255 2044 justo
1279 1980 1374 2028 est.
1402 1972 1543 2041 Quid
1568 1973 1811 2045 justius‘,
1839 1980 2001 2046 quam
2027 1983 2087 2031 ut

493 2068 635 2124 hanc
669 2080 895 2139 plenam
938 2065 1222 2133 sentiant,
1278 2079 1439 2137 quam
1484 2081 1584 2122 nos
1623 2081 1822 2137 negare
1871 2065 2086 2123 mentiti

492 2167 663 2215 sunt:
697 2158 790 2230 qui
818 2157 953 2213 nihil
979 2156 1179 2229 magis,
1221 2172 1381 2228 quam
1433 2157 1643 2230 justum
1691 2158 1785 2215 Dei
1820 2157 2084 2229 judicium

489 2250 868 2324 praedicamus.

569 2346 710 2416 Quid
740 2359 883 2416 ergo,
906 2342 1251 2415 prwcellimus
1286 2344 1410 2399 eos?
1456 2341 1825 2415 Nequaquam.
1874 2340 2089 2397 Causati

494 2439 632 2494 enim
655 2453 861 2504 sumus,
890 2435 1103 2492 Iudaeos
1134 2444 1183 2491 et
1211 2435 1418 2491 Graecos
1444 2480 1459 2505 ,
1511 2450 1686 2491 omnes
1734 2435 1828 2489 sub
1879 2443 2089 2505 peccato

496 2548 625 2587 esse.
656 2531 769 2585 Nos
792 2545 860 2585 ex
888 2529 1090 2586 ludatis
1116 2528 1316 2584 nullam
1335 2574 1350 2599 ,
1388 2528 1530 2583 unde
1578 2528 1814 2599 majores
1867 2528 2038 2583 simus
2068 2571 2084 2597 ,

495 2622 716 2678 invenio
744 2630 985 2677 causam.
1017 2621 1129 2676 Hoc
1161 2621 1305 2676 enim
1349 2620 1697 2691 investigavit
1745 2619 1886 2675 ratio
1917 2661 1934 2689 ,
1986 2619 2090 2675 sub

497 2723 722 2787 peccato
741 2730 882 2783 esse,
907 2725 962 2771 et
980 2714 1198 2771 Iudaeos
1219 2723 1275 2770 et
1297 2712 1538 2783 Grzecos,
1577 2714 1721 2785 quod
1745 2727 1854 2768 non
1878 2713 2089 2768 ratione

498 2811 615 2866 sola
645 2808 986 2881 colligimus,
1034 2808 1129 2864 sed
1185 2809 1348 2865 etiam
1402 2809 1468 2864 de
1520 2806 1723 2865 Judasis
1775 2807 2090 2864 testimonio

496 2905 937 2977 comprobamus.
973 2904 1109 2959 item
1152 2902 1255 2959 hoc
1285 2900 1524 2959 ostendit
1553 2920 1568 2958 :
1595 2900 1866 2971 quomodo
1914 2900 2090 2956 Judrei

496 3000 627 3057 licet
646 2999 844 3071 Legem
878 3007 933 3054 et
963 2997 1264 3068 Prophetas
1287 2997 1569 3064 haberent,
1603 2994 1739 3050 nihil
1767 3002 1953 3051 tamen
1976 3009 2091 3049 am-

492 3096 657 3165 plius,
689 3109 849 3165 quam
876 3101 1065 3165 gentes
1092 3090 1363 3147 habebant
1395 3110 1407 3145 :
1436 3095 1560 3163 quia
1608 3102 1798 3146 omnes
1845 3088 2091 3148 similiter

499 3193 882 3259 peccaverunt,
914 3194 971 3240 et
991 3191 1149 3255 egent
1175 3182 1349 3254 gloria
1378 3182 1497 3238 Dei.

2180 591 2282 647 tes,
2305 584 2448 639 aliud
2488 583 2653 639 corde
2677 583 2940 639 volentes.

2259 677 2522 732 Venenum
2546 677 2807 749 aspidum.
2836 676 3040 732 liorum
3087 675 3420 747 serpentium
3475 673 3766 746 peSsimum

2180 770 2310 828 dicit
2339 786 2460 827 esse
2488 786 2780 826 venenum.

2254 864 2361 920 Sub
2394 863 2543 918 labiis
2567 879 2768 919 eorum.
2802 861 2915 917 lloc
2944 871 3049 927 est,
3084 860 3137 915 in
3167 860 3354 917 corde.

2256 957 2491 1023 Quorum
2536 973 2592 1010 os
2619 955 2995 1009 maledictione.
3052 953 3167 1007 Non
3217 962 3301 1007 est
3350 954 3509 1008 unius
3555 952 3773 1023 generis

2180 1051 2515 1107 maledictio.
2549 1048 2820 1119 Quidquid
2847 1050 2991 1102 enim
3022 1047 3166 1101 maio
3194 1055 3321 1101 voto
3368 1045 3591 1114 dicitur,
3649 1045 3772 1101 sine

2181 1145 2346 1200 dubio
2369 1143 2504 1197 mala
2537 1142 2755 1198 dicitur.

2253 1238 2321 1293 Et
2349 1239 2691 1291 amaritudine
2728 1235 2935 1307 plenum
2981 1243 3072 1289 est.
3128 1231 3449 1291 Amaritudo
3497 1232 3771 1289 contraria

2181 1340 2264 1389 est
2290 1330 2560 1386 dulcedini
2595 1330 2886 1386 verborum
2918 1327 3037 1383 Dei.

2262 1425 2471 1480 Vcloces
2498 1424 2652 1498 pedes
2692 1424 2866 1479 eorum
2916 1421 2984 1476 ad
3030 1419 3398 1489 effundendum
3444 1422 3773 1492 sanguinem.

2179 1520 2305 1578 Sive
2333 1520 2654 1592 simpliciter
2686 1518 2989 1573 homicidas
3018 1516 3147 1572 dicit
3181 1535 3194 1571 :
3226 1516 3344 1572 sive
3383 1515 3777 1593 interﬁcientes

2180 1614 2388 1669 animas
2413 1611 2699 1667 adulando.
2734 1610 2890 1668 Unde
2919 1611 2973 1664 in
3004 1608 3228 1664 Actibus
3255 1606 3634 1679 Apostolorum
3654 1650 3671 1675 ,
3702 1608 3779 1661 di-

2181 1704 2255 1760 cit
2294 1703 2534 1759 Paulus:
2570 1700 2801 1758 Mundus
2846 1717 2966 1756 sum
3010 1700 3079 1755 ab
3132 1701 3277 1756 omni
3317 1700 3597 1772 sanguine.
3659 1699 3777 1755 Non

2182 1798 2325 1854 enim
2352 1796 2674 1868 subterfugi,
2700 1812 2805 1868 quo
2831 1795 3011 1851 minus
3030 1793 3188 1851 vobis
3206 1793 3586 1850 annuntiarem
3613 1808 3780 1850 omne

2111 1877 2161 1942 Β
2186 1891 2470 1949 consilium
2500 1890 2614 1945 Dei.

2260 1983 2512 2039 Contritio
2543 1990 2588 2037 et
2618 1980 2894 2053 infelicitas
2928 1980 2981 2034 in
3020 1979 3115 2035 viis
3156 1974 3364 2045 eorum,
3397 1986 3444 2033 et
3471 1979 3603 2033 uiam
3633 1978 3784 2048 pacis

2189 2096 2293 2135 non
2320 2085 2688 2150 cognoverunt.
2721 2072 3087 2130 Conteruntur
3113 2084 3168 2130 et
3214 2072 3459 2129 infelices
3493 2070 3625 2127 tiunt
3656 2072 3783 2127 ani-

2189 2188 2292 2230 mae
2318 2172 2372 2228 in
2399 2169 2662 2226 doctrinis
2686 2182 2873 2225 eorum
2896 2208 2912 2237 ,
2943 2166 3030 2224 vel
3081 2166 3137 2223 iu
3164 2165 3433 2237 exemplis
3486 2179 3785 2221 conversa-

2188 2265 2355 2322 tionis
2381 2277 2593 2321 eorum.

2262 2356 2387 2412 Non
2417 2362 2488 2410 est
2509 2354 2663 2409 timor
2686 2338 2783 2408 Dei
2803 2361 2922 2408 ante
2947 2354 3128 2408 oculos
3153 2367 3353 2407 eorum.
3378 2345 3445 2407 In'
3459 2348 3657 2406 timore
3693 2347 3787 2404 Dei

2189 2448 2455 2506 conclusit
2484 2466 2494 2502 :
2524 2446 2617 2519 qui
2648 2446 2695 2501 si
2727 2446 2972 2502 timorem
3005 2443 3102 2501 Dei
3143 2460 3358 2514 semper
3412 2453 3538 2499 ante
3591 2442 3787 2498 oculos

2190 2540 2542 2603 habuissent,
2595 2551 2701 2591 non
2746 2536 2932 2607 utique
2972 2534 3357 2607 deliquissent.
3408 2534 3595 2606 Neque
3636 2535 3786 2589 enim

2189 2632 2356 2689 audet
2385 2645 2597 2696 servus,
2628 2629 2859 2686 Domino
2888 2630 3180 2700 praesente,
3212 2644 3455 2700 peccare.

2262 2727 2471 2784 Scimus
2500 2736 2674 2779 autem
2726 2725 2972 2797 quoniam
3015 2740 3357 2795 quascumque
3398 2723 3481 2778 lex
3528 2722 3785 2794 loquitur,

2191 2821 2270 2875 his
2300 2820 2389 2891 qui
2418 2820 2471 2873 in
2496 2818 2604 2890 lege
2630 2828 2770 2885 sunt,
2800 2818 3047 2891 loquitur.
3091 2817 3168 2873 Ne
3215 2818 3459 2874 dicerent
3482 2859 3499 2884 ,
3557 2818 3682 2873 ltth
3740 2817 3788 2871 in

2189 2913 2401 2986 psalmo
2429 2911 2497 2967 de
2536 2909 2790 2982 gentibus
2820 2910 2990 2977 dicta,
3048 2908 3323 2977 ostendit,
3383 2923 3501 2979 qua:
3554 2910 3610 2964 in
3672 2907 3790 2979 lege

2190 3007 2333 3063 dicta
2354 3012 2501 3069 sunt,
2533 3003 2619 3059 his
2639 3004 2729 3075 qui
2750 3003 2806 3057 in
2829 3000 2945 3075 lege
2966 3008 3115 3070 sunt,
3139 3002 3308 3073 loqui.
3332 3000 3606 3070 Quatritur
3625 3016 3787 3065 sane,

2190 3098 2464 3173 quomodo
2492 3096 2658 3153 Judaei
2692 3096 2949 3152 dixerunt
2976 3096 3141 3151 Deum
3173 3110 3284 3151 non
3332 3104 3472 3149 esse.
3525 3090 3649 3148 Non
3683 3094 3788 3148 uti-

2191 3212 2296 3271 que
2343 3195 2511 3252 verbo
2557 3192 2855 3257 dixerunt,
2899 3191 2996 3247 sed
3024 3194 3213 3261 opere.
3265 3188 3398 3245 Nam
3451 3188 3789 3245 conﬁtentiu-

571 3281 721 3337 Sicut
740 3279 988 3350 scriptum
1009 3286 1123 3333 est:
1152 3278 1290 3346 Quia
1314 3294 1419 3330 non
1468 3283 1543 3331 est
1578 3276 1759 3349 justus
1792 3274 2079 3347 quisquam.

2203 3261 2408 3364 quidem
2438 3303 2497 3343 se
2525 3300 2708 3353 nosse,
2740 3282 2896 3340 factis
2937 3291 3116 3339 autem
3147 3290 3366 3352 negant.
3420 3280 3567 3351 Ergo
3596 3290 3784 3351 gentes

495 3375 557 3434 ln
587 3374 798 3445 psalmo
828 3371 989 3427 tertio
1017 3370 1249 3426 decimo.
1302 3366 1551 3424 Psalmus
1593 3368 1697 3424 iste
1718 3410 1735 3437 ,
1785 3367 1931 3423 unde
1984 3369 2087 3424 hoc

498 3466 871 3527 testimonium
899 3470 1175 3536 sumptum
1204 3471 1289 3519 est
1310 3504 1329 3532 ,
1360 3462 1432 3519 de
1464 3462 1757 3531 insipiente
1810 3460 2046 3529 loquitur
2071 3479 2084 3515 :

494 3561 641 3634 quod
683 3558 1055 3618 testimonium
1105 3557 1160 3612 in
1208 3553 1446 3612 adventu
1527 3552 1730 3611 Christi
1813 3553 2087 3624 praecipue

496 3656 734 3715 ostendit
764 3654 1081 3726 impletum,
1126 3660 1374 3723 tempore
1406 3649 1619 3707 scilicet
1646 3646 1946 3719 passionis,
1978 3662 2087 3719 quo

497 3751 681 3808 nullus
703 3750 879 3821 justus
902 3762 1024 3804 cum
1055 3751 1349 3816 pateretur,
1384 3748 1511 3814 puto
1540 3738 1792 3797 inventus
1815 3740 1905 3795 sit.

569 3842 694 3899 Non
723 3849 798 3897 est
825 3839 1134 3911 intelligens,
1158 3854 1264 3892 non
1312 3843 1389 3891 est
1431 3835 1697 3907 requirens
1737 3831 1929 3889 Deum.
1983 3832 2087 3899 Qui

491 3951 601 3994 non
640 3933 871 4006 requirit
889 3931 1326 3995 fundamentum,
1356 3940 1577 3984 necesse
1613 3935 1696 3981 est
1724 3930 1784 3980 ut
1830 3923 2084 3980 declinet.

569 4029 765 4085 Omnes
787 4027 1192 4082 declinaverunt.
1221 4023 1323 4091 Qui
1373 4035 1480 4076 non
1510 4018 1803 4090 intelligit,
1848 4032 1957 4073 non
1996 4032 2084 4073 re-

493 4126 697 4197 quirit:
731 4138 830 4179 seu
877 4122 998 4177 ideo
1041 4131 1148 4174 non
1187 4115 1485 4187 intelligit,
1540 4114 1665 4185 quia
1721 4127 1827 4167 non
1867 4111 2082 4182 Quaerit.

496 4221 642 4277 Deus
684 4225 865 4273 autem
886 4224 1015 4269 tunc
1050 4212 1368 4282 requiritur,
1394 4224 1515 4264 cum
1557 4208 1674 4278 ejus
1706 4207 1955 4261 voluntas
2002 4207 2086 4261 in-

494 4312 764 4384 quiritur:
794 4308 919 4379 quia
949 4306 1128 4362 omnis
1181 4303 1273 4373 qui
1320 4308 1508 4372 peccat
1536 4340 1553 4367 ,
1613 4312 1717 4353 non
1750 4297 1882 4352 vidit
1911 4311 2036 4352 eum
2064 4338 2080 4361 ,

495 4422 596 4461 nec
621 4400 874 4475 cognovit
899 4406 1046 4466 eum,
1071 4402 1137 4453 eo
1160 4393 1303 4466 quod
1330 4436 1345 4462 ,
1374 4392 1468 4464 qui
1495 4400 1684 4463 peccat
1709 4432 1724 4458 ,
1760 4390 1969 4446 Domini
1999 4388 2083 4445 sui

499 4504 609 4555 non
660 4495 941 4567 cognoscit
970 4492 1325 4548 voluntatem.
1384 4487 1516 4543 Nam
1562 4492 1617 4542 et
1658 4484 1818 4556 vulgo
1869 4484 2083 4539 nescire

493 4592 717 4657 dicitur,
746 4588 901 4658 cujus
924 4585 1171 4641 voluntas
1201 4584 1445 4654 ignorata
1474 4588 1580 4636 est.

2190 3383 2279 3440 hic
2304 3397 2413 3437 non
2438 3378 2677 3451 appellat
2706 3394 2720 3432 :
2747 3376 2839 3448 qui
2865 3376 2976 3447 jam
3032 3374 3102 3432 de
3150 3374 3259 3431 illis
3317 3373 3441 3429 talia
3484 3373 3703 3435 dixerat
3732 3372 3778 3428 in

2188 3474 2405 3549 propria
2427 3486 2611 3528 causa.

2264 3569 2333 3626 Ut
2362 3584 2511 3624 omne
2541 3568 2601 3621 os
2618 3564 2932 3620 obstruatur.
2965 3558 3084 3618 Non
3120 3560 3296 3618 solum
3341 3560 3583 3632 gentium
3615 3601 3631 3625 ,
3678 3557 3768 3612 sed

2188 3663 2350 3721 etiam
2394 3659 2703 3717 Iudaeorum
2743 3676 2757 3714 :
2798 3658 2926 3714 dum
2970 3672 3076 3713 non
3106 3652 3307 3712 habent
3363 3654 3506 3711 unde
3552 3650 3759 3725 gloriari

2188 3755 2417 3829 possint.

2260 3851 2327 3905 Et
2356 3846 2592 3904 subditus
2614 3847 2708 3917 ﬁat
2732 3845 2892 3901 omnis
2920 3845 3144 3900 mundus
3178 3843 3309 3899 Deo.
3349 3841 3407 3898 In
3432 3840 3769 3897 confessione

2188 3943 2418 4016 peccati.

2263 4037 2401 4103 Quia
2430 4051 2493 4090 ea:
2517 4034 2753 4104 operibus
2780 4033 2907 4107 legis
2934 4047 3035 4085 non
3056 4030 3434 4101 justiﬂcabitur
3461 4031 3633 4084 omnis
3662 4045 3779 4083 caro

2187 4127 2498 4184 coramillo.
2530 4127 2688 4182 Modo
2721 4141 2825 4180 non
2868 4124 3213 4194 iustiﬁcetur.
3251 4124 3377 4179 Sive
3427 4138 3596 4193 opera
3625 4123 3782 4192 legis,

2188 4223 2656 4282 circumcisionem
2686 4221 2838 4287 dicit,
2870 4220 3153 4275 sabbatum
3175 4260 3190 4285 ,
3248 4228 3303 4273 et
3348 4225 3577 4273 crcteras
3608 4232 3787 4272 care-

2187 4321 2397 4378 monias
2429 4340 2442 4378 :
2478 4324 2600 4392 Quze
2623 4322 2728 4373 nou‘
2761 4328 2867 4371 tam
2899 4317 2965 4371 ad
2991 4316 3279 4386 justitiam,
3326 4328 3485 4385 quam
3546 4313 3617 4368 ad
3668 4327 3791 4369 car-

2187 4416 2271 4471 nis
2328 4414 2571 4471 laetitiam
2628 4413 2991 4484 pertinebant.
3051 4410 3180 4465 Item
3228 4422 3334 4463 non
3367 4407 3651 4463 contraria
3685 4407 3790 4461 sibi

2186 4509 2319 4564 dicit
2366 4509 2697 4578 Apostolus,
2744 4505 2993 4574 superius
3025 4502 3213 4557 dicens
3270 4520 3282 4553 :
3336 4499 3437 4567 Qui
3482 4499 3790 4554 ostendunt

2187 4617 2322 4673 Opus
2352 4600 2487 4672 legis
2517 4600 2569 4655 in
2595 4597 2849 4654 cordibus
2880 4598 3017 4651 suis.
3049 4595 3117 4650 Et
3147 4607 3289 4649 nunc
3317 4592 3469 4655 dicit,
3524 4607 3597 4646 ex
3658 4606 3791 4661 ope.

566 4684 741 4741 Simul
768 4681 977 4737 inutiles
1006 4680 1130 4753 facti
1152 4686 1292 4733 sunt.
1320 4672 1543 4732 inutiles
1564 4674 1630 4731 ad
1658 4688 1796 4745 Opus
1831 4672 1899 4730 ad
1934 4670 2078 4743 quod
2106 4652 2161 4713 D
2185 4652 2333 4751 rirbus
2361 4652 2495 4765 legis
2516 4708 2624 4747 non
2646 4689 2929 4760 jusﬁﬁcari
2971 4694 3188 4743 omnem
3241 4652 3483 4741 carnem;
3544 4652 3789 4737 eam-em

488 4772 709 4836 fuerunt
738 4774 1030 4847 procreati.

563 4870 687 4927 Nan
707 4880 779 4925 est
801 4869 889 4941 qui
916 4868 1074 4939 faciat
1102 4866 1321 4931 bonum,
1358 4870 1463 4917 non
1505 4864 1762 4932 estusque
1799 4860 1868 4913 ad
1894 4872 2076 4914 unum.

492 4965 606 5022 Nec
635 4963 948 5035 Apostolus.
978 4961 1111 5016 item
1142 4960 1189 5015 si
1218 4972 1323 5014 non
1342 4965 1447 5023 eat,
1480 4955 1571 5026 qui
1618 4952 1780 5009 iaciat
1827 4954 2028 5009 bonam
2061 4997 2075 5022 ,

493 5056 769 5128 quomodo
800 5052 1029 5111 inferius
1060 5052 1270 5122 plebem
1297 5054 1449 5105 suam
1496 5047 1672 5117 arguit
1721 5045 2073 5113 devorantes,

488 5159 545 5207 ct
574 5152 794 5221 inopum
819 5147 1107 5203 consilium
1135 5140 1568 5199 confundentes?
1620 5139 1780 5196 Plebs
1806 5139 1950 5199 enim
1979 5138 2075 5192 Dei

489 5260 597 5300 non
620 5248 759 5309 erat,
783 5241 832 5297 si
854 5241 1053 5295 bonum
1083 5244 1189 5293 non
1217 5237 1446 5293 faciebat
1475 5252 1491 5290 :
1517 5236 1751 5289 maxime
1776 5247 1899 5289 cum
1930 5230 2074 5301 justa

489 5336 692 5393 ibidem
730 5334 1012 5407 generatio
1051 5331 1368 5404 appelletur.
1402 5330 1513 5385 Hoc
1546 5328 1715 5399 magis
1759 5328 1826 5382 ad
1879 5324 2073 5395 psalmi

486 5428 889 5500 espositionem
915 5428 1169 5497 pertinet,
1200 5438 1360 5495 quam
1392 5422 1459 5478 ad
1478 5420 1726 5492 Apostoli
1757 5434 1998 5475 causam.

558 5525 867 5597 Sepulcrum
898 5528 1076 5592 patens
1102 5528 1173 5575 est
1199 5524 1375 5591 guttur
1401 5530 1600 5571 eorum.
1633 5514 1828 5570 Fetore
1867 5510 2073 5568 doctri-

480 5636 567 5678 na:
592 5634 726 5686 sua},
749 5627 805 5673 et
826 5615 1139 5671 adulatione
1172 5611 1547 5668 contaminans
1572 5652 1585 5676 ,
1633 5619 1688 5665 et
1738 5605 2070 5664 interficiens

475 5710 781 5769 audientes.
810 5708 935 5764 [deo
972 5706 1122 5763 enim
1179 5704 1485 5776 sepulcrum
1545 5702 1838 5772 diligenter
1866 5697 2071 5754 claudi-

473 5811 589 5871 tur,
634 5819 702 5860 ne
737 5802 912 5860 adhuc
940 5798 1249 5858 viventibus
1295 5797 1646 5856 exhalatione
1691 5809 1788 5853 sua
1843 5802 2067 5867 generet

477 5902 707 5974 pestem.

2184 4794 2449 4855 accusat,
2505 4783 2661 4853 cujus
2701 4780 3035 4852 providentia
3095 4778 3199 4850 legi
3246 4777 3342 4833 Dei
3365 4775 3647 4846 subjicere
3677 4791 3792 4831 non

2185 4896 2381 4961 potest.
2412 4882 2524 4942 Lex
2565 4884 2709 4940 enim
2761 4881 3049 4937 ostendere
3100 4880 3251 4934 n0vit
3300 4880 3579 4947 peccatum
3618 4893 3637 4931 :
3671 4893 3789 4932 non

2184 5000 2364 5047 tamen
2390 4986 2646 5053 ostendit,
2670 4984 2904 5057 qualiter
2926 4981 3120 5037 debeat
3143 4979 3424 5036 observari
3449 4996 3462 5031 :
3492 4986 3550 5032 et
3578 4976 3795 5033 iterum

2184 5096 2377 5168 punire
2402 5093 2583 5163 noxia,
2615 5105 2722 5145 non
2753 5087 2889 5143 dans
2921 5085 3134 5140 veniam
3163 5080 3443 5154 pmuitenti
3471 5096 3485 5146 ;
3526 5070 3796 5134 Christus

2181 5210 2359 5255 autem
2390 5196 2762 5253 remissionem
2810 5202 3155 5261 peccatorum
3201 5187 3369 5241 donat
3396 5183 3793 5253 credentibus,

2180 5314 2235 5361 et
2258 5304 2418 5359 docet
2444 5297 2713 5372 quomodo
2745 5295 2978 5352 debeant
3004 5293 3186 5350 carnis
3215 5291 3348 5347 vitia
3376 5286 3529 5344 vitari
3557 5329 3573 5355 ,
3607 5298 3794 5360 atque

2178 5404 2467 5479 prudentia
2492 5398 2750 5456 resecari.

2249 5504 2352 5559 Per
2378 5504 2539 5573 legem
2567 5500 2701 5553 enim
2730 5496 2955 5569 cognitio
2986 5494 3206 5563 peccati.
3240 5489 3355 5545 Non
3388 5488 3649 5543 remissio
3693 5497 3797 5543 est

2180 5598 2408 5673 peccati,
2447 5596 2542 5652 sed
2576 5594 2830 5666 cognitio.
2873 5590 3002 5647 Ideo
3031 5588 3176 5644 enim
3212 5601 3306 5657 per
3329 5584 3503 5654 legem
3539 5581 3673 5653 quid
3712 5584 3799 5639 sit

2178 5702 2482 5767 peccatum,
2512 5688 2823 5760 agnoscitur
2849 5703 2861 5737 :
2884 5682 3008 5754 quia
3040 5688 3133 5737 aut
3162 5680 3216 5735 in
3239 5677 3511 5734 oblivione
3535 5682 3661 5729 erat
3691 5676 3793 5730 lex

2176 5796 2383 5845 naturze
2408 5793 2533 5839 :aut
2555 5790 2681 5838 ante
2712 5782 2887 5851 legem
2910 5777 3136 5845 litterae,
3170 5773 3374 5829 leviora
3403 5784 3633 5842 qumque
3661 5784 3791 5822 non

2174 5877 2636 5953 cognoscebantur
2661 5885 2780 5932 esse
2808 5877 3052 5943 peccata,
3111 5865 3163 5926 id
3196 5873 3301 5936 est,
3347 5878 3469 5934 qua)
3493 5860 3611 5919 aliis
3655 5873 3792 5915 non
