3970 6304
445 357 549 420 665

1478 350 1543 410 S.
1581 346 1960 409 HIERONYMI
1996 342 2282 406 OPERUM
2320 342 2682 404 MANTISSA.

3623 340 3722 404 σει

523 476 741 534 Patrem
762 478 1014 533 nostrum.
1040 470 1261 531 Patrem
1280 468 1585 528 secundum
1611 469 1792 527 carnis
1810 469 2047 527 circum-
2070 468 2126 531 Α
2141 465 2423 538 justitiam.
2461 463 2665 523 Omnes
2689 462 2835 521 enim
2865 460 3210 531 conﬁtemur,
3236 466 3294 523 et
3321 460 3679 521 consentimus
3704 483 3718 521 :

447 573 736 630 cisionem.
768 570 903 625 Nam
933 566 1069 623 ﬁdes
1100 567 1156 623 in
1184 575 1369 622 mente
1406 565 1679 621 consistit.

517 664 823 724 Secundum
873 678 1097 716 carnem.
1159 660 1359 716 Dicens
1416 658 1715 716 secundum
1770 672 2034 728 carnem,

446 759 688 820 ostendit
728 755 1012 811 traducem
1036 754 1218 810 carnis
1247 768 1393 821 esse,
1427 768 1535 809 non
1569 754 1786 809 animae.

514 855 579 912 Si
600 852 741 909 enim
768 848 1029 905 Abraham
1055 864 1123 903 ea:
1156 847 1394 919 operibus
1424 846 1550 920 legis
1584 846 1908 919 justiﬁcatus
1943 852 2037 900 est.

440 948 503 1006 Si
531 963 599 1003 ex
627 959 715 1014 eo,
741 942 887 1015 quod
920 955 980 999 se
1004 938 1367 1007 circumcidit,
1394 938 1724 1009 justiﬁeatus
1758 948 1863 1007 est,
1906 936 2042 993 nihil

439 1039 519 1096 illi
550 1038 694 1093 Deus
716 1032 959 1100 donavit,
987 1031 1085 1087 sed
1110 1045 1178 1086 ex
1217 1044 1278 1086 se
1306 1028 1498 1084 habuit
1538 1028 1795 1101 gloriam.
1824 1027 2037 1085 Aliter:

437 1132 499 1189 Si
522 1130 670 1202 iussa
713 1126 968 1199 perfecit,
1016 1122 1159 1196 apud
1185 1123 1543 1194 semetipsum
1585 1122 1751 1178 habet
1775 1121 2035 1194 gloriam,

438 1240 552 1283 non
592 1222 735 1294 apud
767 1221 961 1276 Deum.

512 1318 687 1375 Habet
709 1316 954 1390 gloriam,
985 1312 1075 1367 sed
1106 1327 1212 1367 non
1233 1310 1375 1381 apud
1402 1309 1589 1365 Deum.
1622 1308 1847 1374 Dicens,
1876 1307 2041 1363 habet

440 1410 694 1484 gloriam,
719 1406 817 1463 sed
837 1420 948 1462 non
973 1403 1119 1475 apud
1148 1404 1325 1459 Deum
1351 1419 1365 1455 :
1390 1400 1633 1458 ostendit
1651 1415 1779 1457 eum
1810 1415 1879 1457 ex
1909 1415 2040 1473 ope-

436 1502 591 1560 ribus
615 1502 727 1557 suis
753 1498 980 1569 gloriam
1022 1494 1245 1562 habere,
1274 1502 1329 1549 et
1354 1509 1463 1549 non
1498 1508 1570 1549 ex
1598 1492 1735 1547 Deo.

456 1594 461 1597 ‘
517 1593 654 1663 Quid
684 1592 822 1646 enim
849 1590 973 1644 dicit
1004 1587 1282 1657 Scriptura
1306 1587 1332 1640 ?
1361 1584 1596 1643 Credidit
1621 1584 1884 1640 Abraham
1905 1583 2037 1641 Deo.

438 1690 579 1749 Tam
609 1700 803 1755 magna
829 1682 932 1738 fuit
956 1681 1092 1738 ﬁdes
1117 1678 1373 1745 Abrahae,
1408 1682 1467 1733 ut
1491 1687 1548 1734 et
1574 1678 1809 1749 pristina
1837 1677 1887 1733 ei
1913 1693 2040 1749 pec-

440 1792 561 1839 cata
590 1780 949 1843 donarentur,
974 1784 1028 1830 et
1057 1774 1173 1830 sola
1200 1788 1313 1844 prae
1342 1770 1720 1842 omniiustitia
1750 1770 2040 1827 doceretur

2145 571 2206 618 ut
2239 562 2383 635 quod
2416 562 2557 619 ratio
2584 560 2653 619 de
2673 558 2957 617 Abraham
2986 560 3272 629 invenerit,
3300 558 3405 616 hoc
3432 558 3499 616 de
3525 559 3728 617 czctcris

2144 656 2521 713 observemus.

2218 752 2491 819 Quomodo
2530 768 2652 825 ergo
2695 734 2937 825 reputata
2980 757 3053 805 est
3095 750 3145 805 ei
3171 765 3189 803 :
3220 749 3276 803 in
3321 748 3725 816 circumcisione,

2145 864 2214 901 an
2250 847 2305 901 in
2328 847 2616 920 prwputio?
2642 844 2937 901 Videamus
2976 854 3157 899 utrum
3187 841 3528 898 circumcisio
3556 855 3622 898 ex
3640 840 3730 911 iu-

2142 939 2312 1006 Stitia,
2352 954 2421 995 an
2446 939 2657 1010 iustitia
2680 953 2747 994 ex
2774 937 3195 993 circumcisione
3216 934 3287 990 sit
3308 944 3450 990 nata.

2217 1030 2341 1087 Non
2383 1032 2438 1085 in
2478 1030 2889 1098 circumcisione,
2932 1028 3024 1084 sed
3049 1029 3103 1083 in
3129 1025 3572 1101 prteputio.{Quia
3610 1035 3735 1087 ante

2138 1125 2317 1197 iustus
2339 1140 2500 1196 quam
2526 1124 2905 1181 circumcisus.

2214 1215 2283 1272 Et
2299 1218 2503 1290 signum
2527 1217 2722 1290 accepit
2743 1214 3169 1272 circumcisionis.
3192 1213 3270 1270 Ne
3288 1213 3533 1271 dicerent
3558 1232 3572 1270 :
3600 1228 3731 1285 ergo

2141 1312 2419 1385 superﬂue
2445 1312 2798 1368 circumcisus
2826 1319 2910 1367 est
2940 1326 2955 1365 :
2988 1310 3201 1382 signum
3233 1309 3308 1365 ait
3338 1322 3459 1365 esse
3484 1307 3730 1381 iustitiae,

2142 1420 2255 1461 non
2281 1413 2651 1475 augmentum.

2160 1520 2167 1527 ι
2215 1498 2556 1570 Signacutum
2582 1498 2807 1570 justitia:
2834 1496 2978 1568 ﬁdei,
3006 1511 3120 1567 qua:
3147 1504 3224 1551 est
3250 1496 3305 1551 in
3343 1496 3614 1566 prteputio.
3646 1495 3735 1553 Si-

2142 1590 2430 1662 gnaculum
2479 1590 2692 1661 accepit
2740 1590 2888 1646 illius
2926 1588 3172 1660 iustitiae,
3223 1604 3383 1661 quam
3429 1589 3737 1660 prteputiati

2144 1683 2281 1739 ﬁdes
2308 1684 2525 1740 meruit.
2559 1682 2809 1739 Perfecta
2841 1681 2986 1738 enim
3018 1680 3139 1749 fuit,
3167 1690 3228 1736 ut
3256 1682 3592 1751 signaculum
3619 1697 3739 1739 me-

2143 1786 2375 1834 reretur.
2423 1777 2650 1847 Semper
2685 1776 2828 1833 enim
2872 1790 2959 1832 res
2997 1776 3158 1848 plena
3193 1774 3455 1846 signatur.
3513 1774 3637 1831 Sive
3676 1785 3739 1832 ut

439 1882 662 1946 accepta
684 1916 699 1939 ,
745 1880 800 1928 et
832 1876 983 1926 tanto
1015 1868 1276 1937 deinceps
1306 1870 1501 1922 amore
1540 1863 1808 1936 ﬂagravit,
1854 1873 1914 1920 ut
1956 1880 2043 1922 διι-
2068 1868 2118 1932 Β
2146 1872 2480 1939 ostenderet,
2509 1888 2669 1944 quam
2692 1872 2869 1943 iustus
2899 1880 2953 1927 et
2980 1871 3155 1927 ﬁdelis
3180 1881 3347 1937 esset,
3370 1870 3461 1942 qui
3489 1870 3734 1927 dolorem

441 1985 541 2042 per
570 1965 755 2023 omnia
790 1978 851 2019 se
881 1975 1044 2033 opera
1076 1967 1366 2031 praeparet.

509 2063 582 2117 Et
609 2068 904 2132 reputatum
926 2064 998 2112 est
1016 2052 1093 2107 illi
1114 2054 1181 2107 ad
1193 2052 1483 2125 justitiam.
1508 2051 1575 2108 Et
1598 2051 1719 2109 ideo
1740 2050 1905 2108 habet
1923 2052 2040 2125 glo—

436 2158 577 2215 riam
610 2153 753 2225 apud
785 2152 981 2215 Deum,
1014 2147 1313 2204 secundum
1341 2150 1486 2218 quod
1518 2148 1605 2204 lex
1630 2147 1897 2217 probavit.

510 2248 581 2303 Ei
607 2258 779 2303 autem
796 2244 885 2313 qui
909 2251 1173 2313 operatur,
1202 2257 1390 2295 merces
1415 2257 1519 2295 non
1551 2242 1839 2310 imputatur
1858 2258 2041 2297 secun-

439 2346 566 2401 dum
598 2340 847 2414 gratiam,
876 2334 966 2391 sed
987 2334 1273 2389 secundum
1310 2333 1555 2387 debitum.
1589 2333 1859 2391 Debitoris
1893 2336 2040 2392 enim

440 2448 528 2498 est
553 2437 751 2501 facere,
780 2446 901 2503 qua:
938 2429 1199 2499 iubentur
1227 2444 1243 2480 :
1270 2439 1326 2483 et
1369 2426 1476 2483 nisi
1504 2429 1765 2499 paruerit,
1806 2428 2039 2484 damna-

435 2544 568 2591 tur:
594 2531 641 2585 si
669 2536 850 2584 autem
881 2522 1095 2590 fecerit,
1122 2536 1231 2577 non
1252 2521 1418 2577 habet
1441 2522 1695 2592 gloriam,
1726 2523 1851 2592 quia
1878 2524 2042 2578 inuti-

438 2626 513 2681 lis
556 2620 735 2679 adhuc
782 2630 977 2674 servus
1022 2613 1240 2682 dicitur,
1271 2613 1361 2685 qui
1406 2613 1541 2669 nihil
1581 2614 1834 2685 amplius,
1877 2631 2041 2688 quam

442 2716 590 2790 quod
634 2720 971 2787 praeceptum
1018 2717 1133 2775 est,
1178 2714 1459 2779 operatur.
1505 2705 1721 2763 Aliter:
1762 2707 1877 2764 Non
1931 2708 2040 2766 illis

440 2812 616 2885 gratis
643 2808 877 2864 donatur
904 2801 1133 2875 iustitia,
1162 2815 1261 2860 seu
1288 2814 1500 2859 merces
1534 2799 1780 2858 redditur
1808 2816 2040 2873 operum

443 2904 819 2978 pristinorum.

516 2998 586 3053 Ei
609 3013 726 3051 vero
753 2993 844 3065 qui
863 3009 968 3048 non
991 2998 1260 3063 aperatur,
1284 2989 1515 3045 credenti
1540 2998 1711 3045 autem
1730 2992 1786 3046 in
1813 3006 1931 3046 eum
1951 2995 2041 3063 qui

438 3093 702 3171 justiﬁcat
731 3089 972 3161 impium,
1003 3095 1275 3159 reputatur
1319 3086 1447 3156 ﬁdes
1486 3089 1599 3159 ejus
1646 3085 1716 3141 ad
1754 3086 2036 3159 justitiam.

442 3190 869 3247 Couvertentem
919 3182 1168 3253 impium,
1215 3195 1315 3252 per
1362 3179 1538 3235 solam
1585 3178 1747 3235 ﬁdem
1785 3179 2043 3251 iustiﬁcat

2144 1966 2252 2022 sibi
2294 1982 2361 2022 ex
2402 1965 2659 2021 mandato
2690 1965 2785 2021 Dei
2815 1963 3082 2020 dubitavit
3120 1962 3347 2019 inferre.
3386 1962 3506 2019 Non
3538 1966 3741 2034 putetis

2144 2061 2499 2131 superﬂuum,
2523 2058 2666 2130 quod
2688 2058 2754 2114 ab
2779 2056 3140 2114 essentiarum
3166 2056 3396 2112 Domino
3414 2055 3702 2127 jubebatur
3718 2073 3737 2112 :

2144 2154 2288 2209 sicut
2328 2169 2431 2209 nec
2470 2152 2823 2223 parricidium
2866 2149 3100 2207 credidit
3139 2150 3387 2221 impium,
3431 2149 3572 2220 quod
3613 2148 3740 2207 fons

2144 2256 2481 2317 praeceperat
2504 2245 2742 2316 pietatis.

2220 2339 2287 2395 Ut
2322 2341 2388 2394 sit
2412 2348 2557 2411 pater
2594 2339 2823 2393 omnium
2850 2337 3168 2393 credentium
3196 2352 3289 2408 per
3314 2336 3644 2408 prteputium,
3681 2345 3742 2390 ut

2145 2442 2407 2502 reputatur
2434 2440 2481 2487 et
2506 2432 2612 2486 illis
2640 2431 2708 2484 ad
2727 2432 3028 2503 justitiam;
3054 2438 3102 2483 et
3130 2429 3195 2483 sit
3220 2437 3366 2500 pater
3387 2430 3744 2485 circumcisio-

2145 2528 2250 2594 nis,
2282 2544 2387 2581 non
2413 2527 2493 2581 Itis
2524 2533 2747 2592 tantum,
2777 2526 2865 2595 qui
2892 2534 3012 2579 sunt
3042 2540 3106 2580 ea:
3126 2524 3539 2591 circumcisione,
3565 2525 3652 2579 sed
3693 2533 3743 2580 et

2145 2618 2227 2674 Itis
2248 2620 2336 2691 qui
2354 2630 2618 2674 sectantur
2645 2620 2857 2691 vestigia
2882 2619 3025 2688 ﬁdei,
3057 2634 3172 2689 qua:
3198 2626 3271 2672 est
3290 2619 3346 2671 in
3364 2620 3617 2690 praeputio
3645 2636 3743 2689 pa-

2147 2712 2240 2767 tris
2261 2713 2423 2767 nostri
2445 2711 2688 2767 Abrahte.
2711 2712 2782 2769 Ut
2802 2726 2991 2767 omnes
3013 2712 3105 2782 qui
3126 2726 3192 2766 ex
3218 2711 3471 2782 gentibus
3491 2711 3739 2779 credunt,

2146 2804 2245 2861 ﬁlii
2266 2804 2377 2859 sint
2400 2804 2639 2861 Abrahae
2663 2822 2676 2859 :
2703 2806 2831 2860 dum
2855 2812 2912 2859 et
2941 2804 3051 2859 illis
3076 2804 3193 2860 sola
3216 2804 3352 2859 ﬁdes
3380 2803 3446 2860 ad
3473 2804 3743 2875 iuStitiam

2144 2908 2449 2969 reputatur.
2500 2899 2675 2955 Erunt
2720 2899 2825 2969 ipsi
2868 2900 3198 2965 circumcisi,
3244 2899 3339 2955 sed
3380 2898 3570 2956 corde.
3616 2900 3745 2958 Sive

2146 2992 2267 3063 quia
2302 2992 2355 3047 in
2383 2995 2651 3064 prmputio
2683 2994 2863 3064 iustus
2892 2994 3015 3060 fuit,
3052 3002 3110 3048 ut
3148 3005 3293 3050 esset
3324 2994 3745 3052 incircumciso-

2146 3100 2268 3140 rum
2298 3094 2454 3155 pater
2481 3104 2494 3141 :
2526 3095 2581 3142 et
2606 3087 2964 3142 circumcisus
2987 3087 3169 3157 iustus
3202 3088 3522 3158 permansit,
3552 3096 3617 3143 ut
3644 3090 3748 3146 cir-

2146 3176 2506 3233 cumcisorum
2530 3177 2799 3248 iustorum
2831 3178 2989 3234 ﬁeret
3016 3188 3191 3249 pater.

444 3286 612 3350 Deus,
636 3296 746 3337 non
765 3292 931 3349 opera
952 3276 1119 3344 bona,
1146 3291 1267 3347 quae
1291 3288 1401 3330 non
1428 3273 1637 3331 habuit.
1666 3274 1924 3346 Alioquin
1946 3289 2044 3346 per
2070 3272 2118 3338 C
2218 3268 2343 3324 Non
2370 3270 2507 3323 enim
2538 3287 2630 3341 per
2654 3270 2815 3342 legem
2840 3271 3115 3343 promissio
3153 3271 3395 3340 Abralue,
3429 3282 3522 3327 aut
3564 3276 3747 3329 semini

444 3375 743 3449 impietatis
772 3385 938 3443 opera
982 3368 1161 3425 fuerat
1202 3367 1527 3439 puniendus.
1575 3367 1749 3424 Simul
1797 3368 2039 3437 attende,

446 3470 574 3541 quia
597 3482 705 3523 non
736 3472 1080 3536 peccatorem
1110 3459 1243 3516 dicit
1278 3458 1559 3529 iustiﬁcari
1589 3473 1685 3529 per
1729 3456 1915 3525 ﬁdem,
1947 3459 2043 3517 sed

446 3564 678 3633 impium
712 3576 725 3612 :
754 3556 861 3613 hoc
887 3565 973 3611 est
1002 3567 1175 3623 nuper
1204 3551 1518 3608 credentem
1547 3551 1801 3606 asseruit.

521 3651 831 3711 Secundum
867 3649 1189 3719 prepositum
1226 3646 1408 3717 gratia:
1437 3644 1555 3699 Dei.
1606 3644 1710 3712 Qui
1756 3646 2043 3719 proposuit

448 3748 620 3823 gratis
643 3760 742 3817 per
769 3743 942 3799 solam
968 3739 1133 3796 ﬁdem
1173 3748 1392 3811 peccata
1422 3738 1720 3795 dimittere.

520 3843 671 3900 Sicut
697 3848 745 3895 et
784 3835 955 3893 David
985 3834 1109 3890 dicit
1150 3834 1514 3889 beatitudinem
1560 3835 1805 3891 hominis.
1854 3835 2046 3909 Magna

445 3930 733 3991 beatitudo
752 3940 838 3987 est
864 3929 985 3983 sine
1009 3927 1199 3982 labore
1221 3926 1356 3997 legis
1376 3935 1430 3981 et
1450 3924 1808 3997 paenitentiae,
1832 3926 2046 3986 Domini

445 4029 678 4100 gratiam
708 4020 1051 4095 promereri:
1075 4019 1216 4076 sicut
1243 4019 1290 4075 si
1310 4018 1437 4091 quis
1464 4020 1698 4091 aliquam
1726 4020 2045 4093 dignitatem

444 4118 615 4191 gratis
636 4116 885 4187 accipiat.

520 4210 618 4267 Cui
639 4210 779 4264 Deus
798 4216 1009 4279 accepto
1034 4207 1134 4278 fert
1149 4206 1407 4277 justitiam
1428 4205 1539 4261 sine
1558 4207 1816 4275 operibus.
1839 4206 1923 4264 Ad
1944 4208 2047 4266 hoc

447 4305 591 4362 ﬁdes
621 4307 796 4373 prima
832 4301 899 4356 ad
924 4299 1194 4371 justitiam
1235 4306 1539 4371 reputatur,
1577 4309 1640 4357 ut
1671 4300 1738 4357 de
1767 4303 2045 4372 praeterito

448 4400 766 4457 absolvatur
801 4416 816 4451 :
844 4406 899 4453 et
926 4396 995 4452 de
1025 4394 1284 4468 praesenti
1308 4394 1659 4468 iustiﬁcetur,
1700 4404 1756 4454 et
1776 4396 1843 4454 ad
1863 4396 2043 4456 futura

444 4495 575 4551 ﬁdei
600 4507 766 4565 opera
787 4498 1143 4564 praeparetur.

516 4587 668 4644 Beati
706 4602 925 4654 quorum
961 4587 1193 4641 remissa:
1217 4594 1340 4641 sunt
1382 4586 1699 4658 iniquitates,
1738 4596 1786 4643 et
1827 4605 2043 4660 quorum

2148 3365 2281 3436 ejus.
2298 3365 2395 3421 llic
2414 3365 2559 3421 enim
2580 3366 2757 3437 legem
2779 3367 2953 3436 ipsam
2975 3366 3446 3422 circumcisionem
3465 3368 3708 3440 appellat
3728 3385 3742 3435 ;

2146 3472 2213 3515 eo
2232 3458 2375 3529 quod
2400 3460 2573 3529 possit
2600 3474 2760 3515 omne
2787 3470 3137 3531 praeceptum,
3160 3459 3246 3515 lex
3271 3460 3526 3531 intelligi.

2222 3552 2291 3608 Ut
2318 3551 2481 3608 lateres
2512 3562 2641 3608 esset
2667 3554 2848 3608 mundi
2874 3568 2895 3607 :
2923 3553 3015 3607 sed
3046 3568 3135 3623 per
3149 3554 3409 3623 justitiam
3437 3554 3586 3623 ﬁdei.
3618 3556 3735 3611 Sive

2147 3657 2208 3704 ut
2234 3647 2289 3703 in
2316 3648 2524 3704 semine
2545 3648 2687 3719 eius,
2718 3648 2864 3719 quod
2884 3656 2969 3704 est
2990 3646 3260 3715 Christus,
3288 3648 3724 3706 henedicerentur

2147 3756 2338 3800 omnes
2364 3751 2553 3813 gentes
2580 3759 2595 3801 :
2628 3759 2751 3814 qua:
2779 3743 2857 3800 illi
2886 3741 2944 3798 in
2971 3741 3341 3799 htereditatem
3373 3758 3404 3798 a
3435 3754 3587 3813 patre
3611 3750 3727 3797 sunt

2147 3835 2308 3893 datae.
2342 3836 2491 3907 Sive,
2534 3845 2594 3894 ut
2634 3852 2757 3894 cum
2793 3852 2859 3895 eo
2886 3837 3210 3894 recumbant
3245 3846 3437 3909 gentes
3477 3841 3533 3894 in
3573 3853 3731 3911 regno

2148 3930 2428 3987 caelorum.

2221 4025 2286 4082 Si
2326 4026 2461 4082 enim
2500 4027 2591 4097 qui
2636 4040 2700 4080 ea:
2742 4024 2873 4097 lege,
2906 4025 3135 4081 haeredes
3167 4034 3331 4082 sunt:
3360 4027 3635 4082 exinanita
3672 4034 3744 4081 est

2148 4118 2296 4189 ﬁdes,
2326 4118 2519 4173 abolita
2548 4125 2621 4172 est
2656 4118 2949 4187 promissio.
2980 4117 3039 4174 Si
3072 4117 3151 4173 illi
3181 4118 3285 4174 soli
3313 4127 3371 4175 ut
3398 4134 3497 4176 vos
3539 4118 3707 4175 vultis
3728 4162 3745 4185 ,

2150 4212 2457 4269 circumcisi
2484 4210 2729 4267 hatredes
2754 4220 2902 4279 sunt,
2934 4226 3041 4266 non
3072 4210 3318 4282 implevit
3337 4210 3485 4267 Deus
3510 4214 3752 4283 promis-

2146 4318 2267 4359 sum
2296 4304 2553 4371 Abrahae,
2578 4311 2639 4358 ut
2662 4310 2818 4373 pater
2847 4311 2993 4359 esset
3020 4302 3312 4357 multarum
3342 4302 3588 4374 gentium
3622 4322 3637 4359 :
3667 4314 3746 4373 et,

2146 4395 2194 4452 si
2215 4395 2287 4451 ita
2313 4408 2417 4463 est,
2442 4397 2554 4467 iam
2580 4394 2853 4451 videbitur
2877 4394 2989 4452 Deo
3010 4394 3128 4451 sine
3155 4409 3319 4450 causa
3348 4395 3673 4453 credidisse.

2216 4489 2330 4545 Lex
2355 4490 2495 4546 enim
2520 4490 2653 4544 iram
2680 4497 2939 4560 operatur.
2968 4486 3103 4556 Quia
3123 4487 3341 4559 iniustis
3359 4497 3444 4544 est
3465 4489 3665 4561 posita,
3691 4499 3745 4545 ct

2149 4584 2321 4655 magis
2350 4581 2592 4655 gravavit
2618 4595 2845 4654 peccare
2868 4580 3137 4647 volentes,
3168 4595 3332 4651 quam
3360 4581 3616 4648 absolvit,
3647 4596 3743 4653 per

444 4690 578 4737 tecta
607 4686 727 4735 sunt
755 4686 983 4749 peccata.
1006 4677 1203 4734 Beatus
1221 4678 1299 4733 vir
1323 4678 1408 4733 cui
1438 4694 1541 4734 non
1567 4680 1837 4751 imputavit
1853 4682 2040 4737 Domi-
2068 4678 2125 4742 D
2148 4678 2434 4734 scientiam
2465 4674 2792 4733 cumulando
2832 4673 3053 4730 delicta.
3091 4672 3151 4730 Si
3178 4672 3322 4729 enim
3349 4672 3480 4730 caici
3522 4674 3737 4740 essetis,

444 4793 543 4829 nus
568 4781 853 4847 peccatum.
886 4771 1039 4839 Quod
1064 4772 1375 4842 poenitetur,
1407 4788 1515 4828 non
1545 4781 1759 4830 tenetur
1784 4792 1797 4829 :
1820 4776 2039 4848 etquod

443 4867 679 4936 tegitur,
711 4880 821 4921 non
850 4872 1098 4935 apparet,
1129 4872 1183 4919 et
1218 4863 1425 4919 idcirco
1462 4863 1685 4922 minime
1716 4866 2035 4938 imputatur.

442 4959 674 5029 Quidam
707 4957 899 5013 dicunt
922 4956 1148 5022 remitti,
1178 4970 1275 5027 per
1303 4956 1634 5027 baptismum
1664 4975 1677 5012 :
1706 4960 1845 5030 tegi,
1882 4962 2036 5015 labo-

441 5052 595 5109 ribus
639 5050 978 5123 poenitentiae
1014 5065 1164 5105 :non
1204 5049 1483 5120 imputari,
1537 5065 1638 5121 per
1688 5054 2035 5124 martyrium.

440 5142 552 5199 Alii
582 5152 765 5197 autem
793 5142 999 5207 dicunt,
1035 5140 1282 5196 remissis
1310 5156 1407 5210 per
1427 5141 1753 5212 baptismum
1778 5146 2034 5216 peccatis,

441 5234 633 5304 augeri
666 5234 988 5289 charitatem
1021 5234 1077 5288 in
1115 5232 1250 5299 Deo,
1280 5248 1400 5304 quae
1427 5236 1609 5305 operit
1637 5236 2035 5296 multitudinem

438 5336 793 5398 peccatorum
825 5345 837 5380 :
868 5335 925 5382 et
966 5326 1226 5398 deinceps
1257 5343 1367 5383 non
1411 5329 1543 5384 sinit
1584 5330 1859 5401 imputari,
1908 5332 2038 5388 dum

439 5421 601 5476 bonis
630 5420 873 5491 quotidie
905 5421 1188 5491 operibus,
1220 5421 1359 5476 mala
1383 5426 1662 5492 praeterita
1688 5434 2033 5495 superantur.

510 5513 787 5570 Beatitudo
816 5531 940 5586 ergo
961 5514 1070 5569 Itazc
1096 5516 1151 5569 in
1180 5517 1570 5572 circumcisione
1597 5529 1797 5575 tantum
1826 5532 2037 5577 manet:

438 5628 510 5666 an
529 5613 683 5665 etiam
708 5611 763 5664 in
784 5610 1036 5682 prteputio
1058 5612 1083 5663 ?
1107 5609 1239 5664 Vult
1264 5610 1423 5665 istam
1446 5611 1836 5669 beatitudinem
1862 5614 2034 5671 tribus

437 5703 777 5774 temporibus
804 5702 1082 5772 assignare
1116 5720 1128 5756 :
1160 5713 1390 5769 naturae,
1416 5713 1469 5760 et
1494 5706 1951 5775 circumcisionis,
1977 5717 2034 5765 et

436 5797 883 5855 Christianitatis.

510 5888 744 5947 Dicimus
776 5895 910 5948 enim
934 5909 954 5950 :
980 5897 1102 5966 quia
1136 5907 1375 5967 reputate
1414 5910 1490 5957 est
1530 5900 1751 5961 Abrahte
1780 5903 1912 5981 ﬁdes
1958 5905 2028 5963 ad

2148 4782 2432 4846 peccatum
2459 4786 2567 4827 non
2598 4768 2894 4826 haberetis.

2225 4865 2325 4923 Ubi
2358 4867 2496 4920 enim
2532 4881 2638 4919 non
2663 4874 2739 4921 est
2764 4865 2868 4935 lex,
2899 4881 3061 4937 neque
3089 4865 3469 4936 praevaricatio.
3504 4865 3633 4923 Ideo
3679 4882 3741 4922 ea:

2147 4961 2270 5033 ﬁde,
2312 4970 2369 5015 ut
2416 4960 2697 5015 secundum
2731 4959 2955 5031 gratiam
2995 4959 3147 5029 ﬁrma
3182 4960 3249 5015 sit
3281 4960 3556 5033 promissio
3603 4959 3743 5016 omni

2146 5054 2349 5109 semini.
2379 5054 2503 5109 Non
2530 5055 2578 5108 ei
2606 5054 2695 5126 qui
2719 5068 2784 5107 ea:
2810 5054 2919 5125 lege
2946 5062 3021 5107 est
3058 5053 3249 5119 solum,
3276 5054 3367 5108 sed
3393 5062 3442 5108 et
3469 5055 3541 5122 ei,
3566 5054 3655 5126 qui
3678 5069 3741 5107 es;

2147 5147 2251 5216 ﬁde
2280 5158 2355 5201 est
2386 5145 2627 5216 Abralue,
2650 5147 2738 5216 qui
2765 5156 2839 5201 est
2871 5155 3015 5217 pater
3046 5146 3279 5201 omnium
3306 5154 3543 5203 nostrum
3567 5164 3585 5200 :
3612 5148 3741 5201 sicut

2143 5241 2525 5315 scriptum’est.
2554 5240 2687 5297 Cum
2724 5256 2853 5313 ergo
2894 5241 3030 5296 ﬁdes
3072 5241 3337 5296 exinaniri
3374 5257 3483 5298 non
3523 5250 3738 5314 potest,

2144 5352 2245 5392 nec
2273 5334 2563 5407 promissio
2592 5332 2801 5389 aboleri
2841 5351 2856 5389 :
2901 5348 3013 5389 non
3049 5341 3134 5388 est
3170 5348 3238 5388 ex
3268 5332 3389 5405 lege
3425 5332 3739 5398 haereditas,

2142 5429 2238 5485 sed
2264 5444 2336 5485 ex
2368 5428 2495 5483 ﬁde.
2524 5427 2637 5483 Lex
2667 5424 2813 5482 enim
2842 5441 2954 5483 non
2984 5426 3151 5481 donat
3178 5436 3428 5497 peccata,
3464 5425 3561 5482 sed
3581 5425 3741 5481 dam-

2142 5528 2238 5576 nat
2269 5538 2281 5572 :
2312 5527 2369 5575 et
2409 5518 2533 5575 ideo
2563 5533 2672 5573 non
2702 5528 2881 5590 potest
2916 5533 3107 5575 omnes
3150 5527 3340 5590 gentes
3377 5517 3524 5575 ﬁlios
3563 5520 3742 5574 facere

2144 5611 2422 5669 Abrahae:
2466 5611 2593 5682 quia
2636 5611 2936 5667 secundum
2965 5610 3107 5682 quod
3150 5626 3342 5667 omnes
3386 5611 3488 5666 sub
3516 5612 3742 5684 peccato

2144 5705 2355 5761 inventi
2399 5714 2547 5772 sunt,
2579 5719 2769 5761 omnes
2818 5714 2975 5761 erant
3022 5705 3207 5776 utique
3252 5703 3536 5775 puniendi.
3579 5703 3740 5759 Fides

2142 5813 2348 5872 autem,
2368 5800 2608 5859 dimissis
2630 5816 2728 5873 per
2753 5806 2981 5874 gratiam
3005 5802 3267 5874 peccatis,
3294 5815 3487 5857 omnes
3506 5800 3735 5857 creden-

2141 5910 2227 5959 tes
2246 5898 2387 5961 ﬁlios
2408 5902 2575 5965 eflicit
2597 5898 2832 5959 Abrahae
2858 5919 2871 5957 :
2902 5899 3019 5960 sive
3039 5897 3165 5971 quia
3184 5912 3295 5961 uon
3322 5900 3574 5972 estquod
3595 5910 3738 5971 prae-
