4002 6312
233 260 356 322 605

955 254 1493 318 COMMENTARIUS
1528 256 1596 317 IN
1633 256 2023 320 EPISTULAM
2062 260 2156 319 AD
2193 259 2538 324 ROMANOS.
2575 260 2729 321 CAP.
2770 261 2840 321 V.

3432 268 3539 331 666

222 379 534 451 varicetur,
566 375 658 436 ubi
682 376 771 435 lex
798 388 908 433 non
935 383 1021 433 est
1050 393 1066 435 :
1106 375 1223 434 sive
1248 391 1361 434 non
1398 385 1503 448 est,
1536 376 1683 449 quod
1718 377 1841 434 vin-
1863 379 1919 443 Α
1953 378 2092 436 ﬁlios
2105 393 2227 435 esse
2250 380 2349 435 soli
2370 380 2541 437 Judaei
2562 379 2869 453 putabant),
2897 378 3378 451 ostenditratione,
3394 383 3541 455 quod

223 477 475 545 dicetur,
504 475 595 533 ubi
622 474 713 532 lex
742 472 1054 530 necessaria
1083 488 1191 530 non
1221 484 1327 530 est.

309 570 452 638 Quia
470 578 672 642 patrem
690 567 972 622 multarum
992 568 1225 642 gentium
1241 567 1396 637 posui
1423 574 1472 621 te
1496 575 1614 622 ante
1636 565 1831 637 Deum,

223 664 320 719 cui
339 662 631 719 credidisti.
661 660 801 719 Ante
822 660 1023 730 Deum,
1052 661 1141 734 qui
1165 671 1321 734 pater
1341 670 1425 718 est
1447 661 1688 719 omnium
1714 677 1835 720 cre-

220 756 508 815 dentium.

308 849 420 918 Qui
442 848 671 917 viviﬁcat
699 857 949 903 mortuos.
981 846 1080 903 llic
1099 855 1345 904 mortuos
1370 846 1443 904 ad
1463 847 1832 921 generandum

217 940 389 1008 dicit,
419 950 482 996 ut
507 941 757 1011 presenti
779 939 1065 997 conveniat
1096 954 1295 996 causae.

298 1032 377 1089 Et
406 1043 556 1091 vocat
578 1052 659 1101 ea,
696 1050 815 1106 qua:
851 1051 954 1089 non
983 1044 1123 1100 sunt,
1152 1046 1415 1107 tamquam
1439 1052 1522 1105 ea,
1550 1052 1666 1109 quia
1688 1030 1829 1093 aunt.

218 1128 498 1197 Quamvis
527 1136 584 1186 et
606 1132 661 1185 in
686 1127 957 1200 principio
979 1130 1274 1196 vocaverit,
1299 1145 1418 1201 qute
1446 1145 1556 1186 non
1578 1139 1755 1199 erant,
1777 1141 1831 1188 et

220 1224 421 1280 statim
447 1236 574 1279 esse
602 1230 890 1293 coeperunt
923 1239 937 1276 :
970 1228 1155 1278 tamen
1186 1221 1275 1277 hic
1303 1221 1372 1278 de
1414 1220 1511 1278 ﬁlii
1543 1222 1831 1294 desperata

226 1314 597 1385 conceptione
624 1312 921 1386 signiﬁcat,
952 1313 1078 1385 quia
1102 1312 1217 1384 jam
1249 1327 1356 1370 non
1390 1321 1548 1371 erant
1575 1316 1655 1372 eis
1695 1322 1832 1373 tem-

231 1424 371 1481 pora
396 1406 711 1480 generandi.

268 1498 271 1499 ⁷
308 1502 408 1570 Qui
444 1511 630 1558 contra
658 1517 801 1574 spem
835 1501 891 1557 in
916 1517 1008 1574 spe
1037 1502 1275 1557 credidit.
1302 1501 1506 1559 Contra
1545 1518 1698 1574 spem
1732 1518 1830 1560 na-

230 1605 377 1652 tura:
401 1603 491 1651 est
530 1614 544 1649 :
595 1602 656 1650 ut
682 1603 905 1651 centum
950 1608 1216 1650 annorum
1264 1594 1428 1651 homo
1479 1583 1546 1651 ex
1599 1596 1830 1653 muliere

221 1705 384 1763 seque
400 1690 514 1761 jam
540 1688 683 1745 fessa
701 1730 719 1757 ,
746 1705 868 1760 quae
895 1689 1060 1745 etiam
1083 1689 1135 1744 in
1151 1689 1436 1761 juventute
1463 1691 1663 1746 sterilis
1694 1692 1828 1748 fuis-

1858 544 1861 549 η
1938 488 2046 529 non
2095 489 2287 543 genus,
2328 490 2430 531 nec
2476 475 2841 541 circumcisio,
2885 475 2980 531 sed
3010 476 3147 531 ﬁdes
3190 476 3352 532 faciat
3392 476 3538 535 ﬁlios

1936 567 2171 623 Abrahae
2204 568 2296 639 qui
2327 583 2396 623 ex
2424 569 2536 623 sola
2568 570 2741 640 prima
2783 568 2890 624 ﬁde
2915 569 3246 639 justiﬁcatns
3273 580 3377 626 est.
3421 569 3539 639 Qua

1932 660 2147 717 ratione
2176 660 2456 729 conclusa,
2499 676 2687 733 pacem
2716 675 2811 717 eos
2834 662 3039 719 habere
3077 664 3327 719 hortatur
3354 663 3539 735 :fquia

1932 767 2096 809 nemo
2142 768 2243 809 suo
2284 753 2503 823 merito,
2548 753 2646 810 sed
2692 769 2879 812 omnes
2918 754 3203 828 aequaliter
3228 755 3327 812 Dei
3362 756 3537 828 gratia

1931 856 2060 901 sunt
2089 845 2311 927 salvati.‘

2003 936 2199 993 Pacem
2227 938 2511 994 habeamus
2537 940 2604 994 ad
2651 938 2823 995 Deum
2851 955 2942 1012 per
2972 938 3257 996 Dominum
3296 951 3531 998 nostrum

1931 1029 2113 1085 Jesum
2156 1028 2441 1085 Christum.
2474 1030 2574 1086 Vel
2610 1031 2842 1101 subjecti
2892 1047 3082 1088 sumus
3125 1033 3341 1105 utrique
3380 1034 3532 1091 Deo:

1930 1123 2049 1180 sive
2076 1138 2268 1194 pacem
2296 1123 2416 1192 Dei,
2450 1141 2558 1181 non
2590 1133 2798 1181 tantum
2829 1125 3039 1194 saeculi,
3072 1127 3389 1185 habeamus.

2005 1215 2111 1272 Per
2151 1234 2304 1289 quem
2342 1228 2389 1273 et
2418 1234 2682 1273 accessum
2722 1218 2970 1274 habemus
3000 1236 3091 1292 per
3128 1220 3284 1291 ﬁdem
3311 1223 3365 1275 in
3408 1238 3535 1292 gra-

1930 1310 2057 1365 tiam
2083 1311 2257 1368 istam.
2289 1311 2394 1369 Per
2417 1328 2577 1386 quem
2608 1312 2941 1371 accessimus
2961 1329 3131 1387 prope
3154 1358 3171 1384 ,
3203 1315 3293 1388 qui
3316 1330 3533 1373 eramus

1930 1403 2113 1475 longe.

2002 1494 2071 1548 In
2099 1511 2203 1567 qua
2230 1503 2451 1552 stamus.
2487 1496 2592 1564 Qui
2618 1505 2742 1552 ante
2760 1496 3100 1569 jacehamns.
3546 1558 3549 1561 ,

2002 1584 2074 1641 Et
2099 1587 2390 1659 gloriamur
2418 1589 2472 1643 in
2503 1606 2594 1658 spe
2619 1578 2800 1662 gloria:
2825 1590 3058 1661 ﬁliorum
3088 1591 3203 1646 Dei.
3229 1591 3536 1651 Gloriamur

1929 1695 2029 1737 nos
2058 1697 2280 1753 sperare
2305 1683 2538 1741 ﬁliorum
2568 1686 2667 1741 Dei
2696 1688 2926 1759 gloriam
2973 1703 3351 1760 possessuros.
3388 1692 3531 1747 Tan-

219 1790 329 1853 set,
366 1797 555 1839 semen
582 1791 738 1838 suum
769 1782 911 1838 sicut
931 1781 1117 1838 stellas
1144 1780 1273 1838 coeli
1301 1781 1552 1839 crederet
1579 1797 1702 1840 esse
1740 1783 1825 1840 fu-
1853 1772 1904 1834 B
1932 1784 2152 1846 tumque
2181 1784 2289 1843 est,
2330 1778 2475 1848 quod
2508 1793 2816 1850 speramus,
2858 1792 3119 1853 quantum
3149 1798 3216 1840 ex
3247 1800 3308 1840 se
3350 1785 3533 1843 nullus

219 1886 439 1932 turum.

295 1972 376 2029 Ut
407 1972 555 2043 ﬁeret
590 1981 737 2044 pater
765 1973 1054 2028 multarum
1077 1972 1306 2047 gentium
1332 1989 1353 2028 :
1383 1974 1665 2030 secundum
1690 1976 1828 2048 quod

220 2066 429 2121 dictum
455 2075 529 2121 est
550 2066 597 2120 ei
616 2082 637 2120 :
665 2064 758 2122 Sic
785 2066 881 2121 erit
906 2083 1076 2121 semen
1102 2077 1247 2122 tuum
1266 2067 1398 2122 sicut
1426 2068 1590 2124 stellte
1613 2071 1749 2137 cali,
1778 2078 1828 2126 et

222 2169 491 2230 tamquam
518 2173 683 2212 arena
708 2159 889 2213 maris.
923 2159 1028 2228 Qui
1060 2174 1163 2216 nec
1184 2159 1343 2216 unius
1371 2157 1466 2215 lilii
1488 2159 1603 2231 jam
1642 2176 1739 2232 per
1763 2176 1827 2219 se

218 2268 353 2309 esse
373 2260 588 2323 poterat
615 2260 787 2333 pater.

292 2345 371 2400 Et
396 2362 500 2402 non
538 2344 831 2415 inﬁrmatus
868 2352 943 2399 est
979 2344 1034 2399 in
1062 2345 1185 2415 ﬁde.
1224 2344 1520 2415 Quaeritur,
1550 2348 1824 2417 quomodo

218 2438 526 2509 Abraham,
552 2437 665 2509 jam
691 2447 944 2495 emortuo
962 2452 1214 2510 corpore,
1244 2438 1385 2495 ﬁlios
1409 2439 1478 2496 de
1498 2439 1711 2496 Caetura
1730 2456 1824 2511 ge-

219 2531 527 2599 neraverit,
566 2529 656 2602 qui
682 2529 751 2587 de
772 2529 913 2585 Sara
951 2538 1077 2585 ante
1117 2545 1223 2586 non
1255 2530 1467 2601 potuit?
1504 2530 1712 2589 Idcirco
1752 2534 1823 2590 de

220 2625 371 2680 Sara
395 2638 504 2679 non
540 2624 741 2694 genuit,
788 2624 915 2695 quia
943 2633 999 2679 et
1032 2639 1201 2680 senex
1230 2636 1347 2680 erat
1380 2634 1436 2681 et
1472 2626 1676 2683 sterilis
1713 2645 1727 2682 :
1765 2628 1820 2685 in

224 2717 326 2772 illa
350 2731 486 2772 vero
511 2716 656 2787 quasi
687 2716 745 2772 in
768 2715 991 2787 juvene,
1021 2731 1184 2772 cursu
1214 2727 1422 2773 natura:
1446 2715 1607 2774 facile
1643 2720 1822 2790 potuit

219 2826 513 2883 generare.

292 2904 426 2960 Non
450 2903 795 2960 consideravit
822 2921 1007 2978 corpus
1028 2920 1180 2960 suum
1200 2911 1490 2959 emortuum
1512 2921 1533 2961 :
1561 2920 1678 2960 cum
1709 2908 1817 2977 fere

216 3009 430 3055 centum
469 3008 600 3055 esset
638 3016 919 3069 annorum,
958 3008 1009 3055 et
1057 3009 1341 3055 emortuam
1373 2998 1581 3055 vulvam
1620 2998 1771 3056 Sara:
1796 3015 1816 3054 :

218 3094 361 3151 Nihil
413 3104 628 3151 naturae
674 3093 988 3150 considerat
1017 3092 1177 3161 ﬁdes,
1220 3092 1343 3165 quia
1380 3093 1813 3165 omnipotentem

227 3185 367 3242 novit
394 3199 544 3253 esse,
572 3184 667 3257 qui
695 3184 850 3241 dixit.

293 3277 354 3333 In
378 3277 786 3348 repromissione
819 3278 976 3331 etiam
1012 3276 1112 3332 Dei
1149 3292 1254 3332 non
1289 3274 1538 3331 haesitavit
1574 3276 1818 3348 difﬁden—

226 3372 309 3440 tia,
328 3372 426 3428 sed
457 3373 783 3443 confortatus
810 3378 884 3425 est
913 3369 1037 3439 fide.
1065 3368 1176 3425 Nec
1195 3367 1265 3425 de
1293 3383 1375 3436 se,
1406 3383 1507 3426 nec
1533 3367 1603 3424 de
1628 3384 1819 3426 senec-

221 3466 337 3523 tutis
372 3464 838 3537 impossibilitate,
878 3479 979 3521 nec
1022 3463 1091 3521 de
1130 3463 1507 3537 promissionis
1545 3465 1816 3536 magnitu-

215 3558 335 3616 dine
379 3558 676 3615 dubitavit.

278 3652 434 3708 Dans
463 3650 689 3723 gloriam
715 3648 829 3706 Deo
851 3667 871 3705 :
893 3650 1191 3721 plenissime
1214 3650 1404 3719 sciens,
1427 3650 1548 3722 quia
1566 3666 1817 3723 quaecum-

210 3766 302 3819 que
324 3747 576 3822 promisit
605 3744 771 3815 Deus,
798 3754 984 3816 potens
1011 3754 1083 3800 est
1116 3756 1164 3802 et
1191 3746 1382 3818 facere.
1408 3744 1707 3819 Tamquam
1747 3746 1816 3803 de

209 3852 440 3913 recepto
467 3840 671 3911 gratias
698 3854 889 3910 agens.
893 3852 931 3913 λ,
1666 3834 1671 3839 ⁴

272 3935 419 3991 Idea
453 3942 503 3988 et
546 3939 837 4004 reputatum
865 3938 940 3987 est
981 3931 1063 3986 illi
1098 3928 1169 3985 ad
1199 3929 1487 4005 justitiam.
1519 3928 1659 3998 Quia
1704 3936 1816 3987 tam

206 4030 481 4103 perfecte,
508 4035 565 4084 et
592 4026 821 4082 ﬁrmiter
843 4024 1097 4081 credidit.

274 4122 417 4177 Non
437 4129 515 4176 est
540 4130 713 4175 autem
742 4121 994 4191 scriptum
1020 4128 1223 4173 tantum
1245 4126 1458 4192 propter
1476 4118 1669 4188 ipsum,
1694 4117 1817 4191 quia

206 4225 511 4287 reputatum
546 4223 619 4269 est
660 4213 740 4268 illi
778 4214 845 4267 ad
879 4212 1143 4283 justitiam
1173 4229 1192 4268 :
1235 4212 1327 4268 sed
1365 4221 1412 4267 et
1452 4223 1659 4286 prapter
1696 4229 1814 4280 nos,

202 4311 401 4381 quibus
442 4305 786 4377 reputabitur.
831 4305 950 4361 Non
991 4314 1051 4361 ut
1078 4306 1196 4376 ejus
1230 4306 1408 4362 solum
1445 4307 1610 4363 ﬁdem
1648 4307 1817 4363 scire-

205 4417 325 4459 mus
354 4442 374 4467 ,
410 4415 518 4470 qua
548 4399 779 4455 Domino
808 4398 1012 4470 placuit
1051 4416 1067 4455 :
1101 4401 1192 4472 qui
1223 4400 1345 4455 ideo
1374 4401 1537 4457 etiam
1584 4408 1817 4458 tentatus

204 4504 305 4562 cst,
342 4503 411 4550 ut
438 4500 492 4549 et
523 4493 640 4563 ipse
665 4508 726 4549 se
756 4502 964 4561 nosset,
994 4500 1052 4549 et
1077 4507 1178 4548 nos
1203 4508 1579 4564 sequeremur.
1620 4506 1634 4561 ι

1928 1873 2155 1929 auderet
2179 1892 2193 1927 :
2222 1889 2291 1930 ne
2320 1890 2429 1930 non
2458 1891 2604 1947 spes,
2637 1878 2733 1933 sed
2762 1877 3099 1949 blaSphemia
3129 1890 3429 1951 putaretur,
3463 1897 3530 1936 eo

1927 1966 2075 2037 quod
2103 1966 2291 2045 multis
2322 1982 2422 2040 pro
2449 1982 2547 2024 sua
2576 1970 2951 2043 magnitudine
2990 1971 3309 2031 incredibile
3346 1974 3532 2033 videa-

1928 2070 2036 2118 tur.

1999 2156 2126 2213 Non
2154 2156 2325 2212 solum
2353 2166 2550 2227 autem,
2581 2160 2673 2214 sed
2696 2170 2742 2214 et
2771 2160 3066 2233 gloriamur
3093 2161 3150 2215 in
3179 2161 3531 2219 tribulationi-

1926 2251 2017 2306 bus
2057 2268 2076 2307 :
2119 2253 2333 2309 scientes
2369 2255 2508 2325 quod
2554 2254 2825 2309 tribulatio
2878 2256 3181 2327 patientiam
3237 2266 3483 2331 cperatur
3510 2274 3532 2314 :

1927 2346 2181 2416 patientia
2227 2356 2400 2401 autent
2450 2347 2825 2415 probationem.
2881 2347 2998 2402 Non
3049 2348 3223 2404 solum
3265 2351 3317 2404 in
3347 2350 3540 2420 glorize

1925 2452 2048 2509 spe,
2078 2438 2176 2495 sed
2204 2440 2371 2494 etiam
2398 2440 2452 2495 in
2475 2440 2846 2497 saluberrimis
2876 2441 3309 2499 tribulationibus
3336 2445 3535 2516 gloria-

1924 2548 2067 2601 mur,
2094 2533 2522 2604 magnitudinem
2555 2534 2765 2604 przemii
2795 2546 3189 2606 cognoscentes
3209 2583 3224 2608 ,
3258 2539 3399 2594 sicut
3440 2537 3531 2595 Ja-

1921 2627 2092 2682 cobus
2122 2625 2200 2681 ait
2225 2625 2431 2683 :Omne
2456 2627 2714 2698 gaudium
2739 2629 3067 2685 existimate.
3096 2629 3315 2699 fratres,
3350 2639 3405 2687 et
3441 2647 3531 2686 re-

1920 2718 2087 2790 liqua.
2131 2716 2289 2774 Unde
2335 2727 2393 2774 et
2439 2718 2680 2790 gaudere
2723 2719 2985 2776 debemus
3028 2720 3229 2793 aliquid
3272 2725 3381 2793 patl
3430 2739 3533 2796 pro

1920 2810 2145 2866 nomine
2175 2810 2294 2879 Dei,
2334 2819 2395 2865 ut
2423 2812 2772 2882 acquiramus
2801 2812 2871 2869 de
2913 2814 3263 2872 tribulatione
3292 2815 3531 2872 ﬁnienda

1917 2904 2204 2975 praemium
2251 2904 2542 2960 inﬁnitum.
2604 2904 3058 2964 Consideratione
3114 2909 3259 2965 enim
3315 2912 3527 2982 praemii

1918 2996 2126 3052 nullum
2196 3011 2483 3068 possumus
2540 2999 2869 3072 condignum
2920 3001 3195 3057 aestimare
3256 3002 3522 3061 laborem.

1916 3086 2052 3143 Nam
2080 3098 2137 3143 et
2169 3089 2372 3144 scimus
2402 3088 2651 3146 homines
2690 3102 2913 3163 propter
2944 3106 3135 3148 aurum
3178 3093 3324 3150 ultro
3366 3109 3428 3151 se
3458 3095 3529 3152 ad

1842 3164 1890 3228 ί)
1919 3181 2122 3239 bestias
2160 3182 2424 3254 deputare
2446 3200 2480 3247 ,ε
2508 3184 2655 3253 quod
2678 3192 2859 3241 tamen
2894 3185 2950 3240 in
2981 3194 3242 3242 aeternum
3292 3203 3400 3243 non
3432 3203 3530 3259 po-

1922 3284 2145 3333 tuerunt
2174 3276 2457 3347 possidere
2496 3296 2508 3331 :
2544 3286 2747 3348 quanto
2770 3277 2944 3349 magis
2973 3293 3073 3334 nos
3102 3280 3354 3350 exemplo
3382 3280 3530 3351 Apo-

1920 3370 2188 3426 stolorum
2221 3370 2275 3424 in
2298 3369 2738 3426 tribulationibus
2762 3371 3000 3442 gaudere
3028 3370 3355 3427 debeamus!
3390 3373 3524 3442 Quae

1920 3464 2141 3537 quidem
2177 3480 2301 3519 cum
2330 3464 2441 3518 sint
2466 3464 2797 3535 temporales
2822 3507 2837 3533 ,
2866 3474 3130 3520 aeternam
3175 3464 3405 3521 salutem
3436 3481 3528 3522 ac-

1919 3558 2185 3629 quirunt:
2227 3567 2284 3612 et
2312 3572 2340 3610 a
2378 3556 2661 3613 doloribus
2704 3557 2941 3614 liberant
2980 3558 3349 3631 sempiternis.
3389 3557 3529 3616 Cum

1919 3651 2074 3706 multi
2125 3658 2349 3721 propter
2399 3664 2553 3721 Spem
2596 3664 2778 3722 parvae
2817 3650 3029 3717 salutis,
3080 3658 3136 3708 et
3182 3665 3368 3707 curam
3405 3666 3530 3708 cor-

1918 3742 2069 3814 poris
2093 3787 2108 3812 ,
2142 3743 2409 3797 maximos
2435 3744 2797 3799 sustinuerint
2825 3743 3102 3800 cruciatus
3148 3760 3164 3797 :
3209 3758 3310 3799 nec
3340 3754 3526 3801 tamen

1918 3837 2211 3907 perlectam
2243 3845 2472 3907 possunt
2497 3838 2756 3909 consequi
2784 3837 3070 3893 sanitatem
3096 3853 3112 3895 :
3144 3852 3265 3908 quae
3292 3837 3454 3894 etiam
3478 3838 3527 3895 si

1919 3932 2256 4003 provenerit,
2282 3930 2443 4002 paulo
2467 3938 2610 4001 post,
2636 3939 2814 3986 morte
2839 3929 3237 3996 intercedente,
3263 3930 3527 3985 solvetur.

1920 4023 2198 4080 Habemus
2221 4037 2351 4094 ergo
2380 4022 2524 4078 unde
2549 4024 2802 4091 honeste,
2830 4031 2887 4078 et
2910 4022 3033 4078 sine
3060 4022 3304 4103 periculq
3327 4022 3526 4094 glorie-

1916 4133 2059 4174 mur.
2091 4117 2282 4187 Magna
2307 4116 2451 4189 enim
2476 4116 2648 4188 gloria
2674 4125 2759 4172 est
2798 4115 2867 4171 de
2896 4115 3025 4171 imis
3050 4116 3118 4170 ad
3151 4130 3367 4171 summa
3403 4130 3525 4172 cre-

1918 4222 2073 4264 scere
2101 4225 2115 4262 :
2146 4207 2215 4263 de
2249 4207 2423 4264 nihilo
2456 4207 2523 4261 ad
2557 4208 2790 4262 maxima
2835 4207 3120 4277 pervenire
3150 4225 3162 4259 :
3196 4206 3266 4262 de
3295 4205 3427 4262 limo
3454 4206 3524 4263 ad

1919 4303 2144 4371 coelum,
2178 4311 2236 4359 et
2273 4302 2342 4358 de
2369 4302 2634 4358 servitute
2663 4317 2927 4357 vocamur
2953 4301 3021 4356 ad
3051 4316 3281 4372 regnum
3311 4318 3325 4355 :
3368 4302 3414 4356 si
3443 4312 3523 4357 ta-

1920 4411 2046 4452 men
2074 4395 2223 4451 omni
2264 4394 2449 4450 saeculi
2477 4394 2652 4464 gloria
2676 4435 2692 4461 ,
2723 4402 2780 4449 et
2815 4392 3159 4464 jucunditate
3188 4401 3525 4463 centempta,

1920 4489 1975 4545 in
2002 4489 2098 4545 illo
2124 4489 2265 4558 solo,
2294 4488 2441 4559 quod
2464 4488 2621 4543 nobis
2645 4487 3001 4557 promittitur,
3024 4486 3343 4558 gloriemur.
3369 4486 3528 4554 Quod

272 4587 622 4645 Credentibus
649 4589 705 4642 in
730 4606 872 4655 eum,
909 4589 1001 4661 qui
1029 4589 1293 4645 suscitavit
1329 4588 1514 4644 Jesum
1540 4588 1808 4645 Christum
1833 4573 1887 4634 Γ)
1912 4592 1967 4639 et
1994 4584 2039 4638 si
2071 4581 2332 4648 feceritis,
2367 4581 2474 4636 tale
2502 4589 2608 4647 est,
2643 4580 2803 4650 quale
2827 4578 2876 4634 si
2903 4578 3046 4650 quis,
3081 4593 3305 4633 nummo
3346 4578 3524 4649 plum-

212 4681 501 4737 Dominum
532 4690 764 4736 nostrum
805 4698 837 4736 a
866 4682 1102 4737 mortuis.
1134 4681 1192 4737 Si
1224 4692 1334 4738 tam
1364 4683 1600 4754 perfecte
1630 4685 1810 4740 credi-

208 4775 460 4831 derimus
486 4772 763 4829 Christum
787 4788 817 4829 a
847 4774 1074 4829 mortuis
1110 4776 1510 4830 resurrexisse:
1538 4777 1814 4846 quomodo

210 4870 300 4927 ille
328 4869 571 4927 credidit
593 4886 789 4943 corpus
821 4885 978 4927 suum
1007 4886 1170 4941 posse
1195 4871 1263 4927 ad
1283 4872 1655 4942 generandum
1682 4872 1814 4930 vivi-

212 4964 368 5020 ﬁcari
393 4964 505 5036 jam
533 4973 830 5020 mortuum.

283 5057 394 5127 Qui
415 5058 640 5111 traditus
661 5068 734 5113 est
758 5066 968 5131 prapter
988 5057 1177 5115 delicta
1199 5067 1402 5128 nostra,
1429 5067 1479 5115 et
1503 5065 1812 5117 ressurrexit

213 5160 429 5222 propter
460 5151 892 5223 justi/icationem
932 5163 1181 5208 nostram.
1212 5152 1317 5222 Qui
1345 5163 1519 5209 morte
1553 5169 1672 5220 sua,
1714 5169 1813 5209 no-

212 5255 321 5299 stra
357 5252 582 5315 peccata
606 5246 841 5300 abolevit
877 5263 894 5302 :
936 5248 1072 5302 etin
1110 5262 1174 5304 ea
1202 5248 1490 5315 qualitate,
1522 5263 1624 5319 qua
1662 5263 1811 5303 mor-

214 5347 338 5394 tuus
363 5344 466 5403 est,
500 5338 810 5395 necessario
838 5354 1129 5412 resurgens
1158 5341 1431 5413 apparuit,
1466 5352 1521 5397 ut
1542 5341 1810 5413 justitiam

213 5429 553 5486 credentium
577 5429 946 5487 conﬁrmaret.

838 5524 1071 5584 CAPUT
1106 5526 1175 5583 ν.

287 5617 571 5689 Justiﬁcati
613 5618 772 5692 igitur
806 5635 871 5673 ex
904 5619 1027 5689 ﬁde.
1069 5619 1405 5677 Pertractata
1443 5637 1605 5679 causa
1642 5638 1809 5695 quare

216 5728 381 5770 nemo
406 5729 595 5771 eorum
621 5730 689 5772 ex
712 5714 968 5785 operibus
987 5700 1315 5787 justiﬁcatus
1342 5716 1448 5785 sit,
1485 5718 1581 5774 sed
1619 5733 1808 5775 omnes

218 5819 287 5862 ex
337 5806 436 5867 ﬁde
479 5809 646 5883 (quod
696 5809 944 5881 exemplo
983 5809 1217 5869 Abrahae
1260 5810 1451 5883 probat
1490 5830 1505 5865 :
1554 5811 1710 5883 cujus
1745 5826 1809 5870 se

1913 4675 2018 4732 beo
2037 4681 2371 4746 contempto,
2393 4687 2659 4744 gemmam
2676 4673 2878 4742 regiam
2900 4679 3272 4742 consequatur
3298 4688 3310 4722 :
3337 4685 3520 4739 quam-

1916 4785 2077 4841 quam
2123 4782 2225 4825 nec
2269 4770 2340 4823 sit
2374 4766 2538 4839 digna
2577 4764 2932 4836 comparatio,
2973 4763 3101 4837 quia
3143 4763 3388 4836 quamvis
3435 4763 3524 4818 hic

1916 4864 2152 4936 pretium
2190 4860 2359 4918 distet
2388 4877 2403 4917 :
2436 4868 2617 4915 tamen
2664 4867 2850 4914 manet
2881 4858 3163 4930 utriusque
3204 4856 3521 4926 corruptio;

1916 4958 1992 5015 ibi
2022 4972 2155 5014 vero
2200 4953 2708 5027 incorruptibilibus
2736 4961 3019 5026 corrupta,
3071 4962 3126 5008 et
3169 4950 3389 5007 aeternis
3424 4962 3519 5005 ca-

1916 5036 2057 5108 duca
2088 5059 2385 5105 mutantur.

1991 5143 2245 5200 Probatio
2270 5159 2387 5198 vero
2410 5158 2551 5215 spem
2575 5158 2594 5197 :
2616 5157 2732 5212 spes
2752 5147 2925 5196 autem
2946 5154 3048 5193 non
3069 5133 3365 5206 confundit.
3390 5135 3529 5206 Spes

1918 5239 2226 5296 futurorum
2255 5251 2473 5293 omnem
2503 5234 2882 5291 confusionem
2928 5230 3177 5299 expellit.
3216 5227 3369 5284 Unde
3397 5243 3525 5299 pro.

1918 5336 2078 5391 batur
2103 5350 2215 5390 non
2248 5303 2460 5389 habere
2502 5346 2678 5403 spem,
2724 5328 2816 5399 qui
2845 5323 3136 5399 praeceptis
3171 5322 3524 5381 confunditur

1919 5427 2142 5485 Christi.

1986 5520 2123 5589 Quia
2166 5518 2397 5575 charitas
2430 5515 2531 5573 Dei
2580 5514 2775 5583 diffusa
2816 5521 2892 5567 est
2933 5512 2991 5567 in
3021 5510 3262 5566 cordibus
3303 5508 3515 5563 nostris.

1920 5615 2235 5691 Magnitudo
2257 5613 2647 5672 beneﬁciorum
2676 5609 2886 5665 excitat
2919 5609 2975 5665 in
3007 5623 3068 5664 se
3091 5604 3519 5677 magnitudinem

1911 5712 2231 5779 charitatis;
2263 5726 2385 5783 quae
2410 5706 2648 5780 perlecta
2678 5703 2925 5773 conﬁdit,
2960 5710 3016 5759 et
3041 5702 3238 5758 timere
3265 5713 3375 5755 non
3417 5714 3517 5754 no-

1908 5808 2005 5867 vit.
2034 5807 2165 5864 ltem
2217 5802 2505 5863 manifeste
2543 5800 2649 5859 hoc
2678 5800 2916 5859 ostendit
2959 5795 3129 5874 :quia
3158 5806 3513 5872 quaecumque
