3970 6304
439 336 544 396 667
1461 326 1520 396 s.
1562 310 1937 397 HIERONYMI
1976 318 2261 399 OPERUM
2301 338 2667 401 MANTISSA.
3610 344 3717 403 eos

439 456 751 515 hominibus
774 472 802 514 a
827 456 936 514 Deo
961 456 1120 515 Patre
1140 457 1433 530 donantur,
1461 474 1560 530 per
1586 452 1845 532 Spiritum
1874 474 2029 515 sanc—
2055 454 2109 521 Ᾱ
2132 462 2530 516 contemnendo
2556 507 2570 531 ,
2619 462 2759 516 sicut
2807 456 2943 517 dicit
2987 461 3280 533 Apostolus
3305 479 3320 519 :
3377 462 3542 519 Scitis
3590 464 3714 533 quia

438 560 551 607 tum
584 552 911 607 tribuuntur.
2132 553 2363 609 amicitia
2397 554 2555 624 hujus
2589 544 2773 609 mundi
2820 540 3035 610 inimica
3070 565 3155 612 est
3190 550 3301 611 Deo
3331 576 3341 609 :
3376 546 3720 626 Quicumque

514 642 623 700 Per
651 644 913 715 Spiritum
941 655 1215 711 sanctum,
1256 645 1346 715 qui
1375 645 1526 700 datus
1564 653 1641 700 est
1686 645 1852 700 nobis.
1884 636 2031 713 Quo-
2132 650 2277 703 cnim
2318 649 2546 703 voluerit
2588 650 2793 703 amicus
2822 646 2943 704 esse
2994 650 3175 705 saeculi
3224 640 3419 720 hujus,
3466 648 3720 705 inimicus

441 735 603 792 modo
634 752 732 791 nos
760 734 903 791 Deus
930 735 1158 807 diligat,
1190 752 1259 792 ex
1294 740 1395 793 hoc
1448 740 1824 809 cognoscimus
1858 756 1869 791 :
1904 738 2029 809 quia
2134 741 2230 795 Dei
2266 734 2631 811 cognoscitur.
2666 742 2868 797 Inimici
2908 757 3038 813 ergo
3068 744 3303 809 actibus,
3341 736 3449 798 non
3496 748 3711 797 natura.

442 844 548 885 non
576 829 749 884 solum
792 828 946 885 nobis
976 846 1073 900 per
1104 830 1223 885 Filii
1256 832 1338 885 sui
1371 840 1599 886 mortem
1632 841 1849 901 peccata
1882 832 2031 886 dimi-
2132 831 2492 888 Reconciliati
2528 844 2705 889 autem
2726 878 2741 903 ,
2778 834 2900 905 quia
2945 835 3214 890 conciliati
3248 835 3574 890 naturaliter
3605 834 3720 890 fue-

437 924 532 991 sit,
583 923 681 979 sed
709 932 766 980 et
800 924 1059 994 Spiritum
1091 936 1337 979 sanctum
1367 925 1523 980 nobis
1560 924 1755 993 dedit,
1790 926 1880 997 qui
1919 925 2030 994 jam
2133 916 2337 979 ramus.

442 1019 690 1075 ostendat
717 1018 952 1088 gloriam
982 1017 1311 1076 futurorum.
2205 1015 2375 1070 Multo
2404 1017 2565 1086 magis
2588 1012 2931 1085 reconciliati,
2959 1014 3086 1070 salvi
3109 1002 3296 1071 erimus
3322 1018 3377 1071 in
3402 1017 3506 1071 vita
3528 1010 3721 1086 ipsius.

516 1110 584 1167 Ut
614 1111 743 1183 quid
769 1112 902 1166 enim
932 1110 1167 1167 Christus
1197 1129 1313 1165 cum
1343 1112 1513 1165 adhuc
1543 1102 1737 1181 inﬁrmi
1764 1108 2034 1166 essemus?
2134 1106 2190 1163 Si
2224 1124 2316 1177 per
2343 1108 2571 1163 mortem
2603 1100 2805 1164 Christi
2830 1106 3017 1163 salvati
3049 1123 3236 1163 sumus
3265 1127 3279 1167 :
3312 1114 3516 1180 quanto
3552 1094 3726 1179 magis

442 1205 513 1263 Ut
540 1206 669 1277 quid
699 1205 939 1261 indebite
968 1222 1067 1277 pro
1100 1207 1253 1261 nobis
1283 1202 1526 1261 mortuus
1547 1218 1631 1262 est
1657 1249 1671 1273 ,
1705 1207 1807 1261 nisi
1839 1216 1893 1261 ut
1920 1222 2034 1260 ma-
2135 1201 2187 1256 in
2210 1202 2325 1269 ejn's
2341 1190 2760 1270 glorificabimur
2781 1203 2910 1265 vita,
2934 1200 2978 1255 si
3004 1213 3121 1254 eam
3144 1200 3402 1256 fuerimus
3420 1200 3650 1256 imitati!

443 1298 722 1355 nit‘estaret
748 1302 903 1355 suam
931 1298 1247 1355 charitatem
1282 1317 1295 1353 :
1329 1314 1450 1354 eum
1484 1288 1659 1357 adhuc
1689 1290 2032 1373 peceatorum
2208 1290 2331 1348 Νοη
2357 1293 2521 1348 solum
2552 1302 2745 1358 autem,
2773 1294 2861 1347 sed
2890 1301 2939 1347 ct
2964 1294 3248 1365 gloriamur
3268 1295 3329 1347 in
3354 1286 3465 1349 Deo
3490 1310 3584 1365 per
3611 1292 3724 1348 Do-

442 1403 498 1449 et
527 1393 799 1449 scelerum
829 1394 1176 1465 languoribus
1200 1394 1618 1465 premeremur?
2136 1389 2333 1442 minum
2374 1398 2609 1443 nostrum
2644 1385 2826 1442 Jesum
2857 1380 3141 1454 Christum,
3172 1405 3263 1459 per
3291 1386 3442 1456 quem
3468 1380 3608 1441 nunc
3635 1403 3723 1441 rc-

516 1486 815 1543 Secundum
845 1498 1065 1559 tempus,
1094 1486 1402 1545 secundum
1433 1496 1644 1558 tempus
1674 1487 1896 1553 inﬁrmi,
1928 1476 2034 1559 φἰο
2137 1481 2556 1534 conciliationem
2594 1480 2902 1571 accepimus.
2933 1478 3048 1533 Non
3091 1480 3267 1534 solum
3301 1478 3459 1535 nobis
3487 1480 3596 1533 vita
3621 1478 3723 1533 da-

438 1582 549 1651 jam
579 1582 855 1638 defecerat
899 1598 1039 1653 pene
1080 1583 1311 1652 justitia.
1356 1582 1485 1639 Sive
1514 1583 1640 1653 quia
1685 1583 1873 1639 ultimo
1900 1592 2006 1639 tem

2158 1571 2282 1626 ἠιιιι·
2312 1573 2663 1641 sempiterna,
2696 1574 2793 1627 sed
2824 1571 3263 1643 etiam‘qut‘edam
3298 1571 3603 1627 similitudo
3623 1587 3726 1642 per

442 1690 571 1744 pore
600 1690 788 1745 passus
819 1684 902 1731 est
937 1677 1210 1741 Christus,
1254 1675 1372 1732 sive
1412 1676 1477 1731 ad
1513 1674 1671 1731 tridui
1712 1684 1945 1747 tempus,
1976 1692 2010 1731 u

2159 1664 2409 1719 Ihristu‘m
2468 1665 2797 1735 promittitur
2855 1666 3053 1720 divinte
3113 1664 3334 1734 gloriae.
3398 1665 3541 1719 sicut
3592 1663 3727 1719 dicit

440 1768 859 1840 praedicabatur,
892 1776 977 1824 es;
1005 1778 1269 1826 mortuus,
2138 1756 2427 1843 A'postolus
2458 1757 2693 1814 Joannes
2723 1775 2737 1813 :
2762 1757 3005 1814 Nondum
3037 1760 3289 1829 apparuit
3318 1748 3451 1830 quid
3484 1758 3723 1827 erimus,

517 1857 626 1915 Pro
653 1859 827 1928 impiis
857 1868 1093 1916 mortuus
1114 1868 1186 1915 est
1222 1878 1241 1913 :
1274 1850 1399 1914 Vult
1427 1848 1733 1927 ostendere,
1771 1859 1895 1930 quia
1939 1875 2038 1931 pro
2067 1854 2115 1917 B
2143 1844 2391 1921 quoniam
2416 1862 2537 1906 Cum
2562 1852 2892 1920 θρβπιιθΐῖιν
2924 1848 3127 1907 Similes
3155 1852 3205 1907 ei
3235 1850 3457 1907 ετίπιύἐο

446 1953 625 2023 impiis
662 1960 907 2008 mortuus
947 1960 1071 2009 est:
1101 1963 1156 2007 ut
1195 1967 1261 2009 ex
1293 1952 1677 2008 beneﬁciorum
1706 1952 2008 2023 contempla

2214 1942 2495 2013 Propterea
2532 1945 2665 1999 sicut
2714 1959 2804 2012 per
2838 1959 2997 1997 unum
3038 1943 3315 1999 hominem.
3349 1941 3405 1999 Si
3438 1957 3536 2013 per
3560 1957 3726 1998 unum

447 2045 614 2115 tione,
650 2044 766 2115 ejus
786 2046 1013 2114 gratiam
1040 2042 1466 2108 commendaret,
1500 2053 1555 2099 et
1582 2045 1634 2098 in
1667 2051 1905 2100 mercato
1935 2032 2003 2101 de

2158 2034 2413 2091 inminent
2438 2034 2623 2101 Evam,
2650 2046 2926 2107 peccatum
2951 2026 3169 2091 intravit:
3193 2036 3243 2091 in
3270 2034 3553 2098 mundum,
3580 2038 3726 2091 insa-

446 2138 583 2207 licti,
624 2148 882 2210 quantum
912 2155 1037 2195 eum
1084 2139 1376 2196 debeamus
1405 2139 1651 2211 diligere,
1697 2139 2007 2195 demonStra

2162 2122 2327 2192 riunt,
2370 2118 2466 2197 qd?
2514 2129 2737 2183 dicunt:
2798 2138 3085 2199 antequam
3149 2122 3423 2199 deceperit
3478 2122 3730 2183 diabolus

446 2240 529 2287 πει
562 2250 575 2287 ε
607 2238 660 2285 ει
689 2237 839 2287 ωηιο
878 2226 1141 2287 beneﬁcio
1169 2238 1222 2286 et
1252 2240 1459 2296 εηιιριο,
1490 2246 1556 2285 an
1588 2216 1789 2301 aliquid
1830 2222 2039 2301 pmpo-
2140 2219 2329 2282 Evam,
2355 2216 2633 2289 peccatum
2658 2219 2827 2274 fuisse
2851 2222 2899 2275 in
2923 2217 3142 2275 mando.
3170 2212 3297 2274 item
3324 2218 3409 2274 bic
3434 2218 3732 2275 Ostendere

448 2323 685 2379 nendum
718 2324 809 2391 sit,
845 2324 1189 2379 videremus:
1222 2338 1342 2378 cum
1394 2322 1486 2377 ille
1530 2324 1688 2378 nobis
1730 2318 1908 2393 impiis
1940 2338 2039 2378 nec
2140 2314 2258 2369 νιιιι
2287 2322 2570 2385 propterea
2619 2316 2893 2371 Christum
2926 2330 3141 2385 passum
3167 2357 3183 2378 .
3214 2321 3272 2370 ut
3295 2312 3386 2386 qui
3423 2328 3723 2384 sequentes

446 2415 610 2471 vitam
637 2431 789 2471 suam
819 2417 1206 2487 praeposuerit,
1241 2433 1307 2471 ne
1354 2414 1712 2471 necessariam
1745 2404 1905 2472 nobis
1945 2415 2011 2472 de

2163 2407 2309 2463 idum
2344 2396 2765 2463 diseess’eramus
2793 2423 2822 2462 a
2845 2406 2963 2464 Deo
2982 2450 2998 2477 ,
3032 2423 3125 2479 per
3149 2404 3431 2464 Christum‘
3468 2408 3731 2463 recenci-

449 2520 670 2581 negaret
698 2518 951 2565 mortem.
2143 2503 2398 2559 liarem‘ur
2426 2500 2560 2557 Deo’.

530 2600 634 2655 Via:
657 2602 792 2654 enim
824 2617 917 2671 pro
942 2602 1121 2673 justo,
1150 2602 1266 2673 quis
1305 2602 1547 2655 moritur.
1590 2599 1720 2659 Ideo
1762 2618 1859 2670 pro
1887 2603 2033 2673 justo
2211 2594 2277 2651 In
2306 2598 2445 2651 hunc
2483 2596 2732 2651 mundum
2756 2606 3023 2669 peccatum
3052 2596 3297 2662 ifttravit.
3345 2602 3515 2668 et‘pcr
3541 2610 3732 2667 pecca-

447 2690 668 2747 diflicile
711 2694 959 2762 moritur,
1003 2693 1126 2765 quia
1160 2694 1336 2765 justus
1367 2708 1473 2749 non
1512 2684 1680 2749 habet
1724 2694 1881 2750 mori.
1934 2694 2039 2751 Pro
2142 2699 2274 2757 tum;
2302 2694 2439 2744 mors
2464 2705 2480 2742 -'
2507 2688 2766 2759 Exemplo
2792 2699 2813 2725 δ
2836 2686 3137 2745 “normal
3165 2687 3447 2755 QuomOdO
3471 2702 3597 2743 cum
3623 2696 3733 2743 ηοη

449 2786 716 2840 morituro
742 2788 884 2841 enim
922 2786 1058 2842 forte
1088 2787 1320 2842 moritur
1342 2787 1498 2841 alter.
2141 2786 2288 2841 esset
2335 2788 2631 2854 peccatum,
2664 2796 2758 2851 per
2800 2782 2969 2837 Adam
2996 2783 3214 2837 advenit
3244 2800 3259 2841 :
3301 2780 3378 2835 ita
3405 2781 3575 2835 etiam
3602 2795 3729 2835 cum

522 2878 665 2932 Nam
693 2894 786 2950 pro
814 2874 945 2933 bono
991 2881 1232 2950 forsitan,
1262 2881 1378 2952 quis
1409 2880 1598 2934 audeat
1648 2881 1821 2935 mori?
1860 2880 2039 2936 Bonus
2143 2894 2281 2950 pene
2330 2876 2471 2946 apud
2518 2877 2725 2931 nullum
2760 2876 2967 2944 justitia
3014 2872 3387 2939 remansisset,
3434 2888 3534 2943 per
3573 2871 3737 2928 Chri-

450 2971 567 3041 ipse
596 2976 700 3041 est,
728 2972 819 3041 qui
843 2981 900 3026 et
935 2971 1134 3041 justus.
1185 2972 1325 3026 Dicit
1354 2973 1499 3026 enim
1529 2966 1657 3027 alibi
1691 2990 1705 3028 :
1732 2972 2037 3028 Mandatum
2144 2976 2284 3026 stum
2316 2978 2397 3024 est
2425 2979 2701 3024 revocata.
2734 2966 2803 3023 Et
2823 2966 3096 3038 quomodo
3123 2982 3219 3037 per
3245 2966 3391 3021 illius
3424 2970 3735 3036 peccatum,

450 3075 720 3130 sanctum,
754 3073 810 3119 et
836 3066 1063 3134 justinn,
1094 3074 1149 3122 et
1178 3066 1399 3120 bonum.
1426 3064 1672 3121 Forsitan
1703 3068 1905 3137 autem,
1937 3066 2040 3122 hoc
2146 3076 2291 3118 mors
2336 3060 2597 3126 intravit;
2645 3062 2721 3115 ita
2768 3070 2823 3117 et
2865 3075 2958 3131 per
2989 3060 3149 3131 hujus
3172 3056 3435 3131 justitiam
3463 3102 3478 3126 ,
3510 3061 3620 3115 vita
3650 3072 3745 3117 est

449 3164 554 3222 cst,
581 3163 691 3209 tam
718 3155 874 3211 facile
901 3156 1114 3223 audeat,
1142 3171 1211 3213 ne
1241 3158 1317 3212 illi
1345 3158 1534 3228 injuria
1567 3157 1677 3213 tiat.
2071 3219 2109 3228 _
2146 3166 2393 3227 reparata
2425 3155 2624 3221 futura,
2662 3170 2768 3210 non
2800 3168 3062 3225 praesens.

523 3247 857 3303 Commendat
892 3260 1063 3305 autem
1100 3250 1399 3305 charitatem.
1428 3258 1575 3306 suam
1617 3252 1758 3308 Deus
1786 3242 1841 3308 in
1870 3255 2034 3309 nobis.
2063 3219 2117 3282 Ci
2214 3248 2281 3303 Et
2308 3251 2380 3303 ita
2410 3250 2465 3303 in
2507 3265 2683 3303 omnes
2711 3248 2943 3303 homines
2981 3264 3120 3303 mors
3150 3249 3501 3318 pertransivit.
3524 3246 3554 3286 δ
3591 3249 3733 3303 Dum

455 3340 761 3398 Amabilem
791 3343 942 3411 facit,
972 3342 1092 3399 cuni
1134 3338 1371 3400 insinuat
1400 3354 1656 3415 quantum
1692 3352 1789 3401 nes
1815 3347 2038 3419 diligat:
2144 3340 2217 3397 ita
2268 3347 2535 3413 peccant.
2584 3352 2639 3398 et
2676 3338 2925 3397 Similiter
2962 3342 3283 3397 moriuntur.
3334 3339 3450 3396 Nan
3484 3341 3643 3396 enim
3678 3342 3731 3395 in

452 3435 670 3507 quando
730 3436 875 3493 enim
945 3434 1183 3493 indebite
1236 3436 1435 3507 aliquid
1501 3438 1826 3509 praestatur,
1914 3448 2041 3497 tunc
2144 3432 2546 3505 A'braham,et‘
2593 3439 2763 3503 Isaac,
2812 3447 2867 3493 et
2902 3438 3071 3494 Jacob
3100 3438 3417 3508 pertransiit
3442 3438 3510 3492 de
3536 3437 3732 3507 quibus

456 3527 691 3583 maxime
719 3526 997 3584 charitatis
1022 3530 1457 3585 commendatur.
1488 3529 1625 3597 Quid
1648 3532 1794 3587 enim
1824 3542 1931 3586 tam
1962 3535 2045 3588 in—
2145 3528 2275 3587 dicit
2317 3528 2580 3586 Dominus
2609 3548 2622 3584 :
2660 3527 2862 3586 Omnes
2890 3530 3034 3586 cnim
3064 3530 3141 3586 illi
3172 3529 3376 3584 vivunt.
3410 3528 3509 3584 Hic
3548 3524 3721 3583 autem

456 3622 661 3691 debite,
690 3630 847 3692 quam
880 3628 936 3677 u‘t
966 3623 1085 3678 sine
1110 3634 1330 3693 peccato
1359 3618 1615 3678 Dominus
1638 3640 1736 3693 pro
1758 3626 2045 3680 servis’im-
2145 3624 2268 3679 ideo
2297 3624 2426 3678 dicit
2449 3638 2639 3680 omnes
2666 3633 2908 3679 mortuos
2934 3665 2950 3689 ,
2981 3624 3108 3694 quia
3143 3623 3196 3678 in
3224 3623 3573 3678 multitudine
3590 3635 3713 3691 pec—

458 3713 561 3784 piis
597 3710 899 3769 moreretur
930 3732 944 3770 :
975 3720 1029 3769 et
1055 3714 1434 3769 uitiversitaﬁs
1462 3713 1709 3769 conditor
1730 3714 2046 3785 dignaretur
2146 3726 2387 3772 calorum
2413 3730 2520 3772 non
2544 3716 2878 3787 excipientur
2909 3719 3064 3790 pauci
3100 3704 3254 3788 justi,
3290 3717 3432 3773 sicut
3467 3716 3532 3771 ibi
3558 3735 3571 3769 :
3602 3715 3715 3771 Non

458 3816 719 3875 apparere
757 3802 813 3860 in
850 3805 1092 3872 homine,
1136 3814 1193 3862 et
1241 3807 1515 3861 contemni
1562 3822 1661 3878 pro
1702 3808 2046 3877 reparatione
2148 3819 2251 3879 est,
2287 3811 2375 3879 qui
2416 3809 2580 3865 iaciat
2623 3812 2821 3865 bonum
2856 3829 2867 3864 :
2903 3826 3009 3865 non
3036 3820 3118 3865 est
3147 3824 3315 3880 usque
3345 3812 3411 3864 ad
3445 3824 3629 3864 unum.
3659 3807 3728 3862 Et

458 3894 693 3971 propriae
722 3898 1024 3954 creature?
2147 3904 2324 3958 omnis
2348 3903 2509 3958 homo
2538 3904 2786 3958 mendax.
2811 3904 2938 3959 Sive
2969 3904 3021 3958 in
3048 3917 3141 3957 eos
3171 3917 3359 3957 omnes
3390 3900 3730 3973 pertransiit,

536 3990 791 4058 Quoniam
814 3992 856 4045 si
878 4006 995 4046 cum
1019 3984 1189 4047 a‘dhuc
1209 4003 1499 4065 peccatores
1517 3986 1747 4049 essemus
1767 3994 2047 4049 secundum
2148 3992 2243 4064 qui
2270 3994 2508 4049 humano
2531 4034 2546 4059 ,
2588 4008 2694 4048 non
2727 3986 2941 4049 eteieSti
2980 3995 3083 4048 ritu
3114 3994 3382 4049 vivebant.
3427 3993 3563 4048 ltem
3595 4008 3739 4048 nunc

462 4090 679 4154 tempus.
712 4083 1015 4139 Notandum
1043 4086 1184 4155 quod
1222 4087 1547 4157 plerumque
1598 4088 1897 4155 Apostolus
1928 4101 2047 4143 cre-
2149 4085 2443 4154 Aposmlus
2498 4093 2725 4139 mortem
2776 4088 2973 4140 anima:
3029 4086 3341 4156 signiﬁcat:
3392 4086 3519 4154 quia
3567 4086 3741 4140 Adam

460 4176 650 4233 dentes
674 4177 785 4248 jam
815 4176 871 4231 in
899 4175 1113 4232 Christo
1144 4178 1310 4233 fuisse
1338 4190 1675 4250 peceatores,
1700 4180 1909 4245 dicens,
1934 4180 2042 4250 jam
2150 4180 2517 4249 prrcvari‘cans
2556 4182 2799 4233 mortuus
2831 4187 2914 4233 est
2934 4220 2948 4245 ,
2988 4180 3127 4233 sicut
3168 4186 3220 4233 et
3252 4178 3522 4248 Propheta
3555 4178 3694 4233 dicit
3728 4197 3741 4231 :

465 4278 570 4325 non
596 4285 719 4327 esse
747 4269 1054 4341 signiﬁcat:
1091 4280 1147 4325 ut
1174 4272 1403 4341 qualiter
1428 4287 1488 4327 se
1512 4272 1767 4327 exhibere
1792 4273 2044 4339 debeant,
2150 4272 2362 4332 Anima.
2397 4286 2517 4341 qua:
2546 4282 2751 4341 peccat,
2786 4274 2898 4341 ipsa
2929 4272 3211 4327 morietur.
3246 4271 3521 4326 Transit-it
3549 4272 3702 4327 enim
3722 4314 3739 4336 ,

466 4364 880 4434 recognoscant.
2151 4370 2205 4420 et
2227 4364 2280 4419 in
2306 4378 2496 4419 omnes
2527 4364 2796 4432 homines,
2829 4364 2920 4433 qui
2942 4363 3247 4418 naturalem
3272 4364 3444 4431 legem
3475 4366 3748 4432 prrevari—

535 4453 770 4509 Cltristus
796 4471 892 4527 pro
928 4455 1074 4509 nobis
1104 4464 1334 4509 mortuus
1361 4462 1477 4509 est:
1509 4454 1669 4510 multo
1697 4456 1857 4525 igitur
1884 4457 2047 4528 magis
2151 4458 2254 4511 cati
2283 4464 2429 4511 sunt.

456 4545 729 4617 iustiﬁcati
754 4564 910 4601 nunc.
937 4548 997 4605 Si
1016 4558 1337 4618 peccatores
1359 4556 1565 4602 tantum
1591 4546 2049 4619 dil’cxit:qttanto
2076 4619 2115 4623 _
2222 4552 2291 4605 In
2320 4568 2422 4623 quo
2469 4566 2639 4606 omnes
2685 4560 3041 4621 peccaverunt.
3094 4548 3207 4606 Hoc
3228 4558 3313 4605 est
3356 4551 3411 4606 in
3458 4564 3548 4617 eo,
3600 4550 3751 4621 quod

467 4640 636 4710 magis
664 4641 1119 4710 custodietjustos
1145 4644 1160 4698 t
2076 4619 2129 4678 D
2157 4619 2345 4701 omnes
2379 4619 2763 4715 peccaverunt,
2799 4644 3051 4714 exemplo
3079 4640 3213 4699 Adte
3241 4652 3490 4714 peccant.

537 4732 605 4788 In
634 4734 885 4804 sanguine
910 4735 1071 4806 ipsius
1108 4735 1239 4789 salvi
1267 4735 1457 4789 erimus
1490 4733 1551 4787 ab
1596 4736 1674 4789 ira
1715 4751 1807 4808 per
1850 4735 2046 4803 ipsum.
2232 4738 2402 4810 Usque
2444 4739 2511 4793 ad
2562 4740 2723 4812 legem
2768 4740 2903 4791 enim
2953 4748 3215 4810 peccatum
3263 4748 3370 4792 erat
3417 4742 3469 4793 in
3521 4740 3750 4794 mundo.

466 4826 581 4883 Non
634 4827 947 4882 animalium
979 4829 1123 4884 sicut
1170 4830 1225 4884 in
1269 4829 1409 4899 lege.
1454 4829 1757 4884 Careamus
1785 4843 1940 4900 ergo,
1978 4844 2049 4886 ne
2157 4831 2267 4888 Lex
2296 4832 2503 4901 peccati
2546 4831 2746 4885 vindex
2784 4830 3042 4885 advenit:
3075 4840 3202 4884 ante
3250 4830 3405 4899 cujus
3452 4830 3754 4886 adventum

468 4920 747 4991 peccando
785 4935 907 4975 eum
945 4921 1208 4990 pollutum
1251 4921 1493 4976 dicamus
1525 4934 1543 4975 :
1586 4921 1729 4976 sicut
1770 4920 1899 4977 dicit
1932 4922 2049 4993 ipse
2155 4925 2399 4991 liberius,
2434 4925 2517 4980 vel
2550 4923 2837 4994 praesentis
2868 4924 2991 4977 vita:
3023 4923 3359 4992 longitudine
3400 4924 3753 4979 fruebantur.

465 5014 758 5086 Apostolus
787 5014 854 5070 ad
882 5012 1161 5072 Hebrmos.
2158 5017 2284 5073 Erat
2313 5018 2530 5088 quidem
2556 5026 2683 5072 ante
2716 5017 2885 5087 legem
2916 5025 3217 5086 peceatum,
3241 5016 3335 5072 sed
3359 5033 3463 5072 non
3489 5018 3561 5072 ita
3584 5029 3756 5089 puta-

540 5108 603 5164 Si
642 5110 778 5164 enim
822 5125 938 5163 cum
972 5108 1168 5163 inimici
1206 5124 1459 5176 essemus,
1512 5110 1833 5165 reconciliati
1870 5126 2049 5166 sumus
2156 5111 2315 5166 batur
2352 5124 2473 5167 esse
2515 5121 2823 5182 peccatum,
2863 5110 2986 5179 quia
3030 5109 3140 5179 jam
3188 5123 3325 5180 pene
3367 5110 3752 5166 oblitteratum

473 5201 583 5258 Deo
621 5219 710 5275 per
738 5211 952 5258 mortem
981 5198 1111 5257 Filii
1141 5205 1275 5276 ejus.
1302 5196 1627 5259 Pce‘catores‘
1663 5202 1879 5257 inimici
1922 5213 2050 5260 sunt
2156 5206 2331 5263 fuerat
2376 5204 2430 5260 in
2476 5212 2693 5258 natura.
2740 5203 2874 5258 Item
2915 5202 3141 5258 (ﬁcens:
3197 5200 3380 5273 Usque
3426 5203 3494 5257 ad
3545 5205 3759 5273 legem,

536 5392 562 5421 ιι
592 5382 800 5438 Locum
838 5381 981 5457 hunc
1024 5380 1221 5457 Marius
1253 5381 1515 5457 Mercator
1530 5380 1609 5457 de
1655 5381 1861 5453 Pelagii
1905 5380 2044 5439 libro
2151 5390 2231 5452 iit,
2260 5390 2324 5443 de
2360 5387 2541 5457 quibus
2573 5384 2828 5439 Dominus
2855 5384 2925 5438 ait
2949 5399 2967 5438 :
2993 5382 3067 5437 Ili
3095 5398 3271 5454 omnes
3295 5384 3482 5437 vivunt.
3518 5384 3621 5437 His
3651 5399 3764 5457 an-

464 5457 543 5512 sic
583 5456 775 5528 recitat
802 5473 815 5508 :
850 5454 1098 5521 Exemplo
1122 5498 1134 5521 ,
1169 5455 1340 5520 inquit
1366 5496 1379 5517 ,
1408 5471 1495 5507 seu
1524 5454 1753 5528 imagine
1776 5469 1903 5507 usus
1936 5465 2045 5528 est:
2154 5472 2276 5521 tem,
2310 5454 2510 5528 inquit,
2538 5465 2807 5527 prapterea
2848 5458 2969 5510 dicit
3002 5472 3174 5509 omnes
3203 5468 3434 5508 mortuos
3455 5496 3469 5518 ,
3499 5456 3765 5521 quoniam

465 5530 587 5592 quia
612 5527 747 5585 sicut
773 5541 890 5579 cum
924 5541 1023 5577 non
1054 5536 1180 5578 esset
1213 5536 1517 5595 peccatum,
1555 5541 1643 5591 per
1676 5526 1839 5579 Adam
1869 5525 2047 5579 subin-
2152 5525 2483 5586 rreuttitudiue
2518 5525 2845 5596 peccatorum
2890 5544 2989 5580 non
3022 5528 3354 5595 excipiuntur
3380 5529 3533 5595 pauci
3565 5528 3704 5595 justi
3740 5546 3763 5581 .-

466 5601 619 5655 travit
649 5614 666 5651 :
696 5598 768 5671 sic
795 5607 841 5649 et
868 5611 980 5671 cu_n_t
1016 5612 1119 5671 non
1160 5598 1483 5649 remansisset
1507 5596 1719 5665 justitia
1757 5596 1899 5667 apud
1946 5595 2047 5649 ali-
2153 5604 2282 5657 sicut
2319 5613 2365 5656 et
2406 5602 2473 5654 ibi
2497 5601 2659 5669 inquit
2687 5616 2701 5651 :
2737 5600 2858 5653 Non
2898 5606 2975 5652 est
3003 5599 3094 5668 qui
3116 5599 3277 5671 faciat
3304 5598 3615 5671 bonitatem,
3644 5614 3763 5651 non

465 5687 634 5739 quem,
665 5670 767 5722 vita
799 5682 888 5739 per
909 5666 1168 5741 Christum
1196 5678 1435 5735 reparata
1464 5677 1558 5721 est.
1637 5737 1652 5741 _
1793 5666 1826 5741 '_
1986 5740 1989 5741 ν
2156 5683 2231 5728 est
2275 5689 2434 5741 usque
2476 5666 2767 5725 ad'unum.
2812 5671 2876 5723 Et
2916 5666 3279 5722 iterum'illud
3320 5670 3530 5739 inquit:
3568 5667 3764 5724 Omnis

534 5741 561 5780 b
600 5742 751 5794 Hunc
785 5736 928 5793 idem
954 5736 1221 5812 Mercator
1248 5740 1433 5793 locum
1466 5741 1536 5792 ita
1568 5737 1734 5812 refert
1754 5755 1765 5789 :
1787 5736 1927 5792 Cum
1950 5740 2045 5805 sic,
2154 5744 2307 5800 homo
2329 5736 2571 5798 mendax.
2600 5744 2699 5795 Aut
2723 5756 2855 5795 certe
2883 5760 2934 5795 tu
2960 5743 3077 5795 illos
3106 5756 3280 5794 omnes
3309 5736 3629 5812 pertransiit,
3655 5742 3759 5795 in-

463 5811 672 5889 inquit,
695 5820 950 5889 peccant,
976 5809 1211 5889 sinuliter
1251 5820 1299 5863 et
1334 5812 1647 5889 moriuntur.
1684 5807 1861 5878 Neque
1913 5811 2027 5865 θινὶ-δ

2152 5817 2292 5889 quit,
2320 5817 2405 5887 qui
2428 5818 2651 5871 humano
2678 5815 2779 5869 ritu
2799 5854 2814 5883 ,
2846 5830 2949 5869 non
2978 5812 3187 5879 caelesti,
3218 5807 3336 5866 sunt
3368 5812 3666 5865 conversati.

464 5875 557 5937 aut
579 5875 949 5955 .in'Abraham,
982 5888 1068 5933 aut
1094 5875 1247 5935 Isaac
1266 5919 1281 5949 ,
1310 5890 1399 5935 aut
1420 5878 1582 5937 Jacob
1613 5896 1751 5936 mors
1779 5875 2047 5953 pertrans-
