3970 6304
328 380 441 441 669

1036 383 1580 444 COMMENTARIUS
1621 385 1686 443 IN
1726 381 2110 446 EPISTOLAM
2157 389 2245 445 AD
2286 387 2633 450 ROMANOS.
2671 391 2826 449 CAP.
2870 394 2934 450 ν.

3524 394 3629 452 670

321 493 516 569 Moysi
541 495 809 567 signiﬁcat
839 511 853 552 :
883 495 1132 554 Infercns
1161 506 1366 566 autem,
1391 507 1669 570 peccatum
1697 514 1803 556 nou
1825 499 1928 554 im-
1959 489 2013 564 Α
2110 501 2254 557 Nam
2276 521 2379 558 non
2402 505 2536 560 sicut
2559 504 2825 572 delictum,
2858 506 2931 560 ita
2957 513 3004 561 et
3031 506 3246 565 donum.
3275 507 3352 566 Ne
3378 507 3432 564 in
3456 508 3626 566 lorma

326 599 572 658 putatur
598 607 722 647 cum
773 583 856 648 lex
888 606 994 648 non
1030 601 1113 649 est
1142 610 1156 648 :
1187 591 1486 648 naturalem
1519 593 1715 649 iterum
1751 604 1934 650 osten-

313 685 406 737 dit
443 685 647 754 legem,
677 699 771 755 per
801 701 959 757 quam
990 687 1376 756 przevaricatus
1401 695 1483 742 est
1506 685 1639 742 Cain
1679 703 1692 744 :
1726 697 1778 741 ct
1810 702 1935 767 post

311 777 540 849 ipsum,
572 779 665 849 qui
693 781 994 835 naturalem
1020 779 1194 851 legem
1224 781 1562 849 praevaricati
1589 791 1736 836 sunt.

401 871 694 926 Peccatum
725 883 895 927 autem
926 889 1029 927 non
1057 871 1442 943 imputabatur,
1473 890 1590 928 cum
1621 872 1706 928 lex
1732 890 1832 928 non
1857 889 1936 927 es-

312 977 425 1021 set.
480 967 767 1036 Quomodo
807 983 958 1023 mors
997 969 1283 1039 regnabat,
1329 966 1376 1024 si
1415 983 1522 1023 non
1563 967 1935 1040 imputabatur

313 1060 661 1129 peccatum?
691 1060 792 1115 nisi
823 1059 1136 1128 subaudias,
1168 1061 1222 1114 in
1267 1059 1522 1132 prresenti
1551 1074 1662 1117 non
1698 1061 1933 1132 imputa-

317 1146 527 1208 batur.‘

400 1245 518 1301 Sed
565 1248 801 1320 regnavit
843 1263 982 1303 mors
1011 1246 1074 1300 ab
1112 1246 1316 1314 Adam,
1367 1263 1528 1318 usque
1567 1248 1636 1301 ad
1689 1245 1926 1318 Moysen.

324 1337 462 1397 Sive
489 1339 620 1396 dum
658 1355 768 1396 non
798 1349 972 1409 esset,
1007 1341 1100 1412 qui
1139 1340 1282 1396 inter
1305 1348 1331 1377 ἰ
1358 1339 1563 1412 justum
1592 1348 1646 1396 et
1671 1340 1931 1411 injustam

331 1441 463 1488 ante
500 1433 884 1504 distingueret,
927 1432 1157 1504 putabat
1198 1446 1345 1487 mors
1374 1443 1432 1488 se
1474 1432 1723 1488 omnibus
1752 1431 1932 1486 domi-

332 1527 477 1582 nari.
523 1526 653 1583 Sive
684 1543 789 1583 non
821 1527 999 1584 solum
1042 1527 1094 1582 in
1139 1524 1237 1581 eos
1261 1568 1276 1592 ,
1308 1524 1400 1597 qui
1431 1533 1762 1596 praeceptum
1790 1525 1932 1581 sicut

337 1621 506 1674 Adam
539 1620 865 1691 transgressi
893 1627 1018 1676 sunt
1043 1638 1056 1674 :
1088 1617 1191 1674 hoc
1216 1628 1301 1673 est
1321 1619 1388 1674 de
1417 1618 1543 1672 filiis
1564 1616 1700 1682 Noe,
1727 1616 1928 1688 quibus

335 1713 546 1782 jussum
579 1723 663 1767 est
686 1753 701 1778 ,
742 1726 811 1768 ne
838 1712 1075 1767 animam
1111 1711 1163 1766 in
1198 1710 1459 1782 sanguine
1489 1708 1883 1765 manducarent
1910 1727 1925 1768 :

340 1817 391 1861 ct
408 1806 477 1863 de
503 1806 630 1861 ﬁliis
655 1806 909 1873 Abrahae,
933 1805 1130 1877 quibus
1153 1803 1501 1861 circumcisio
1530 1802 1781 1858 mandata
1802 1812 1886 1859 est
1911 1819 1925 1856 :

2038 597 2320 665 :cqualitas
2350 607 2650 669 putaretur.

2110 689 2174 744 Si
2211 692 2351 744 enim
2392 692 2549 746 unius
2584 692 2773 746 delicto
2821 691 2973 748 multi
3019 694 3212 748 mortui
3254 702 3372 750 sunt
3405 711 3424 749 :
3462 697 3630 750 multo

2037 786 2203 858 magis
2240 789 2408 857 gratia
2451 786 2580 853 Dei,
2617 798 2664 842 et
2691 789 2886 842 donum
2917 789 2970 843 in
3011 790 3183 862 gratia
3223 791 3376 844 unius
3404 789 3630 847 hominis

2035 869 2161 932 Jesu
2185 876 2376 933 Christi
2401 877 2453 933 in
2476 880 2651 949 plures
2685 879 2964 935 abundavit
2998 889 3044 934 ο.
3079 881 3176 936 llic
3200 881 3493 938 manifeste
3527 883 3625 938 do-

2037 979 2161 1026 cet:
2195 971 2318 1042 quia
2342 987 2447 1027 non
2481 973 2811 1040 generaliter
2839 973 2906 1028 de
2931 973 3077 1028 omni
3118 972 3336 1029 homine
3360 973 3509 1039 dicit,
3543 975 3626 1030 di-

2036 1079 2167 1120 cens
2196 1083 2208 1117 :
2239 1065 2397 1120 unius
2418 1065 2619 1122 delicto
2646 1109 2660 1134 ,
2695 1067 2850 1122 multi
2877 1066 3075 1121 mortui
3101 1076 3228 1122 sunt
3259 1085 3272 1122 :
3304 1071 3428 1139 quia
3470 1065 3622 1124 coin-

2036 1157 2182 1211 muni
2210 1165 2264 1211 et
2291 1155 2526 1212 naturali
2567 1168 2782 1214 morte:
2813 1172 2920 1214 non
2958 1158 3131 1214 solum
3159 1167 3447 1231 peccantes
3472 1203 3488 1229 ,
3526 1161 3623 1217 sed

2036 1257 2090 1305 et
2110 1249 2244 1314 justi
2276 1249 2584 1305 moriuntur
2611 1249 2660 1304 ἀ.

2106 1341 2175 1396 Et
2200 1358 2302 1396 non
2321 1342 2452 1396 sicut
2479 1359 2569 1414 per
2590 1360 2749 1398 unum
2770 1353 3060 1413 peccatum,
3093 1343 3169 1399 ita
3199 1350 3247 1400 et
3270 1344 3484 1399 donum.
3513 1335 3622 1402 Sed

2034 1449 2117 1488 am
2129 1435 2289 1503 plius.

2107 1525 2250 1580 Nam
2271 1528 2531 1599 judicium
2560 1528 2766 1600 quidem
2797 1543 2860 1584 ea:
2898 1545 3002 1584 uno
3033 1529 3086 1584 in
3117 1528 3616 1586 condemnationem.

2036 1617 2114 1674 Ex
2144 1635 2250 1675 uno
2282 1619 2430 1690 justo
2459 1629 2753 1694 peccante,
2787 1623 3057 1693 processit
3099 1622 3363 1694 judicium
3407 1623 3619 1679 mortis.

2104 1713 2285 1770 Gratia
2325 1725 2496 1772 autem
2531 1733 2594 1773 ea:
2639 1718 2815 1772 multis
2851 1717 3057 1773 delictis
3082 1719 3137 1773 in
3179 1718 3620 1788 iustiﬁcationem.

2032 1797 2168 1875 Quia
2211 1823 2316 1864 non
2351 1809 2558 1866 invenit
2607 1809 2780 1866 Adam
2829 1813 3054 1867 multam
3105 1809 3406 1884 justitiam,
3455 1829 3616 1885 quam

342 1901 428 1956 sed
451 1899 618 1957 etiam
650 1901 705 1957 in
727 1913 841 1972 eos,
866 1901 956 1973 qui
987 1901 1107 1956 sine
1137 1909 1414 1970 praecepto
1439 1899 1614 1971 legem
1643 1905 1925 1970 contemp-
1953 1903 2001 1967 Β
2029 1915 2127 1956 suo
2181 1903 2440 1971 exemplo
2499 1901 2808 1959 destrueret
2840 1919 2854 1957 :
2914 1901 3162 1960 Christus
3212 1912 3390 1959 autem
3448 1904 3622 1976 gratia

342 2009 456 2052 scre
497 2007 728 2052 natura.

407 2085 586 2142 Etiam
611 2087 665 2142 in
688 2105 798 2158 eos,
826 2086 913 2160 qui
941 2102 1049 2142 non
1071 2093 1413 2161 peccaverunt
1443 2084 1501 2140 in
1529 2081 1927 2140 similitudinem

351 2182 786 2252 prccaricationis
823 2180 970 2237 Adae.
1001 2179 1067 2236 Hi
1097 2190 1253 2248 sunt,
1280 2179 1370 2252 qui
1403 2194 1510 2234 non
1539 2176 1593 2234 in
1619 2176 1928 2234 similitudi-

348 2288 466 2328 nem
495 2272 962 2345 prmvaricationis
995 2269 1124 2329 Adae
1151 2280 1518 2340 peccaverunt
1544 2286 1558 2326 :
1591 2269 1683 2342 qui
1714 2285 1810 2341 per
1832 2286 1928 2326 na-

345 2363 576 2420 turalem
607 2363 781 2437 legem
813 2366 1138 2436 transgressi
1167 2372 1326 2431 sunt,
1357 2371 1414 2421 et
1445 2378 1552 2420 non
1586 2363 1728 2420 sicut
1753 2360 1924 2419 Adam

346 2473 435 2528 per
463 2459 801 2512 mandatum.

413 2553 511 2620 Qui
540 2563 620 2607 est
641 2556 810 2624 {arma
838 2544 1026 2622 futuri:
1055 2547 1181 2608 Sive
1210 2551 1332 2608 ideo
1362 2551 1534 2606 forma
1566 2549 1666 2608 fuit
1693 2549 1924 2619 ChriSti,

354 2646 469 2715 quia
491 2645 518 2685 δ
541 2647 684 2701 sicut
718 2645 889 2702 Adam
934 2646 1053 2701 sine
1093 2647 1236 2700 coitu
1276 2660 1307 2701 a
1352 2645 1464 2700 Deo
1492 2645 1670 2700 factas
1699 2654 1781 2700 est
1813 2662 1824 2698 :
1855 2643 1926 2697 ita"

348 2736 432 2792 ille
451 2752 514 2792 ex
543 2737 792 2808 virgine,
825 2735 1030 2807 Spiritu
1065 2743 1256 2792 sancto
1297 2745 1560 2806 operante
1582 2777 1597 2802 ,
1639 2735 1924 2806 processit.

344 2827 564 2896 Quidam
597 2831 781 2886 dicunt
807 2829 978 2886 forma
1014 2829 1326 2886 econtrario
1347 2870 1363 2897 ,
1389 2833 1492 2885 hoc
1514 2839 1636 2886 est:
1662 2829 1807 2885 sicut
1834 2828 1928 2886 ille

345 2921 547 2992 peccati
587 2930 804 2993 caput,
859 2923 930 2977 ita
989 2930 1046 2977 et
1100 2921 1202 2978 iste
1258 2921 1504 2993 justitiae.
1565 2922 1699 2978 Item
1756 2925 1928 2977 forma

342 3015 529 3072 Christi
563 3010 738 3072 Adam
767 3017 941 3072 factus
970 3019 1075 3072 est.
1110 3013 1262 3072 Sicut
1305 3014 1448 3072 enim
1509 3013 1680 3071 Adam
1722 3016 1927 3086 primus

342 3108 652 3163 mandatum
699 3108 792 3163 Dei
836 3109 1221 3179 pratvaricans,
1271 3107 1585 3178 exemplum
1632 3115 1717 3163 est
1752 3107 1925 3179 legem

343 3203 423 3257 Dei
475 3203 834 3272 prmvaricare
863 3202 1169 3257 volentibus
1200 3219 1212 3253 :
1245 3201 1324 3256 sic
1365 3210 1422 3256 et
1444 3200 1692 3256 Christus
1735 3202 1927 3256 volun-

2032 2007 2130 2048 sua
2186 1993 2483 2049 multorum
2548 2004 2768 2065 peccata
2810 1994 3075 2050 dissolvit.
3129 1994 3197 2051 Et
3243 1991 3414 2052 Adam
3453 1997 3626 2053 solam

2031 2081 2261 2142 formam
2314 2083 2444 2142 fecit
2473 2084 2655 2142 delicti
2690 2102 2705 2144 :
2749 2084 2998 2142 Christus
3025 2101 3153 2142 vero
3195 2095 3250 2142 et
3278 2087 3450 2159 gratis
3491 2102 3619 2158 pec-

2031 2188 2151 2234 cata
2181 2172 2408 2246 remisit,
2440 2187 2495 2234 et
2520 2176 2745 2248 iustitia:
2776 2177 2924 2234 dedit
2953 2178 3288 2249 exemplum.

2105 2268 2168 2324 Si
2203 2270 2339 2325 enim
2391 2269 2546 2324 unius
2608 2268 2795 2324 delicto
2845 2285 2984 2324 mors
3028 2271 3260 2343 regnarit
3304 2285 3392 2342 per
3421 2283 3620 2324 unum:

2030 2360 2193 2415 multo
2233 2359 2399 2432 magis
2441 2359 2814 2415 abundantiam
2841 2361 3051 2432 gratim,
3096 2371 3148 2416 et
3188 2359 3521 2426 donationis,
3570 2371 3620 2415 et

2027 2449 2244 2524 iustitiae
2272 2452 2576 2525 accipientes
2602 2452 2655 2506 in
2677 2451 2804 2521 vita,
2826 2450 3114 2524 regnabant
3137 2470 3228 2522 per
3242 2467 3405 2509 unum
3429 2453 3614 2508 Iesum

2031 2545 2312 2601 Christum.
2353 2545 2532 2614 Quare
2571 2547 2738 2600 multa
2764 2553 2986 2616 peccata
3013 2545 3252 2612 dimisit,
3286 2547 3616 2604 abundantia

2030 2641 2343 2696 donationis
2393 2639 2630 2710 Spiritus
2673 2637 2880 2705 sancti,
2911 2638 3034 2710 quia
3082 2639 3249 2694 multa
3292 2647 3419 2696 sunt
3450 2641 3614 2696 dona.

2030 2733 2147 2803 Ipsa
2179 2735 2322 2790 enim
2357 2735 2567 2804 justitia
2606 2733 2837 2791 donatur
2870 2749 2967 2804 per
2995 2733 3349 2806 baptismum,
3390 2749 3497 2792 non
3547 2751 3617 2792 ex

2031 2828 2228 2881 merito
2259 2825 2585 2896 possidetur.
2681 2851 2684 2854 ·

2101 2917 2273 2992 Igitur
2300 2920 2436 2974 sicut
2472 2935 2564 2991 per
2604 2920 2758 2975 unius
2797 2919 3047 2974 delictum
3083 2919 3137 2976 in
3178 2937 3352 2976 omnes
3385 2921 3616 2977 homines

2031 3011 2086 3065 in
2120 3013 2603 3068 condenmationcm
2633 3029 2652 3068 :
2678 3014 2753 3068 sic
2774 3023 2820 3068 et
2847 3030 2938 3083 per
2970 3016 3122 3069 unius
3147 3015 3404 3082 iustitiam
3425 3021 3478 3069 tn
3507 3027 3623 3069 om-

2031 3121 2120 3159 nes
2149 3105 2378 3161 homines
2409 3106 2462 3160 in
2493 3106 2924 3180 justiﬁcationem
2961 3107 3097 3162 vitm.
3133 3103 3274 3161 Mors
3321 3105 3567 3178 regnavit
3598 3123 3614 3161 :

2028 3193 2387 3266 subauditur,
2422 3197 2492 3254 ita
2524 3209 2579 3254 ct
2617 3211 2711 3269 per
2738 3197 3185 3268 justillcat'ionem
3218 3200 3392 3271 gratia
3425 3214 3622 3270 regna-

346 3305 494 3352 tstetn
527 3295 705 3352 Patris
743 3295 1049 3368 complens,
1091 3295 1402 3366 exemplum
1441 3303 1525 3350 est
1556 3293 1758 3350 imitari
1799 3297 1922 3351 eum
1954 3299 1998 3363 ε
2030 3291 2128 3344 vit.
2161 3285 2403 3361 lleznque
2429 3292 2682 3362 superius
2705 3290 2871 3347 dicit:
2902 3291 3172 3362 Numquid
3203 3291 3420 3364 iniquus
3444 3290 3610 3360 Deus,

350 3388 694 3461 cupientibus.

403 3623 428 3652 ⁸
466 3611 625 3683 Apud
657 3612 906 3668 eumdem
948 3627 1015 3668 ex
1049 3611 1250 3679 Pelagii
1291 3609 1449 3673 libro,
1497 3607 1638 3683 Sive
1662 3626 1780 3663 cum
1817 3625 1918 3663 non

332 3696 482 3752 esset,
509 3681 704 3756 inquit,
728 3686 814 3753 qui
838 3687 972 3757 inter
994 3687 1197 3757 justum
1228 3693 1273 3736 ct
1304 3683 1555 3757 injustam
1587 3681 1916 3757 discerneret,

327 3758 545 3830 putabat
570 3753 706 3810 mors
722 3774 776 3810 sc
803 3753 1030 3830 omnium
1051 3755 1331 3830 dominari,
1355 3755 1459 3830 sive
1487 3754 1542 3806 in
1561 3767 1646 3830 eos
1666 3753 1756 3822 qui
1775 3767 1922 3830 man-

327 3821 814 3900 datumaamquam
849 3827 1016 3882 Adam
1047 3826 1371 3897 pracvaricati
1405 3835 1544 3900 sunt,
1591 3821 1688 3876 hoc
1712 3833 1824 3900 _cst,
1857 3825 1921 3878 de

325 3900 454 3969 ﬁliis
483 3898 630 3966 Noe,
664 3895 848 3969 quibus
890 3895 1203 3968 praeceptum
1234 3898 1681 3969 est,iut_animam
1705 3895 1758 3947 in
1791 3911 1916 3969 san-

327 3965 488 4043 quine
518 3965 624 4025 non
655 3965 1026 4024 manducarent
1051 3965 1065 4034 ,
1089 3978 1136 4022 et
1157 3969 1220 4043 de
1249 3968 1372 4043 ﬁliis
1405 3965 1694 4043 Abraham,
1729 3968 1916 4038 quibus

327 4039 654 4096 circumcisio
679 4043 926 4096 mandata
947 4050 1056 4095 est:
1075 4042 1164 4094 sed
1193 4049 1238 4092 et
1260 4039 1314 4092 in
1345 4054 1429 4093 eos
1454 4039 1540 4108 qui
1558 4046 1746 4110 prater
1772 4053 1919 4091 man-

327 4115 511 4186 datum
543 4115 704 4186 legem
734 4121 1143 4186 contempserant
1171 4111 1486 4186 naturalem.

399 4185 431 4224 ι’
462 4181 860 4255 ldeuileget'at:
887 4183 1143 4250 Quoniam
1167 4184 1305 4255 sicut
1329 4181 1495 4234 Adam

335 4272 367 4308 a
399 4255 512 4310 Deo
537 4249 789 4324 formatus
815 4265 887 4309 est
912 4249 932 4308 7:
977 4256 1053 4309 sic
1080 4265 1126 4306 et
1154 4251 1386 4307 Christus
1425 4269 1491 4307 ea:
1514 4251 1726 4324 virgine,
1754 4249 1916 4324 [abri-

335 4341 481 4381 cante
517 4321 720 4399 Spiritu
761 4335 971 4392 sancto,
1010 4326 1290 4399 processit;
1320 4325 1421 4378 sive
1442 4326 1573 4399 sicut
1595 4321 1809 4399 quidam
1835 4322 1915 4374 di-

331 4410 478 4462 cunt,
507 4392 677 4466 forma
706 4414 739 4451 a
768 4399 1059 4462 contrario,
1095 4397 1190 4450 hoc
1232 4406 1342 4464 est,
1386 4403 1446 4448 ut
1473 4395 1606 4447 sicut
1628 4392 1719 4446 ille
1755 4401 1914 4461 caput

330 4472 547 4538 peccati,
575 4473 650 4524 sic
678 4471 771 4523 iste
813 4480 967 4536 caput
986 4469 1207 4540 justitiaz
1227 4475 1325 4540 est.
1357 4481 1453 4521 san
1495 4479 1599 4540 μοι(
1626 4479 1775 4518 smus
1804 4480 1915 4540 pe-

331 4535 550 4610 tierunt,
578 4558 662 4596 l‘l'A
695 4557 762 4596 εἰ·
789 4535 1102 4597 οοΝωιξΝε
1128 4539 1181 4593 in
1208 4539 1397 4609 forma,
1427 4537 1621 4610 inquit,
1644 4535 1912 4605 cequalitas

368 4622 620 4667 litaretur.

329 4629 634 4740 “Tibi;
660 4699 688 4738 τι
714 4682 932 4754 Pelagio
959 4682 1270 4754 expositum
1296 4679 1474 4754 locum
1501 4678 1750 4754 tandem“
1781 4690 1910 4754 ἕως·

328 4760 416 4809 tor
451 4758 688 4820 invenit,
723 4750 869 4809 Plus'
900 4750 1090 4821 valuit,
1123 4751 1298 4822 inquit
1319 4750 1635 4822 Apostolus,
1661 4751 1833 4822 gratia
1855 4750 1910 4802 in

324 4818 845 4894 eiviﬁcando,_quam
876 4818 1140 4894 peccatum
1164 4818 1217 4876 in
1247 4818 1530 4894 occidendo
1551 4837 1568 4872 :
1595 4818 1720 4892 quia
1740 4818 1908 4873 Adam

1518 4189 1705 4248 prwter
1721 4179 1914 4232 coitum

2033 3383 2125 3456 qui
2159 3383 2328 3441 infert
2351 3383 2486 3439 iram
2512 3385 2536 3439 ?
2563 3383 2631 3440 Et
2651 3383 2848 3454 adjecit
2879 3401 2894 3439 :
2929 3384 3116 3451 Absit;
3143 3383 3415 3455 quomodo
3448 3393 3625 3456 potest

2031 3607 2364 3681 paucissimos
2390 3608 2500 3681 dies
2530 3608 2630 3680 legi
2663 3607 2867 3681 Pelagii
2890 3611 3125 3680 quadam
3155 3613 3376 3680 scripta,
3405 3613 3524 3678 viri,
3559 3623 3614 3668 ut

2021 3679 2182 3757 audit)
2201 3721 2214 3743 ,
2251 3680 2440 3757 sancti,
2488 3679 2684 3757 etnon
2704 3679 2862 3757 parvo
2885 3679 3128 3757 provectu
3157 3679 3464 3757 Christiani,
3495 3703 3612 3757 qua:

2021 3754 2078 3806 in
2125 3750 2282 3804 Pauli
2331 3751 2554 3822 apostoli
2597 3752 2842 3820 epistolas
2885 3750 3237 3823 expositiones
3283 3750 3611 3810 brerissiinas

2021 3825 2344 3878 continerent
2368 3861 2383 3886 ,
2406 3832 2580 3895 atque
2609 3824 2680 3876 ibi
2701 3824 2951 3895 comperi,
2976 3842 3090 3879 cum
3113 3827 3181 3878 ad
3211 3826 3361 3880 illum
3392 3828 3610 3882 venisset

2022 3895 2217 3959 locum,
2239 3895 2333 3968 _ubi
2377 3893 2508 3968 dicit
2537 3893 2838 3968 Apostolus,
2872 3893 2976 3948 Per
3004 3913 3162 3950 unum
3183 3896 3454 3964 {hominem
3494 3915 3614 3968 pec-

2021 3975 2195 4018 catum
2231 3964 2447 4019 intrasse
2475 3965 2527 4017 in
2555 3967 2833 4036 mundum,
2866 3975 2915 4020 et
2940 3982 3035 4035 per
3055 3977 3323 4035 peccatum
3352 3964 3567 4021 mortem
3587 4011 3604 4036 ,

2025 4048 2180 4104 atque
2212 4037 2286 4089 ita
2331 4037 2382 4089 in
2428 4051 2604 4110 omnes
2631 4034 3282 4110 hominespertransissc,
3324 4034 3607 4110 quamdam

2024 4107 2731 4181 eorumargumentati‘onem
2753 4151 2769 4174 ,
2813 4108 2902 4181 qui
2943 4121 3130 4181 negant
3161 4107 3400 4179 parvulos
3426 4127 3609 4180 peccao

2021 4187 2127 4234 tum
2149 4179 2402 4251 originale
2425 4188 2813 4250 gestare........
2850 4179 2940 4235 Sic
2971 4179 3092 4251 ergo
3115 4181 3209 4234 illa
3235 4179 3608 4250 argumentatio

2019 4254 2186 4326 posita
2214 4249 2288 4304 est
2311 4266 2339 4326 :_
2352 4249 2402 4303 11
2409 4249 2632 4326 tantem,
2667 4251 2852 4321 inquit,
2877 4255 2964 4319 qui
2975 4324 2979 4326 _
3001 4249 3456 4326 contrajtraducem
3487 4270 3604 4326 pec-

2022 4317 2122 4376 cati
2153 4329 2292 4386 sunt,
2323 4322 2396 4374 ita
2419 4317 2565 4375 illam
2595 4317 2900 4394 impugnare
2929 4317 3206 4378 nituntur}
3237 4325 3297 4380 Si
3326 4317 3497 4390 Adae,
3523 4325 3604 4379 in-

2015 4396 2229 4462 quiunt,
2260 4403 2524 4466 peccatum
2559 4394 2714 4466 etiam
2744 4410 2846 4448 non
2875 4395 3199 4462 peccantibus
3238 4400 3442 4462 nocuit,
3480 4413 3605 4466 ergo

2017 4474 2064 4519 et
2093 4466 2290 4519 Christi
2305 4465 2517 4529 justitia
2545 4465 2704 4518 etiam
2724 4480 2831 4518 non
2855 4466 3178 4521 credentibus
3207 4468 3458 4536 prodest:
3485 4465 3606 4537 quia

2017 4537 2274 4610 similiter,
2305 4539 2458 4590 imnto
2486 4537 2730 4610 et_magis
2759 4538 2882 4610 dicit
2905 4554 2994 4604 per
3023 4554 3183 4610 unum
3211 4540 3424 4610 salvari,
3448 4556 3606 4610 quam

2018 4625 2107 4673 per
2129 4605 2286 4678 unum
2309 4616 2427 4660 ante
2447 4605 2728 4678 perierunt.
2758 4607 2961 4662 Eadem
2987 4608 3200 4678 plenius
3223 4605 3490 4666 Mercator
3518 4626 3605 4666 re-

2014 4679 2144 4752 citat
2168 4696 2182 4733 :
2208 4677 2282 4732 Ili
2303 4677 2497 4752 autem,
2520 4680 2609 4752 qui
2635 4687 2813 4733 contra
2836 4677 3100 4734 traducem
3125 4685 3320 4752 peccati
3340 4683 3590 4748 sentiunt,

2013 4751 2166 4824 aliter
2179 4764 2264 4804 eos
2287 4749 2377 4819 qui
2397 4749 2683 4824 defendunt
2701 4752 2966 4824 traducem
2994 4749 3302 4824 impugnare
3319 4764 3601 4808 conantur.

2013 4821 2078 4875 Si
2106 4831 2390 4888 peccatum,
2425 4819 2620 4893 inquit,
2654 4822 2800 4888 Adw,
2829 4823 2984 4876 etiam
3002 4819 3123 4891 ,non
3141 4819 3479 4893 peccantibus
3511 4841 3604 4879 no-

321 4911 378 4948 se
417 4891 602 4982 solum.
630 4891 677 4952 et
707 4891 833 4984 suos
867 4891 1098 4980 posteros
1135 4895 1424 4984 interfecit;
1470 4891 1722 4984 Christus.
1763 4905 1904 4984 vero,
1933 4924 1989 4984 D
2014 4895 2139 4984 cuit,
2163 4907 2296 4974 ergo
2317 4901 2364 4974 et
2395 4892 2583 4984 Christi
2605 4893 2820 4975 justitia
2862 4909 2965 4984 non
2995 4891 3599 4984 credentibus‘plrodest,

318 4975 373 5018 et
397 4985 489 5024 eos
513 4972 602 5041 qui
623 4979 744 5041 tunc
777 4963 921 5022 ciant
947 4963 1276 5041 incorpore,
1296 4973 1345 5018 et
1374 4965 1584 5041 eosqul
1609 4970 1784 5041 postea
1815 4963 1899 5041 fu-

317 5043 437 5093 turi
461 5035 608 5114 erant
629 5083 644 5103 ,
674 5040 906 5114 liberarat
927 5082 943 5106 ,
980 5039 1078 5114 Cui
1109 5035 1318 5114 veneno
1344 5037 1644 5114 antidotum
1681 5035 1802 5114 ipse
1833 5035 1902 5089 de

316 5127 433 5165 suo
461 5112 542 5168 his
569 5113 756 5170 verbis
788 5104 937 5164 addit
969 5130 980 5166 :
1014 5111 1112 5165 llic
1143 5109 1408 5164 sollicitus
1443 5104 1746 5161 catholicus
1789 5104 1901 5159 lec-

315 5191 412 5236 tor
444 5194 609 5252 notet,
629 5183 753 5254 quid
778 5183 941 5247 dicat,
963 5183 1132 5254 Adam
1159 5195 1263 5234 non
1287 5178 1388 5254 sibi
1412 5179 1535 5241 soli,
1551 5176 1658 5254 sed
1680 5186 1734 5254 et
1757 5186 1902 5245 post-

311 5257 442 5307 eris
485 5241 609 5311 suis.
637 5241 1102 5309 immissa-Tene
1143 5252 1485 5319 superiorem
1532 5241 1901 5303 definitionem

311 5324 468 5393 ejus.
512 5327 769 5382 Posteros
806 5325 953 5399 enim
992 5324 1236 5399 hic_dicit
1259 5338 1411 5399 ,__n_on
1443 5337 1630 5375 omnes
1659 5322 1901 5399 omnino,

308 5390 374 5468 ei
402 5400 602 5468 ubique
633 5407 783 5452 totos
811 5395 1056 5468 homines
1086 5397 1243 5450 ltcsos
1270 5394 1412 5468 illius
1441 5401 1683 5468 peccato,
1706 5390 1808 5468 sed
1837 5391 1902 5443 il-

307 5465 407 5521 los
442 5464 673 5534 tantum,
706 5469 795 5538 qui
829 5483 924 5536 per
958 5467 1310 5521 imitationem
1355 5464 1605 5538 similiter
1635 5464 1748 5516 suis
1781 5476 1904 5538 pce-

310 5541 465 5615 eatis
503 5553 555 5596 et
583 5535 964 5615 propriis’t‘a‘cti
987 5546 1112 5615 sunt
1141 5539 1216 5615 rei
1246 5536 1738 5615 prmvaricationis,
1769 5535 1909 5615 sicut

305 5613 517 5681 Adam,
552 5610 642 5682 qui
671 5613 789 5666 sine
818 5610 983 5664 dubio
1007 5612 1042 5664 ii
1074 5611 1176 5680 ipsi
1200 5615 1526 5678 pronepotes
1545 5610 1663 5676 ejus
1684 5613 1737 5660 et
1762 5614 1907 5674 post-

302 5685 396 5739 cri
438 5699 560 5742 esse
581 5683 950 5739 inveniuntur.

388 5753 421 5791 ά
463 5756 580 5810 lluc
631 5756 790 5809 etiam
833 5763 1106 5822 Spectasse
1136 5749 1420 5817 videntur,
1461 5749 1905 5822 qunimpuguat

303 5822 378 5882 S.
418 5825 752 5896 Augustinus
779 5819 875 5880 libi
911 5825 1064 5896 Inde
1092 5831 1447 5896 peccaturum
1481 5819 1683 5896 Meritis
1709 5828 1763 5874 et
1791 5819 1900 5872 lte-

303 5891 587 5957 missioite
622 5897 724 5954 sub
758 5910 880 5968 cap.
913 5897 942 5955 1
983 5891 1234 5953 initium:
1268 5891 1490 5962 Verum,
1538 5891 1742 5962 inquit,
1792 5897 1906 5964 post

2010 4961 2260 5036 quoniam
2311 4961 2791 5036 similiter,'immo
2841 4963 2961 5034 plus
3013 4966 3140 5020 dicit
3187 4961 3464 5036 Apostolus
3511 4983 3602 5034 per

2010 5050 2172 5107 unum
2197 5033 2428 5099 liberari,
2450 5050 2608 5107 quam
2638 5051 2728 5107 per
2749 5033 2912 5090 unum
2939 5049 3060 5093 ante
3090 5033 3370 5106 perierunt.
3401 5033 3603 5092 Deinde

2011 5106 2208 5172 dicunt,
2244 5108 2458 5176 inquit:
2489 5105 2552 5161 Si
2588 5105 2872 5177 baptismus
2906 5105 3123 5179 mundat
3163 5109 3430 5179 antiquum
3468 5107 3602 5163 illud

2011 5188 2430 5250 veternosumque
2460 5187 2791 5250 peccatum,
2842 5180 2932 5250 qui
2973 5180 3036 5232 de
3083 5177 3294 5250 duobus
3329 5179 3600 5248 baptizutis

2012 5250 2120 5301 nati
2141 5249 2360 5320 fuerint,
2386 5247 2567 5302 debent
2609 5250 2703 5303 hoc
2739 5247 2912 5304 care—re
2939 5257 3162 5320 peccato.
3199 5248 3323 5302 Non
3347 5247 3480 5304 enim
3509 5269 3601 5320 po-

2012 5270 2120 5301 rum
2141 5270 2360 5320 ιιιιτιηι,
2386 5270 2567 5302 acuent
2609 5270 2703 5303 noc
2739 5270 2912 5304 carere
2939 5270 3162 5320 peccata.
3199 5270 3323 5302 non
3347 5270 3480 5304 enim
3548 5270 3599 5304 o-

2012 5329 2216 5392 tuerunt
2241 5319 2312 5392 ad
2335 5331 2564 5392 posteros
2585 5324 2948 5387 transmittere,
2976 5322 3112 5390 quod
3139 5323 3240 5389 ipsi
3271 5323 3481 5375 minime
3501 5270 3599 5376 hia-

2012 5390 2249 5446 bucrunt.
2281 5390 2347 5446 In
2373 5394 2467 5446 hoc
2493 5392 2726 5458 addunt,
2757 5391 2950 5463 inquit,
2970 5394 3215 5463 quoniam
3233 5394 3278 5447 si
3309 5399 3484 5449 anima
3501 5412 3601 5449 non

2011 5472 2084 5514 est
2111 5479 2174 5516 ex
2201 5464 2440 5529 traduce,
2469 5464 2601 5518 sicut
2645 5481 2735 5518 nec
2765 5475 2868 5529 est,
2894 5463 2982 5518 sed
3013 5463 3126 5516 sola
3149 5481 3270 5520 caro
3304 5467 3450 5520 habet
3484 5475 3595 5518 tra-

2012 5533 2191 5608 ducem
2229 5537 2453 5608 peccati,
2487 5537 2596 5589 sola
2623 5546 2671 5590 et
2691 5551 2887 5607 poenam
2929 5546 3152 5589 meretur
3174 5578 3186 5590 .
3228 5533 3492 5608 Injustum
3528 5546 3604 5588 est

2010 5607 2164 5669 enim,
2199 5617 2250 5659 ut
2268 5605 2419 5659 hodie
2440 5617 2564 5660 nata
2591 5605 2766 5660 anima
2796 5622 2896 5658 non
2916 5621 2978 5660 ea:
2998 5623 3172 5661 massa
3203 5605 3348 5672 Adae,
3378 5619 3482 5658 tam
3502 5624 3599 5660 an-

2015 5680 2213 5746 tiquum
2229 5688 2503 5750 peccatum
2534 5689 2698 5750 portet
2728 5677 2952 5731 alienum
2981 5693 2997 5732 :
3027 5681 3148 5749 quia
3176 5697 3268 5734 nec
3295 5679 3601 5731 rationabile

2011 5758 2106 5815 est,
2138 5760 2192 5802 ut
2217 5747 2374 5825 Deus,
2409 5752 2497 5821 qui
2533 5747 2745 5822 propria
2779 5761 2994 5821 peccata
3028 5747 3286 5825 dimittit,
3313 5764 3474 5805 unum
3506 5750 3602 5804 im-

2013 5829 2154 5891 putet
2176 5823 2420 5878 alienum.
2451 5873 2463 5894 ,
