3970 6304
532 295 635 356 671

1570 299 1629 359 S.
1670 299 2053 364 HIERONYMI
2090 304 2379 368 OPERUM
2416 310 2790 376 MANTISSA.
3666 338 3751 401 672

539 414 702 471 unius
737 412 937 472 delicto
983 414 1115 473 Adae
1135 454 1151 483 ,
1192 429 1384 474 omnes
1428 415 1678 477 homines
1727 422 2126 481 condemnare?
2152 425 2208 490 Α
2229 428 2370 483 rium
2394 432 2830 501 consepeliamur
2864 432 3085 492 Christo
3108 474 3124 504 ,
3156 437 3459 498 criminibus
3485 447 3748 521 morientes.

532 524 658 566 cum
702 524 804 565 nec
834 509 993 564 unius
1020 508 1228 565 Christi
1255 510 1487 581 justitia,
1537 528 1728 570 omnes
1767 514 2012 573 homines
2034 517 2127 588 ju-

542 601 763 661 Stiﬁcati
791 602 949 657 sunt?
977 600 1178 658 Omnes
1203 612 1386 660 autem
1417 604 1628 675 dicens,
1661 622 1766 663 non
1798 610 2127 679 generaliter

538 696 690 767 dicit,
733 695 829 752 sed
867 695 1285 769 uniuscujusque
1320 698 1490 770 partis
1521 700 1793 771 signiﬁcat
1822 704 2127 759 multitudi-

542 805 687 846 nem.
736 789 994 861 Alioquin
1034 790 1389 848 inveniuntur
1417 808 1606 849 omnes
1646 793 1895 852 homines
1928 796 2130 867 justiﬁ-

540 882 648 941 cati
684 882 741 940 in
770 882 987 947 Christo
1011 927 1027 953 ,
1076 884 1217 941 sicut
1258 896 1316 943 et
1351 887 1404 942 in
1434 886 1609 942 Adam
1646 888 2033 947 condemnati:
2076 900 2131 948 et

542 993 655 1035 non
681 979 787 1035 erit
812 979 976 1045 ultra,
1005 980 1095 1052 qui
1128 979 1406 1051 puniatur.

604 1070 757 1127 Sicut
785 1072 920 1126 enim
950 1087 1042 1140 per
1069 1072 1470 1128 inobedientiam
1509 1074 1664 1129 unius
1695 1073 1918 1149 hominis
1948 1092 2131 1148 pecca-

538 1170 675 1218 tores
695 1164 961 1218 constituti
991 1174 1111 1219 sunt
1147 1165 1298 1219 multi
1324 1184 1343 1221 :
1376 1166 1452 1221 ita
1487 1174 1533 1220 et
1560 1184 1653 1237 per
1688 1168 1845 1224 unius
1891 1170 2132 1226 obedien-

537 1254 667 1308 tiam
692 1256 823 1327 justi
858 1258 1236 1311 constituentur
1262 1255 1435 1311 multi.
1466 1256 1620 1315 Sicut
1655 1260 1909 1331 exemplo
1935 1260 2129 1317 inobe-

539 1346 756 1405 dientia:
771 1348 925 1418 Adae,
950 1360 1311 1421 peccaverunt
1338 1352 1514 1408 multi.
1529 1352 1748 1411 Grande
1764 1354 1910 1411 enim
1924 1356 2132 1413 crimen

543 1442 925 1500 inobedientiae
953 1455 1058 1515 est,
1090 1446 1238 1517 quod
1268 1456 1448 1502 tantos
1471 1447 1689 1504 occidit.

610 1533 725 1592 Lex
747 1546 919 1590 autem
938 1536 1243 1591 subintravit
1265 1552 1284 1589 :
1308 1546 1364 1590 ut
1389 1537 1676 1593 abundaret
1700 1539 1971 1595 delictum.
1997 1541 2132 1610 Quia

535 1631 840 1686 naturalem
870 1631 1043 1701 legem
1075 1631 1336 1689 habentes
1357 1630 1578 1687 Hebraei
1602 1642 1657 1687 et
1684 1634 1882 1690 scribae
1908 1650 2133 1705 accepe-

538 1739 688 1794 runt,
718 1734 1005 1798 propterea
1046 1726 1217 1795 dicit,
1248 1725 1591 1782 subintravit.
1622 1726 1730 1797 Ipsi
1756 1728 1899 1783 enim
1923 1729 1990 1786 ad
2018 1746 2133 1786 ma-

2231 530 2287 578 et
2327 524 2701 581 renuntiantes
2741 527 2988 597 pristinas
3030 531 3158 584 vitae
3192 548 3207 585 :
3252 541 3309 587 ut
3346 538 3590 604 quomodo
3624 541 3751 603 Pater

2231 615 2568 701 gloriﬁcatur
2595 619 2648 674 in
2686 619 2810 690 Filii
2841 624 3264 691 resurrectione,
3303 625 3372 682 ita
3399 638 3451 684 et
3476 646 3562 701 per
3587 646 3748 694 nostra:

2232 694 2659 768 conversationis
2689 714 2988 770 novitatem
3014 716 3081 772 ab
3112 718 3359 775 omnibus
3383 721 3681 783 honoretur:
3706 742 3749 786 ut

2232 819 2302 859 ne
2332 804 2487 875 signa
2516 804 2733 876 quidem
2765 809 2968 864 veteris
2994 808 3229 867 hominis
3255 826 3591 885 agnoscantur
3611 822 3659 877 in
3681 839 3753 878 no-

2231 897 2336 953 bis.
2377 898 2487 955 Nec
2526 901 2670 955 enim
2706 900 2908 972 aliquid
2938 902 3116 971 velle,
3162 914 3256 959 aut
3292 921 3481 978 cupere
3517 910 3749 982 debemus,

2231 993 2376 1064 quod
2400 994 2589 1050 volunt
2610 1005 2703 1051 aut
2725 997 2973 1066 cupiunt,
3005 997 3101 1068 qui
3126 999 3364 1056 nondum
3390 1012 3508 1058 sunt
3528 1004 3752 1077 baptizati,

2233 1096 2288 1142 et
2326 1088 2655 1162 quicumque
2697 1090 2873 1148 adhuc
2912 1093 3115 1151 veteris
3160 1094 3283 1150 vita:
3323 1098 3585 1155 erroribus
3619 1102 3751 1172 impli~

2233 1192 2443 1240 cantur.

2306 1277 2369 1334 Si
2399 1280 2534 1334 enim
2564 1282 2902 1355 complantati
2931 1284 3055 1354 facti
3082 1301 3261 1340 sumus
3286 1286 3599 1344 similitudini
3624 1294 3743 1347 mortis

2234 1374 2374 1443 ejus,
2403 1374 2560 1429 simul
2587 1385 2635 1430 et
2662 1378 3051 1433 resurrectionis
3078 1380 3289 1435 erimus.
3322 1379 3379 1436 Si
3405 1385 3675 1453 consepulti
3692 1401 3748 1439 su~

2235 1481 2355 1522 mus
2383 1483 2547 1533 nunc,
2575 1477 2629 1524 et
2649 1476 2779 1524 tunc
2798 1473 3217 1528 resurreCtionis
3239 1473 3355 1543 ejus
3377 1476 3649 1545 poterimus
3670 1493 3751 1534 esse

2236 1558 2565 1629 participes;
2594 1569 2650 1616 et
2674 1562 2720 1617 si
2749 1560 3015 1619 fuerimus
3046 1566 3203 1633 novi,
3235 1574 3291 1623 et
3318 1568 3572 1625 immutati
3596 1571 3639 1625 in
3663 1586 3752 1627 con-

2234 1652 2586 1721 versatione,
2634 1654 2885 1711 similiter
2930 1657 3060 1715 novi
3110 1667 3165 1715 et
3211 1659 3475 1719 immutati
3517 1662 3687 1719 erimus
3716 1663 3753 1719 in

2237 1744 2431 1816 gloria.

535 1823 711 1893 jorem
735 1820 1043 1877 mercedem
1065 1819 1397 1890 accipientes
1422 1819 1620 1890 legem,
1652 1835 1750 1890 per
1777 1835 1929 1875 suam
1960 1822 2129 1894 negli-

2307 1838 2426 1893 Hoc
2456 1842 2701 1909 scientes,
2728 1846 2851 1915 quia
2880 1854 3022 1901 vetus
3048 1848 3202 1901 homo
3234 1857 3422 1905 noster.
3450 1851 3545 1918 Qui
3575 1859 3756 1907 veterem

541 1916 781 1986 gentiam
836 1929 944 1969 non
999 1912 1413 1979 custodientes,
1476 1912 1530 1966 in
1588 1912 1763 1983 majus
1818 1912 2134 1970 ceciderunt

547 2008 828 2079 delictum,
854 2022 925 2062 ne
948 2006 1215 2072 dicerent,
1240 2006 1335 2062 sed
1359 2005 1516 2061 nobis
1543 2004 1631 2062 lex
1664 2016 1946 2076 peccatum
1974 2007 2134 2064 dimi-

549 2104 620 2160 sit
646 2122 659 2158 :
688 2118 816 2170 non,
847 2102 1056 2174 inquit,
1087 2102 1241 2157 venit
1278 2100 1553 2157 dimittere
1573 2141 1588 2167 ,
1629 2103 1725 2156 sed
1755 2100 2134 2159 demonstrare

545 2198 769 2256 delicta.
800 2197 867 2254 Et
894 2196 1023 2252 dum
1065 2197 1302 2253 scienter
1324 2204 1621 2266 peccatur,
1663 2195 1829 2267 coepit
1854 2195 2134 2253 abundare

544 2292 807 2348 delictum
833 2308 847 2345 :
876 2290 1029 2362 quasi
1059 2288 1106 2344 si
1134 2288 1342 2345 diceret
1372 2306 1385 2343 :
1415 2296 1475 2343 ut
1505 2287 1687 2357 video,
1723 2287 1811 2344 lex
1846 2300 2131 2359 peccatum

542 2401 652 2442 non
678 2383 923 2448 abstulit,
956 2382 1053 2439 sed
1082 2381 1284 2452 adjecit
1316 2398 1329 2435 :
1363 2396 1471 2437 non
1507 2391 1684 2437 tamen
1715 2397 1817 2437 suo
1843 2383 1998 2450 vitio,
2033 2385 2129 2442 sed

540 2476 754 2532 illorum
781 2492 796 2541 ;
830 2473 1185 2538 subintravit,
1216 2472 1322 2527 hoc
1352 2482 1457 2538 est,
1491 2471 1671 2527 subito
1698 2471 1939 2543 intravit,
1975 2483 2029 2531 et
2057 2476 2133 2533 ita

538 2565 803 2638 contingit
831 2574 890 2621 nt
918 2564 1220 2621 abundaret
1241 2563 1519 2619 delictum.

616 2659 716 2714 Ubi
756 2668 927 2714 autem
974 2657 1252 2711 abundavit
1289 2656 1566 2727 delictum,
1616 2660 2047 2732 superabundavit
2086 2672 2134 2719 et

537 2752 726 2828 gratia.
778 2750 930 2808 Sicut
956 2750 1032 2805 ait
1067 2750 1356 2807 Salvator:
1388 2748 1486 2807 Cui
1527 2751 1650 2821 plus
1678 2752 1991 2826 dimittitur,
2018 2771 2133 2812 am-

541 2848 684 2919 plius
710 2844 907 2917 diligit.
942 2843 1281 2900 Manifestata
1309 2851 1398 2901 est
1426 2845 1572 2900 enim
1596 2846 1874 2916 quantitas
1901 2850 2130 2919 peccati,

543 2946 605 2996 ut
642 2938 878 2995 sciretur
910 2938 1099 3008 gratiae
1125 2935 1439 3008 magnitudo
1460 2979 1476 3007 ,
1511 2945 1567 2993 et
1604 2937 1959 2997 redderemus
1984 2956 2134 2998 com-

542 3040 733 3104 petens
760 3029 1007 3086 debitum
1028 3029 1327 3084 charitatis.

619 3122 690 3178 Ut
720 3122 857 3177 sicut
884 3122 1114 3195 regnavit
1143 3131 1405 3194 peccatum
1432 3121 1487 3175 in
1517 3131 1752 3192 mortem,
1781 3124 1856 3180 ita
1883 3134 1931 3180 et
1961 3129 2133 3199 gratia

2237 1930 2511 1987 hominem
2536 1940 2815 1990 terrenum
2837 1936 3011 1993 Adam
3036 1939 3306 1996 imitando
3331 1942 3624 2013 peccabant.

2310 2025 2480 2080 Simul
2501 2028 2781 2097 cruciﬁxus
2806 2040 2901 2086 est.
2929 2031 3035 2088 Per
3061 2033 3396 2103 baptismum
3428 2045 3479 2093 te
3506 2037 3760 2092 cruciﬁxum

2234 2114 2498 2187 intellige,
2528 2119 2619 2188 qui
2657 2121 2958 2177 membrum
2990 2122 3061 2179 de
3096 2139 3331 2196 corpore
3352 2127 3469 2197 ejus
3495 2127 3686 2185 effectus
3704 2144 3762 2184 es.

2236 2210 2304 2264 Et
2342 2210 2435 2266 ille
2483 2211 2699 2281 quidem
2744 2213 3023 2270 innoxium
3071 2231 3280 2288 corpus
3320 2218 3603 2291 appendit,
3640 2230 3689 2274 ut
3724 2230 3764 2273 tu

2234 2303 2455 2359 noxium
2485 2305 2784 2375 suspendas
2817 2323 2849 2362 a
2872 2307 3016 2364 vitiis
3036 2351 3054 2378 ,
3094 2312 3151 2367 in
3184 2327 3298 2383 quo
3330 2314 3579 2385 mysterio
3602 2312 3765 2385 Moyses

2234 2403 2539 2466 serpentem
2565 2413 2764 2453 atreum
2791 2400 2844 2455 in
2868 2399 3089 2457 deserto
3111 2405 3423 2475 suspendit.

2310 2488 2381 2544 Ut
2399 2490 2695 2545 destruatur
2716 2508 2900 2564 corpus
2921 2498 3115 2565 peccati
3136 2514 3155 2552 :
3179 2506 3235 2551 ut
3262 2501 3404 2553 ultra
3424 2516 3523 2555 non
3542 2498 3769 2553 serviamus

2233 2589 2463 2653 peccato.
2506 2582 2619 2638 Hoc
2645 2590 2768 2650 est,
2812 2594 2873 2640 ut
2909 2588 3095 2643 omnia
3126 2589 3264 2644 vitia
3304 2591 3645 2657 destruantur,
3675 2589 3769 2659 quia

2234 2689 2401 2730 unum
2428 2675 2641 2744 vitium,
2676 2679 2978 2736 membrum
3005 2690 3090 2739 est
3114 2686 3331 2757 peccati
3360 2701 3376 2742 :
3404 2685 3591 2750 omnia,
3613 2697 3769 2751 cerpus

2234 2777 2429 2828 totum.
2462 2767 2712 2828 Christus
2740 2789 2848 2829 non
2875 2789 2941 2830 ex
2971 2786 3144 2845 parte,
3175 2778 3277 2834 sed
3305 2779 3509 2850 integer
3533 2785 3609 2835 est
3638 2775 3772 2832 cruci-

2234 2862 2395 2920 ﬁxus.
2426 2862 2553 2921 Sive
2582 2875 2641 2921 ut
2665 2881 2864 2937 corpus
2893 2877 3142 2924 nostrum
3167 2873 3487 2928 destruatur
3508 2885 3537 2925 a
3561 2869 3771 2925 servitute

2233 2960 2485 3029 peccati,
2530 2968 2586 3017 et
2627 2961 2722 3016 ﬁat
2755 2962 2986 3033 iustitia:
3025 2966 3366 3037 mancipium
3391 3008 3409 3033 ,
3447 2964 3582 3037 quod
3608 2961 3773 3019 solebat

2234 3066 2359 3109 esse
2386 3054 2592 3111 delicti.
2622 3054 2811 3112 Omnis
2838 3057 2984 3115 enim
3015 3059 3105 3131 qui
3133 3058 3274 3118 facit
3302 3069 3596 3135 peceatum,
3621 3069 3771 3114 servus

2235 3156 2319 3203 est
2346 3149 2577 3218 peccati.

540 3226 717 3290 "9"“
760 3217 1148 3324 ρεξίαίεξίιίαηι
1194 3217 1249 3270 in
1290 3218 1773 3324 “i’amnfmema‘ms
1798 3237 1917 3324 Ῥεῖ
1955 3220 2135 3278 hlium
2158 3217 2206 3283 (ἶ
2312 3217 2415 3307 Qui
2453 3243 2590 3297 enim
2630 3256 2864 3302 mortuus
2906 3259 3003 3317 est,
3047 3253 3381 3324 justi/icatus
3419 3262 3495 3308 est
3534 3269 3564 3306 a
3590 3256 3768 3321 peccato.

542 3309 803 3368 Christum
828 3307 1113 3364 Dominum
1149 3318 1406 3365 nostrum.
1448 3309 1601 3366 Sicut
1636 3310 1975 3369 abundanter
2002 3330 2135 3371 con-

540 3404 809 3460 ﬁrmatum
835 3414 918 3461 est
939 3419 1170 3475 regnum
1192 3405 1421 3474 peccati,
1445 3419 1542 3474 per
1562 3414 1934 3477 contemptum
1954 3406 2091 3479 legis
2115 3428 2131 3467 :

540 3497 619 3552 ita
662 3506 717 3551 et
760 3511 987 3567 regnum
1036 3493 1224 3567 gratiae
1271 3494 1649 3563 conﬁrmetur,
1700 3512 1797 3566 per
1839 3499 2130 3556 multorum

540 3587 919 3643 remissionem
947 3596 1297 3657 peccatorum
1316 3628 1331 3654 ,
1364 3596 1421 3644 et
1448 3587 1845 3646 indesinentem
1873 3589 2131 3665 deinceps

535 3680 762 3753 justitia:
788 3681 1075 3739 actionem.

1154 3750 1384 3811 CAPUT
1420 3753 1511 3810 Vl.

615 3866 755 3933 Quid
781 3883 900 3940 ergo
928 3868 1196 3924 dicemus?
1222 3867 1547 3922 Manebimus
1575 3867 1628 3923 in
1650 3879 1859 3942 peccato
1882 3888 1901 3927 :
1932 3880 1987 3927 ut
2012 3891 2132 3946 gra-

540 3961 613 4017 tia
647 3961 914 4017 abundet?
949 3962 1112 4017 Absit.
1149 3961 1250 4030 Qui
1294 3965 1430 4017 enim
1468 3964 1660 4017 mortui
1691 3980 1870 4020 sumus
1898 3977 2127 4037 peccato.

539 4055 620 4111 Ne
657 4073 765 4111 non
809 4056 1176 4128 intelligentes
1220 4058 1468 4113 dicerent
1502 4077 1513 4111 :
1548 4058 1604 4114 Si
1630 4062 1809 4130 gratia
1843 4064 2041 4119 crescit
2074 4065 2130 4121 in

543 4149 913 4218 magnitudine
938 4149 1284 4217 delictorum,
1317 4166 1545 4220 peccare
1571 4148 1855 4221 debemus,
1879 4165 1937 4209 ut
1961 4158 2133 4225 possit

544 4241 716 4313 magis
745 4256 808 4298 ac
839 4243 1009 4313 magis
1038 4243 1209 4313 gratia
1239 4242 1548 4301 abundare.
1581 4245 1759 4301 Absit.
1791 4247 1904 4317 Ego
1931 4248 2000 4304 de
2025 4250 2132 4306 illis

540 4332 683 4399 dico,
713 4351 849 4406 quos
881 4335 955 4391 ita
986 4336 1123 4390 fides
1154 4335 1395 4401 invenit,
1436 4352 1545 4391 non
1585 4337 1654 4393 de
1684 4339 1870 4408 nobis,
1898 4341 1990 4412 qui
2015 4342 2130 4413 jam

542 4429 738 4482 mortui
771 4445 957 4484 sumus
986 4440 1231 4500 peccato,
1259 4439 1319 4485 ut
1343 4430 1511 4501 gratia
1544 4432 1879 4488 viveremus.

617 4520 887 4588 Quomodo
916 4524 1085 4577 adhuc
1110 4524 1332 4577 vivemus
1362 4524 1415 4577 in
1456 4522 1595 4577 illo?
1623 4523 1749 4580 Vult
1779 4534 1885 4581 tam
1912 4526 2127 4585 ﬁrmum

545 4628 670 4668 csse
702 4613 1051 4684 baptizatum,
1076 4626 1295 4686 tamque
1324 4615 1646 4686 perfectum.

610 4705 693 4759 An
722 4706 992 4780 ignoratis,
1027 4711 1234 4780 fratres.
1266 4712 1374 4765 Aut
1399 4709 1665 4781 numquid
1691 4712 1917 4771 nescitis
1946 4715 2128 4788 ipsum

538 4812 942 4856 sacramentum
973 4802 1337 4872 baptismatis.

614 4894 751 4960 Quia
792 4894 1100 4966 quicumque
1140 4896 1383 4967 baptisati
1424 4913 1601 4953 sumus
1642 4898 1699 4953 in
1736 4897 1944 4955 Christo
1977 4901 2125 4959 Jesu.

540 4987 740 5043 Tribus
785 4988 963 5043 modis
1006 4986 1337 5058 baptismum
1380 4991 1642 5061 accipitur
1683 4992 1738 5047 in
1777 4994 2074 5065 Scripturis
2111 5015 2125 5052 :

539 5086 730 5155 Aquae,
757 5091 811 5138 et
837 5083 1074 5153 Spiritus
1102 5084 1298 5151 sancti,
1325 5085 1416 5154 qui
1443 5095 1497 5140 et
1526 5085 1664 5157 ignis
1688 5088 1990 5158 appellatus
2020 5098 2128 5158 est,

539 5184 596 5232 et
625 5177 903 5248 sanguinis
935 5177 990 5232 in
1018 5177 1281 5249 martyrio
1300 5218 1314 5243 ,
1344 5177 1414 5234 de
1448 5194 1555 5250 quo
1588 5179 1836 5237 Salvator
1862 5182 2083 5239 dicebat
2110 5200 2125 5238 :

536 5268 815 5339 Baptismo
844 5272 1018 5327 habeo
1049 5270 1336 5342 baptizari.

583 5351 678 5417 ’1η
703 5372 869 5418 morte
892 5365 1056 5435 ipsius
1086 5364 1334 5439 baptizati
1357 5381 1557 5423 sumus.
1585 5368 1656 5425 Ut
1680 5368 1759 5426 illi
1787 5372 2127 5429 commoria—
2197 5410 2209 5419 ι

535 5472 661 5514 mur
686 5456 740 5513 in
768 5458 1059 5527 baptismo.

604 5553 909 5625 Consepulti
948 5557 1083 5610 enim
1118 5573 1298 5614 sumus
1336 5575 1457 5613 cum
1483 5558 1578 5614 illo
1606 5576 1697 5632 per
1727 5561 2041 5633 baptismum
2070 5565 2125 5618 in

532 5661 748 5705 mortem
771 5666 790 5705 :
819 5658 878 5703 ut
910 5652 1164 5720 quomodo
1196 5651 1429 5709 Christus
1455 5655 1679 5709 surrexit
1705 5673 1737 5709 a
1764 5660 2000 5725 mortuis,
2034 5675 2126 5727 per

532 5744 753 5814 gloriam
784 5744 959 5800 Patris
982 5760 1000 5799 :
1030 5745 1103 5797 ita
1128 5754 1175 5799 et
1206 5763 1296 5801 nos
1322 5748 1375 5801 in
1396 5748 1620 5803 novitate
1642 5750 1762 5803 vita:
1783 5750 2123 5807 ambulemus.

533 5838 779 5898 Ostendit
807 5856 908 5898 nos
938 5850 1223 5915 propterea
1248 5843 1338 5920 ita,
1372 5842 1669 5917 baptizari,
1712 5853 1769 5902 ut
1794 5860 1892 5920 per
1924 5856 2127 5920 myste-

2236 3330 2350 3387 Hoc
2404 3334 2837 3402 est,falienatus
2888 3349 2974 3395 est
3017 3357 3050 3397 a
3097 3353 3353 3414 peccato.
3407 3345 3630 3401 Mortuus
3661 3341 3768 3397 enim

2235 3426 2459 3481 omnino
2482 3443 2588 3483 non
2619 3438 2825 3499 peccat.
2856 3431 2932 3487 Ita
2956 3444 3013 3490 et
3041 3436 3134 3505 qui
3160 3448 3328 3493 natus
3356 3446 3443 3494 est
3465 3437 3530 3493 de
3549 3437 3660 3501 Deo,
3687 3446 3764 3486 non

2234 3529 2442 3589 peccat.
2491 3520 2795 3578 Cruciﬁxus
2834 3526 2979 3581 enim
3021 3529 3285 3601 omnibus
3332 3530 3584 3587 membris
3622 3524 3761 3584 dolore

2234 3614 2536 3685 occupatis,
2559 3631 2784 3686 peccare
2814 3619 2901 3675 vix
2925 3622 3145 3689 poterit.

2306 3706 2367 3763 Si
2396 3718 2568 3763 autem
2595 3713 2785 3766 mortui
2808 3730 2984 3769 sumus
3012 3732 3129 3771 cum
3157 3714 3400 3790 Christo,
3429 3718 3644 3775 credimus
3662 3709 3753 3783 quia

2232 3798 2389 3853 simul
2436 3800 2589 3856 etiam
2635 3803 2855 3859 vivemus
2893 3823 3011 3861 cum
3059 3809 3176 3864 illo.
3235 3812 3298 3868 Si
3353 3806 3647 3867 commortui
3678 3816 3761 3858 non

2233 3908 2421 3949 sumus
2451 3938 2467 3964 ,
2523 3912 2625 3953 nec
2673 3900 3024 3958 convivemus
3071 3919 3087 3961 :
3139 3904 3272 3976 quia
3320 3906 3443 3978 ejus
3485 3921 3585 3962 non
3628 3908 3768 3957 sumus

2234 3988 2500 4043 membra.

2306 4077 2537 4133 Scientes
2578 4083 2717 4151 quod
2747 4082 2983 4140 Christus
3020 4103 3302 4162 resurgens
3341 4107 3410 4147 ea:
3447 4088 3663 4154 mortuis,
3692 4086 3776 4156 jam

2234 4184 2338 4223 non
2366 4171 2587 4224 moritur
2614 4189 2634 4227 :
2665 4190 2803 4229 mors
2832 4176 2912 4230 illi
2944 4176 3081 4231 ultra
3119 4197 3226 4235 non
3258 4182 3622 4237 dominabitur.
3658 4177 3717 4230 ita
3742 4180 3782 4223 et

2234 4278 2334 4319 nos
2354 4264 2400 4319 si
2423 4264 2508 4321 hic
2528 4266 2809 4326 voluntate
2834 4273 3033 4328 mortui
3062 4272 3341 4332 fuerimus
3366 4295 3381 4333 :
3410 4274 3679 4332 secundam
3699 4280 3781 4321 non

2233 4355 2544 4413 timebimus
2584 4368 2838 4417 mortem.
2879 4362 3004 4420 Sive
3040 4365 3154 4433 jam
3196 4384 3316 4423 non
3361 4368 3584 4439 potestis
3629 4366 3782 4419 iterum

2232 4446 2518 4518 baptizari,
2547 4452 2673 4521 quia
2700 4453 2953 4510 Christus
2982 4472 3089 4512 non
3116 4468 3303 4528 potest
3333 4476 3433 4532 pro
3458 4460 3605 4515 vobis
3625 4458 3785 4510 iterm

2234 4542 2475 4614 crucifigi
2516 4562 2529 4598 :
2574 4545 2715 4600 sicut
2752 4546 2886 4602 dicit
2925 4548 2993 4604 ad
3023 4549 3291 4608 Hebrmos
3328 4570 3343 4607 :
3391 4548 3705 4622 lmpossibile
3725 4550 3787 4599 est

2159 4620 2214 4681 D
2237 4648 2353 4699 eos,
2379 4635 2469 4705 qui
2499 4638 2670 4692 semel
2699 4637 2993 4695 illuminati
3017 4653 3141 4696 sunt
3159 4684 3174 4710 ,
3208 4653 3321 4699 etc.
3349 4620 3555 4715 Quibus
3582 4656 3679 4699 non
3700 4649 3786 4709 pm-

2234 4726 2517 4783 nitentiam
2570 4739 2779 4801 negat,
2831 4733 2929 4789 sed
2970 4733 3329 4795 iterationem
3380 4735 3631 4811 baptismi
3677 4727 3788 4786 difﬁ«

2234 4831 2396 4878 tetur.

2309 4913 2463 4979 Quod
2493 4917 2628 4972 enim
2652 4928 2883 4976 mortuus
2911 4932 2988 4978 est
3020 4930 3255 4993 peccato,
3288 4936 3531 4981 mortuus
3560 4915 3789 4978 estsemcl-

2233 5005 2371 5074 Quia
2393 5008 2508 5079 ipse
2531 5022 2761 5081 peccata'
2774 5023 2955 5070 nostra
2977 5016 3233 5087 portavit,
3257 5026 3316 5074 et
3338 5032 3440 5090 pro
3460 5016 3613 5073 nobis
3630 5007 3788 5075 doluit.

2234 5116 2301 5155 ne
2327 5102 2395 5157 de
2422 5113 2623 5159 caetero
2648 5119 3021 5175 peccaremus.

2214 5256 2217 5261 ,
2308 5194 2461 5261 Quod
2487 5205 2655 5251 autem
2686 5197 2840 5267 vivit,
2886 5200 3005 5255 vivit
3044 5200 3175 5258 Deo.
3216 5200 3373 5259 Vivit
3411 5201 3468 5259 in
3506 5200 3668 5275 gloria
3701 5191 3793 5252 dci-

2232 5286 2378 5343 tatis.

2302 5378 2388 5434 Ita
2415 5390 2465 5435 et
2505 5398 2593 5436 vos
2622 5385 2908 5441 existimate
2950 5403 3038 5442 vos
3066 5396 3304 5445 mortuos
3333 5389 3544 5457 quidem
3578 5399 3676 5441 esse
3700 5391 3795 5454 ρεσ-

2230 5482 2344 5527 cato
2365 5490 2384 5528 :
2410 5475 2629 5531 viventes
2650 5487 2820 5533 autem
2844 5480 2971 5547 Deo,
2994 5483 3049 5535 in
3068 5479 3273 5537 Christo
3294 5480 3445 5537 Iesu.
3471 5480 3636 5550 Quasi
3655 5488 3797 5533 mem-

2229 5566 2327 5622 bra
2355 5567 2472 5637 ejus
2510 5570 2680 5625 semel
2718 5586 2814 5627 vos
2857 5573 3055 5630 scitote
3081 5585 3467 5630 commortuos
3493 5573 3685 5630 debere
3704 5568 3796 5638 iam

2228 5673 2446 5728 semper
2464 5660 2651 5718 vivere
2677 5663 2788 5720 Deo
2810 5664 2862 5719 in
2883 5664 3121 5737 Christo,
3146 5666 3198 5722 in
3222 5682 3339 5737 quo
3364 5668 3478 5723 vita
3505 5676 3677 5723 nostra
3700 5660 3800 5715 abs-

2229 5749 2445 5807 condita
2477 5761 2564 5809 est
2590 5754 2736 5823 apud
2763 5755 2934 5815 Deum
2962 5775 2977 5817 :
3008 5773 3169 5831 quem
3197 5757 3386 5819 induit
3421 5777 3437 5814 :
3480 5759 3597 5831 ejus
3634 5764 3796 5824 sequa-

2226 5861 2350 5909 mur
2372 5847 2705 5923 exemplum.
2800 5884 2847 5915 ..
