3970 6304
453 311 457 318 ,
487 243 592 306 675

1518 247 1577 308 S.
1621 245 2007 306 HIERONYMI
2044 245 2330 318 OPLRUM
2369 247 2733 310 MANTISSA.

3659 254 3771 316 676

483 361 750 430 Quamdiu
790 361 919 418 vivit
949 362 1051 433 vir,
1080 361 1281 419 tamdiu
1326 361 1400 418 illi
1433 361 1732 419 secundum
1760 361 1877 433 ejus
1905 361 2073 418 solius
2099 360 2232 424 Aid
2253 368 2357 426 est,
2383 361 2473 431 qui
2495 361 2726 433 primum
2759 357 2853 416 Dei
2877 359 3128 420 mandata
3151 363 3470 436 cognoscit:
3496 377 3617 421 cum
3634 381 3773 422 con-

375 491 387 495 -
483 471 708 513 necesse
733 465 817 512 est
837 457 1021 513 vivere
1042 458 1378 514 voluntatem
1403 472 1418 511 :
1442 471 1562 514 cum
1587 464 1790 522 autem,
1820 453 1916 510 illo
1934 469 2081 510 mor-

483 557 600 617 tuo,
625 549 731 606 alio
761 550 877 605 viro
903 548 1098 606 mulier
1125 548 1289 616 fuerit
1311 549 1586 621 copulata,
1609 548 1720 620 jam
1752 564 1863 606 non
1887 547 1966 603 illi
1994 561 2079 604 se-

483 643 718 700 cundum
743 642 939 713 prioris
962 643 1062 697 viri
1103 643 1549 700 consuetudinem
1571 652 1655 700 est
1674 641 1985 700 vivendum.

554 737 760 808 Itaque,
794 738 984 809 fratres
1017 739 1136 804 mei,
1171 748 1218 793 et
1241 755 1331 795 vos
1359 739 1661 810 mortiﬁcati
1681 738 1801 794 estis
1824 736 1944 810 legi.
1973 735 2079 793 No-

483 831 583 887 luit
623 832 775 903 juxta
809 835 1304 902 comparationem,
1348 838 1518 906 legem
1562 833 1676 896 illis
1705 833 1889 890 dicere
1935 847 2080 888 mor-

483 935 630 982 tuam
658 943 673 984 :
700 927 792 982 sed
814 927 959 998 quod
989 929 1170 985 verbis
1191 929 1271 985 eis
1298 913 1482 1002 dicere
1506 943 1612 986 non
1637 928 1892 996 audebat,
1919 926 2079 984 intel-

483 1020 646 1078 lectui
677 1008 984 1093 dereliquit.
1271 1020 1274 1023 ’

558 1113 666 1169 Per
693 1131 881 1185 corpus
923 1114 1135 1188 Christi,
1167 1125 1227 1171 ut
1273 1115 1388 1172 sitis
1436 1117 1652 1173 alterius
1680 1117 1777 1173 viri
1814 1134 1831 1172 :
1882 1116 1974 1189 qui
2015 1133 2079 1181 ea:

482 1209 699 1263 mortuis
724 1210 1027 1276 resurrexit,
1057 1219 1115 1263 ut
1145 1209 1466 1282 fructiﬁcetis
1496 1209 1624 1266 Deo.
1658 1210 2079 1284 Commoriendo

484 1301 724 1369 Christo,
753 1301 845 1371 qui
867 1302 1144 1358 damnavit
1168 1310 1447 1373 peccatum
1477 1305 1529 1366 in
1556 1319 1746 1360 carne.

556 1395 686 1452 Cum
713 1398 849 1452 enim
876 1413 1100 1453 essemus
1126 1398 1179 1451 in
1203 1414 1362 1452 carne
1379 1441 1392 1466 ,
1425 1399 1691 1468 passiones
1718 1407 2044 1469 peccatorum
2061 1440 2076 1466 ,

483 1506 597 1558 qua:
618 1507 708 1561 per
736 1491 899 1562 legem
923 1500 1092 1556 erant,
1134 1491 1480 1562 operabantur
1509 1492 1562 1546 in
1593 1490 1833 1546 membris
1865 1492 2072 1546 nostris.

479 1581 618 1637 Cum
649 1598 894 1640 essemus
927 1584 978 1638 in
1010 1584 1215 1664 carnali
1243 1585 1680 1651 conversatione,
1729 1585 1908 1655 passio
1947 1600 2079 1642 con-

482 1676 833 1743 cupiscentia:
860 1677 1189 1749 operabatur
1211 1679 1263 1733 in
1285 1677 1457 1734 oculis
1481 1694 1495 1732 :
1521 1679 1645 1734 etin
1666 1678 1881 1734 caeteris
1907 1694 2078 1734 mem-

2181 453 2526 512 suetudinem
2557 453 2720 510 habet
2745 453 3115 526 delinquendi.

2258 548 2400 603 Nam
2435 548 2903 621 concupiscentiam
2932 550 3238 618 nesciebam,
3272 549 3376 605 nisi
3421 549 3506 605 lea:
3545 551 3769 608 diceret:

2182 639 2307 696 Non
2329 643 2681 712 concupisces.
2711 641 2829 697 Non
2859 641 3024 709 dixit;
3056 657 3162 698 non
3192 641 3483 711 habebam,
3518 654 3626 714 aut,
3658 660 3766 701 non

2178 733 2445 790 faciebam
2475 750 2488 788 :
2519 734 2639 802 sed,
2669 735 3018 791 nesciebam:
3057 736 3160 792 hoc
3181 743 3286 802 est,
3314 735 3618 791 nesciebam
3641 751 3772 793 con-

2179 825 2568 896 cupiscentiam
2611 841 2733 883 esse
2777 835 3081 898 peccatum.
3125 827 3258 898 Item
3306 827 3446 884 sicut
3496 829 3670 886 lumen
3719 830 3770 886 in

2179 920 2446 988 tenebris,
2504 920 2590 976 vel
2633 919 3044 988 oﬂ‘endiculum,
3095 921 3182 978 vel
3231 920 3444 976 foveam
3496 923 3764 978 ostendit:

2185 1012 2461 1080 similiter,
2490 1021 2545 1068 et
2573 1012 3112 1084 lexiprzecavendum,
3143 1021 3200 1069 et
3225 1012 3620 1070 observandum
3647 1029 3768 1070 esse

2183 1119 2216 1160 a
2263 1103 2500 1175 peccatis
2544 1105 2674 1160 facit
2720 1106 2968 1173 notitiam
3015 1115 3398 1176 peccatorum:
3449 1115 3507 1162 et
3547 1123 3632 1177 per
3659 1106 3766 1166 hoc

2182 1196 2356 1270 legem
2386 1206 2630 1255 sanctam
2660 1209 2715 1256 et
2741 1199 2938 1256 bonam
2970 1215 3091 1257 esse
3119 1199 3374 1256 dicimus.

2257 1291 2545 1348 Occasione
2574 1302 2745 1349 autem
2793 1301 3028 1366 accepta,
3061 1304 3326 1365 peccatum
3362 1309 3454 1367 per
3478 1296 3766 1352 mandatum

2180 1401 2448 1460 apemtum
2477 1397 2549 1444 est
2574 1389 2626 1444 in
2650 1405 2752 1443 me.
2779 1388 2880 1444 Hic
2906 1397 3188 1460 peccatum
3211 1389 3488 1450 diabolum
3518 1390 3770 1460 appellat,

2178 1480 2321 1536 sicut
2351 1481 2403 1535 in
2428 1480 2756 1552 Apocalypsi
2785 1481 3096 1538 nominatur
3129 1498 3144 1539 :
3177 1481 3386 1538 scilicet
3424 1492 3616 1538 auctor
3663 1496 3776 1553 pec-

2177 1574 2304 1628 cati.
2338 1572 2481 1629 Dicit
2523 1588 2653 1645 ergo
2683 1575 3029 1630 occasionem
3060 1574 3297 1630 mandati
3325 1591 3337 1628 :
3378 1575 3522 1648 quod
3553 1590 3776 1630 excusa-

2180 1667 2383 1725 tionem
2442 1668 2763 1738 ignorantiae
2823 1667 3068 1736 abstulit.
3126 1668 3359 1725 Gravius
3416 1667 3562 1724 enim
3622 1668 3773 1736 facit,

479 1769 595 1826 bris
623 1778 836 1838 autem;
858 1771 1181 1842 passiones;
1211 1788 1331 1843 qua:
1363 1781 1543 1830 tamen
1572 1787 1668 1844 per
1697 1773 1870 1845 legem
1893 1781 2078 1830 osten-
2106 1760 2156 1821 B
2182 1781 2341 1836 quam
2371 1773 2496 1820 ante
2521 1778 2747 1835 peccare
2775 1781 2788 1818 :
2819 1765 2958 1820 sicut
2985 1763 3164 1842 omnis
3191 1763 3407 1819 invidus
3445 1773 3578 1824 tunc
3602 1765 3769 1834 magis

483 1859 753 1916 debantur
801 1877 926 1918 esse
987 1872 1228 1934 peccata.
1287 1862 1419 1920 item
1471 1864 1524 1918 in
1577 1880 1739 1919 carne
1785 1874 1870 1920 est
1912 1881 1925 1917 :
1983 1866 2078 1936 qui

481 1955 763 2010 voluntate
793 1957 976 2012 carnis
1002 1956 1254 2012 ducitur:
1287 1967 1340 2013 et
1368 1957 1473 2029 legi
1506 1957 1599 2012 Dei
1625 1956 1851 2013 obedire
1889 1957 2076 2030 prohi-

482 2047 687 2103 betur:
731 2048 855 2120 quia
906 2066 1014 2106 non
1067 2060 1247 2120 potest
1289 2049 1503 2114 duobus
1553 2049 1791 2106 dominis
1843 2050 2072 2107 servire.

480 2139 636 2196 Nunc
671 2149 852 2197 autem
883 2143 1056 2214 gratia
1091 2143 1327 2215 Spiritus
1371 2143 1562 2208 sancti,
1602 2141 1750 2200 docti
1793 2142 2076 2212 passiones

479 2234 826 2305 vincere,.in
877 2251 1044 2292 carne
1089 2252 1196 2290 non
1231 2251 1439 2306 sumus,
1469 2235 1594 2308 quia
1646 2235 1844 2294 mortui
1888 2251 2075 2292 sumus

476 2329 608 2400 legi,
640 2347 759 2401 quae
788 2330 1094 2387 doctrinam
1123 2332 1316 2402 gratia:
1338 2347 1446 2387 non
1477 2334 1740 2399 continet.

555 2422 622 2476 Ut
645 2424 1020 2494 fructiﬁcarent
1044 2425 1219 2479 morti.
1250 2425 1320 2482 Ut
1339 2419 1436 2480 nos
1465 2424 1600 2497 legis
1617 2424 1881 2482 severitas
1903 2423 2075 2482 inter-

478 2515 690 2570 ticeret.

553 2604 713 2658 Nunc
739 2614 909 2660 autem
931 2607 1092 2662 soluti
1113 2623 1288 2664 sumus
1310 2625 1342 2661 a
1364 2606 1474 2682 lege
1496 2608 1700 2674 mortis,
1731 2609 1786 2662 in
1815 2625 1918 2681 qua
1944 2608 2073 2664 deti-

477 2699 744 2756 nebamur.
798 2686 1092 2759 Moriente's
1147 2713 1393 2776 peccato,
1444 2705 1498 2760 in
1545 2720 1652 2777 quo
1695 2703 2074 2761 detinebamnr

499 2807 528 2847 a
556 2791 697 2863 lege.

547 2882 633 2939 Ita
679 2894 738 2942 ut
782 2889 1062 2944 serviamus
1093 2890 1149 2946 in
1191 2890 1418 2946 novitate
1467 2891 1701 2963 spiritus.
1759 2888 2072 2961 Spiritualis

475 2980 664 3051 gratiae
693 2983 999 3054 praeceptis,
1029 2993 1085 3038 et
1114 2999 1219 3039 non
1254 2985 1448 3039 littera:
1492 2984 1645 3055 legis.
1678 2983 1809 3039 ltem
1837 2981 2071 3038 servitus

471 3089 612 3128 nova
634 3083 748 3139 est,
775 3089 879 3130 non
914 3075 1141 3146 diligere
1173 3075 1430 3132 mundum
1457 3116 1474 3145 ,
1507 3091 1684 3146 neque
1710 3091 1773 3131 ea
1803 3091 1923 3147 qua:
1944 3084 2070 3130 sunt

474 3164 530 3220 in
571 3165 772 3222 mundo
809 3183 822 3220 :
855 3175 910 3222 et
939 3167 1116 3224 carnis
1147 3185 1331 3224 curam
1357 3185 1463 3226 non
1494 3170 1675 3225 facere
1703 3167 1775 3224 'in
1807 3167 2069 3238 concupi-
2100 3155 2148 3238 Ω

478 3259 725 3317 scentiis.
767 3260 880 3318 Lex
916 3263 1060 3318 enim
1089 3263 1228 3320 bona
1264 3276 1423 3320 terrae
1461 3264 1811 3334 promittens,
1864 3265 2071 3318 nutrire

479 3356 631 3409 novit
659 3364 962 3412 amatorum
990 3358 1172 3414 carnis
1202 3357 1493 3415 desideria.
1519 3357 1674 3414 Juste
1702 3357 1791 3413 hic
1821 3355 2070 3427 discipuli

378 3469 390 3476 κ
475 3443 606 3501 Jesu
651 3446 755 3518 legi
787 3449 984 3506 mortui
1024 3460 1170 3518 sunt,
1200 3452 1456 3523 quoniam
1489 3450 1694 3507 mundo
1720 3448 2066 3506 abrenuntia-

477 3546 695 3592 verunt.

546 3630 614 3684 Et
649 3647 750 3685 non
789 3631 843 3685 in
871 3639 1118 3685 vetustate
1145 3631 1350 3687 titterw.
1389 3631 1541 3689 Nunc
1578 3633 1802 3704 scriptae
1826 3642 1879 3689 et
1908 3642 2068 3689 natu-

479 3723 612 3780 ralis
643 3723 776 3794 legis
815 3722 942 3779 facit
982 3725 1312 3780 mentionem
1342 3741 1358 3780 :
1387 3726 1512 3796 quia
1549 3728 1747 3795 scripta
1781 3728 1865 3783 lex
1895 3736 1949 3783 et
1977 3743 2070 3782 na-

469 3800 703 3872 turalcm
742 3817 1003 3872 continet.
1038 3815 1205 3872 Infert
1235 3825 1411 3874 autem
1439 3819 1628 3876 dicens
1660 3837 1672 3871 :
1708 3818 1840 3873 Nam
1870 3834 2071 3876 concu-

474 3908 794 3981 piscentiam
847 3908 1154 3965 nesciebam
1213 3910 1316 3964 nisi
1372 3927 1470 3981 per
1517 3911 1713 3983 legem.
1768 3911 2066 3982 Personam

467 4003 683 4075 juvenis
706 4005 893 4071 sumit,
909 4005 1198 4060 Ostendere
1224 4004 1433 4072 volens,
1457 4008 1579 4077 quia
1602 4005 1856 4076 quamdiu
1883 4021 2069 4061 sumus

470 4097 726 4163 infantes,
759 4095 984 4154 omnino
1007 4095 1134 4167 quid
1159 4099 1229 4153 sit
1253 4099 1696 4168 concupiscentia
1728 4099 2064 4171 ignoramus.

469 4186 605 4243 Cum
665 4198 846 4243 autem
911 4203 1161 4246 crescere
1210 4191 1559 4261 coeperimus,
1609 4191 1820 4247 initium
1871 4193 2069 4262 accipit

471 4280 912 4351 concupiscentia
936 4281 1080 4350 (qua:
1099 4298 1128 4338 a
1148 4281 1274 4356 .lcge
1307 4283 1576 4352 prohibita
1607 4284 1713 4354 est)
1748 4287 1799 4338 in
1825 4293 2065 4339 nostram

472 4372 765 4441 pervenire
817 4371 1085 4439 uOtitiam,
1132 4387 1254 4428 cum
1294 4374 1406 4444 jam
1449 4373 1720 4445 possimus
1751 4373 2066 4430 discernere

469 4463 673 4522 bonum
704 4475 759 4521 et
781 4467 1004 4523 malum.

2179 1861 2525 1926 occasionem
2574 1858 2808 1934 nocendi
2864 1857 3249 1929 amplectitur,
3300 1858 3519 1928 quando
3567 1857 3771 1928 aliquid

2179 1954 2539 2011 committitur
2564 1953 2638 2017 ei,
2670 1953 2756 2008 cui
2789 1951 2881 2008 ille
2907 1951 3130 2006 molitur
3155 1949 3404 2006 insidias.

2257 2047 2478 2102 Omnem
2521 2046 3012 2118 concupiscentiam.
3043 2044 3177 2116 Qua:
3218 2044 3398 2101 fuerat
3442 2043 3565 2116 lege
3595 2043 3773 2116 prohi-

2185 2140 2323 2198 bita.
3511 2127 3514 2129 ’

2251 2235 2380 2290 Sine
2403 2233 2512 2307 lege
2541 2233 2698 2288 enim.
2723 2232 2868 2289 Pene
2899 2231 2987 2288 lcx
3016 2230 3072 2286 in
3103 2228 3381 2286 oblivione
3401 2238 3522 2286 erat
3555 2238 3770 2284 natura-

2178 2324 2268 2392 lis,
2294 2341 2415 2396 quu:
2441 2325 2782 2397 suggerebat,
2810 2325 2936 2397 quid
2969 2324 3043 2380 sit
3080 2331 3366 2394 peccatum
3394 2339 3408 2377 :
3445 2322 3660 2378 idcirco
3699 2323 3773 2377 lex

2177 2419 2375 2476 littera:
2432 2418 2762 2490 superducta
2816 2429 2900 2486 est
2951 2435 2968 2475 :
3012 2425 3073 2474 ut
3124 2425 3505 2472 commoneret
3556 2415 3770 2470 oblitos.

2177 2513 2335 2584 Item,
2360 2512 2407 2568 si
2437 2527 2562 2568 cum
2593 2512 2678 2568 lex
2707 2527 2813 2568 non
2846 2520 3011 2580 esset,
3045 2518 3321 2582 peccatum
3345 2520 3632 2568 mortuum
3660 2519 3771 2567 est:

2176 2605 2459 2662 lnsaniunt
2503 2604 2596 2678 qui
2637 2607 2703 2660 de
2733 2604 2905 2660 Adam
2950 2619 3051 2676 per
3085 2602 3362 2659 traducem
3409 2611 3673 2659 asserunt
3715 2601 3774 2656 ad

2175 2715 2275 2757 nos
2307 2700 2494 2756 venire
2525 2708 2826 2770 peccatum.
2860 2697 3155 2768 Propterea
3184 2695 3274 2753 hic
3304 2696 3459 2764 dicit,
3489 2705 3772 2767 peccatum

2177 2803 2449 2848 mortuum
2479 2801 2597 2849 est:
2629 2792 2754 2863 quia
2782 2791 2834 2847 in
2857 2790 3172 2854 infantibus,
3207 2789 3298 2860 qui
3322 2789 3444 2846 sine
3469 2789 3597 2861 lege
3636 2798 3770 2854 sunt,

2177 2901 2286 2942 non
2318 2885 2472 2951 vivit,
2505 2884 2556 2938 id
2588 2893 2694 2952 est,
2725 2884 2945 2955 impune
2976 2881 3357 2938 committitur.
3388 2880 3526 2937 Nam
3557 2882 3774 2938 maledi-

2176 2988 2335 3035 cente
2382 2977 2586 3033 infante
2640 2977 2985 3047 parentibus,
3030 2976 3247 3033 videtur
3290 2990 3413 3034 esse
3469 2985 3772 3049 peccatum,

2178 3085 2288 3127 non
2325 3082 2502 3125 tamen
2534 3070 2740 3137 vivum,
2769 3070 2868 3126 sed
2907 3079 3204 3126 mortuum.

2249 3162 2530 3220 Peccatum
2558 3171 2819 3218 mortuum
2849 3171 2980 3218 erat.
3027 3161 3167 3218 Puer
3194 3162 3324 3218 licet
3365 3171 3585 3232 peccet,
3640 3177 3772 3218 mor-

2177 3269 2326 3316 tuum
2358 3268 2442 3316 est
2490 3260 2548 3317 in
2587 3274 2653 3316 eo
2687 3266 2966 3329 peccatum
2995 3277 3007 3312 :
3041 3259 3167 3332 quia
3199 3273 3309 3314 non
3357 3265 3444 3314 est
3481 3257 3596 3330 legi
3649 3256 3769 3314 sub-

2169 3353 2374 3425 iectus.

2246 3447 2361 3520 Ego
2388 3457 2558 3504 autem
2590 3447 2814 3503 vivebam
2841 3447 2951 3503 sine
2990 3447 3101 3521 lege
3139 3447 3445 3520 aliquando.
3475 3446 3644 3514 Quasi
3678 3444 3759 3516 ju-

2172 3549 2315 3598 stum
2335 3551 2390 3598 et
2408 3540 2638 3598 liberum
2657 3540 2841 3596 vivere
2861 3555 2950 3597 mc
2973 3541 3226 3612 putabam
3253 3556 3266 3594 ε
3299 3541 3417 3596 sive
3443 3540 3494 3595 in
3522 3535 3754 3610 μηθεεωὶ

2173 3634 2441 3690 vivebam.
2473 3633 2641 3701 Item,
2683 3649 2806 3691 cum
2851 3645 3034 3691 autem
3083 3649 3217 3706 puer
3252 3648 3470 3704 essem,
3512 3633 3612 3704 legi
3659 3629 3744 3687 ob-

2172 3729 2368 3784 noxius
2398 3744 2504 3784 non
2531 3743 2702 3785 eram.

2246 3819 2353 3877 Sed
2385 3838 2500 3878 cum
2529 3821 2746 3876 venisset
2773 3820 3099 3876 mandatum.
3132 3818 3191 3874 In
3223 3819 3332 3874 line
3367 3813 3648 3875 oblivionis
3666 3826 3748 3870 re-

2171 3916 2446 3987 cognitum
2493 3925 2578 3971 est
2622 3925 2940 3986 peccatum,
2999 3913 3326 3970 adveniente
3375 3912 3757 3968 mandatozut

2171 4008 2349 4064 omnis
2378 4005 2472 4077 qui
2497 4005 2632 4062 illud
2666 4005 2877 4072 fecerit,
2907 4014 3183 4076 mortuum
3211 4019 3269 4060 se
3297 4017 3421 4060 esse
3447 4007 3755 4073 cognoscat.

2242 4096 2524 4152 Peccatum
2564 4097 2770 4153 revixit.
2812 4096 2915 4153 Ubi
2953 4096 3185 4163 adolevi,
3218 4105 3274 4153 et
3318 4095 3459 4166 εαξρὶ
3498 4109 3630 4150 esse
3673 4089 3764 4147 sub

2170 4190 2323 4260 lege:
2357 4200 2411 4247 et
2441 4190 2724 4258 delictum,
2758 4189 2902 4261 quod
2926 4205 3049 4247 cum
3076 4203 3253 4246 essem
3298 4203 3453 4258 puer,
3487 4203 3595 4255 per
3627 4187 3766 4257 igno-

2168 4284 2402 4340 rantiam
2453 4293 2571 4340 erat
2619 4285 2672 4340 in
2727 4299 2814 4339 me
2855 4291 3153 4348 mortuum,
3199 4280 3398 4336 revixit
3425 4280 3478 4334 in
3525 4295 3621 4335 me
3659 4277 3769 4348 lege

2168 4377 2506 4436 dominante.
2553 4377 2631 4434 Ita
2677 4391 2830 4447 ergo,
2870 4376 3062 4448 inquit,
3108 4373 3441 4434 mandatum,
3471 4372 3628 4442 quod
3665 4378 3772 4426 erat

2169 4469 2238 4526 ad
2268 4472 2432 4526 vitam
2461 4469 2669 4540 datum,
2706 4471 2812 4526 hoc
2845 4469 2978 4524 mihi
3002 4470 3056 4524 in
3087 4476 3321 4523 mortem
3348 4465 3640 4521 inventum
3673 4472 3768 4526 est,

544 4559 687 4625 Quid
708 4574 830 4630 ergo
851 4557 1118 4614 dicemus?
1145 4557 1254 4614 Lex
1282 4568 1548 4632 peccatum
1579 4562 1687 4616 est?
1728 4560 1863 4630 Quia
1893 4561 1960 4618 ab
1998 4577 2064 4620 ea
2087 4559 2145 4626 Β
2171 4567 2418 4638 pueritiae
2466 4564 2896 4636 consuetudine,
2954 4572 3010 4620 et
3063 4577 3216 4618 more
3263 4559 3552 4632 peccandi.
3611 4559 3770 4622 item,

472 4667 690 4722 semper
717 4660 948 4706 mortem
985 4653 1197 4708 dixerat
1226 4668 1350 4709 esse
1394 4654 1650 4710 solutam.
1681 4655 1814 4710 Item
1845 4670 1912 4711 ex
1939 4657 2063 4712 hinc

474 4747 593 4804 vult
623 4746 956 4802 ostendere:
1008 4750 1264 4818 quoniam
1311 4765 1418 4804 non
1459 4749 1817 4806 custodiendo
1862 4751 2059 4821 legem,

469 4858 577 4906 non
609 4842 711 4898 fuit
737 4841 872 4913 legis
900 4840 1211 4908 infirmitas,
1237 4843 1334 4898 sed
1362 4843 1613 4899 humana:
1634 4845 1945 4901 voluntatis.
1975 4846 2064 4902 Di-

468 4936 643 4992 cenda
665 4942 845 5007 autem
867 4952 879 4988 :
904 4934 1194 4990 Peccatum
1222 4951 1329 4991 non
1354 4937 1604 5008 cognovi,
1625 4938 1727 4993 nisi
1747 4938 2058 5010 perlegem':

467 5044 757 5100 personam
784 5028 934 5099 pueri
964 5029 1215 5095 assumit,
1242 5031 1332 5100 qui
1366 5045 1462 5099 per
1484 5030 1660 5085 aetatis
1690 5029 2061 5088 infirmitatem

463 5121 574 5193 legi
598 5122 869 5178 obnoxius
893 5129 1148 5177 nonest:
1184 5121 1278 5176 sed
1308 5122 1397 5176 ubi
1440 5122 1764 5191 adoleverit,
1804 5122 1907 5180 sub
1943 5123 2061 5196 lege

469 5232 594 5273 esse
629 5217 838 5286 incipit,
873 5225 927 5272 et
950 5215 1201 5271 mandata
1233 5231 1587 5287 cognoscere.

541 5306 709 5361 Absit.
735 5307 937 5363 Contra
965 5307 1310 5364 Manichaeos.
1336 5308 1490 5376 Quod
1514 5309 1558 5364 si
1586 5307 1848 5376 dixerint,
1883 5309 2060 5364 timuit

468 5399 783 5456 scandalqu
809 5418 821 5455 :
855 5415 1072 5473 semper
1092 5419 1221 5474 ergo
1247 5403 1450 5471 timuit,
1474 5411 1530 5459 et
1557 5419 1845 5475 numquam
1867 5415 2056 5462 contra

471 5491 644 5563 legem
699 5491 912 5546 locutus
956 5503 1060 5550 est.
1101 5494 1258 5552 Unde
1297 5509 1430 5567 ergo
1465 5511 1563 5553 vos
1616 5495 1866 5566 audistis,
1915 5497 2060 5569 quod

467 5585 563 5642 ille
592 5601 702 5642 non
735 5585 897 5643 fecit?

542 5678 649 5735 Sed
675 5689 942 5752 peccatum
972 5693 1077 5732 non
1122 5681 1357 5752 cognovi,
1392 5680 1495 5736 nisi
1535 5697 1628 5753 per
1657 5681 1840 5754 legem.
1879 5683 2060 5740 Hicin

469 5785 705 5858 persona
740 5773 860 5843 ejus
905 5771 1142 5830 hominis
1173 5773 1434 5846 loquitur,
1473 5773 1566 5846 qui
1610 5773 1785 5848 legem
1826 5776 2066 5847 accepit,

2168 4660 2294 4731 quia
2334 4659 2551 4716 vixerat
2595 4674 2693 4729 per
2724 4658 3027 4714 naturalem
3059 4655 3373 4723 scientiam,
3404 4661 3462 4710 et
3492 4663 3769 4710 mortuum

2169 4754 2347 4809 fuerat
2402 4767 2499 4824 per
2529 4752 2881 4820 oblivionem,
2934 4750 3058 4808 ideo
3102 4750 3306 4806 dicitur
3352 4749 3630 4806 revixisse
3681 4762 3772 4818 per

2168 4846 2365 4918 legem.
3599 4833 3602 4836 ”

2240 4938 2356 5013 Ego
2377 4950 2554 4994 autem
2579 4949 2811 4995 mortuus
2836 4956 2970 4996 sum.
3013 4938 3148 5006 Quia
3179 4937 3362 4994 sciens
3387 4934 3767 5018 prtevarieavi.

2243 5032 2314 5086 Et
2358 5033 2618 5088 inventum
2665 5043 2743 5087 est
2779 5032 2908 5088 mihi
2953 5031 3284 5098 mandatum,
3340 5029 3478 5102 quod
3534 5041 3652 5084 erat
3705 5032 3769 5080 ad

2167 5125 2348 5193 vitam,
2393 5124 2490 5180 hoc
2517 5141 2628 5180 esse
2676 5125 2747 5179 ad
2785 5135 3022 5180 mortem.
3063 5122 3219 5192 Quod
3262 5121 3600 5178 custoditum
3643 5136 3769 5192 pro-

2167 5217 2390 5274 ﬁciebat
2439 5217 2507 5274 ad
2565 5217 2758 5283 vitam,
2811 5217 3119 5289 neglectum
3169 5215 3326 5272 duxit
3380 5214 3448 5270 ad
3506 5223 3766 5270 mortem.

2167 5309 2303 5367 item
2351 5324 2563 5380 poenam
2611 5319 2846 5365 mortem
2885 5309 3038 5376 dicit,
3076 5325 3239 5380 quam
3271 5307 3431 5364 nobis
3475 5318 3767 5379 peccatum

2169 5419 2268 5476 per
2294 5403 2670 5472 deceptionem
2701 5417 2854 5457 suam
2885 5402 3197 5471 acquisivit,
3229 5400 3524 5457 ostendens
3555 5411 3762 5470 tempo-

2169 5496 2304 5553 ralia
2333 5504 2390 5552 et
2417 5505 2657 5563 terrena,
2702 5511 2826 5566 qua:
2856 5505 3112 5564 putantur
3137 5509 3260 5552 esse
3285 5495 3466 5550 bona:
3498 5501 3555 5549 et
3590 5494 3766 5564 legem

2167 5589 2530 5663 pracvaricare
2551 5589 2808 5660 suadens,
2833 5606 2955 5662 quae
2972 5590 3138 5647 vitam
3154 5598 3414 5647 aeternam
3440 5587 3767 5644 facientibus

2168 5681 2528 5754 repromittit.

2244 5775 2383 5832 Nam
2415 5784 2682 5849 peccatum
2702 5819 2719 5850 ,
2750 5777 3018 5837 occasione
3051 5785 3294 5850 accepta,
3326 5790 3420 5849 per
3459 5774 3767 5833 mandatum
