3970 6304
213 238 299 297 677
518 210 521 213 I
858 236 1397 297 COMMENTARIUS
1436 235 1505 297 ΙΝ
1543 234 1931 311 EPISTULA}!
1971 236 2064 299 AD
2102 236 2450 296 ROMANOS.
2486 235 2638 293 CAP.
2672 234 2784 293 VII.
3359 234 3465 293 678

200 356 387 419 seduxit
424 362 613 411 me:el
661 371 749 427 per
786 354 920 408 illud
959 356 1167 409 occidit.
1214 353 1399 427 Itaque
1442 356 1525 408 lea:
1571 354 1776 424 quidem
1800 358 1853 415 A
1954 353 2016 410 Si
2037 363 2207 407 autem
2228 353 2364 426 quod
2391 355 2537 419 nolo,
2566 352 2700 417 illud
2718 352 3177 424 facio:causeutio
3206 352 3323 423 legi,
3340 358 3469 424 quo-

201 460 379 519 sancta,
425 460 470 504 et
500 450 804 503 mandatum
848 459 1106 515 sanctum,
1152 458 1199 504 et
1216 450 1447 519 justum,
1478 457 1523 501 et
1567 446 1771 503 bonum.
1882 446 2023 500 niam
2047 447 2180 499 bona
2201 456 2294 499 est.
2322 446 2379 501 Si
2419 460 2505 514 ea,
2540 461 2661 517 qua:
2689 446 2778 501 lex
2808 445 3057 516 praecipit
3080 432 3357 501 contraria
3385 461 3471 503 vo-

202 543 384 601 Contra
423 546 826 616 impngnatorcs
864 545 996 617 legis
1036 557 1088 600 et
1124 554 1311 609 contra
1346 557 1441 599 eos
1478 543 1566 613 qui
1614 542 1777 612 justi-
1878 537 2074 593 luutati
2100 538 2296 605 carnis,
2327 538 2603 599 custodire
2635 538 2863 605 voluero
2893 538 3190 615 secundum
3222 552 3468 607 carnem.

201 639 314 692 tiam
336 653 366 692 a
396 638 635 693 bonitate
666 648 995 693 secernunt:
1022 639 1112 692 lex
1144 647 1199 693 et
1225 646 1408 691 sancta
1437 644 1490 690 et
1529 634 1668 695 bona
1705 634 1779 689 di-
1880 632 2024 707 quod
2053 631 2201 701 nolo,
2250 631 2382 691 illud
2409 631 2551 688 facio
2582 650 2594 685 :
2627 634 2923 711 secundum
2957 649 3088 707 vero
3132 634 3472 713 voluntatem

200 732 329 785 citur
352 739 409 786 et
434 730 598 801 justa.
625 728 760 794 Nisi,
796 729 1004 801 inquit,
1049 728 1405 784 abundaverit
1438 727 1655 798 ,justitia
1688 741 1780 781 ve-
1880 726 2123 808 spiritus,
2159 724 2261 795 legi
2294 724 2394 779 Dei
2424 724 2692 795 spirituali
2724 735 2887 797 atque
2916 727 3075 793 bona:
3109 726 3398 793 convenio.

197 831 318 879 stra.
342 820 447 878 Sed
466 830 521 878 et
536 822 679 907 Deus
700 836 1105 893 nonnumquam
1138 824 1193 875 in
1218 825 1387 876 veteri
1416 820 1779 877 lnstrumento
1954 819 2110 874 Nunc
2148 830 2322 874 autem
2343 823 2461 892 jam
2490 837 2593 885 nou
2618 838 2710 893 ego
2747 837 2935 893 operor
2978 820 3133 877 illud.
3163 820 3304 883 Ante
3336 834 3470 876 con-

197 915 380 981 bonus,
422 924 477 970 et
514 914 569 977 in
614 928 756 970 novo
792 914 990 969 dicitur
1023 914 1222 984 justus.
1258 912 1420 968 Pater
1463 914 1607 981 juste
1633 951 1649 977 ,
1704 909 1779 965 ait
1881 913 2222 968 suetudinem
2252 928 2380 983 ergo
2409 913 2583 970 libens
2612 929 2711 986 ego
2741 914 2855 984 ipse
2901 914 3185 973 faciebam.
3228 913 3360 971 Item
3395 914 3477 970 di-

197 1007 468 1065 Dominus.
501 1007 703 1063 Contra
730 1006 1103 1063 Marcionistas
1135 1006 1223 1060 hic
1242 1004 1393 1060 locus
1421 1002 1567 1059 facit.
1883 1021 2049 1063 cens:
2078 1006 2196 1063 Jam
2230 1022 2338 1062 non
2363 1023 2464 1078 ego
2496 1024 2693 1077 operor
2721 1008 2857 1064 illud
2884 1026 2897 1064 :
2926 1010 3183 1076 ostendit,
3216 1010 3344 1080 quia
3365 1025 3473 1069 non

264 1102 409 1172 Quod
440 1119 557 1176 ergo
583 1102 773 1157 bonum
801 1110 899 1169 est,
930 1102 1059 1159 milii
1084 1104 1278 1173 factum
1305 1108 1378 1154 est
1406 1099 1582 1153 mors?
1611 1096 1774 1152 Absit.
1880 1111 1967 1173 est
2008 1101 2239 1156 hominis
2270 1101 2572 1167 rationalis,
2604 1103 2995 1161 irrationalium
3020 1104 3333 1167 animalium
3365 1104 3473 1160 ritu

197 1196 304 1255 Non
326 1198 455 1252 mihi
481 1199 593 1267 ipsa
622 1211 782 1253 causa
813 1198 1000 1252 mortis
1022 1197 1257 1278 exstitit,
1286 1192 1380 1251 sed
1410 1207 1510 1275 ego
1537 1192 1625 1273 qui
1655 1204 1780 1261 pec-
1883 1193 2197 1249 vivendum.
2230 1193 2477 1251 Inferens
2504 1204 2708 1262 autem,
2738 1197 2885 1273 quod
2914 1196 3122 1253 habitat
3156 1199 3210 1255 in
3242 1213 3330 1257 me
3353 1211 3475 1270 pec-

204 1292 365 1348 cando
388 1292 607 1348 invenio
639 1300 895 1346 mortem.
1882 1297 2065 1353 catum
2092 1305 2105 1340 :
2135 1287 2339 1355 docuit,
2364 1289 2494 1359 quia
2526 1297 2697 1344 totum
2728 1304 2789 1345 se
2816 1289 3104 1363 tradiderit
3128 1290 3477 1361 passionibus

267 1386 365 1440 Sed
396 1394 684 1453 peccatum,
725 1392 782 1437 ut
830 1390 1081 1453 appareat
1128 1390 1419 1453 peccatum,
1464 1396 1555 1453 per
1590 1380 1781 1435 bonum
1886 1379 2083 1447 carnis,
2119 1395 2240 1450 quae
2281 1380 2392 1435 Deo
2422 1390 2551 1436 sunt
2579 1380 2831 1437 inimicm.

206 1488 458 1550 operatum
484 1490 555 1532 est
576 1477 704 1531 mihi
734 1486 971 1531 mortem.
998 1474 1101 1539 Per
1120 1473 1323 1531 bonum
1356 1475 1492 1546 legis
1514 1474 1783 1530 revelatur
1962 1474 2069 1531 Sed
2109 1475 2248 1547 quod
2283 1472 2483 1529 habitat
2512 1476 2567 1529 in
2610 1492 2690 1531 me
2724 1485 3016 1547 peccatum.
3064 1476 3285 1541 Habitat
3329 1476 3482 1549 quasi

208 1582 495 1642 peccatum,
533 1571 684 1643 etab
728 1571 843 1640 ipsa
884 1569 1119 1640 punitur.
1157 1568 1287 1624 item
1333 1568 1449 1624 vult
1497 1556 1785 1624 ostendere
1887 1566 2109 1639 bOSpes,
2152 1579 2208 1625 et
2247 1568 2405 1639 quasi
2436 1568 2580 1625 aliud
2607 1569 2663 1624 in
2692 1571 2841 1626 alio:
2875 1587 2986 1627 non
3023 1570 3179 1645 quasi
3206 1586 3390 1641 unum,
3425 1582 3484 1627 ut

203 1665 417 1735 qualiter
446 1662 687 1733 infantis,
732 1663 820 1734 qui
872 1670 995 1717 ante
1024 1662 1143 1717 sine
1186 1661 1303 1731 lege
1343 1671 1481 1727 erat,
1521 1676 1643 1717 cum
1674 1676 1788 1717 caa-
1884 1663 2195 1725 accidentia
2225 1662 2454 1735 scilicet,
2481 1680 2587 1728 non
2613 1663 2902 1727 naturalia.

198 1761 328 1832 perit
357 1757 699 1825 adolescere,
730 1768 785 1812 et
814 1772 845 1811 a
876 1756 1196 1827 parentibus
1224 1752 1576 1809 nihilominus
1594 1752 1784 1824 prohi-
1814 1758 1863 1821 B
1888 1740 1889 1743 I
1963 1756 2085 1811 Scio
2116 1757 2274 1823 enim,
2309 1757 2430 1827 quia
2458 1773 2559 1810 non
2598 1756 2796 1815 habitat
2822 1758 2876 1812 in
2904 1774 3004 1825 me,
3031 1756 3129 1814 hoc
3152 1766 3229 1823 est
3254 1759 3308 1814 in
3335 1775 3488 1816 came

197 1856 322 1915 beri,
352 1863 646 1958 Jpeccatum
690 1852 915 1921 incipiat
961 1865 1248 1927 apparere.
1297 1852 1537 1919 Apparet
1582 1856 1785 1915 autem,
1890 1866 2005 1904 mea
2032 1852 2239 1904 bonum.
2265 1850 2380 1905 Non
2406 1851 2573 1905 dicit:
2607 1851 2724 1906 Non
2755 1860 2839 1907 est
2867 1868 2998 1909 caro
3027 1870 3145 1915 mea
3173 1854 3487 1911 bonaJtenl

198 1964 313 2004 cum
348 1942 487 2002 illud
518 1948 690 2000 vitare
723 1943 991 2000 didicerit.
1023 1944 1203 2015 Ipsum
1246 1945 1387 1998 enim
1434 1950 1713 2012 peccatum
1742 1942 1787 1997 si
1891 1943 1996 1999 hoc
2035 1958 2097 1999 ex
2127 1958 2355 2017 persona
2384 1942 2506 2012 ejus
2542 1944 2760 2013 dicitur,
2784 1945 2875 2015 qui
2900 1946 3164 2021 peccandi
3197 1956 3491 2017 consuetu-

196 2042 240 2096 in
288 2039 614 2111 proficiente
657 2047 839 2105 aetate,
889 2052 999 2111 non
1044 2037 1221 2092 solum
1270 2052 1375 2093 non
1426 2035 1785 2100 abscinditur,
1892 2035 2075 2092 dinem
2098 2035 2280 2102 habet,
2312 2046 2365 2091 ct
2393 2038 2574 2092 carnis
2604 2037 2755 2095 vitiis
2779 2047 2996 2099 tenetur
3026 2039 3318 2113 obnoxius.

194 2135 282 2191 sed
313 2144 565 2205 augetur,
618 2148 780 2203 supra
826 2131 1043 2189 modum
1093 2144 1327 2201 peccans
1370 2128 1628 2207 efficitur,
1661 2129 1788 2207 dum
1965 2126 2106 2181 Nam
2133 2126 2260 2181 velle
2286 2128 2489 2200 adjacet
2516 2127 2662 2181 mihi.
2706 2128 2803 2184 Est
2841 2131 3113 2195 voluntas,
3145 2131 3239 2186 sed
3269 2146 3375 2187 non
3405 2142 3490 2188 est

190 2231 293 2298 jam
325 2214 541 2282 veniam
576 2212 685 2281 non
715 2212 980 2280 meretur.
1528 2226 1533 2229 “
1606 2206 1609 2225 ἶ
1894 2218 2153 2276 effectus:
2186 2219 2313 2289 quia
2338 2218 2572 2295 carnalis
2595 2220 2938 2285 consuetudo
2958 2222 3224 2277 voluntati
3258 2223 3484 2277 resistit.

262 2320 337 2375 Ut
365 2320 457 2388 fiat
483 2336 643 2390 supra
667 2318 879 2371 modum
907 2332 1149 2386 peccans.
1190 2320 1330 2370 Ante
1358 2315 1528 2386 legem
1570 2314 1789 2371 modum
1895 2314 2026 2369 Item
2069 2313 2319 2368 voluntas
2346 2315 2528 2369 carnis
2564 2322 2773 2369 amatur
2801 2315 2994 2386 magis,
3025 2332 3186 2386 quam
3218 2316 3337 2372 Dei.
3364 2316 3491 2372 Ideo

191 2412 433 2469 habebat
477 2427 569 2482 per
600 2410 959 2479 ignorantiam
989 2427 1001 2461 :
1048 2422 1213 2477 super
1259 2392 1476 2463 modum
1526 2418 1629 2476 est,
1669 2424 1789 2462 cum
1897 2407 2051 2473 dicit,
2077 2405 2221 2461 velle
2245 2405 2638 2475 adjacetmihi,
2665 2414 2724 2460 nt
2746 2406 2799 2463 id
2825 2406 2968 2478 quod
2999 2410 3128 2462 mihi
3154 2409 3484 2465 bonumfieri

192 2508 430 2579 scienter
479 2504 801 2558 admittitur.
847 2501 982 2557 Item
1029 2500 1135 2555 hoc
1173 2498 1324 2566 dicit,
1365 2499 1621 2570 quoniam
1664 2514 1791 2568 pec-
1895 2501 2046 2568 volo,
2095 2515 2201 2554 non
2252 2500 2528 2570 perficiam
2569 2500 2859 2571 proximo:
2911 2517 3035 2556 nam
3060 2501 3204 2572 quod
3237 2502 3324 2558 odi
3362 2504 3491 2573 pati,

199 2610 399 2663 catum,
430 2613 556 2652 cum
596 2611 693 2667 per
735 2605 951 2651 aetatem
1004 2593 1296 2649 obnoxium
1346 2608 1454 2648 non
1502 2600 1622 2648 erat
1664 2593 1795 2647 ado—
1895 2593 2031 2648 illud
2067 2592 2230 2648 facio.

197 2692 421 2747 lescenti
452 2691 622 2754 aetati,
655 2688 970 2744 dominante
1007 2686 1110 2741 sibi
1150 2686 1290 2756 lege,
1324 2685 1603 2740 commissi
1634 2700 1794 2755 repu-
1970 2685 2409 2755 Per/icereautem
2422 2685 2608 2739 bonum
2633 2701 2738 2740 non
2764 2685 3114 2741 invenio.Non
3134 2686 3286 2744 video
3299 2687 3497 2744 facere.

192 2798 337 2841 tatur
365 2784 423 2839 in
444 2784 659 2852 culpam
692 2799 706 2837 :
737 2782 934 2836 factum
965 2790 1048 2835 est
1070 2778 1209 2833 ultra
1232 2778 1452 2832 modum
1486 2786 1791 2848 peccatum.
1974 2778 2096 2833 Non
2142 2781 2276 2834 enim
2304 2780 2443 2850 quod
2470 2778 2586 2834 volo
2634 2780 2854 2850 bonum,
2886 2780 2984 2835 hoc
3010 2781 3181 2851 facio;
3222 2783 3313 2838 sed
3361 2783 3501 2853 quod

259 2880 551 2935 Peccatum
594 2892 683 2949 per
718 2875 1044 2929 mandatum.
1084 2871 1238 2928 Nunc
1274 2887 1340 2927 ex
1381 2885 1611 2945 persona
1656 2870 1793 2941 ejus,
1898 2872 2019 2928 nolo
2051 2871 2265 2939 malum,
2291 2870 2386 2926 hoc
2416 2888 2535 2943 ago.
2556 2871 2730 2941 Sicut,
2763 2873 2916 2930 verbi
2942 2875 3133 2945 gratia,
3163 2874 3209 2930 si
3238 2878 3357 2946 quis
3384 2878 3496 2947 jam

191 2978 279 3043 qui
324 2981 548 3029 aetatem
582 2971 877 3039 legitimam
912 2968 1095 3034 habet,
1126 2982 1306 3023 sermo
1352 2965 1647 3036 profertur.
1694 2964 1795 3031 Qui
1901 2966 2166 3022 devorare
2196 2965 2501 3030 consuevit,
2529 2965 2691 3021 etiam
2717 2982 2838 3023 cum
2871 2984 2978 3023 non
3009 2978 3183 3039 optat,
3215 2969 3464 3025 incurrit.

193 3073 336 3126 enim
371 3067 545 3124 dicit:
594 3064 733 3133 Quia
779 3065 869 3119 lex
898 3061 1192 3132 Spiritualis
1229 3068 1334 3129 est,
1376 3062 1615 3128 seipsum
1664 3072 1798 3112 con-
1976 3058 2037 3115 Si
2064 3070 2237 3113 autem
2257 3059 2394 3129 quod
2436 3058 2580 3124 nolo,
2610 3057 2746 3114 illud
2770 3060 2907 3131 facio
2937 3063 3089 3133 :jam
3115 3079 3217 3116 non
3246 3080 3338 3134 ego
3383 3081 3505 3134 ope-

194 3168 420 3218 demnat
469 3157 687 3228 propria
716 3155 993 3211 voluntate
1033 3161 1317 3223 peccante.
1360 3150 1514 3207 Unde
1564 3148 1762 3219 adjecit
1785 3166 1798 3202 :
1820 3153 1873 3221 κο
1902 3168 1993 3206 ror
2018 3153 2169 3218 illud,
2195 3151 2290 3207 sed
2313 3152 2450 3223 quod
2485 3152 2683 3207 habitat
2716 3153 2770 3208 in
2816 3171 2895 3209 me
2923 3165 3214 3225 peccatum.
3241 3156 3357 3211 Non
3385 3174 3506 3229 ego,

200 3255 311 3325 Ego
336 3260 523 3308 autem
553 3248 791 3305 carnalis
830 3261 973 3315 sum,
1008 3243 1352 3300 venundatus
1393 3243 1495 3297 sub
1538 3249 1800 3311 peccato:
1906 3246 1999 3314 qui
2031 3246 2256 3312 invitus,
2291 3246 2387 3303 sed
2437 3248 2774 3304 consuetudo
2803 3250 3014 3319 peccati
3062 3269 3076 3304 :
3119 3265 3283 3321 quam
3330 3260 3508 3308 tamen

214 3359 263 3399 ut
288 3343 570 3410 ostendat,
610 3342 733 3412 quia
771 3355 894 3395 cum
939 3330 1090 3394 esset
1132 3337 1291 3406 liber,
1339 3337 1457 3405 ipse
1498 3350 1558 3390 se
1599 3349 1808 3390 venun-
1908 3341 2289 3397 necessitatem
2314 3341 2446 3397 mihi
2477 3343 2594 3412 ipse
2623 3341 2834 3412 paravi,

221 3441 353 3495 dedit
386 3446 641 3510 peccato.
671 3434 807 3504 Quid
849 3434 993 3489 enim
1042 3432 1235 3487 iterum
1280 3428 1447 3485 dicit?
1473 3428 1623 3495 Quod
1662 3425 1804 3481 enim
1982 3434 2200 3491 Invenio
2234 3435 2392 3507 igitur
2415 3436 2575 3506 legem
2600 3436 2791 3490 uolenti
2833 3435 2963 3490 mihi
3003 3438 3172 3507 facere
3210 3442 3421 3495 bonum.
3452 3440 3510 3497 Si

221 3549 397 3602 eperor
428 3547 541 3587 non
576 3528 859 3598 intelligo:
908 3528 1011 3580 hoc
1038 3534 1119 3580 est
1155 3524 1342 3579 nolens
1372 3522 1684 3577 discernere
1714 3535 1811 3575 no-
1913 3541 2014 3596 ego
2049 3526 2209 3595 volo,
2241 3525 2457 3581 invenio
2490 3527 2621 3582 mihi
2653 3528 2823 3598 legem
2858 3529 3057 3586 bonum
3099 3530 3283 3588 facere
3325 3543 3513 3589 contra

219 3642 355 3693 cere,
380 3625 579 3681 volens
608 3636 801 3676 noceo.
833 3618 1022 3674 Aliena
1049 3616 1329 3682 desidero,
1371 3617 1422 3670 in
1450 3615 1530 3671 eis
1561 3613 1812 3669 fraudare
1915 3607 2193 3688 adiacens.
2214 3618 2440 3673 malum.
2478 3617 2613 3677 Item
2656 3620 2761 3675 hoc
2785 3629 2870 3677 est
2913 3622 3059 3693 quod
3088 3625 3183 3692 ait,
3215 3627 3513 3682 secundum

218 3734 316 3772 non
349 3726 550 3789 optans
588 3731 603 3768 :
638 3713 743 3768 hoc
770 3714 913 3768 enim
948 3711 1186 3766 ostendit
1216 3708 1405 3764 dicens
1438 3723 1451 3760 :
1501 3706 1618 3761 Non
1666 3710 1810 3761 enim
1916 3711 2110 3767 animae
2133 3711 2470 3769 voluntatem
2517 3713 2715 3770 bonum
2745 3716 2885 3772 velle
2916 3732 2976 3773 se
3020 3718 3231 3786 facere;
3263 3721 3514 3792 adjacere

222 3807 357 3875 quod
382 3808 510 3864 volo
542 3820 643 3877 ago
675 3822 691 3858 :
729 3804 835 3859 hoc
860 3814 943 3858 est
964 3801 1098 3857 mihi
1128 3801 1332 3857 bonum
1364 3798 1511 3865 ﬁeri;
1542 3798 1635 3855 sed
1667 3799 1810 3869 quod
1912 3802 2024 3859 sibi
2051 3804 2250 3858 malum
2270 3802 2424 3873 juxta
2454 3804 2724 3861 desideria
2749 3807 2947 3863 carnis.

222 3904 305 3957 odi
346 3902 484 3957 illud
526 3900 701 3955 facio:
749 3897 998 3952 similiter
1038 3894 1390 3965 intelligitur,
1439 3893 1568 3947 mihi
1617 3891 1816 3946 malum
1996 3896 2256 3965 Quoniam
2275 3898 2400 3951 mihi
2421 3899 2616 3952 malum
2642 3899 2870 3971 adjacet.
2895 3899 3051 3967 Quod
3067 3900 3513 3970 dicit:Quoniam

224 3998 354 4052 fieri.
413 3994 473 4052 Si
521 3994 698 4059 enim,
744 3990 888 4061 quod
938 3991 1066 4045 nolo
1116 3988 1246 4044 mihi
1294 3987 1493 4042 malum
1541 3986 1681 4053 fieri,
1715 3984 1820 4041 hoc
1922 3987 2056 4044 mihi
2089 3989 2289 4043 malum
2329 3988 2543 4058 adjacet
2574 4005 2588 4043 :
2616 3990 2873 4057 ostendit,
2907 3990 3032 4061 quia
3066 4008 3173 4049 non
3204 4010 3301 4065 per
3329 4012 3517 4052 neces-

224 4092 402 4145 facio:
446 4087 736 4143 consentio
788 4086 915 4155 legi,
961 4083 1086 4152 quia
1131 4082 1272 4136 bona
1315 4091 1420 4150 est,
1464 4080 1811 4152 praecipiens,
1923 4083 2138 4139 sitatem
2189 4091 2375 4151 peccat
2408 4100 2420 4136 :
2451 4082 2547 4138 sed
2600 4084 2818 4154 propria
2866 4085 3149 4143 voluntate
3191 4088 3406 4145 ducitur
3448 4090 3516 4146 ad

223 4183 366 4254 quod
396 4181 493 4237 tibi
517 4178 636 4235 ﬁeri
666 4193 774 4233 non
798 4176 902 4244 vis,
927 4175 1020 4231 alii
1048 4192 1153 4230 non
1188 4174 1402 4230 feceris.
1926 4184 2233 4245 peccatum,
2270 4190 2391 4229 cum
2424 4174 2537 4229 vult
2565 4189 2687 4231 esse
2710 4175 2892 4232 carnis
2917 4187 3148 4234 amator.

301 4277 502 4331 Scimus
538 4275 697 4339 enim,
730 4272 855 4343 quia
901 4270 985 4325 lea:
1028 4267 1315 4340 spiritualis
1354 4276 1451 4322 est.
1490 4265 1621 4335 Quae
1658 4263 1822 4336 spiri-
1998 4265 2334 4322 Condelector
2360 4267 2494 4321 enim
2524 4266 2627 4338 legi
2657 4265 2777 4333 Dei,
2801 4270 3081 4323 secundum
3100 4271 3398 4328 interiorem
3423 4272 3521 4328 Ito-

229 4368 397 4421 tualia
424 4365 674 4422 mandat.
1929 4360 2138 4415 minem.
2170 4360 2460 4415 Consentio
2490 4359 2594 4429 legi
2639 4360 2938 4416 secundum
2981 4372 3238 4417 mentem.
3270 4365 3401 4421 item
3434 4368 3522 4421 in-

300 4458 415 4533 Ego
442 4468 619 4513 autem
661 4455 886 4511 carnalis
916 4468 1053 4510 sum.
1091 4451 1201 4521 Ego
1231 4465 1625 4522 quamcumque
1654 4451 1824 4523 legem
1934 4454 2100 4509 terior
2125 4454 2286 4507 homo
2315 4462 2500 4506 noster
2524 4451 2802 4507 rationalis
2829 4462 2886 4506 et
2907 4451 3276 4524 intelligibilis,
3307 4465 3391 4513 est
3408 4459 3527 4513 ani-

228 4555 460 4623 accipio,
492 4562 545 4608 et
567 4550 859 4607 carnaliter
885 4547 1068 4603 vivere
1098 4546 1380 4602 consuevi.
1852 4553 1908 4614 Ῑ)
1932 4562 2016 4602 ma
2051 4562 2172 4616 qua:
2201 4546 2472 4601 consentit
2502 4545 2605 4615 legi
2640 4545 2755 4599 Dei.
2797 4544 2913 4600 Lex
2959 4546 3102 4601 enim
3149 4548 3266 4619 ejus
3305 4561 3389 4607 est
3433 4567 3526 4607 ra-

314 4645 655 4702 I’enundatus
700 4642 793 4697 sub
837 4650 1061 4711 peccato.
1111 4638 1263 4706 Quod
1306 4640 1440 4693 enim
1483 4654 1691 4708 operor,
1722 4654 1826 4693 non
1935 4638 2271 4693 tionabiliter
2293 4638 2506 4705 vivere,
2533 4646 2590 4692 et
2625 4651 2731 4690 non
2779 4635 2905 4693 duci
2932 4637 3383 4697 irrationabilium
3414 4644 3534 4699 ani-

233 4736 490 4810 intelligo.
525 4734 653 4790 Non
688 4736 846 4800 enini,
876 4732 1011 4802 quod
1040 4733 1154 4785 volo
1182 4731 1389 4801 bonum,
1419 4730 1514 4783 hoc
1554 4747 1655 4800 ago
1684 4746 1694 4781 :
1740 4730 1827 4783 sed
1937 4734 2161 4790 matiam
2196 4730 2557 4803 passionibus.
2601 4729 2860 4787 Exterior
2886 4747 3038 4799 vero,
3069 4744 3155 4791 est
3199 4751 3394 4805 corpus
3426 4753 3527 4791 no-

234 4834 375 4899 qnod
405 4832 492 4887 odi
518 4830 732 4894 malum,
762 4826 902 4881 illud
931 4826 1090 4896 facio.
1122 4824 1404 4893 Pr0posito
1436 4834 1677 4894 peccato,
1707 4824 1831 4877 utsi
1938 4836 2133 4883 strnm.
2164 4826 2298 4896 Ejus
2344 4834 2524 4880 autem
2577 4824 2663 4879 lex
2702 4824 2987 4894 prudentia
3032 4827 3217 4882 carnis
3259 4836 3381 4883 est:
3409 4844 3530 4899 qua:

235 4924 530 4979 consilium
592 4920 711 4990 ejus
767 4932 1065 4989 accepero,
1122 4916 1291 4987 ipsius
1348 4930 1537 4971 servus
1597 4914 1829 4982 efficiar,
1941 4921 2101 4977 docet
2121 4919 2311 4983 edere,
2344 4926 2400 4972 et
2437 4925 2648 4987 potare,
2681 4927 2736 4973 et
2780 4918 2997 4972 ceteris
3022 4919 3100 4973 uti
3129 4919 3379 4983 luxuriis,
3409 4934 3529 4989 quae

238 5027 434 5084 Sponte
459 5015 840 5084 mcmetipsum
867 5013 1158 5081 subjiciens
1178 5054 1193 5078 ,
1221 5010 1383 5065 etiam
1411 5010 1563 5080 quasi
1601 5010 1835 5065 inebria-
1945 5018 2245 5081 repugnant
2268 5010 2490 5065 rationi.
2532 5009 2602 5064 Et
2631 5009 2680 5065 si
2711 5010 3123 5080 superaverint,
3176 5012 3281 5082 legi
3328 5013 3532 5081 peccati

241 5120 329 5165 tus
376 5108 765 5167 consuetudine
811 5115 1177 5177 peccatorum,
1230 5103 1441 5174 ignoro,
1492 5101 1622 5172 quid
1677 5102 1837 5157 facio.
1944 5104 2260 5175 subjiciunt.
2289 5101 2378 5159 Sic
2408 5102 2551 5158 enim
2583 5102 2655 5158 ita
2685 5111 2791 5171 est,
2823 5104 2965 5160 sicut
2984 5102 3201 5173 quidam
3230 5104 3537 5160 aestimant:

238 5206 402 5270 Quod
437 5206 581 5261 enim
612 5218 833 5274 operor,
864 5216 969 5256 non
1012 5197 1277 5269 intelligo.
1312 5198 1440 5254 Sive
1489 5199 1562 5252 ita
1608 5212 1846 5267 pronun-
1946 5200 2070 5270 quia
2097 5196 2238 5269 quod
2263 5196 2532 5264 nolumus,
2570 5196 2671 5251 hoc
2699 5197 2949 5253 facimus.

244 5297 487 5353 nandum
514 5314 528 5352 :
555 5311 657 5367 ego
682 5310 788 5351 non
814 5294 1058 5364 intelligo
1082 5292 1285 5347 malum
1307 5305 1451 5358 esse,
1483 5291 1625 5360 quod
1648 5289 1848 5345 invitus
2032 5290 2193 5345 Video
2223 5299 2391 5344 uallem
2420 5291 2580 5346 aliam
2604 5289 2767 5362 legem
2794 5290 2851 5355 in
2880 5288 3120 5343 membris
3144 5292 3293 5347 meis.
3318 5291 3541 5350 Deside-

242 5389 499 5455 admitto,
544 5404 669 5443 cum
702 5388 904 5442 malum
932 5386 1062 5441 nolo
1104 5387 1303 5453 facere,
1334 5383 1479 5454 quod
1521 5384 1802 5441 committo
1832 5401 1843 5436 :
1952 5384 2031 5441 ria
2059 5392 2341 5449 consueta,
2368 5383 2450 5438 vel
2477 5385 2880 5451 persuasionem
2915 5381 3141 5438 inimici.

248 5483 443 5553 utique
490 5496 611 5538 cum
658 5481 777 5549 lege
819 5479 1020 5546 sentio,
1054 5492 1177 5548 qum
1216 5476 1354 5530 mala
1387 5486 1442 5531 et
1472 5492 1579 5531 non
1622 5475 1754 5542 vult,
1796 5484 1851 5531 et
2029 5476 2424 5550 Repugnautem
2444 5475 2547 5547 legi
2576 5479 2760 5533 mentis
2783 5492 2928 5531 anew.
2952 5475 3311 5534 Conscientia:
3333 5477 3542 5533 scilicet

243 5578 533 5646 prohibet.
562 5575 748 5630 Potest
776 5581 959 5627 autem
993 5581 1050 5627 et
1094 5568 1325 5641 intelligi
1352 5586 1365 5622 :
1397 5570 1457 5624 Si
1489 5584 1675 5640 pecco,
1710 5569 1853 5640 legis
1961 5570 2215 5637 naturali,
2248 5570 2337 5626 vel
2365 5569 2467 5641 legi
2498 5569 2717 5633 divinte,
2744 5583 2867 5639 qua:
2896 5569 2951 5624 in
2983 5578 3164 5626 mente
3192 5568 3461 5626 consistit.

245 5669 537 5727 severitati
565 5668 834 5739 meipsum
863 5664 1114 5734 subjicio.
1148 5661 1279 5719 Item
1305 5663 1577 5721 invenitur
1603 5676 1853 5737 peccare,
2038 5664 2105 5719 Et
2126 5664 2466 5734 captivantem
2493 5678 2572 5717 me
2595 5662 2648 5716 in
2688 5661 2797 5733 lege
2825 5663 3040 5734 peccati,
3069 5680 3188 5733 quae
3213 5674 3288 5721 est
3312 5663 3366 5719 in
3396 5679 3559 5721 mem-

244 5768 348 5838 qui
383 5762 652 5824 voluntati
677 5762 857 5821 carnis
877 5754 1123 5819 inservit.
1619 5782 1633 5833 ;
1967 5757 2072 5815 bris
2093 5757 2235 5814 meis.
2260 5756 2323 5814 in
2349 5754 2803 5815 consuetudinem
2823 5757 3162 5817 delictorum.
