3970 6304
547 272 651 338 679

1579 272 1639 334 S.
1680 270 2060 333 HIERONYMI
2097 264 2386 332 OPERUM
2423 267 2787 331 MANTISSA.

619 397 824 473 Infelix
843 416 936 475 ego
958 397 1111 455 homo
1135 406 1153 454 :
1184 394 1297 468 quis
1323 410 1405 454 me
1424 395 1661 453 liberabit
1684 399 1749 453 de
1769 413 1983 470 corpore
2003 412 2143 451 mor-
2168 399 2223 459 Α
2246 394 2420 451 litudo
2458 393 2743 450 veritatem
2780 384 2985 447 habet:
3011 385 3153 446 sicut
3176 383 3342 445 Adam
3371 386 3540 460 genuit
3562 391 3619 449 ad
3640 396 3763 455 simi-

550 498 615 553 tis
646 496 839 565 hujus?
867 496 978 564 Ego
1008 493 1100 565 qui
1130 492 1209 548 sic
1238 492 1507 563 detineor,
1537 495 1658 564 quis
1688 508 1776 549 me
1800 490 2052 549 liberabit
2079 490 2146 548 de

549 587 945 662 consuetudine
974 586 1259 642 mortifera
1280 585 1589 657 corporali?

617 684 804 740 Gratia
832 680 932 738 Dei
958 699 1047 753 per
1069 680 1251 737 Jesum
1295 680 1558 737 Christum
1582 678 1863 737 Dominum
1890 689 2144 736 nostrum.

542 776 955 836 Admirabiliter
982 775 1184 848 intulit,
1217 774 1407 831 dicens
1440 793 1454 830 ε
1486 773 1677 832 Gratia
1706 775 1801 830 Dei
1837 790 1933 846 per
1961 772 2144 829 Jesum

545 869 822 927 Christum
873 869 1162 925 Dominum
1197 878 1441 924 nostrum
1477 871 1640 939 :quia
1690 883 1809 939 quas
1840 866 2061 936 Moyses
2093 876 2147 921 ct

544 962 808 1019 naturalis
838 962 931 1018 lex
961 978 1066 1017 non
1091 963 1295 1031 docuit,
1330 962 1446 1017 haec
1467 960 1655 1016 docuit
1676 960 1938 1015 Dominus
1961 970 2148 1015 noster

550 1056 710 1114 Jesus
740 1054 992 1111 Christus
1027 1074 1039 1110 :
1072 1063 1426 1111 contemnere
1474 1053 1735 1109 mundum
1756 1094 1773 1121 ,
1807 1063 1861 1109 et
1890 1067 2150 1124 superare

546 1150 699 1205 vitia.
726 1148 881 1205 Unde
912 1148 1103 1203 beatus
1125 1146 1423 1218 Apostolus
1451 1145 1556 1201 hoc
1582 1144 1767 1210 docet,
1794 1143 1986 1199 dicens
2010 1161 2023 1198 :
2045 1142 2145 1210 Qui

549 1253 734 1300 autem
762 1242 966 1298 Christi
992 1251 1139 1311 sunt,
1171 1255 1389 1297 carnem
1421 1255 1572 1293 suam
1600 1236 1987 1293 cruciﬁxerunt
2024 1252 2147 1291 cum

545 1339 695 1395 vitiis
738 1344 797 1394 et
832 1334 1311 1407 concupiscentiis.
1344 1334 1498 1400 Item,
1531 1347 1692 1404 quem
1724 1330 1808 1386 lex
1842 1346 1947 1385 non
1977 1328 2153 1399 potuit

546 1431 823 1487 liberare:
854 1428 1112 1499 numquid
1143 1444 1249 1484 non
1278 1426 1479 1482 Paulus
1503 1423 1740 1481 nondum
1771 1432 1889 1479 erat
1916 1420 2012 1477 Dei
2031 1436 2152 1491 gra-

546 1525 625 1581 tia
657 1523 955 1579 liberatus?
982 1520 1139 1579 Unde
1165 1520 1449 1593 probatur,
1496 1519 1623 1591 quia
1654 1534 1722 1575 ex
1770 1514 1995 1572 alterius
2021 1530 2150 1587 per-

554 1631 689 1673 sona
718 1616 838 1671 haec
860 1614 1121 1687 loquitur.

627 1707 802 1781 Igitur
832 1725 923 1780 ego
952 1708 1063 1781 ipse
1106 1716 1277 1761 mente
1301 1704 1467 1761 seruio
1507 1704 1607 1776 legi
1637 1701 1755 1758 Dei.
1786 1700 2149 1773 Recapitulat,

2252 486 2533 545 litudinem
2581 502 2755 543 suam.
2802 483 3044 540 Similem
3088 499 3218 555 ergo
3263 483 3465 540 caeteris
3509 485 3761 547 hominibus

2250 597 2471 639 carnem
2504 580 2764 636 Dominus
2817 575 2965 635 Deus
3010 586 3199 635 noster
3246 577 3398 634 Jesus
3440 574 3653 638 Christus
3696 599 3763 640 as-

2249 676 2501 748 sumpsit.

2324 770 2392 827 Et
2417 771 2479 825 de
2498 777 2703 844 peccato
2731 768 2995 825 damnavit
3032 776 3293 839 peccatum
3317 765 3371 822 in
3399 781 3558 823 carne.
3576 764 3711 836 Quasi
3729 772 3763 827 si

2250 865 2425 931 dicas,
2456 864 2524 920 de
2550 864 2709 920 hoste
2749 862 3075 935 expugnavit
3123 860 3356 916 hostem.
3398 859 3517 916 Sive
3553 860 3669 915 sicut
3697 862 3765 917 ho-

2252 960 2405 1027 sﬁas,
2438 972 2572 1029 quas
2613 974 2713 1029 pro
2760 964 2982 1027 peccato
3031 953 3332 1010 oil‘erebant
3372 952 3425 1008 in
3460 953 3585 1023 lege.
3611 957 3764 1022 peccati

2255 1054 2477 1112 nomine
2503 1053 2793 1116 vocabant,
2826 1064 2949 1106 cum
2990 1048 3091 1119 ipsi
3141 1046 3328 1103 delicta
3376 1044 3645 1111 nescirent,
3669 1046 3763 1101 sicut

2250 1149 2517 1219 scriptum
2553 1156 2637 1203 est
2669 1161 2684 1203 :
2713 1144 2782 1200 Et
2808 1143 3092 1214 imponent
3120 1154 3311 1196 manus
3339 1152 3497 1208 super
3518 1147 3756 1210 caputpec-

2252 1242 2359 1297 cati
2385 1241 2496 1308 sui;
2522 1237 2604 1295 sic
2626 1246 2683 1295 et
2705 1235 2907 1293 Christi
2933 1250 3083 1303 caro,
3110 1249 3230 1305 quae
3251 1247 3350 1304 pro
3377 1230 3605 1301 peccatis
3625 1232 3751 1287 nostris

2252 1334 2437 1391 oblata
2479 1342 2583 1399 est,
2629 1329 2836 1402 peccati
2886 1342 3085 1384 nomen
3137 1324 3363 1396 accepit.
3394 1322 3613 1391 Quidam
3642 1333 3747 1377 autem

2252 1427 2462 1496 dicunt,
2487 1424 2632 1495 quod
2661 1431 2885 1493 peccato
2906 1419 3242 1484 Iudaeorum,
3272 1415 3415 1485 quod
3444 1414 3756 1470 Dominumoc-

2252 1521 2533 1588 ciderunt,
2584 1524 2867 1590 peccatum
2920 1512 3144 1579 diaboli,
3174 1509 3321 1583 quod
3350 1509 3558 1565 hostem
3598 1508 3757 1578 decepe-

2254 1624 2359 1683 rat,
2393 1628 2491 1686 per
2532 1611 2810 1668 hominem
2862 1606 3217 1664 condemnari
3261 1621 3278 1662 :
3310 1602 3453 1659 sicut
3493 1600 3557 1657 ad
3581 1600 3765 1657 Hebraos

2254 1707 2425 1764 dicit:
2455 1705 2526 1763 Ut
2556 1720 2651 1775 per
2693 1711 2922 1758 mortem
2954 1698 3264 1755 destrueret
3308 1710 3459 1762 eum,
3488 1693 3571 1766 qui
3605 1691 3769 1747 habebat

550 1811 611 1858 ιη
635 1800 944 1866 (εοηοιυάθῐ.
975 1811 1029 1856 ει
1056 1813 1271 1855 rursum
1294 1799 1349 1854 ίη
1368 1812 1605 1871 Persona
1626 1797 1769 1868 eius»
1795 1796 1888 1868 Qui
1912 1795 2013 1851 sub
2031 1794 2151 1866 1088
2179 1799 2227 1861 B
2253 1801 2445 1858 mortis
2470 1798 2779 1871 imperium.
2826 1794 2954 1852 Sive
3004 1792 3073 1849 de
3113 1790 3260 1847 illius
3308 1788 3491 1845 carnis
3517 1784 3769 1853 substantia,

549 1905 690 1961 erat,
715 1894 833 1950 haec
864 1894 1127 1965 loquitur.

626 1986 797 2044 Carne
816 1998 987 2043 autem
1012 1986 1112 2059 legi
1141 1985 1356 2059 peccati.
1385 1984 1561 2041 llomo
1590 1982 1824 2040 carnalis
1847 1981 2043 2054 duplex
2067 1986 2152 2037 est

555 2082 979 2156 quodammodo,
1011 2090 1065 2139 et
1094 2082 1148 2137 in
1180 2081 1479 2153 semetipso
1508 2080 1733 2136 divisus.

1149 2260 1381 2320 CAPUT
1419 2259 1556 2317 Vlll.

626 2404 780 2465 Nihil
806 2422 926 2479 ergo
953 2419 1092 2461 nunc
1136 2401 1486 2458 damnationis
1530 2408 1604 2455 est
1648 2399 1752 2471 his,
1803 2397 1892 2470 qui
1935 2404 2054 2451 sunt
2095 2394 2151 2450 in

556 2503 768 2561 Christo
792 2500 944 2568 Iesu,
996 2499 1084 2569 qui
1132 2514 1237 2552 non
1280 2494 1561 2551 secundum
1608 2508 1815 2548 carnem
1860 2489 2148 2544 ambulant.

556 2598 658 2653 Hic
687 2595 979 2667 Apostolus
1003 2591 1138 2647 nihil
1171 2591 1225 2647 in
1255 2589 1364 2645 illis
1389 2587 1739 2643 damnatione
1783 2584 2000 2654 dignum
2030 2594 2152 2638 esse

554 2693 655 2760 ait,
687 2690 781 2763 qui
803 2689 987 2746 carnis
1013 2701 1181 2758 opera
1206 2684 1615 2741 crucilixerunt.

618 2786 731 2842 Lex
749 2785 885 2842 enim
914 2783 1130 2856 spiritus
1165 2781 1283 2835 uiue
1310 2780 1364 2832 in
1391 2776 1595 2835 Christo
1622 2774 1772 2831 Iesu.
1804 2771 2110 2830 Noundum
2127 2812 2145 2840 ,

558 2881 681 2954 quia
704 2878 934 2951 gratiam
967 2877 1141 2947 legem
1168 2872 1430 2943 appellat.

627 2973 887 3030 Liberavit
911 2988 991 3027 me
1021 2987 1053 3023 α
1083 2969 1196 3040 lege
1223 2966 1419 3039 peccati
1446 2974 1495 3022 et
1519 2964 1720 3020 mortis.
1746 2962 1877 3031 Quae
1922 2957 2151 3017 mortiﬁ-

556 3079 646 3126 cat
672 3072 1011 3139 peccatores.

628 3161 771 3217 Nam
795 3159 932 3232 quod
960 3155 1282 3229 impossibile
1311 3164 1426 3212 erat
1466 3154 1587 3228 legi.
1620 3152 1719 3209 llic
1752 3148 1991 3208 ostendit
2020 3162 2153 3220 quo-

553 3256 698 3313 niam
726 3256 809 3311 lex
837 3269 933 3325 per
959 3250 1326 3308 inﬁrmitatem
1352 3249 1535 3305 carnis
1557 3260 1663 3303 non
1682 3253 1896 3317 poterat
1912 3241 2149 3313 impleri.

556 3351 617 3408 In
648 3364 716 3406 eo
761 3356 941 3404 autem
974 3346 1027 3401 in
1058 3360 1170 3416 quo
1200 3342 1336 3398 dixit
1368 3360 1382 3396 :
1414 3340 1577 3405 Deus,
1604 3354 1727 3395 cum
1758 3337 1953 3393 Filium
1996 3349 2151 3389 suum

557 3444 798 3501 misisset
839 3441 892 3495 in
921 3435 1336 3494 similitudinem
1373 3434 1554 3490 carnis
1578 3430 1787 3504 peccati
1811 3446 1827 3487 :
1852 3437 1907 3485 et
1932 3435 2155 3499 propter

554 3545 832 3610 peccatum
863 3533 1084 3589 misisse
1114 3531 1489 3597 demonstrat,
1537 3527 1795 3598 quoniam
1822 3533 1950 3579 ante
1978 3523 2155 3578 incar-

560 3628 837 3685 nationem
869 3632 990 3682 erat
1016 3623 1213 3689 Filius,
1242 3632 1296 3677 et
1318 3628 1569 3690 suscepta
1600 3626 1786 3689 postea
1816 3630 2001 3679 carne,
2034 3628 2155 3684 quae

555 3720 623 3775 ad
655 3717 988 3790 peccandum
1019 3721 1170 3771 esset
1216 3712 1536 3783 proclivior,
1580 3711 1696 3779 ipse
1740 3715 1922 3763 tamen
1952 3704 2156 3775 absque

558 3820 786 3885 peccato
809 3826 930 3867 eam
950 3806 1272 3879 susceperit.
1301 3807 1371 3862 Et
1389 3805 1593 3861 idcirco
1614 3803 1813 3858 dicitur
1828 3803 1883 3856 in
1896 3800 2155 3855 similitu-

550 3908 735 3963 dinem
755 3904 936 3962 carnis
958 3902 1190 3975 peccati,
1223 3905 1479 3969 suscepta
1506 3911 1692 3963 carne,
1716 3894 1931 3975 venisse
1952 3901 2005 3948 et
2027 3905 2155 3963 pec-

558 4010 739 4057 catum
760 3999 818 4055 in
846 3997 1035 4055 eadem
1062 4010 1226 4051 carne
1255 3994 1543 4049 damnasse
1574 4007 1590 4045 :
1622 3973 1877 4059 quoniam
1908 4000 2151 4053 carnem,

564 4111 726 4168 quam
752 4100 1090 4164 susceperat,
1122 4089 1406 4144 innoxiam
1432 4083 1730 4142 servaverit
1755 4081 1822 4137 ab
1849 4079 1996 4135 omni
2027 4093 2157 4133 con-

558 4192 776 4262 tagione
805 4186 1033 4259 peccati.
1067 4184 1199 4240 ltem
1241 4184 1420 4253 legem
1448 4180 1599 4246 dicit,
1629 4193 1739 4234 non
1769 4181 2041 4247 praecepta
2071 4186 2157 4226 sa-

562 4284 921 4347 criﬁciorum,
962 4288 1017 4335 et
1043 4288 1265 4343 caetera,
1295 4290 1416 4345 qua:
1458 4279 1615 4329 erant
1642 4270 1854 4331 umbra.
1887 4280 2057 4338 usque
2090 4265 2156 4319 ad

564 4389 776 4449 tempus
817 4374 1014 4433 Christi
1055 4372 1180 4427 data
1215 4389 1227 4423 :
1274 4368 1369 4424 sed
1418 4366 1564 4421 illam
1616 4379 1776 4436 quam
1819 4370 1873 4417 et
1901 4360 2158 4415 Dominus

564 4480 749 4527 noster
777 4469 934 4526 Jesus
965 4466 1213 4524 Christus
1249 4460 1469 4525 docuit,
1515 4458 1703 4515 dicens
1736 4474 1748 4510 :
1780 4453 1975 4509 Omnia
2012 4466 2160 4522 quae-

563 4578 795 4635 cumque
828 4561 1019 4627 vultis,
1057 4567 1117 4614 ut
1145 4556 1348 4612 faciant
1376 4551 1530 4608 vobis
1572 4549 1841 4613 homines,
1870 4547 1949 4601 sic
1978 4555 2033 4599 et
2059 4558 2156 4599 vos

564 4656 724 4713 facile
756 4654 879 4709 illis.
906 4652 1011 4707 Ista
1039 4660 1125 4707 est
1162 4648 1306 4704 enim
1351 4645 1458 4701 Lex
1507 4651 1561 4699 et
1587 4641 1892 4710 Prophetas.
1937 4635 2156 4691 lnlirma

564 4747 709 4805 enim
731 4754 849 4803 erat
877 4759 983 4815 qua
1006 4756 1106 4797 nos
1131 4739 1464 4815 volebamus.
1488 4734 1607 4790 Non
1627 4733 1772 4789 enim
1801 4727 2156 4800 impossibilia

569 4841 841 4899 mandata.
888 4813 1044 4894 Unde
1085 4834 1259 4891 Filius
1287 4813 1399 4888 Dei.
1415 4831 1643 4886 formam
1680 4826 1823 4882 servi
1864 4824 2153 4895 accipiens,

569 4937 744 4993 factus
772 4943 855 4990 est
895 4933 1075 4997 homo,
1110 4936 1168 4984 ut
1192 4934 1475 4999 peccatum
1500 4923 1781 4979 damnaret
1806 4920 1859 4975 in
1886 4932 2072 4983 carne,
2102 4924 2158 4971 et

563 5044 662 5085 nos
705 5027 1034 5091 instrueret,
1082 5015 1541 5092 quemadmodum
1589 5019 1839 5084 oporteat
1876 5020 2156 5081 peccatum

566 5121 828 5177 damnare
854 5118 909 5175 in
945 5129 1135 5183 carne,
1169 5120 1228 5168 ut
1264 5108 1581 5184 justiﬁeatio
1609 5106 1743 5178 legis
1787 5106 2074 5175 impleatur
2101 5102 2155 5157 in

566 5230 744 5269 IIODIS.

586 5215 832 5377 mmo.)
861 5302 1225 5375 infirmabatur
1246 5316 1337 5374 per
1368 5313 1595 5357 carnem.
1620 5293 1679 5351 In
1711 5292 1818 5350 illis
1843 5290 2155 5349 inﬁrmaba-

570 5412 679 5469 tur,
713 5416 819 5457 non
852 5400 908 5454 in
935 5416 1016 5457 se.

640 5495 784 5551 Deus
809 5490 1012 5548 Filium
1039 5510 1191 5549 suum
1218 5492 1446 5548 mittens.
1481 5487 1684 5545 Contra
1712 5482 2024 5550 Photinum,
2066 5481 2159 5552 qui

571 5598 753 5663 negat,
785 5587 984 5644 Filium
1008 5596 1131 5644 ante
1151 5602 1389 5643 carnem.

644 5683 713 5739 In
740 5680 1128 5738 similitudinem
1150 5681 1318 5735 carnis
1350 5675 1569 5751 peccati.
1599 5672 1797 5730 Dicens
1824 5671 1878 5727 in
1907 5666 2159 5726 similitu-

569 5774 749 5833 dinem
785 5772 963 5831 carnis
984 5770 1216 5844 peccati,
1247 5769 1487 5826 ostendit
1512 5782 1634 5823 eum
1667 5764 1910 5821 eamdem
1941 5758 2158 5831 quidem

567 5884 811 5942 carnem,
834 5868 933 5928 sed
960 5869 1162 5940 absque
1190 5875 1416 5940 peccato
1441 5872 1709 5938 portasse.
1733 5855 1985 5937 ltemthic
2012 5854 2157 5915 simi-

2254 1911 2377 1968 quw
2422 1902 2550 1950 ante
2588 1890 2862 1947 serviebat
2887 1894 3135 1960 peccato,
3168 1883 3303 1941 vicit
3354 1882 3649 1957 (numquam
3688 1892 3773 1950 pec—

2251 1989 2451 2061 cando)
2482 1995 2761 2059 peccatttm
2795 2000 2809 2037 :
2840 1991 2897 2038 et
2922 1984 2978 2037 in
3006 1979 3197 2037 eadem
3226 1991 3397 2033 carne
3426 1969 3675 2031 damnavit
3694 1984 3779 2041 pec-

2254 2095 2459 2151 catum,
2490 2090 2552 2137 ut
2591 2079 2906 2137 ostenderet
2936 2075 3277 2132 voluntatem
3326 2086 3452 2129 esse
3499 2069 3551 2126 in
3595 2065 3777 2131 crimine,

2251 2193 2361 2235 non
2393 2185 2666 2243 naturam,
2701 2187 2822 2243 quae
2850 2169 2977 2225 talis
3006 2184 3038 2224 a
3066 2167 3179 2224 Deo
3226 2164 3377 2222 facta
3424 2169 3529 2234 est,
3574 2169 3627 2217 ut
3664 2157 3784 2233 possit

2252 2287 2365 2328 non
2390 2283 2641 2343 peccare,
2675 2266 2721 2322 si
2741 2264 2897 2321 velit.

2330 2367 2397 2424 Ut
2417 2364 2734 2441 justi/icatio
2756 2362 2885 2433 legis
2913 2359 3213 2435 impleretur
3237 2354 3303 2412 in
3346 2352 3513 2410 nobis.
3533 2348 3604 2409 Ut
3621 2346 3733 2422 quod
3752 2346 3789 2401 in

2253 2461 2388 2528 illis,
2414 2466 2755 2530 repugnante
2785 2454 2993 2512 carnali
3023 2449 3452 2517 consuetudine,
3496 2445 3695 2515 implere
3717 2456 3787 2495 non

2253 2551 2451 2624 potuit,
2485 2551 2541 2606 in
2572 2548 2729 2604 nobis
2751 2547 2946 2603 saltem
2971 2545 3289 2616 impleatur,
3314 2542 3408 2614 qui
3431 2536 3662 2610 exemplo
3677 2533 3789 2590 Chri-

2254 2646 2324 2704 sti
2349 2641 2795 2701 mortilicabimus
2818 2654 3062 2696 carnem.

2331 2739 2435 2808 Qui
2470 2754 2574 2793 non
2614 2735 2894 2791 secundum
2925 2748 3130 2788 carnem
3153 2730 3516 2798 ambulamus,
3559 2725 3639 2781 sed
3658 2736 3788 2780 secuit-

2256 2834 2381 2889 dunt
2421 2833 2687 2905 spiritum.
2716 2830 2818 2896 Qui
2841 2829 2975 2885 enim
3002 2826 3296 2882 secundum
3341 2841 3547 2880 carnem
3580 2830 3697 2886 sunt,
3717 2830 3793 2887 qua

2255 2928 2428 2986 carnis
2454 2935 2594 2990 sunt,
2623 2923 2835 2997 sapiunt
2859 2940 2871 2975 :
2896 2920 2986 2993 qui
3006 2936 3125 2975 vero
3146 2919 3444 2974 secundum
3464 2916 3681 2987 spiritum
3697 2917 3793 2973 tutu,

2255 3037 2371 3093 qua:
2417 3028 2537 3075 sunt
2575 3017 2787 3090 spiritus
2818 3014 3067 3069 sentiunt.
3095 3010 3278 3067 Homo
3309 3026 3378 3067 ex
3407 3008 3595 3080 Spiritu
3618 3014 3663 3061 et
3682 3014 3795 3059 carne

2256 3117 2599 3169 constructus
2638 3117 2744 3165 est.
2776 3106 3004 3175 Quando
3048 3119 3179 3175 ergo
3223 3101 3481 3159 carnalia
3528 3100 3653 3171 agit,
3693 3101 3797 3150 totus

2180 3198 2227 3264 C
2256 3220 2385 3263 caro
2412 3203 2613 3261 dicitur
2639 3220 2652 3257 :
2683 3199 2898 3273 quando
2925 3213 3057 3254 vero
3088 3195 3438 3267 spiritualia,
3469 3201 3605 3249 totus
3635 3185 3798 3258 spiritus

2256 3298 2580 3372 appellatur.
2612 3294 2963 3365 Unaqumque
2985 3290 3127 3347 enim
3152 3288 3499 3356 substantia,
3528 3298 3636 3341 cum
3658 3276 3792 3336 eadem

2254 3371 2485 3451 alteram
2530 3392 2585 3446 in
2620 3403 2775 3445 suam
2807 3388 3069 3443 ditionem
3112 3382 3303 3453 erigit,
3362 3390 3422 3437 et
3474 3380 3580 3435 vim
3601 3371 3793 3447 quodam-

2256 3486 2418 3543 modo
2447 3484 2720 3556 propriam
2747 3490 2802 3536 et
2828 3494 3024 3535 nomen
3060 3475 3286 3531 amittit.
3316 3473 3465 3531 Nam
3508 3466 3693 3541 singula
3724 3472 3787 3517 c0-

2253 3589 2414 3653 gnata
2438 3580 2542 3635 sibi
2572 3587 2628 3633 et
2655 3575 2833 3631 vicina
2858 3572 3205 3641 desiderant,

2331 3675 2470 3731 Nam
2499 3672 2781 3748 prudentia
2808 3669 2981 3725 carnis
3009 3684 3148 3722 mors
3193 3675 3279 3722 est
3314 3682 3336 3721 :
3379 3659 3627 3741 prudattia
3654 3660 3776 3708 autem

2257 3768 2492 3841 spiritus,
2514 3768 2617 3821 vita
2645 3775 2692 3820 et
2717 3780 2841 3835 pax.
2865 3761 3190 3827 Notandum,
3221 3761 3365 3831 quia
3408 3776 3523 3815 non
3548 3767 3641 3812 caro
3659 3756 3783 3806 mors.

2257 3861 2353 3918 sed
2384 3860 2687 3931 prudentia.
2719 3857 2849 3927 Ejus
2870 3866 3053 3911 autem
3083 3862 3331 3909 mortem
3360 3852 3579 3914 dicens,
3603 3849 3793 3901 sternant

2258 3969 2471 4025 pmnam
2500 3951 2786 4023 signiﬁcat.
2818 3948 2954 4004 Item
2992 3949 3108 4018 ipse
3134 3945 3269 4001 alibi
3304 3945 3454 4002 dicit
3488 3964 3503 3999 :
3535 3934 3799 4014 prudentiam

2256 4046 2548 4101 humanam
2582 4059 2724 4113 esse,
2755 4042 2898 4098 malo
2928 4041 3107 4097 vicem
3134 4038 3380 4095 referre.
3413 4038 3563 4095 Talis
3591 4045 3698 4102 ergo
3714 4037 3803 4097 ιπα³
3894 4104 3895 4109 η

2258 4141 2435 4197 dentia
2490 4149 2722 4196 mortem
2789 4137 2931 4209 parit
2985 4134 3464 4207 transgrediendo
3521 4134 3807 4205 praecepim-

2259 4234 2494 4305 Spiritus
2517 4248 2650 4289 vero
2678 4232 2983 4303 prudentiae
3014 4230 3068 4285 in
3094 4231 3367 4302 prtesenti
3393 4243 3588 4301 pacem
3608 4222 3757 4281 habet.
3776 4222 3804 4268 εί

2261 4345 2368 4386 non
2398 4327 2675 4385 reddendo
2700 4327 2900 4394 vicem,
2932 4334 2989 4381 et
3013 4326 3179 4381 vitam
3229 4325 3290 4380 in
3342 4324 3561 4381 futuro.
3589 4310 3804 4379 Prudenti:
3894 4308 3895 4319 ‘

2259 4440 2390 4481 vero
2412 4440 2442 4479 a
2469 4422 2803 4494 providendo
2829 4430 2914 4478 est
2938 4420 3229 4491 appellata.

2333 4520 2589 4588 Quoniam
2609 4517 2862 4591 sapientia
2882 4515 3056 4572 carnis
3079 4514 3300 4569 inimica
3319 4523 3406 4570 est
3436 4511 3577 4569 Deo.
3600 4505 3713 4580 Legi
3731 4498 3818 4557 εηὶπι

2182 4591 2234 4653 D
2260 4616 2359 4673 Dei
2387 4632 2490 4671 non
2516 4623 2589 4669 est
2618 4588 2868 4686 subjecta.
2893 4610 3010 4666 Non
3036 4609 3151 4678 ipsa
3191 4622 3360 4676 caro,
3397 4618 3465 4664 ut
3487 4597 3747 4663 Manicbzei
3768 4588 3819 4644 di-

2258 4719 2411 4776 cunt,
2443 4710 2539 4765 sed
2567 4721 2761 4764 sensus
2808 4703 3045 4760 carnalis
3075 4701 3341 4758 inimicus
3391 4712 3485 4759 est
3531 4700 3664 4755 Deo.
3704 4689 3823 4746 Omne

2258 4808 2404 4863 enim
2430 4819 2538 4860 non
2560 4801 2885 4873 subjectum,
2916 4797 3195 4853 inimicum
3226 4806 3346 4863 est,
3377 4806 3440 4851 et
3466 4794 3771 4865 quicumque
3790 4787 3826 4829 ξε

2258 4898 2493 4955 voluerit
2515 4894 2813 4963 vindicare,
2852 4888 3019 4947 etiam
3049 4886 3255 4944 veteris
3288 4887 3445 4958 legis
3478 4881 3832 4946 nonnumquam

2260 4992 2479 5049 modum
2504 4987 2739 5046 excedit.

2332 5083 2444 5139 Nec
2464 5083 2597 5138 enim
2624 5087 2807 5155 potest.
2836 5073 3179 5147 lmpossibile
3204 5070 3387 5142 dixit,
3420 5079 3491 5128 ut
3514 5069 3604 5127 vel
3637 5066 3709 5125 sic
3725 5075 3799 5120 eos
3819 5070 3836 5109 a

2259 5179 2440 5235 carnis
2469 5170 2925 5243 concupiscentiis
2950 5172 3257 5224 revocaret.

2335 5271 2439 5339 Qui
2462 5278 2631 5323 autem
2662 5266 2717 5319 in
2740 5278 2893 5317 came
2915 5270 3057 5317 sunt.
3092 5259 3194 5314 Hic
3218 5257 3542 5328 probatur,
3576 5254 3701 5329 quia
3723 5258 3843 5316 sup?

2260 5370 2373 5426 rius
2422 5380 2528 5422 non
2578 5376 2823 5427 carnem,
2872 5358 2969 5416 sed
2999 5371 3166 5428 opera
3214 5361 3610 5411 accusaverat
3657 5343 3842 5405 carnis:

2264 5465 2391 5536 quia
2415 5460 2612 5533 quibus
2641 5456 2745 5513 hoc
2765 5452 2986 5525 dicitur,
3013 5451 3200 5519 utique
3226 5447 3288 5503 in
3320 5464 3509 5505 carne
3536 5443 3797 5502 vivebant.

3672 276 3756 342 680

2333 5530 2445 5611 Deo
2470 5554 2671 5627 placere
2694 5566 2797 5605 non
2826 5555 3058 5621 possunt.
3082 5542 3222 5600 Fieri
3251 5545 3422 5598 enim
3455 5556 3573 5599 non
3604 5540 3783 5609 potest,
3806 5530 3845 5577 ιιι
3894 5574 3895 5579 η

2261 5650 2411 5708 carni
2441 5646 2677 5714 deditus,
2706 5640 2997 5714 aliquando
3021 5654 3129 5695 non
3164 5645 3395 5708 peccet.

2342 5743 2443 5799 Vos
2472 5752 2645 5796 autem
2663 5739 2720 5792 in
2740 5754 2892 5792 carne
2920 5734 3065 5801 estis,
3104 5731 3194 5787 sed
3215 5730 3275 5785 in
3315 5731 3555 5804 spiritu.
3586 5728 3700 5787 lloc
3725 5715 3847 5779 estin

2261 5835 2627 5914 spiritualibus
2652 5830 2910 5905 operibus
2941 5824 3221 5899 occupati.
