3970 6304
171 296 263 358 681

803 292 1351 355 COMMENTARIUS
1388 293 1458 353 IN
1497 286 1892 356 EPISTOLAM
1930 290 2023 349 AD
2060 288 2407 352 ROMANOS.
2454 288 2613 351 CAP.
2648 290 2783 351 VIII.

3358 291 3469 355 682

228 414 291 472 Si
320 420 495 469 tamen
517 408 733 480 spiritus
751 407 851 466 Dei
880 411 1075 467 habitat
1098 412 1154 466 in
1178 411 1340 466 vobis.
1379 412 1478 468 Hic
1517 408 1758 468 ostendit
1789 410 1834 468 A
1866 406 2066 473 timore,
2097 407 2185 461 sed
2215 408 2484 481 accepistis
2513 407 2753 479 spiritum
2777 404 3072 475 adoptionis
3093 404 3323 475 ﬁliorum
3346 406 3462 461 Dei.

167 506 414 578 quoniam
440 503 679 574 Spiritus
708 512 933 559 sanctus
963 502 1145 560 Patris
1173 512 1229 559 et
1259 504 1385 559 Filii
1414 504 1504 559 sit.
1539 503 1672 560 Item
1702 502 1756 557 in

167 600 247 657 illo
274 598 510 669 spiritus
538 597 637 653 Dei
677 597 908 663 habitat,
940 598 1126 669 inquo
1156 598 1277 668 ejus
1305 605 1575 670 apparent
1614 597 1758 653 fruc—

169 703 241 751 tus
274 710 289 747 :
314 692 461 749 sicut
481 692 557 746 ait
576 690 645 747 ad
669 690 888 748 Galatas
920 710 931 746 :
967 692 1200 749 Fructus
1227 700 1409 749 autem
1432 692 1658 763 spiritus
1678 699 1761 748 est

174 785 428 851 charitas,
461 782 740 855 gaudium,
783 794 893 840 etc.

236 878 294 933 Si
331 878 452 949 quis
493 886 667 931 autem
693 877 938 950 spiritum
968 875 1162 933 Christi
1212 895 1315 934 non
1348 877 1759 948 habet,'hicnon

170 981 235 1030 est
252 976 390 1045 ejus.
420 971 659 1042 Spiritus
686 970 893 1028 Christi
932 980 1017 1029 est
1052 973 1357 1042 humilitas,
1386 983 1440 1030 et
1472 972 1757 1043 patientia,

172 1065 523 1133 omniumque
553 1064 811 1120 virtutum
841 1072 947 1136 est,
998 1065 1093 1136 qui
1140 1064 1339 1122 dilexit
1385 1064 1663 1135 inimicos,
1707 1072 1765 1120 et

173 1175 260 1232 pro
287 1158 371 1214 eis
400 1158 603 1213 oravit.

233 1249 295 1306 Si
324 1258 504 1303 autent
534 1247 772 1305 Christus
799 1250 853 1304 in
873 1250 1014 1307 vobis
1046 1262 1143 1320 est,
1171 1268 1357 1326 corpus
1385 1255 1593 1327 quidem
1625 1271 1764 1311 mora

173 1354 307 1401 tuum
347 1354 425 1400 est
477 1354 684 1417 prapter
726 1355 1015 1418 peccatum.
1059 1347 1120 1404 Si
1163 1348 1438 1405 Christum
1481 1351 1765 1406 imitamini

171 1437 402 1495 carnalis
424 1452 643 1505 sensus,
665 1439 822 1509 quasi
852 1449 1119 1508 mortuus,
1147 1456 1257 1497 non
1284 1444 1511 1499 resistit.
1537 1442 1691 1499 Unde
1713 1451 1769 1499 et

169 1530 331 1586 David
363 1531 550 1586 aiebat
578 1548 591 1586 :
629 1531 739 1603 Ego
776 1542 1049 1603 tamquam
1079 1536 1278 1592 surdus
1306 1552 1414 1592 non
1446 1536 1761 1607 audiebam,

170 1633 221 1681 et
242 1624 391 1681 sicut
421 1634 606 1680 mutus
629 1641 735 1681 non
768 1628 1017 1698 aperiens
1039 1644 1103 1685 os
1134 1645 1312 1699 suum,
1345 1639 1452 1687 etc.

236 1717 475 1788 Spiritus
525 1734 641 1772 vero
688 1718 808 1773 uiuit
857 1729 1066 1792 prapter
1120 1723 1562 1794 justiﬁeationem.
1615 1722 1771 1779 Nunc

1860 498 2167 555 Notandum
2198 511 2315 567 est,
2343 502 2468 572 quia
2498 499 2704 566 Judaei,
2736 500 2837 554 etsi
2870 499 2967 554 ﬁlii
3012 499 3109 555 Dei
3149 508 3325 570 erant,
3376 510 3460 555 ta-

1862 608 1988 648 men
2014 608 2134 648 cum
2160 602 2340 649 essent
2369 593 2470 649 sub
2500 591 2643 664 Lege
2670 591 2818 647 velut
2844 591 2945 647 sub
2977 590 3270 664 paedagogo
3291 606 3461 664 agen-

1861 694 1964 752 tes,
1998 687 2244 756 spiritum
2277 686 2490 742 timoris
2520 685 2812 742 habebant.
2856 684 2987 741 Item
3031 684 3205 741 Judaei
3234 701 3462 757 accepe-

1862 788 1991 835 runt
2032 777 2305 848 Spiritum,
2351 778 2442 849 qui
2482 776 2606 834 illos
2636 778 2703 833 ad
2745 778 3065 834 servitutem
3108 786 3330 849 cogeret
3359 794 3459 851 per

1865 871 2136 927 timorem.
2168 871 2388 927 Timere
2436 870 2585 926 enim
2633 884 2918 926 servorum
2950 878 3034 927 est
3064 887 3077 925 :
3110 869 3358 942 diligere,
3400 871 3464 926 ﬁ-

1863 964 2083 1030 liorum,
2116 965 2258 1020 sicut
2286 965 2551 1035 scriptum
2582 973 2667 1020 est
2698 982 2709 1018 :
2744 962 2943 1020 Servus
2974 963 3255 1019 dominum
3298 978 3459 1019 suum

1867 1056 2096 1122 timebit,
2132 1066 2185 1112 et
2217 1057 2359 1112 ﬁlius
2385 1055 2575 1127 diliget
2604 1064 2814 1127 patrem
2844 1069 3000 1111 suum
3033 1071 3048 1111 :
3078 1055 3155 1111 Illi
3186 1050 3341 1127 ergo,
3365 1058 3461 1129 qui

1866 1150 2080 1220 cperari
2103 1148 2390 1206 charitatis
2409 1150 2693 1205 voluntate
2722 1148 3004 1217 nolebant,
3034 1149 3245 1207 timoris
3274 1163 3468 1207 neces-

1867 1245 2027 1301 sitate
2070 1252 2354 1317 cogantur.
2404 1244 2513 1301 Nos
2542 1259 2673 1300 vero
2704 1245 2887 1301 omnia
2926 1243 3234 1302 voluntarie
3274 1259 3471 1315 opere-

1868 1354 2011 1406 mur,
2043 1350 2101 1395 ut
2132 1339 2273 1396 ﬁlios
2302 1353 2401 1395 nos
2426 1354 2616 1395 omnes
2648 1339 2968 1411 probemus,
3014 1354 3124 1395 non
3169 1353 3361 1396 servos
3404 1340 3472 1395 ti-

1870 1434 2059 1490 moris.
2091 1432 2223 1489 Item
2270 1448 2385 1501 vos,
2442 1433 2692 1501 Romani,
2728 1435 2780 1490 in
2830 1434 3181 1504 adoptionem
3230 1434 3468 1491 ﬁliorum

1868 1529 2046 1584 vocati
2075 1529 2227 1598 estis,
2259 1543 2369 1585 non
2400 1528 2540 1585 sicut
2584 1528 2924 1600 Judtei,‘qui,
2956 1528 3157 1585 subditi
3182 1528 3342 1601 Legis
3368 1529 3474 1587 im-

1870 1624 2048 1696 perio,
2076 1624 2129 1679 in
2160 1626 2424 1681 servitute
2451 1625 2794 1681 tenebantur.

1946 1718 2013 1775 In
2045 1736 2145 1793 quo
2185 1720 2490 1789 clamamus,
2526 1720 2669 1775 Abba
2706 1726 2872 1793 pater.
2906 1719 3011 1789 Qui
3043 1728 3205 1777 vocat
3235 1727 3468 1791 patrem,

173 1812 429 1883 spiritum
466 1820 715 1868 nostrum
746 1814 1019 1884 signiﬁcat
1052 1832 1067 1872 :
1109 1814 1202 1887 qui
1247 1827 1470 1888 propter
1509 1817 1774 1887 justitiam
1803 1819 1852 1882 Β
1880 1813 2053 1869 ﬁlium
2084 1828 2145 1870 se
2177 1828 2300 1871 esse
2340 1814 2647 1885 proﬁtetur.
2677 1814 2849 1871 Debet
2877 1828 3008 1885 ergo
3034 1814 3172 1885 patri
3204 1812 3259 1870 in
3304 1813 3477 1869 mori-

172 1920 325 1961 suam
346 1907 459 1962 vita
486 1906 820 1977 appellatur,
854 1908 1009 1978 quasi
1036 1907 1343 1979 justiﬁcans
1369 1924 1587 1979 corpus,
1615 1912 1771 1966 beata

172 1999 253 2055 illa
289 2009 497 2055 aeterna
528 2001 658 2055 vita.
686 2000 821 2055 Item
851 2001 1076 2071 spiritus
1098 2002 1261 2071 vivit,
1284 2002 1628 2074 utjustitiam
1651 2018 1774 2073 ope-

177 2101 349 2149 retur.
376 2092 495 2147 Non
520 2092 663 2149 enim
691 2092 792 2148 hoc
820 2093 996 2149 solum
1026 2095 1308 2164 quatritur,
1332 2104 1442 2150 uta
1464 2096 1774 2152 carnalibus

173 2198 452 2241 cessemus
478 2184 575 2240 sed
598 2184 759 2240 etiam
791 2193 849 2241 ut
880 2194 932 2240 et
962 2184 1260 2255 spiritualia
1294 2185 1573 2242 faciamus.

243 2278 405 2346 Quod
430 2279 477 2331 si
518 2278 733 2347 spiritus
758 2278 896 2347 eius,
927 2279 1015 2348 qui
1053 2279 1317 2333 suscitauit
1342 2277 1521 2334 Jesum
1564 2296 1595 2332 a
1642 2295 1779 2334 mor-

176 2371 295 2436 tuis,
328 2369 537 2425 habitat
557 2371 611 2425 in
638 2370 781 2425 uobis
814 2371 940 2439 :qui
968 2372 1234 2427 suscitauit
1256 2370 1436 2426 Jesum
1462 2372 1724 2428 Christum
1746 2391 1779 2427 a

172 2466 416 2534 mortuis,
448 2465 725 2535 uiviﬁcabit
754 2477 802 2519 et
831 2467 1073 2521 mortalia
1103 2483 1324 2541 corpora
1354 2477 1523 2523 vestra
1566 2474 1776 2540 propter

173 2558 557 2614 inhabitantem
588 2560 829 2629 spiritum
865 2562 981 2631 ejus
1006 2560 1058 2615 in
1093 2562 1258 2617 vobis.
1292 2562 1348 2618 Si
1373 2570 1552 2617 tamen
1585 2563 1781 2633 puriﬁ-

173 2655 303 2719 cati,
334 2661 401 2709 ut
431 2654 483 2709 in
514 2653 671 2711 vobis
704 2654 940 2726 Spiritus
967 2663 1193 2710 sanctus
1217 2655 1467 2711 habitare
1489 2655 1739 2726 dignetur
1764 2674 1777 2709 :

176 2762 283 2803 non
335 2748 543 2817 patitur
580 2746 728 2803 Deus
771 2747 1034 2818 templum
1080 2745 1304 2818 spiritus
1353 2747 1576 2804 interire
1622 2766 1634 2802 :
1684 2748 1781 2804 sed

175 2840 455 2912 quomodo
476 2839 660 2897 Iesum
685 2856 715 2895 a
746 2842 981 2897 mortuis
1014 2841 1337 2897 suscitavit:
1373 2842 1445 2897 ita
1478 2850 1533 2899 et
1553 2856 1782 2913 corpora

176 2946 361 2993 vestra
395 2935 748 2993 restaurabit.

246 3027 420 3101 Ergo,
457 3030 667 3098 fratres,
701 3028 958 3085 debitores
985 3046 1162 3085 sumus
1190 3047 1294 3085 non
1320 3032 1485 3101 carni,
1518 3038 1573 3086 ut
1601 3047 1785 3086 secun-

178 3124 305 3178 dum
337 3139 548 3178 carnem
580 3125 829 3178 vivamus.
854 3124 968 3181 Iloc
994 3134 1164 3182 totum
1188 3127 1320 3198 agit,
1342 3135 1397 3183 ut
1424 3128 1678 3184 ostendat
1706 3130 1786 3185 eis

1872 1906 1973 1963 bus
2003 1907 2195 1962 similis
2222 1908 2489 1963 inveniri:
2527 1923 2618 1975 ne,
2654 1907 2878 1964 nomine
2920 1907 3214 1979 quoquein
3243 1921 3475 1965 vacuum

1876 2008 2163 2071 usurpato,
2196 2000 2392 2071 majori
2418 2016 2597 2072 paena:
2634 2000 2937 2072 subjaceat.

1950 2091 2076 2159 Ipse
2120 2094 2261 2148 enim
2301 2094 2515 2158 spiritus
2559 2092 2913 2148 testimonium
2940 2092 3112 2147 reddit
3139 2093 3357 2164 spiritui
3385 2110 3483 2151 no‘

1882 2197 1980 2257 tro,
2014 2189 2153 2257 quod
2180 2205 2360 2245 sumus
2409 2188 2508 2258 [itii
2558 2186 2680 2242 Dei.
2723 2185 3124 2243 Testimonium
3171 2186 3483 2259 adOptionis

1879 2290 1980 2349 est,
2015 2280 2160 2352 quod
2191 2280 2457 2337 habemus
2484 2279 2760 2351 Spiritum,
2795 2293 2893 2350 per
2923 2294 3084 2350 quem
3118 2279 3189 2334 ita
3231 2294 3479 2335 oramus.

1881 2373 2111 2430 Tantam
2137 2373 2280 2429 enim
2302 2373 2522 2429 arrham
2545 2373 2790 2443 accipere
2811 2387 2921 2428 non
2951 2381 3205 2441 poterant
3234 2372 3335 2428 nisi
3360 2371 3480 2428 ﬁlii.

1957 2469 2018 2526 Si
2065 2478 2235 2525 autem
2281 2468 2402 2538 ﬁlii,
2445 2478 2494 2522 et
2545 2467 2773 2524 Iiwredes
2809 2484 2829 2524 :
2859 2467 3086 2526 hwredes
3124 2470 3331 2540 quidem
3361 2468 3484 2538 Dei,

1884 2562 2176 2619 cohwredes
2213 2573 2385 2617 autem
2438 2562 2649 2617 Christi.
2698 2562 2804 2631 Qui
2854 2572 3102 2620 meretur
3142 2578 3267 2619 esse
3318 2563 3486 2631 ﬁlius,

1885 2664 2128 2713 meretur
2152 2655 2293 2712 efﬁci
2328 2656 2503 2711 haeres
2532 2655 2725 2727 patris,
2760 2663 2816 2712 et
2842 2654 2959 2712 veri
2992 2654 3091 2711 filii
3117 2655 3384 2713 cohaeres.

1958 2750 2022 2805 Si
2046 2758 2215 2804 tamen
2261 2750 2623 2821 compatimur.
2670 2748 2727 2805 Si
2758 2749 2883 2805 talia
2917 2749 3179 2821 patimur,
3228 2766 3349 2806 cum
3394 2765 3491 2808 ne-

1886 2857 2040 2898 cesse
2072 2840 2258 2909 fuerit,
2311 2858 2410 2914 pro
2440 2842 2664 2899 nomine
2715 2842 2831 2914 ejus
2866 2860 2879 2897 :
2912 2843 3095 2915 qualia
3126 2844 3353 2917 pertulit
3397 2844 3492 2901 ille

1887 2950 1986 3007 pro
2016 2934 2194 2992 nobis.

1965 3028 2033 3086 Ut
2062 3028 2436 3103 gloriﬁcemur.
2485 3027 2641 3086 Sicut
2669 3026 2910 3086 Joannes
2947 3028 3024 3086 ait
3054 3044 3069 3085 :
3116 3027 3329 3088 Scimus
3358 3044 3492 3103 quo-

1892 3122 2039 3178 niam
2066 3137 2192 3177 cum
2222 3120 2558 3194 apparuerit,
2605 3122 2817 3179 similes
2848 3122 2900 3179 ei
2939 3123 3167 3181 erimus.

177 3219 361 3289 legem
381 3233 489 3273 non
511 3232 634 3273 esse
657 3219 1047 3289 necessariam,
1070 3236 1192 3291 qua:
1205 3222 1518 3277 carnalibus
1538 3222 1661 3277 data
1680 3229 1780 3278 est.
1810 3210 1856 3275 C
1960 3214 2217 3270 Existimo
2256 3214 2411 3284 enim,
2447 3215 2584 3286 quod
2628 3232 2730 3270 non
2774 3224 2892 3270 sunt
2923 3218 3196 3289 condigna:
3226 3217 3493 3289 passiones
3582 3206 3591 3213 ’

180 3308 314 3366 Item
354 3310 649 3365 manifeste
677 3325 822 3365 nunc
846 3310 1102 3378 ostendit,
1135 3312 1258 3383 quia
1289 3329 1397 3368 non
1421 3314 1489 3369 de
1513 3315 1790 3370 communi

177 3410 231 3456 et
248 3400 495 3456 naturali
520 3409 699 3457 morte
720 3402 972 3472 superius
986 3400 1177 3459 fecerit
1193 3405 1547 3474 mentionem,
1562 3405 1749 3462 dicens
1774 3423 1788 3459 :

251 3495 315 3551 Si
347 3494 488 3549 enim
529 3495 814 3550 secundum
841 3511 1050 3550 carnem
1078 3496 1329 3564 vixeritis,
1365 3498 1678 3551 moriemini.
1705 3496 1791 3554 Si-

173 3585 411 3657 gnificat
453 3594 635 3641 autem
683 3595 914 3643 mortem
967 3602 1147 3657 poenae
1200 3598 1441 3645 ceterum.
1474 3587 1592 3643 Non
1621 3589 1789 3656 enim,

183 3679 315 3750 quia
351 3693 484 3734 caro
506 3676 745 3735 humana
777 3679 921 3736 mala
959 3680 1051 3749 sit,
1092 3691 1147 3737 et
1190 3681 1410 3752 spiritus
1440 3682 1637 3750 bonus,
1673 3683 1792 3737 lau-

180 3771 279 3827 dat
303 3771 590 3843 spiritum,
617 3782 672 3827 et
700 3773 977 3844 vituperat
997 3788 1216 3829 carnem
1242 3790 1256 3826 :
1282 3789 1403 3830 cum
1430 3774 1546 3844 ipse
1576 3774 1790 3843 doceat,

182 3866 386 3923 dicens
430 3885 442 3920 :
488 3867 556 3922 Et
584 3866 739 3938 virgo
788 3868 1009 3939 cogitat,
1044 3884 1163 3938 quae
1193 3878 1321 3925 sunt
1364 3868 1602 3939 Domini,
1636 3880 1693 3925 ut
1726 3871 1798 3925 sit

182 3973 387 4018 sancta
418 3976 655 4032 corpore
676 3969 730 4017 et
758 3962 977 4032 spiritu.
1000 3960 1161 4018 Novit
1188 3962 1332 4018 enim
1361 3973 1415 4018 et
1444 3972 1680 4019 mentem
1709 3979 1798 4020 ac-

185 4069 421 4120 cusare,
452 4053 647 4110 dicens
680 4054 978 4111 :Iiomines
1011 4055 1253 4125 corrupti
1285 4064 1491 4123 mente,
1518 4056 1621 4111 hoc
1650 4054 1795 4111 enim

181 4147 353 4216 dicit,
375 4146 668 4203 ostendere
694 4148 887 4204 volens
914 4149 1204 4204 maximam
1230 4159 1436 4220 partem
1455 4148 1795 4221 passionum,

181 4241 473 4298 desideria
507 4242 733 4296 humani
779 4242 1029 4313 corporis
1061 4256 1185 4298 esse
1221 4258 1235 4301 :
1262 4242 1407 4314 quod
1439 4258 1559 4299 cum
1586 4244 1799 4309 caeteris

181 4334 613 4391 irrationalibus
637 4334 965 4391 animalibus
1002 4350 1291 4391 commune
1322 4336 1605 4393 habemus.
1644 4338 1800 4394 Sicut

178 4430 349 4485 enim
382 4436 585 4483 caetera
613 4428 868 4483 animalia
904 4427 971 4483 de
1005 4437 1147 4485 terra
1178 4428 1383 4485 habent
1418 4430 1753 4486 nativitatem
1784 4448 1797 4485 :

176 4521 262 4578 ita
295 4531 359 4577 et
399 4534 504 4576 nos
541 4535 760 4591 corpus.
816 4519 1011 4576 Anima
1041 4529 1222 4577 autem
1251 4530 1439 4591 nostra
1468 4522 1690 4593 Spiritus
1719 4530 1801 4579 est

1894 3306 2050 3380 hujus
2078 3308 2347 3378 temporis.
2383 3306 2482 3363 Hie
2510 3308 2625 3363 vult
2656 3306 2893 3365 futuram
2935 3310 3166 3380 gloriam
3211 3327 3495 3367 commen-

1896 3398 2051 3469 dare,
2082 3409 2139 3455 ut
2170 3408 2468 3470 praesentes
2501 3386 2789 3471 pressuras
2830 3399 3043 3457 facilius
3074 3402 3393 3459 toleremus.
3428 3401 3499 3458 Et

1894 3508 2085 3549 revera
2107 3491 2242 3548 nihil
2276 3501 2461 3563 posset
2485 3492 2650 3549 homo
2679 3491 3008 3564 condignum
3046 3494 3156 3565 pati
3181 3495 3355 3567 gloria
3384 3510 3495 3553 cm-

1894 3582 2016 3640 lesti
2057 3600 2071 3638 :
2103 3584 2314 3640 etiamsi
2346 3584 2468 3640 talis
2502 3593 2650 3641 esset
2686 3585 2779 3640 illa
2810 3586 2989 3657 qualis
3018 3587 3179 3644 modo
3220 3597 3304 3645 est
3353 3589 3487 3645 vita.

1894 3677 2166 3750 Quidquid
2195 3679 2338 3735 enim
2370 3692 2560 3750 passus
2596 3677 2761 3736 fuerit
2789 3694 2819 3734 a
2852 3688 3047 3749 morte,
3083 3681 3203 3752 plus
3230 3696 3339 3738 non
3367 3683 3492 3754 est),

1897 3788 2057 3845 quam
2082 3772 2244 3829 etiam
2268 3788 2366 3844 pro
2395 3771 2631 3843 peccatis
2659 3772 2774 3827 suis
2794 3782 2955 3829 antea
2982 3774 3309 3830 merebatur.
3335 3775 3493 3831 Nunc

1897 3876 2077 3921 autem
2118 3873 2175 3922 et
2219 3873 2440 3937 peccata
2482 3864 2755 3920 donantur
2800 3882 2813 3918 :
2856 3873 2911 3921 et
2959 3876 3085 3921 tunc
3135 3866 3243 3921 vita
3294 3875 3499 3922 aeterna

1910 3958 2283 4030 praestabitur,
2308 3959 2646 4015 consortium
2673 3958 3016 4028 angelorum,
3053 3959 3313 4030 splendor
3340 3960 3496 4031 solis,

1901 4061 1956 4107 et
1982 4059 2202 4119 caetera,
2228 4067 2348 4123 quae
2371 4051 2574 4108 sanctis
2600 4052 2829 4123 legimus
2857 4053 3213 4123 rcpromissa.

1971 4145 2053 4199 Ad
2082 4143 2311 4215 futuram
2343 4144 2591 4217 gloriam,
2618 4160 2739 4215 qua:
2764 4144 3073 4200 revelabitur
3099 4147 3153 4201 in
3182 4144 3352 4202 nobis.
3377 4146 3492 4203 M0-

1900 4237 1971 4294 do
2007 4237 2149 4293 enim
2205 4236 2524 4294 abscondita
2568 4246 2653 4294 est
2697 4252 2819 4294 cum
2849 4236 3072 4295 Christo
3116 4239 3171 4295 in
3212 4238 3325 4295 Deo
3380 4256 3397 4296 :
3446 4246 3503 4298 et

1902 4331 2140 4385 nondum
2172 4329 2427 4401 apparuit
2453 4328 2584 4402 quid
2635 4328 2838 4387 erimus
2872 4346 2884 4382 :
2926 4329 3071 4402 quod
3114 4330 3377 4389 Dominus
3418 4348 3505 4390 rc-

1901 4422 2150 4494 promisit
2176 4424 2399 4479 sanctis.

1976 4515 2120 4571 Nam
2170 4516 2485 4588 exspectatio
2543 4524 2798 4572 creaturae
2857 4516 3224 4573 reuelationem
3272 4517 3505 4591 ﬁliorum

181 4615 587 4684 incorporeus,
635 4622 691 4669 et
719 4612 1028 4683 rationalis,
1073 4622 1128 4669 et
1176 4613 1521 4669 immortalis.
1555 4614 1611 4669 Si
1645 4614 1791 4670 enim
1819 4606 1870 4667 D
1897 4608 1995 4664 Dei
2044 4618 2323 4681 exspectat.
2376 4610 2584 4666 Diversi
2603 4609 2775 4683 [hunc
2804 4608 2998 4677 locum
3042 4610 3274 4669 diversis
3323 4615 3501 4671 modis

179 4704 506 4763 secundum
553 4718 777 4761 carnem
816 4704 1079 4773 vixeritis,
1131 4707 1456 4762 moriemini.
1489 4706 1797 4763 Secundum

180 4805 478 4859 rationem
534 4800 874 4872 expositam,
932 4800 1183 4857 carnales
1240 4800 1488 4857 homines
1536 4802 1797 4873 justitiam

183 4896 484 4956 custodire
510 4912 618 4952 non
651 4907 897 4968 possunt.

261 4993 341 5049 Si
370 5002 541 5046 autem
567 4991 754 5063 spiritu
775 4996 911 5062 facta
933 4992 1101 5045 carnis
1124 4992 1578 5063 morti/icaveritis,
1602 4992 1796 5047 t‘ivetis.

178 5083 596 5158 Spiritualibus
615 5082 918 5139 actionibus
942 5084 1120 5139 carnis
1137 5099 1299 5154 opera
1324 5084 1685 5153 subjeceritis.
1701 5084 1804 5140 No-

176 5179 433 5236 tandum
465 5191 597 5233 sane
624 5192 785 5249 opera
809 5177 989 5233 carnis
1019 5192 1123 5234 non
1146 5178 1497 5234 substantiam
1521 5195 1801 5236 accusare.

268 5272 609 5341 Quicumque
654 5273 790 5325 enim
835 5273 1020 5341 spiritu
1050 5271 1147 5326 Dei
1177 5281 1422 5344 aguntur,
1452 5270 1508 5325 hi
1550 5282 1668 5326 sunt
1708 5273 1804 5342 ﬁlii

178 5364 327 5420 Dei.
359 5361 699 5433 Quicumque
726 5371 1006 5419 merentur
1035 5374 1226 5419 sancto
1253 5364 1457 5434 Spiritu
1488 5364 1801 5436 gubernari.

177 5457 369 5513 Sicut
418 5454 747 5523 econtrario,
783 5456 875 5526 qui
908 5465 1157 5526 peccant,
1191 5455 1381 5526 spiritu
1413 5455 1611 5511 diaboli
1641 5471 1809 5527 agun-

181 5559 322 5614 tur,
356 5546 423 5601 ab
461 5546 615 5601 initio
644 5557 953 5618 peccatore.
990 5546 1120 5603 Item
1154 5548 1480 5620 quicumque
1508 5549 1807 5604 secundum

179 5638 520 5700 doctrinam
549 5640 785 5711 Spiritus
814 5642 984 5698 sancti
1013 5642 1239 5699 vivunt:
1272 5642 1377 5713 ipsi
1405 5651 1553 5712 sunt,
1581 5643 1671 5715 qui
1702 5642 1811 5715 spi-

179 5741 315 5799 ritu
359 5733 451 5792 Dei
483 5748 731 5809 aguntur.

274 5829 421 5891 Non
468 5833 603 5887 enim
649 5834 918 5905 accepistis
970 5836 1210 5905 spiritum
1241 5834 1496 5896 servitutis
1545 5834 1728 5893 iterum
1757 5836 1811 5893 in

550 5928 823 5992 ΡΛτιιοι.
872 5929 1086 5996 ΧΧΧ.

1906 4710 2205 4775 exponunt.
2238 4704 2365 4760 Sive
2393 4703 2569 4760 omnis
2596 4711 2847 4759 creatura
2890 4707 3316 4763 resurrectionis
3356 4717 3503 4777 tem-

1907 4812 2008 4870 pus
2046 4805 2328 4868 exspectat
2362 4816 2373 4852 :
2405 4798 2527 4868 quia
2573 4806 2699 4853 tunc
2730 4798 2782 4852 in
2830 4798 3029 4856 melius
3058 4800 3506 4869 commutabitur,

1909 4891 2024 4947 sive
2048 4890 2311 4961 angelica,
2352 4891 2467 4947 sive
2510 4890 2796 4947 rationalis
2830 4900 3103 4948 creatura.
3134 4892 3327 4949 Petrus
3356 4894 3505 4950 enim

1909 4983 2061 5054 dicit,
2091 4983 2265 5039 Etiam
2296 4982 2514 5055 angelos
2544 4982 2777 5054 gloriam
2814 4982 3126 5041 desiderare
3168 4994 3501 5042 sanctorum.

1909 5076 2139 5146 Quidam
2161 5077 2322 5132 etiam
2347 5076 2424 5132 sic
2450 5076 2642 5132 dicunt
2671 5092 2688 5131 :
2712 5076 2885 5133 Adam
2916 5086 2970 5133 et
3001 5077 3171 5132 Evam
3195 5092 3314 5133 esse
3345 5093 3501 5134 crea-

1911 5184 2085 5232 turam
2108 5216 2123 5243 ,
2158 5188 2293 5246 quos
2323 5172 2452 5229 olim
2497 5187 2720 5245 serpens
2749 5188 2779 5228 a
2820 5188 2915 5244 spe
2943 5172 3242 5229 divinitatis
3274 5175 3509 5230 vanitati

1913 5269 2209 5339 subjectos,
2241 5267 2575 5337 corruptioni
2622 5266 2862 5323 ell’ecerit
2912 5265 3237 5324 deservire:
3283 5285 3393 5326 non
3436 5285 3507 5326 ex

1914 5361 2226 5433 semetipsis
2248 5362 2573 5431 'peccantes,
2606 5360 2704 5416 sed
2754 5360 3026 5430 serpentis
3075 5360 3429 5433 instigatione
3454 5370 3513 5419 et

1916 5456 2166 5513 consilio.
2200 5454 2266 5509 Et
2294 5455 2420 5525 ipsi,
2451 5454 2720 5526 inquiunt,
2751 5452 3148 5525 liberabuntur,
3178 5466 3238 5512 ut
3259 5457 3370 5527 jam
3394 5472 3505 5513 non

1917 5546 2259 5619 corrUptioni
2304 5545 2637 5603 deserviant.
2698 5544 2926 5601 Omnem
2974 5556 3155 5603 autem
3200 5559 3511 5605 creaturam

1920 5644 2104 5700 dicunt
2127 5657 2268 5709 esse,
2301 5643 2629 5715 quicumque
2659 5654 2830 5711 usque
2859 5639 2929 5696 ad
2983 5643 3271 5698 adventum
3305 5642 3516 5698 Christi

1914 5738 2045 5812 justi
2079 5738 2299 5795 fuerunt
2332 5755 2343 5792 :
2378 5737 2498 5808 quia
2526 5746 2579 5792 et
2624 5734 2725 5807 ipsi
2757 5733 2997 5792 nondum
3042 5737 3372 5807 accipientes
3420 5728 3517 5794 ex-

1920 5842 2200 5909 spectant,
2231 5833 2342 5891 Deo
2386 5846 2484 5904 pro
2514 5829 2669 5889 nobis
2699 5830 2900 5904 aliquid
2930 5832 3123 5890 melius
3170 5830 3515 5904 providente.

2887 5924 2968 5985 ἓξ).
