3970 6304
433 213 538 268 083

1477 198 1535 254 S.
1579 195 1958 254 IIIERONYMI
1999 193 2285 252 OPI'IilllM
2328 193 2688 251 MANTISSA.

3614 191 3711 250 685

433 327 550 384 Non
599 323 773 380 solum
822 327 1005 378 autem
1037 319 1112 375 illi
1162 333 1173 370 :
1207 315 1302 372 sed
1333 323 1386 372 et
1438 329 1538 370 nos
1583 313 1708 383 ipsi,
1744 313 1795 367 in
1833 311 2032 383 quibus
2063 315 2107 372 A
2213 309 2319 381 Spe
2348 309 2480 363 enim
2509 310 2638 363 salvi
2669 307 2798 379 {acti
2827 318 3020 362 sumus.
3057 305 3187 377 Spes
3213 317 3409 372 autem,
3436 305 3558 375 'quw
3585 307 3715 363 ride-

434 418 700 489 complcta
740 423 894 481 sunt,
941 411 1168 468 necdum
1202 418 1478 475 tenemus,
1507 405 1604 462 sed
1636 407 1688 461 in
1741 420 1839 476 Spe
1870 403 2037 458 susti-

437 525 648 576 nemus,
676 507 925 580 quamvis
966 521 1085 571 quas
1129 501 1284 557 multi
1326 501 1514 556 videre
1541 499 1673 568 justi
1721 499 2031 568 cupierunt,

437 603 754 659 viderimus.
788 601 920 656 Item
967 598 1200 652 dicens:
1234 595 1291 650 Si
1330 604 1512 650 tamen
1555 590 1943 660 compatimur,
1981 597 2039 644 nt

439 705 494 752 et
519 694 908 767 gloriticemur.
940 689 1010 746 Et
1037 689 1279 745 inferens
1318 704 1332 740 :
1366 686 1720 756 Exspectatio
1749 691 2035 750 creaturas,

437 789 506 843 de
555 784 811 841 rationali
856 792 1105 840 creatura
1143 795 1458 838 sermonem
1489 779 1636 845 fecit,
1668 788 1724 834 et
1759 793 1866 833 non
1900 778 2042 832 sicut

439 879 657 951 quidam
687 876 1028 943 existimant,
1065 875 1134 932 de
1173 872 1501 942 irrationali,
1552 873 1641 928 vel
1687 870 2036 937 insensibili,

441 988 562 1043 quae
584 971 649 1027 ad
680 971 999 1027 servitutem
1025 968 1308 1024 hominum
1337 973 1518 1022 creata
1541 973 1624 1021 est
1655 978 1670 1019 :
1701 972 1757 1018 et
1783 970 1903 1034 post
1926 962 2042 1016 lure

443 1068 707 1138 peritura,
742 1064 964 1136 quando
995 1063 1076 1120 sol
1103 1061 1506 1129 obscurabitur,
1537 1069 1593 1114 et
1643 1057 1768 1112 luna
1814 1072 1920 1112 non
1949 1056 2044 1111 da-

438 1161 518 1217 bit
539 1162 726 1217 lumen
755 1174 938 1224 suum,
964 1165 1017 1213 et
1046 1157 1222 1214 stellae
1248 1155 1370 1212 coeli
1395 1151 1591 1208 cadent
1611 1165 1777 1220 super
1800 1158 1999 1205 terram
2026 1165 2040 1204 :

440 1264 496 1313 et
527 1264 656 1310 tunc
688 1255 796 1310 erit
825 1268 1024 1309 novum
1073 1251 1273 1308 omium
1322 1256 1378 1304 et
1407 1261 1545 1302 nova
1581 1256 1847 1315 tempora.
1880 1241 2044 1298 Crea-

444 1361 565 1403 tura
595 1359 796 1414 autem,
831 1345 1002 1401 Adam
1030 1351 1202 1400 estet
1228 1341 1368 1409 Eva,
1408 1353 1530 1411 qua:
1559 1331 1734 1394 adhuc
1764 1342 2046 1406 exspecmt

443 1457 502 1497 se
532 1456 561 1496 a
592 1441 706 1494 Deo
733 1437 981 1508 recipere
1009 1435 1385 1506 adoptionem.

523 1532 762 1586 Vanitati
808 1531 945 1584 enim
986 1536 1252 1584 creatura.
1302 1525 1526 1581 Vanitas
1569 1537 1648 1581 est
1700 1536 1862 1578 omne
1901 1518 2047 1590 quod

444 1625 773 1698 quandoque
806 1623 1016 1679 ﬁnitur.
1052 1623 1187 1678 Item
1219 1620 1430 1678 vanitas
1476 1630 1562 1676 est
1608 1615 1987 1690 praevariCatio
2029 1629 2042 1666 :

2141 412 2246 470 tur,
2289 419 2391 457 non
2417 410 2492 456 est
2524 419 2660 474 spes.
2693 400 2833 456 Nam
2869 399 3014 472 quod
3045 400 3179 455 videt
3208 402 3345 472 quis,
3377 402 3500 473 quid
3521 403 3715 468 sperat!

2138 499 2291 568 Quod
2322 498 2554 562 videtur,
2598 513 2704 552 non
2738 505 2994 568 speratur
3037 514 3048 549 :
3089 493 3186 550 sed
3226 496 3272 550 si
3317 495 3711 566 proprium‘cst,

2140 591 2470 662 possidetur.
2504 591 2659 646 Nulla
2688 590 2835 646 enim
2865 604 2987 660 spes
3019 588 3072 642 in
3111 587 3272 643 rebus
3321 587 3619 643 visibilibus
3644 596 3718 643 est

2139 687 2489 747 Christianis.
2557 685 2674 740 Non
2720 685 2866 742 enim
2911 683 3068 739 nobis
3128 681 3417 753 praesentia
3469 683 3716 753 promissa

2141 791 2286 847 sunt,
2322 779 2418 835 sed
2457 781 2660 835 futura.

2217 873 2277 929 Si
2310 883 2478 928 autent
2507 871 2646 943 quod
2676 888 2779 925 non
2826 870 3058 926 videmus
3087 884 3380 942 speramus,
3410 885 3500 941 per
3541 866 3721 938 patien-

2145 967 2272 1021 tiam
2312 975 2689 1039 exspectamus.
2716 964 2842 1020 Ideo
2870 964 3002 1020 lides
3037 978 3134 1035 per
3168 964 3486 1033 patientiam
3520 960 3718 1031 grandis

2145 1072 2225 1116 est
2251 1060 2458 1130 pratniii
2493 1078 2506 1114 :
2542 1061 2662 1130 quia
2690 1060 2831 1130 quod
2866 1073 2972 1113 non
3004 1058 3150 1112 videt
3173 1057 3347 1112 credit
3373 1067 3422 1112 et
3452 1055 3603 1127 quasi
3626 1055 3717 1126 jam

2151 1155 2442 1225 acceperit,
2473 1154 2545 1208 ita
2574 1168 2763 1209 secura
2795 1163 2876 1208 est
2905 1152 2974 1207 de
3001 1152 3239 1206 nondum
3277 1141 3524 1221 acceptis
3556 1166 3568 1201 :
3601 1149 3719 1204 sicut

2154 1245 2230 1299 ait
2259 1244 2326 1300 ad
2369 1244 2626 1300 Hebraeos
2662 1261 2672 1295 :
2707 1244 2971 1298 Patientia
3004 1243 3156 1297 vobis
3187 1241 3504 1298 necessaria
3551 1247 3645 1306 est,
3672 1249 3720 1296 ut

2147 1338 2481 1393 voluntatem
2507 1337 2602 1393 Dei
2625 1337 2881 1403 scientes,
2912 1338 3202 1408 repet-tutis
3232 1335 3717 1406 repromissionem.

2148 1433 2286 1503 Spes
2317 1434 2461 1488 enim
2485 1433 2602 1488 sine
2632 1433 2889 1502 patientia
2931 1446 3052 1488 esse
3082 1447 3186 1487 non
3230 1430 3397 1487 novit.

2224 1525 2478 1583 Similiter
2528 1535 2724 1592 autem,
2772 1536 2817 1580 et
2861 1527 3074 1598 spiritus
3129 1526 3344 1597 adjuvat
3389 1523 3724 1594 inﬁrmitatem

2151 1629 2404 1677 nostram.
2453 1619 2766 1677 Secundum
2818 1620 2958 1674 hanc
3003 1633 3154 1689 spem
3202 1618 3423 1688 adjuvat
3471 1633 3485 1670 :
3537 1623 3591 1670 ut
3634 1631 3722 1669 non

444 1719 533 1776 cui
565 1718 810 1789 subjecta
839 1717 973 1783 Eva,
1007 1731 1120 1771 non
1154 1713 1379 1784 propria
1410 1712 1714 1777 voluntate.
1745 1709 1841 1765 sed
1870 1724 1902 1763 ει
1931 1721 2047 1760 ser-
2079 1713 2124 1774 B
2153 1722 2388 1780 terrena,
2413 1711 2506 1767 sed
2545 1713 2792 1768 cmlestia
2834 1711 3194 1782 postulemns.
3231 1709 3447 1765 Inﬂrma
3485 1708 3624 1762 enim
3658 1715 3726 1763 est

447 1821 610 1882 pente
659 1811 911 1880 decepta,
955 1823 1054 1879 spe
1106 1807 1217 1875 illa,
1267 1822 1370 1876 qua
1416 1804 1664 1860 audierat
1716 1819 1731 1857 :
1779 1803 1847 1857 Et
1895 1799 2048 1855 eritis

445 1906 604 1976 quasi
627 1903 724 1969 dii,
759 1903 998 1958 scientes
1022 1900 1223 1954 bonum
1247 1908 1302 1954 et
1337 1898 1558 1953 malum.
1595 1894 1841 1952 Servitus
1866 1901 2046 1948 autem

448 2007 532 2054 est
578 1995 967 2064 corruptionis,
1022 2007 1183 2063 quam
1232 1989 1437 2045 audivit
1489 1988 1660 2044 Adam
1703 2005 1718 2042 :
1767 1985 1934 2042 Terra
1965 2000 2046 2050 es,

444 2100 498 2144 et
549 2089 601 2144 in
636 2095 836 2144 terram
883 2085 1010 2140 ibis.
1059 2084 1113 2138 In
1156 2081 1558 2139 resurrectione
1604 2077 1874 2150 recepturi
1922 2083 2051 2132 sunt

445 2179 916 2249 incorruptionem
948 2174 1185 2231 filiorum
1221 2174 1337 2230 Dei.

522 2271 771 2342 Subjcctu
794 2278 888 2324 est.
923 2268 978 2324 Si
1009 2269 1188 2339 angeli
1224 2266 1536 2322 hominibus
1565 2263 1901 2320 ministrant.

521 2362 644 2417 Non
690 2364 888 2427 volens,
935 2361 1023 2415 sed
1051 2368 1263 2426 pmpter
1297 2370 1437 2422 eum,
1477 2358 1566 2428 qui
1604 2358 1823 2430 subjecit
1853 2373 1966 2410 eam
1997 2357 2049 2411 in

448 2472 537 2525 spe
571 2470 587 2507 :
619 2455 742 2525 quia
768 2461 814 2506 et
849 2453 960 2522 ipsa
989 2461 1235 2504 creatura
1265 2449 1574 2503 liberabitur
1611 2465 1641 2501 a
1673 2449 1912 2502 servitute
1939 2463 2051 2502 cor-

448 2546 704 2616 ruptionis
732 2546 785 2598 in
817 2543 1108 2599 libertatem
1134 2541 1320 2612 glorite
1350 2541 1581 2609 ﬁliorum
1631 2539 1745 2594 Dei.
1780 2539 1898 2595 Jant
1942 2554 2052 2596 non

455 2639 658 2695 serviet
687 2637 788 2703 eis,
816 2636 909 2708 qui
934 2635 1030 2691 Dei
1056 2635 1349 2704 imaginem
1379 2642 1767 2703 corruperunt.

523 2731 733 2787 Scimus
787 2731 922 2785 enim
963 2729 1102 2802 quod
1154 2729 1321 2783 ontnis
1368 2737 1606 2783 creatura
1659 2725 1947 2798 ingemiscit
2005 2733 2054 2781 et

450 2827 673 2900 parturit
706 2842 865 2897 usque
891 2825 1081 2878 adhuc.
1106 2824 1259 2880 Sicut
1282 2823 1521 2893 gaudent
1544 2821 1723 2891 angeli
1750 2835 1915 2892 super
1940 2833 2056 2889 pte-

456 2921 695 2976 nitentes
726 2936 737 2972 :
775 2920 845 2971 ita
896 2917 1081 2972 dolent
1133 2931 1301 2984 super
1328 2915 1571 2970 converti
1619 2915 1887 2970 nolentes.
1921 2913 2050 2968 Item

452 3028 597 3068 nunc
631 3026 978 3068 communem
1012 3019 1316 3064 creaturam
1348 3007 1611 3070 nominat,
1652 3017 1771 3076 post
1802 3006 1972 3062 Adam
2000 3014 2056 3060 et

2154 1815 2339 1860 nostra
2368 1806 2726 1876 possibilitas,
2761 1806 2864 1862 nisi
2897 1805 3144 1862 doctrina
3178 1805 3352 1861 sancti
3385 1804 3622 1876 Spiritus
3649 1801 3726 1857 ad-

2145 1897 2385 1968 juvetur.

2226 1988 2370 2043 Nam
2399 1990 2523 2059 quid
2572 2005 2776 2045 oremus
2825 1990 2958 2046 sicut
3005 1998 3232 2060 oportet,
3284 1989 3570 2044 nescimus.
3613 1986 3726 2054 Quia

2152 2082 2331 2138 adhuc
2373 2100 2469 2149 per
2517 2085 2796 2153 Speculum
2844 2083 3112 2140 videmus.
3139 2083 3482 2152 Frequenter
3531 2082 3726 2147 obsunt,

2152 2191 2273 2246 quae
2299 2177 2556 2246 prodesse
2589 2186 2863 2247 putamus,
2897 2187 2951 2231 et
2981 2176 3108 2232 ideo
3151 2176 3312 2240 nobis
3351 2175 3622 2246 postulata
3649 2172 3731 2227 mi-

2154 2268 2299 2323 nime
2346 2268 2726 2324 conceduntur
2765 2269 3077 2339 provisione
3107 2267 3290 2323 divina
3323 2285 3335 2321 :
3367 2267 3513 2322 sicut
3555 2273 3607 2321 et
3632 2265 3730 2335 ipse

2153 2358 2280 2412 alibi
2312 2359 2385 2412 ait
2417 2376 2429 2411 :
2457 2359 2688 2429 PrOpter
2716 2360 2859 2430 quod
2895 2369 2978 2414 ter
2999 2359 3285 2414 Dominum
3309 2345 3540 2429 rogavi,'
3561 2357 3730 2412 utdis-

2154 2452 2376 2508 cederet
2404 2468 2432 2506 a
2467 2467 2574 2518 me,
2610 2463 2663 2508 et
2699 2453 2930 2523 reliqua.
2982 2453 3196 2508 Aliter:
3227 2451 3463 2524 Difﬁcile
3493 2449 3734 2506 orationis

2158 2555 2356 2601 nostra:
2390 2545 2721 2602 desiderium
2751 2546 3074 2612 secundum,
3101 2531 3247 2616 quod
3293 2545 3460 2600 corde
3491 2543 3729 2612 concepi-

2156 2654 2298 2707 mus,
2329 2640 2637 2710 exprimere
2670 2642 2757 2696 vis
2803 2657 2942 2698 voce
2972 2641 3219 2696 valemus
3250 2659 3264 2696 :
3298 2640 3443 2696 unde
3489 2638 3731 2695 subsecu-

2159 2739 2244 2787 lllS
2271 2745 2373 2785 (‘SL

2231 2827 2340 2881 Sed
2366 2827 2475 2898 ipse
2503 2829 2719 2898 spiritus
2751 2829 2981 2895 postulat
3023 2844 3120 2894 pro
3161 2828 3307 2882 nobis
3346 2828 3620 2899 gemitibus
3645 2828 3734 2880 iue-

2157 2918 2530 2974 narrabilibns.
2569 2921 2709 2976 Deus
2750 2936 2902 2991 ergo.
2953 2922 3040 2991 qui
3089 2929 3364 2976 scrutatur
3405 2921 3596 2989 corda,
3625 2919 3733 2976 etsi

2159 3025 2412 3066 sermone
2441 3012 2912 3081 comprehendere
2963 3028 3069 3068 non
3101 3012 3404 3067 sufﬁcimus
3439 3031 3455 3069 :
3494 3014 3631 3069 ι.ονίι
3667 3011 3734 3066 in-

453 3108 646 3167 Evam.
669 3095 869 3176 justas.
901 3105 988 3176 qtti
1022 3102 1242 3159 luerunt
1273 3118 1446 3174 usque
1470 3102 1538 3157 ad
1566 3110 1778 3170 tempus
1805 3098 2008 3154 Christi
2037 3114 2050 3152 :
2083 3116 2128 3180 ρ
2159 3111 2420 3173 quantum
2453 3105 2614 3159 modo
2643 3104 2874 3161 credere
2907 3105 3216 3176 cupiamus.
3250 3107 3367 3162 Scit
3397 3115 3606 3168 tamen,
3631 3105 3732 3174 quia

452 3200 542 3272 qui
575 3209 630 3254 et
675 3199 772 3268 ipsi
808 3197 939 3252 Adae
982 3206 1036 3252 et
1070 3197 1221 3262 Evn},
1253 3196 1345 3268 qui
1376 3194 1635 3251 dicuntur
1663 3203 1937 3259 creatura,
1981 3193 2056 3248 si-

453 3293 566 3346 mul
608 3289 1020 3361 congcmiscunt
1047 3329 1062 3352 ,
1111 3289 1356 3360 recipere
1403 3287 1783 3343 desiderantes
1828 3286 2055 3358 praemia

461 3385 742 3446 virtutum,
777 3397 896 3451 quae
920 3379 1180 3435 Dominus
1207 3379 1453 3448 promisit
1482 3380 1583 3434 eis.

530 3467 654 3527 Non
677 3473 843 3526 solum
868 3479 1038 3524 autem
1067 3469 1185 3536 illa,
1219 3471 1307 3526 sed
1342 3480 1389 3524 et
1422 3486 1513 3524 nos
1535 3471 1638 3540 ipsi
1667 3469 1924 3540 primitias
1946 3470 2057 3541 spi-

454 3568 584 3622 ritus
616 3566 880 3632 habentes,
911 3573 957 3617 et
987 3564 1087 3636 ipsi
1116 3565 1253 3618 intra
1280 3564 1531 3635 gemimus
1558 3561 1890 3634 adeptionem
1916 3563 2054 3632 ﬁlio-

458 3676 577 3713 rum
623 3657 741 3713 Dei.
789 3657 906 3712 Non
935 3657 1114 3712 solum
1148 3653 1359 3726 angeli,
1394 3656 1484 3724 qui
1519 3652 1863 3724 benigniores
1894 3655 2056 3709 nobis

455 3761 581 3808 sunt
611 3749 680 3806 de
714 3747 1024 3819 hujusmodi
1072 3745 1282 3811 dolent,
1319 3745 1414 3801 scd
1454 3748 1616 3801 etiam
1667 3761 1765 3801 nos
1811 3743 1902 3816 qui
1944 3745 2054 3813 jam

459 3845 720 3916 Spiritum
754 3852 1002 3897 sanctum
1050 3839 1346 3908 habemus,
1396 3837 1463 3893 de
1509 3838 1704 3893 talibus
1736 3837 2057 3908 ingemisci-

464 3957 583 3994 mus
618 3957 630 3992 :
665 3937 806 3993 sicut
843 3946 897 3991 ct
944 3932 1212 3991 Jeremias
1267 3933 1632 4004 ingemiscens
1676 3931 1855 3986 aiebat
1888 3949 1900 3985 :
1946 3931 2057 3987 lleu

457 4033 589 4087 mihi
614 4033 786 4085 anima
808 4030 821 4082 !
847 4027 972 4100 quia
1003 4027 1163 4097 periit
1185 4042 1212 4080 a
1243 4037 1384 4082 terra
1418 4033 1719 4088 revertens,
1748 4033 1802 4079 et
1825 4023 2056 4094 reliqua.

461 4126 593 4181 Item
625 4123 815 4178 dicens
849 4137 863 4174 :
894 4120 1011 4176 Non
1041 4120 1215 4175 solum
1239 4126 1422 4174 autem
1452 4118 1566 4182 illa,
1611 4117 1704 4171 sed
1733 4125 1788 4172 et
1829 4133 1930 4172 nos
1958 4118 2057 4186 ipsi

462 4217 732 4289 primitias
756 4215 982 4285 Spiritus
1011 4213 1276 4268 habentes
1308 4226 1322 4265 :
1355 4211 1640 4266 maniieste
1664 4211 1906 4278 edocuit,
1933 4213 2058 4280 quia

464 4325 571 4365 non
609 4309 676 4364 de
704 4305 1036 4375 irrationali,
1085 4305 1172 4360 vel
1219 4303 1527 4359 insensibili
1568 4313 1820 4358 creatura
1853 4319 2061 4358 sermo-

464 4417 586 4457 nem
631 4399 838 4464 iecerit,
871 4415 990 4470 quae
1023 4414 1130 4452 non
1156 4397 1447 4467 participat
1487 4394 1748 4465 Spiritum
1788 4407 2056 4462 sanctum,

459 4491 556 4549 sed
589 4491 660 4547 de
705 4490 908 4545 sanctis
950 4490 1104 4555 dicit,
1151 4489 1242 4560 qni
1295 4489 1406 4544 Deo
1455 4488 1778 4559 placuerunt
1825 4489 2056 4545 naturali

460 4584 601 4654 lege,
633 4583 885 4637 similiter
913 4592 967 4637 et
997 4581 1186 4653 Moysi.
1222 4579 1484 4650 Discipuli
1515 4589 1695 4637 autem
1721 4580 1923 4639 Christi
1950 4583 2062 4653 pri-

462 4677 644 4732 mitias
685 4673 942 4728 dicuntur
989 4671 1188 4728 habere
1231 4675 1476 4744 spiritus,
1523 4673 1575 4727 id
1625 4683 1740 4740 est,
1787 4676 1958 4745 prima
2004 4684 2060 4730 et

464 4767 723 4839 prtcclara
762 4765 1122 4830 charismata,
1174 4782 1266 4834 per
1311 4782 1430 4835 quae
1487 4767 1799 4822 ditaverunt
1837 4783 2056 4823 onmem

462 4871 688 4916 terram.
719 4857 836 4912 Non
866 4857 1011 4912 enim
1045 4864 1193 4911 tanta
1225 4855 1326 4911 fuit
1356 4857 1531 4927 gratia
1561 4870 1688 4912 ante
1716 4858 1891 4929 legem
1921 4869 1976 4914 ct.
2003 4860 2055 4914 in

462 4958 577 5027 lege
610 4953 801 5026 Moysi.
831 4952 896 5007 Et
940 4950 1083 5022 quod
1128 4951 1340 5020 priores
1381 4951 1490 5004 sint
1529 4949 1780 5022 discipuli
1824 4949 2053 5022 Christi,

461 5049 702 5104 Πρω-κείς
750 5046 992 5102 scribens
1025 5045 1184 5100 docet
1227 5061 1240 5098 :
1273 5043 1378 5101 Sed
1413 5055 1465 5099 et
1498 5045 1550 5099 hi
1585 5062 1778 5102 omnes
1812 5046 2060 5102 testimo-

461 5141 553 5195 nio
584 5141 704 5195 lidei
756 5141 966 5210 probati
1016 5155 1123 5194 non
1169 5148 1500 5215 acceperunt
1547 5141 2052 5212 repromissionem,

462 5235 575 5289 Deo
609 5248 705 5303 pro
738 5235 890 5287 nobis
919 5233 1117 5289 melius
1145 5231 1348 5304 aliquid
1370 5233 1697 5304 providente
1723 5252 1735 5288 :
1761 5243 1816 5291 et
1845 5251 1913 5292 ne
1935 5235 2056 5292 sine

463 5327 621 5383 nobis
650 5335 1188 5382 consummarentut‘.

533 5417 899 5490 Exspectantes
942 5418 1345 5492 redemptionem
1390 5417 1621 5491 corporis
1672 5420 1859 5474 nostri.
1903 5420 2047 5476 Non-

462 5513 588 5567 dum
621 5527 734 5566 rem
787 5509 959 5581 ipsam
1012 5516 1337 5581 promissam
1370 5509 1753 5584 percepimus:
1788 5514 1882 5569 sed
1933 5531 2058 5587 spe-

461 5620 677 5671 ramus,
703 5603 844 5659 sicut
873 5603 938 5658 ad
969 5602 1286 5659 Corinthios
1309 5605 1385 5660 ait
1415 5604 1554 5663 :Per
1587 5605 1744 5662 iidem
1770 5608 1916 5662 enim
1943 5623 2060 5664 am-

456 5698 721 5770 bulamus,
753 5708 808 5758 et
839 5716 946 5758 non
975 5714 1071 5773 per
1097 5699 1360 5770 speciem.

2161 3211 2258 3264 pro
2289 3197 2490 3252 sanctis
2522 3197 2685 3253 rebus
2709 3239 2721 3260 ,
2752 3213 2857 3252 non
2892 3213 2989 3268 pro
3019 3199 3372 3256 saecularibus
3420 3200 3732 3270 postulamus

2158 3289 2457 3344 secundum
2486 3290 2655 3359 ipsius
2685 3291 3043 3346 voluntatem.

2235 3381 2338 3448 Qui
2364 3389 2538 3436 autem
2565 3391 2832 3437 scrutatur
2867 3385 3049 3452 corda,
3075 3384 3170 3438 scit
3205 3384 3334 3455 quid
3363 3383 3618 3439 desideret
3641 3380 3731 3452 spi-

2157 3474 2309 3526 ritus.
2341 3471 2504 3539 Quasi
2534 3487 2778 3528 summns
2826 3475 3104 3530 sacerdos.

2241 3565 2376 3632 Quia
2403 3566 2684 3621 secundum
2709 3565 2878 3622 Deum
2904 3569 3136 3637 postulat
3159 3583 3254 3640 pro
3279 3566 3501 3622 sanctis.
3525 3567 3620 3624 llic
3635 3577 3735 3636 tm-

2161 3656 2290 3711 tiam
2324 3658 2567 3727 spiritus,
2596 3659 2846 3728 Spiritum
2880 3661 3176 3716 nominavit
3214 3679 3226 3715 :
3255 3662 3398 3716 sicut
3425 3661 3554 3716 alibi
3586 3658 3734 3716 dicit:

2163 3747 2217 3819 Si
2251 3764 2482 3805 oravere
2524 3751 2727 3822 lingua,
2763 3753 2986 3818 spiritus
3028 3769 3186 3808 meus
3215 3765 3353 3819 ornt,
3391 3768 3445 3809 et
3481 3753 3736 3809 a‘mulato-

2162 3859 2250 3898 res
2277 3844 2412 3900 estis
2443 3845 2752 3916 spirituum.
2795 3847 3040 3904 Postulat
3073 3857 3273 3914 autem,
3322 3849 3450 3919 quia
3485 3847 3735 3920 postulare

2162 3951 2262 3992 nos
2294 3936 2426 3992 facit
2455 3940 2767 4009 gemitibus,
2800 3943 2890 4008 qni
2917 3943 3162 3998 enarrari
3205 3955 3310 3998 non
3342 3949 3590 4012 possunt,
3621 3941 3735 3994 sicut

2165 4040 2376 4085 tentare
2409 4046 2508 4086 nos
2538 4031 2740 4088 dicitur
2773 4034 2937 4101 Deus,
2971 4045 3031 4090 ut
3056 4036 3192 4091 sciat
3225 4053 3238 4089 :
3267 4035 3373 4090 hoc
3397 4046 3508 4102 est,
3533 4047 3588 4091 ut
3616 4032 3734 4091 scire

2163 4139 2264 4180 nos
2315 4125 2498 4191 iaciat,
2532 4127 2723 4196 quales
2773 4128 3000 4184 scimus.
3043 4127 3151 4184 Sed
3193 4138 3249 4184 et
3296 4129 3403 4185 hoc
3446 4140 3731 4190 commune,

2163 4219 2305 4291 quod
2347 4219 2610 4275 Dominus
2647 4223 2762 4277 ﬁeri
2790 4222 2976 4292 jubet,
3023 4223 3144 4292 ipse
3173 4223 3374 4278 dicitur
3408 4225 3617 4295 operari
3649 4239 3660 4275 :
3690 4227 3735 4274 ιιι

2165 4311 2259 4365 ille
2288 4312 2576 4366 mdiﬁcavit
2601 4313 2844 4381 domum,
2879 4325 2972 4369 aut
3017 4315 3107 4370 ille
3150 4315 3398 4370 codicem
3441 4316 3589 4382 fecit,
3631 4326 3731 4369 cum

2165 4421 2267 4462 nec
2299 4408 2415 4476 ipse
2462 4409 2769 4478 scripserit,
2807 4425 2906 4464 nec
2937 4410 3025 4465 ille
3053 4411 3445 4466 construxerit.
3481 4409 3607 4465 Item
3633 4417 3734 4478 grsa

2089 4511 2139 4578 ι)
2167 4501 2292 4554 tiam
2322 4501 2570 4570 spiritus,
2600 4504 2845 4557 nominat
2873 4503 3125 4572 spiritum
3157 4519 3173 4555 :
3207 4504 3296 4572 qui
3327 4503 3493 4558 docet
3539 4516 3628 4574 pro
3653 4510 3734 4553 no-

2166 4593 2248 4647 bis
2289 4593 2516 4648 Domino
2559 4596 2859 4664 postulare,
2892 4597 3028 4650 sicut
3061 4595 3227 4651 Isaias
3278 4595 3410 4650 dicit
3463 4614 3475 4649 :
3520 4592 3733 4666 Spiritus

2163 4684 2444 4755 sapientia:
2489 4695 2542 4741 et
2583 4687 2847 4752 scientia,
2883 4698 2934 4742 et
2979 4687 3311 4742 intellectus.
3350 4688 3414 4741 Et
3461 4682 3732 4740 Corinthiis

2165 4778 2411 4834 scribens
2428 4779 2560 4832 dicit
2588 4797 2599 4832 :
2621 4779 2730 4845 Sic,
2759 4789 2812 4833 et
2835 4795 2950 4841 vos,
2975 4783 3226 4848 quoniam
3253 4780 3596 4835 :emnlatores
3621 4773 3736 4832 estis

2164 4872 2479 4942 Spirituum,
2529 4873 3046 4952 et‘a-dilicationem
3094 4872 3354 4930 Ecclesia:
3396 4873 3642 4945 quatritc,
3687 4873 3736 4919 ιιι

2167 4963 2472 5020 abandons.

2241 5056 2451 5111 Scimus
2481 5064 2658 5110 autem
2685 5058 2930 5128 quoniam
2980 5058 3316 5129 diligentibus
3347 5055 3539 5124 Deum,
3585 5051 3734 5110 omnia

2169 5157 2512 5220 cooperantur
2537 5150 2590 5202 in
2615 5150 2824 5204 bonum.
2849 5150 3041 5205 Omnia
3065 5165 3426 5222 quaecumque
3451 5149 3731 5206 fecerimus,

2165 5241 2250 5296 vel
2287 5242 2428 5310 passi
2461 5241 2719 5297 fuerimus
2761 5253 2983 5314 propter
3029 5245 3384 5301 dilectionem
3419 5245 3538 5312 Dei,
3577 5238 3732 5299 omnia

2167 5333 2326 5388 nobis
2354 5333 2420 5390 ad
2450 5335 2759 5390 mercedem
2785 5348 3061 5393 crescunt.
3092 5339 3287 5393 Omnia
3316 5339 3461 5394 enim
3489 5346 3732 5410 qtuecumr

2164 5442 2270 5496 que
2293 5428 2473 5495 justus
2505 5426 2718 5494 fecerit,
2751 5432 3237 5501 prosperabuntur.

2241 5519 2344 5574 His
2386 5523 2474 5594 qui
2515 5526 2794 5580 secundum
2828 5527 3152 5594 propositum
3182 5529 3351 5582 vocati
3404 5535 3524 5581 sunt
3561 5519 3721 5578 sancti.

2167 5612 2309 5668 Nam
2339 5631 2465 5685 quos
2497 5617 2769 5684 praesciuit.
2809 5619 3116 5675 Secundum
3148 5620 3292 5692 quod
3325 5619 3592 5692 proposuit
3619 5612 3717 5669 sola

2165 5707 2270 5764 tide
2310 5707 2542 5780 salvare,
2575 5725 2712 5786 quos
2761 5712 3116 5784 praesciverat
3154 5714 3487 5783 credituros;
3531 5721 3580 5770 et
3608 5717 3724 5782 quos
