3970 6304
151 388 241 447 683
282 423 287 426 -

797 385 1343 446 COMMENTARIUS
1379 388 1448 446 ΙΝ
1489 386 1882 447 EPISTOLAM
1921 388 2014 445 AD
2053 386 2399 447 ROMANOS.
2444 389 2595 447 CAP.
2638 388 2732 445 IX.

3325 352 3429 450 seu

150 506 293 575 gratis
318 504 531 571 vocavit
561 505 627 561 ad
671 505 935 575 salutem,
980 508 1148 562 multo
1201 508 1369 579 magis
1408 506 1725 580 gloritieabit
1756 509 1807 569 Α
1835 505 1985 562 Tunc
2012 523 2138 559 vero
2169 505 2340 560 .indmi
2368 505 2618 561 volebant
2646 506 2768 560 illos
2809 521 2838 562 a
2886 504 3101 563 Christo
3150 507 3221 566 ita
3274 525 3431 583 sepa~

150 602 203 655 ad
229 600 453 655 salutem
479 611 791 675 operantes.

206 691 267 746 Et
311 692 695 758 pra’dcsliltat‘il
721 692 1011 764 conformes
1037 693 1151 762 fieri
1182 694 1420 766 imaginis
1456 692 1586 748 Filii
1614 693 1718 748 sui.

150 785 519 839 tnui-destinare
554 785 693 840 idem
742 796 844 849 εει,
879 785 1023 857 quod
1058 786 1331 857 praescire.
1368 785 1533 856 Ergo,
1584 798 1720 855 quos

148 876 367 948 praevidit
398 878 714 932 conformes
740 878 950 932 futuros
982 879 1035 933 in
1062 882 1169 932 vita
1189 920 1203 943 ,
1228 878 1407 933 voluit
1428 888 1487 933 ut
1527 877 1724 934 tierent

150 967 449 1025 ennt‘ormes
479 968 536 1027 in
566 968 764 1042 gloria.
790 967 894 1037 Qui
946 970 1348 1025 translormavit
1377 983 1575 1040 corpus
1626 970 1723 1023 hu-

144 1058 363 1116 militatis
387 1068 611 1128 nostrse,
644 1060 927 1118 conlorme
963 1062 1184 1133 corpori
1212 1062 1482 1118 claritatis
1513 1076 1645 1118 suae.

207 1152 267 1209 Ut
288 1155 356 1209 sit
379 1156 489 1225 ipse
521 1154 892 1229 primogenitus
918 1157 971 1208 in
999 1154 1173 1209 multis
1211 1155 1481 1225 fratribus.
1515 1156 1723 1210 Primo-

141 1247 330 1318 genitus
350 1263 416 1301 ex
439 1245 663 1301 mortuis
682 1246 733 1301 in
751 1246 995 1317 gloriam.
1016 1245 1145 1301 Item
1168 1246 1255 1302 hic
1272 1246 1566 1301 secundum
1580 1246 1721 1314 quod

142 1338 279 1391 homo
304 1337 481 1393 iactus
509 1350 612 1403 ρει,
650 1336 946 1395 secundum
970 1339 1219 1409 gratiam,
1250 1354 1371 1410 qum
1400 1338 1452 1394 in
1483 1354 1549 1393 eo
1582 1346 1720 1403 erat,

143 1431 286 1487 Filius
318 1432 443 1495 ltei,
477 1431 889 1502 primogenitus,
932 1430 1238 1503 interpellat
1272 1447 1367 1501 pro
1399 1430 1575 1494 nobis,
1609 1444 1715 1484 non

139 1525 269 1594 quasi
300 1524 444 1577 Dens
476 1523 810 1593 interpellat,
842 1522 939 1578 sed
966 1523 1119 1592 quasi
1153 1537 1396 1577 summus
1439 1520 1716 1577 sacerdos.

202 1616 337 1684 Quos
370 1626 542 1670 autem
588 1616 995 1688 prwdestinavit,
1030 1614 1124 1669 hos
1164 1625 1210 1669 et
1244 1615 1443 1669 vocarit
1478 1624 1565 1669 :et
1594 1631 1723 1688 quos

138 1712 331 1773 tocaz'it,
370 1710 463 1763 hos
494 1719 538 1763 et
558 1708 865 1780 justi/ienuit
897 1724 915 1763 :
950 1725 1075 1777 quos
1103 1718 1274 1762 autem
1295 1708 1627 1779 justificavit,
1657 1708 1724 1762 il-

136 1802 201 1854 los
226 1812 267 1855 et
297 1800 671 1874 ntagni/icavit.
722 1799 867 1867 Quo:
922 1800 1199 1869 prmseivit
1243 1799 1571 1869 credituros,
1623 1798 1722 1854 hos

1830 614 1977 669 rare,
2008 608 2067 654 ut
2099 598 2163 652 ad
2201 598 2332 670 legis
2359 614 2454 654 eos
2483 600 2783 655 custodiam
2814 611 3151 657 revocarent.
3180 632 3189 636 -

1900 692 2032 759 Quia
2053 704 2261 764 propter
2293 700 2341 746 te
2366 694 2740 762 mortiﬁcamur
2768 704 2872 748 tota
2900 696 3004 749 die.
3052 694 3166 750 Non
3210 706 3430 766 propter

1824 783 2041 854 aliquod
2090 786 2329 848 crimen.
2382 784 2475 839 sed
2522 795 2742 856 propter
2794 796 2865 853 te,
2894 788 2984 857 qni
3019 788 3243 845 dixisti:
3278 790 3427 848 Beati

1824 877 1977 933 eritis
2008 892 2127 955 cum
2163 890 2557 949 persequentur
2587 895 2707 943 vos,
2738 890 2789 934 et
2820 890 3044 935 etetera.

1898 968 2167 1023 ᾹΞειέτηαιὶ
2197 987 2371 1025 sumus
2403 971 2534 1025 sicut
2564 987 2677 1026 oves
2705 972 2993 1028 occisionis.
3030 972 3143 1029 Hoc
3175 975 3226 1032 in
3269 976 3425 1034 nobis

1825 1062 2146 1119 Christianis
2176 1066 2412 1119 maxime
2443 1064 2718 1135 impletur,
2750 1064 2941 1135 quibus
2981 1080 3086 1122 non
3130 1067 3255 1124 licet
3298 1084 3425 1123 nos-

1825 1155 2083 1225 metipsos
2104 1156 2398 1212 defendere
2423 1174 2436 1210 :
2462 1157 2555 1213 sed
2580 1157 2829 1229 exemplo
2853 1160 3058 1214 Domini
3088 1169 3142 1215 et
3164 1161 3426 1231 magistri,

1823 1249 1912 1320 qui
1944 1251 2083 1304 sicut
2108 1252 2223 1307 ovis
2255 1250 2319 1304 ad
2351 1250 2627 1306 victimam
2655 1251 2851 1306 ductus
2899 1261 3002 1321 est,
3054 1256 3229 1307 omnia
3277 1254 3426 1309 illata

1824 1342 2219 1411 patientissime
2248 1343 2504 1401 tolerare.

1899 1434 2005 1489 Sed
2034 1436 2086 1489 in
2114 1436 2191 1488 Itis
2245 1434 2480 1489 omnibus
2529 1453 2851 1509 superamus,
2902 1451 3109 1512 propter
3154 1457 3288 1508 eum,
3339 1444 3427 1511 qui

1828 1528 2007 1582 dilexit
2036 1546 2151 1583 nos.
2186 1530 2291 1583 llas
2322 1543 2512 1584 omnes
2540 1532 2917 1586 tribulationes
2950 1548 3047 1603 pro
3076 1534 3243 1589 nihilo
3272 1535 3429 1589 duci.

1826 1635 1965 1685 mus,
2003 1628 2220 1690 promer
2249 1637 2392 1688 eum,
2422 1622 2513 1695 qui
2540 1640 2636 1676 nos
2669 1632 2875 1679 tantum
2906 1626 3116 1684 dilexit.
3164 1637 3222 1681 ut
3267 1628 3428 1682 etiam

1828 1724 2133 1767 moreretur
2176 1731 2271 1782 pro
2312 1715 2488 1769 nobis.
2543 1716 2603 1769 Et
2652 1718 2869 1785 quando
2918 1734 3016 1785 pro
3062 1721 3179 1786 ejus
3212 1721 3432 1775 nomine

1826 1803 2119 1874 morimur,
2171 1817 2297 1860 tunc
2346 1806 2579 1862 maxime
2631 1808 3063 1878 triumphamus:
3125 1813 3428 1880 pratsertitn

136 1897 351 1949 vocavit.
377 1893 605 1951 Vocatio
627 1901 809 1948 autem
836 1894 1082 1949 volentes
1105 1893 1335 1963 colligit,
1367 1908 1473 1946 non
1498 1892 1718 1946 invitos.
1756 1902 1800 1961 Β
1827 1911 1944 1950 cum
1980 1895 2097 1951 leve
2125 1897 2192 1952 sit
2227 1914 2322 1966 pro
2352 1914 2410 1951 se
2438 1899 2569 1967 pati,
2600 1900 2743 1971 quod
2774 1917 2872 1970 pro
2900 1902 3023 1957 aliis
3051 1901 3298 1958 Christus
3324 1905 3433 1960 Do-

136 1989 227 2043 Aut
253 1996 405 2045 cette
435 1989 695 2043 discretio
728 2002 832 2041 non
868 1988 919 2042 in
947 1988 1215 2058 personis.
1247 1986 1340 2041 sed
1381 1974 1433 2040 in
1478 1994 1724 2057 tempore

135 2094 221 2137 est.
254 2082 368 2138 iloc
404 2083 526 2137 ideo
556 2083 707 2149 dicit,
740 2091 963 2153 propter
1009 2081 1133 2137 lidei
1175 2081 1469 2136 inimicos:
1506 2096 1573 2136 ne
1614 2080 1725 2136 for-

135 2176 301 2230 tuitam
344 2174 437 2229 Dei
485 2176 711 2245 gratiam
756 2174 1091 2244 iudicarent.
1149 2174 1289 2244 Ergo
1334 2181 1597 2229 vocantur
1629 2188 1724 2243 per

138 2268 591 2336 pradicationem,
625 2280 679 2321 nt
720 2269 986 2323 credant:
1032 2268 1319 2324 credentes
1358 2267 1726 2337 justilicentur

134 2376 215 2431 per
233 2361 595 2432 baptismum:
622 2360 993 2430 glorificentur
1017 2360 1069 2415 in
1096 2360 1384 2414 virtutibus
1405 2360 1721 2429 gratiarum.

197 2454 331 2520 Quid
358 2470 480 2527 ergo
508 2455 738 2508 dicemus
764 2453 831 2507 ad
858 2452 1007 2508 ha’c?
1040 2453 1099 2508 Si
1132 2452 1268 2508 Deus
1296 2470 1389 2526 pro
1422 2453 1586 2521 nobis,
1612 2454 1726 2524 quis

134 2554 292 2598 contra
320 2546 463 2598 nos?
491 2543 618 2598 Vult
647 2543 954 2607 ostendere,
989 2544 1130 2614 quod
1164 2559 1323 2598 nemo
1354 2546 1524 2612 possit
1552 2545 1727 2613 impe-

132 2638 234 2695 dire
260 2654 381 2703 eos,
409 2638 523 2707 qui,
549 2638 833 2706 diligentes
857 2635 1047 2703 Deum,
1065 2635 1364 2705 diliguntur
1385 2652 1412 2689 a
1439 2636 1571 2703 Deo,
1596 2651 1729 2706 quo—

134 2735 289 2789 minus
312 2734 567 2805 gioriam,
602 2749 719 2802 qua:
753 2731 1015 2803 promissa
1048 2740 1152 2797 est,
1188 2741 1627 2799 consequantur:
1662 2746 1729 2785 eo

131 2831 257 2899 quod
288 2830 557 2901 perfecta,
586 2844 707 2899 quae
739 2829 792 2883 in
825 2827 932 2882 illis
959 2836 1043 2882 est
1073 2826 1334 2894 Charitas,
1366 2842 1581 2882 omnem
1604 2842 1731 2884 eau-

132 2936 230 2974 sam
256 2921 511 2976 murtalis
542 2920 753 2974 timoris
782 2918 925 2974 foras
949 2919 1206 2988 expellat.

194 3012 288 3078 Qui
316 3012 479 3067 etiam
505 3011 718 3084 proprio
742 3007 886 3064 Filio
915 3026 1010 3063 suo
1055 3025 1158 3064 non
1211 3009 1455 3082 pepercit,
1501 3010 1590 3063 sed
1638 3025 1732 3077 pro

132 3108 259 3161 uoltis
286 3107 529 3160 omnibus
552 3105 766 3159 tradidit
789 3102 958 3157 illum.
984 3103 1255 3159 Prmmisit
1279 3103 1516 3172 tradidit,
1548 3112 1605 3158 ttt
1627 3113 1728 3157 tra-

130 3199 373 3254 dentibus
404 3209 641 3254 mancret
668 3199 888 3252 libertas
919 3196 1152 3263 arbitrii,
1189 3206 1243 3252 et
1272 3198 1428 3251 nobis
1459 3197 1733 3266 patientia:

1829 1988 2004 2044 minus
2036 1994 2143 2062 pati
2176 1991 2426 2060 dignatus
2457 2000 2560 2045 est.

1899 2081 2079 2137 Certus
2098 2100 2212 2136 sum
2234 2084 2391 2147 enim,
2416 2085 2537 2153 quia
2563 2102 2725 2155 neque
2744 2103 2903 2155 mors,
2932 2104 3094 2159 neque
3121 2089 3243 2154 vita,
3270 2107 3434 2161 neque

1826 2175 2016 2245 angeli,
2049 2192 2207 2247 neque
2230 2177 2575 2249 principatus,
2601 2196 2763 2250 neque
2794 2182 3024 2247 virtutes,
3052 2199 3212 2253 neque
3236 2184 3435 2239 instan-

1825 2270 1918 2335 tia,
1945 2286 2104 2334 neque
2132 2270 2332 2339 futura,
2368 2288 2530 2342 neque
2556 2272 2834 2341 fortitudo,
2864 2290 3024 2345 neque
3047 2275 3297 2344 altitudo,
3342 2293 3434 2331 ne-

1825 2377 1923 2431 que
1949 2362 2287 2431 profundum.
2324 2362 2426 2417 Pro
2452 2372 2604 2419 certo
2631 2366 2871 2429 confido,
2904 2369 3025 2438 quia
3075 2384 3175 2422 nec
3203 2368 3248 2423 si
3296 2368 3426 2424 mihi

1829 2459 1950 2525 quis
1980 2462 2207 2508 mortem
2244 2454 2498 2522 minetur,
2532 2473 2632 2512 nec
2662 2458 2704 2512 si
2736 2460 2900 2513 vitam
2936 2458 3233 2528 promittat,
3273 2475 3373 2517 nec
3391 2462 3435 2515 si

1830 2542 1889 2599 sc
1934 2546 2185 2615 angelum
2232 2546 2376 2600 dicat
2420 2564 2447 2600 τι
2498 2548 2725 2603 Domino
2776 2550 3123 2614 destinatum,
3172 2567 3269 2606 nec
3298 2552 3433 2607 sise

1831 2636 2146 2705 angelorum
2187 2638 2484 2709 principem
2518 2641 2836 2705 mentiatur,
2870 2656 2969 2697 nec
3005 2643 3047 2700 si
3091 2644 3140 2696 in
3176 2645 3431 2713 praesenti

1833 2728 2091 2784 honorem
2118 2731 2385 2796 coalerat,
2418 2747 2592 2802 neque
2618 2733 2658 2787 si
2685 2733 3007 2799 polliceatur
3026 2738 3252 2805 gloriam
3293 2737 3437 2791 futu-

1833 2837 2039 2888 rorum,
2076 2837 2249 2890 neque
2288 2822 2334 2877 si
2385 2824 2612 2878 virtutes
2662 2836 2938 2895 operetur,
2990 2842 3088 2881 nec
3137 2826 3183 2881 si
3233 2828 3431 2883 emtum

1835 2916 2132 2986 promittat,
2163 2925 2218 2971 et
2264 2915 2476 2971 inferno
2523 2917 2817 2985 deterreat,
2868 2919 2956 2973 vel
3009 2919 3426 2988 profunditatem

1833 3008 2078 3063 scientiae
2121 3008 2352 3063 suadere
2398 3017 2666 3076 conetur,
2717 3026 2973 3081 umquam
3023 3026 3121 3067 nos
3170 3014 3367 3082 poterit
3404 3032 3434 3070 a

1832 3098 2032 3160 Christi
2066 3116 2349 3156 :ecet'nerc
2381 3102 2666 3157 charitate.

1907 3190 2092 3263 Ncque
2117 3202 2354 3246 creatura
2376 3193 2483 3245 alia
2516 3193 2700 3261 poterit
2731 3210 2826 3249 nos
2851 3213 3091 3268 separare
3117 3214 3148 3251 a
3182 3201 3436 3254 charitate

132 3299 520 3346 monstraretur
547 3291 874 3361 exemplum.
906 3288 1059 3357 Quod
1107 3289 1259 3355 dicit,
1309 3305 1406 3359 pro
1456 3290 1726 3355 omnibus,
1758 3287 1802 3346 C
1840 3285 1954 3341 Dei.
1984 3285 2210 3340 Oainem
2246 3302 2385 3357 pene
2412 3297 2716 3342 creaturam
2748 3291 3075 3344 nominavit:
3106 3300 3158 3346 et
3186 3309 3290 3346 non
3332 3294 3434 3347 fuit

131 3385 420 3437 notandum
451 3383 576 3451 quia
607 3399 711 3436 non
747 3397 843 3450 pro
873 3381 1184 3451 aliquatttis.

197 3479 474 3547 Quomodo
498 3497 599 3534 non
621 3481 796 3547 etiam,
821 3494 937 3532 cum
961 3476 1056 3531 illo
1083 3476 1258 3531 omnia
1299 3475 1444 3531 nobis
1488 3475 1736 3529 donavit?

127 3574 250 3642 Quid
297 3584 483 3647 potest
533 3574 735 3628 habere
781 3572 1021 3635 charius,
1066 3572 1210 3642 quod
1239 3570 1398 3627 nobis
1430 3580 1608 3641 neget,
1642 3569 1732 3640 qui

132 3668 312 3725 Filium
352 3686 459 3724 non
500 3668 765 3739 negavit?

194 3766 323 3834 Quis
360 3762 617 3819 accusabit
649 3764 895 3817 adversus
929 3764 1111 3817 electos
1143 3758 1279 3815 Dei?
1303 3756 1443 3813 Deus
1467 3757 1555 3828 qui
1572 3756 1735 3829 justi-

126 3858 274 3924 [ἱραιῖ
303 3857 439 3924 Quis
465 3845 537 3911 est
569 3857 656 3927 qui
683 3854 1028 3910 condemnet?
1054 3855 1201 3922 Quos
1227 3852 1373 3908 Dens
1403 3851 1567 3922 elegit
1610 3864 1730 3904 cre-

124 3951 335 4019 dentes,
374 3967 435 4008 ac
466 3951 635 4021 signis
663 3959 716 4004 et
745 3947 1041 4003 virtutibus
1062 3947 1241 4017 jus:os
1280 3944 1563 4000 ostendit:
1609 3942 1730 4012 quis

126 4059 218 4111 pro
247 4044 499 4117 prisdnis
528 4042 747 4097 audebit
774 4055 1030 4097 accusare
1056 4038 1292 4103 delictis,
1326 4037 1409 4092 vel
1458 4051 1555 4108 pro
1597 4050 1734 4091 con-

124 4146 324 4208 temptu
362 4137 616 4209 legalium
646 4133 1046 4191 mandatorum.

188 4230 431 4285 Christus
456 4228 633 4293 Iesus,
665 4230 753 4299 qui
780 4238 1010 4281 mortuus
1039 4233 1149 4281 est:
1178 4226 1336 4278 immo
1364 4224 1451 4289 qui
1481 4234 1531 4277 et
1560 4238 1732 4277 resur-

120 4326 268 4389 rexit,
294 4324 391 4395 qui
412 4333 483 4378 cst
505 4323 575 4376 ad
593 4320 854 4377 dexteram
882 4318 994 4374 Dei.
1020 4317 1328 4374 Secundum
1351 4317 1611 4388 assumpti
1637 4314 1737 4371 hoc

120 4418 278 4473 minis
302 4416 547 4486 loquitur
564 4413 789 4467 formam
810 4430 820 4464 :
838 4412 925 4480 qui
946 4418 1193 4465 mortuus
1215 4416 1319 4475 est,
1338 4420 1388 4465 et
1416 4409 1733 4464 resorrexit.

190 4511 295 4578 Qui
326 4510 483 4564 etiam
515 4506 811 4579 interpellat
836 4520 931 4579 pro
963 4504 1127 4558 nobis.
1154 4502 1225 4559 Ut
1251 4517 1370 4557 cum
1395 4500 1514 4572 ipso
1536 4501 1730 4567 simus,

121 4604 205 4657 ubi
234 4608 362 4676 ipse
407 4612 507 4657 est.
541 4601 731 4656 Solent
768 4602 925 4672 plane
971 4596 1181 4663 Ariani,
1225 4613 1293 4652 ex
1340 4595 1735 4666 interpellatio-

1838 3377 1920 3432 ltis
1947 3388 2253 3443 contentus,
2290 3379 2391 3433 nisi
2419 3379 2703 3442 addiderit,
2733 3392 2785 3434 ιιι
2810 3383 3021 3438 etiamsi
3045 3385 3112 3437 sit
3146 3385 3249 3438 alia
3282 3400 3436 3441 crea-

1838 3480 1977 3535 tura,
2006 3486 2103 3524 nec
2131 3470 2241 3540 ipsa
2271 3471 2446 3525 valeat
2472 3486 2747 3541 separare.

1910 3562 2035 3629 Qua:
2059 3572 2132 3615 est
2157 3563 2209 3615 in
2238 3561 2442 3616 Christo
2466 3561 2595 3617 Jesu
2629 3561 2852 3617 Domino
2884 3573 3083 3620 nostra.
3114 3565 3280 3621 Deum
3305 3567 3433 3622 dili-

1835 3654 1911 3725 git
1944 3656 1993 3708 in
2021 3652 2258 3718 Christo,
2310 3656 2463 3723 cuius
2512 3655 2733 3711 dilectio
2783 3658 3037 3713 consistit
3087 3661 3140 3713 in
3187 3660 3435 3715 custodia

1836 3746 2236 3814 mandatorum,
2270 3747 2405 3801 sicut
2431 3758 2484 3802 et
2513 3748 2634 3817 ipse
2665 3749 2774 3801 ait:
2808 3749 2863 3805 Si
2895 3750 3120 3819 diligitis
3149 3766 3256 3815 me,
3287 3768 3439 3807 man-

1834 3839 1956 3895 data
1991 3852 2112 3895 mea
2149 3848 2383 3895 servate.
2416 3837 2525 3894 Nec
2562 3856 2671 3894 non
2713 3840 3067 3895 imitationem
3111 3842 3313 3895 amoris
3353 3844 3434 3896 sui

1837 3934 1888 3987 in
1920 3931 2154 3987 fraterna
2188 3932 2461 3988 charitate
2502 3934 2799 3998 constituit,
2833 3933 3060 3988 dicens:
3104 3933 3159 3987 In
3200 3934 3303 3988 hoc
3338 3949 3435 3990 eo-

1836 4035 2099 4099 gnoscent
2127 4027 2399 4092 homines,
2424 4026 2547 4095 quia
2582 4027 2682 4080 mei
2709 4026 2957 4095 discipuli
2981 4028 3132 4091 estis,
3161 4027 3205 4082 si
3232 4028 3439 4085 dilexe-

1838 4120 1957 4176 ritis
1983 4121 2231 4175 invicem.
2271 4120 2335 4175 Et
2362 4118 2601 4175 Joannes
2630 4122 2739 4175 ait:
2771 4120 2827 4177 Si
2865 4120 3112 4186 fratrem,
3150 4138 3311 4191 quem
3355 4123 3436 4177 vi.

1837 4216 1954 4280 des,
2001 4231 2109 4271 non
2154 4215 2371 4286 diligis:
2411 4215 2584 4271 Deum
2623 4230 2781 4286 quem
2826 4230 2933 4271 non
2966 4216 3136 4283 vides,
3166 4217 3438 4288 quomodo

1837 4322 1992 4381 potes
2023 4308 2289 4383 diligere?

2462 4422 2690 4483 CAPUT
2718 4423 2809 4479 lX.

1916 4583 2199 4639 Veritatem
2224 4581 2338 4637 dico
2367 4581 2421 4635 in
2451 4579 2658 4635 Christo
2686 4579 2851 4635 Jesu:
2880 4597 2981 4635 non
3020 4582 3261 4650 mentior,
3299 4586 3443 4639 testi-

122 4699 201 4753 nis
229 4673 424 4763 Msa,
461 4709 685 4751 movere
728 4692 1081 4753 calumniam,
1131 4691 1394 4748 dicentes,
1443 4688 1585 4759 quod
1636 4688 1723 4758 qui
1755 4680 1809 4744 Β
1835 4679 2063 4731 monium
2108 4675 2238 4729 mihi
2284 4674 2581 4745 perhibente
2626 4673 2939 4727 conscientia
2985 4691 3097 4729 inea
3138 4676 3192 4729 in
3234 4677 3437 4749 Spiritu

117 4791 520 4860 interpellatur,
554 4786 937 4856 interpellante
967 4784 1039 4838 sit
1059 4783 1249 4851 major.
1278 4782 1482 4847 Quibus
1506 4795 1727 4850 respon-

117 4882 363 4938 dendum
386 4890 491 4945 est,
522 4878 689 4934 Dettm
721 4876 1051 4931 oblivionem
1081 4888 1187 4929 non
1220 4872 1327 4944 pati
1354 4890 1367 4925 :
1400 4880 1453 4925 ut
1478 4888 1574 4941 pro
1599 4872 1729 4941 ipsis

113 4982 540 5028 cnmmuiteatnr
568 4984 807 5039 semper,
837 4982 974 5040 quos
1004 4968 1117 5037 ipse
1148 4965 1312 5036 elegit
1338 4983 1349 5019 :
1385 4963 1479 5018 sed
1525 4964 1578 5019 in
1624 4963 1729 5018 hoc

115 5065 475 5136 interpellare
493 5077 617 5118 eum
642 5062 857 5127 dicitur,
874 5061 1002 5114 dum
1025 5074 1243 5128 semper
1268 5057 1406 5111 Patri
1428 5055 1724 5121 hominem,

112 5175 279 5226 quem
335 5156 597 5227 sosctipit,
648 5153 800 5226 quasi
852 5163 1095 5207 nostrum
1148 5150 1344 5223 pignus
1385 5147 1642 5217 ostendit,
1676 5154 1731 5203 et

114 5250 311 5317 offert,
350 5259 406 5303 tit
433 5262 595 5301 verus
630 5244 867 5315 pontifex
898 5251 953 5298 et
982 5253 1241 5298 aeternus.

187 5343 335 5409 Quis
365 5356 488 5413 ergo
513 5355 604 5391 nos
631 5336 888 5407 separabit
917 5353 947 5387 α
976 5333 1227 5387 charitate
1256 5329 1489 5386 Christi?
1516 5330 1734 5385 tribula—

117 5437 209 5500 tio,
244 5452 324 5488 an
351 5431 610 5504 angustia,
638 5446 707 5481 an
729 5432 913 5498 fames,
946 5443 1013 5479 an
1043 5425 1269 5489 auditus,
1310 5441 1375 5477 an
1422 5421 1730 5496 periculum,

111 5550 180 5584 nn
236 5528 554 5598 persecutio,
596 5542 662 5577 an
702 5521 942 5595 gladius?
986 5520 1135 5576 Sicut
1178 5520 1427 5590 scriptum
1469 5526 1560 5572 est.
1611 5517 1739 5571 Post

115 5636 275 5677 tanta
310 5630 368 5676 ct
396 5619 651 5689 praeclara
686 5616 971 5681 beneficia,
1007 5614 1090 5669 vel
1132 5613 1398 5683 promissa
1426 5657 1439 5681 ,
1483 5626 1606 5683 qua:
1641 5624 1737 5680 po-

114 5715 252 5771 terit
289 5724 403 5766 tam
436 5710 617 5780 gravis
647 5724 769 5763 esse
799 5722 1077 5778 pressora.
1104 5720 1226 5775 quae
1256 5720 1353 5759 nos
1374 5705 1441 5758 ab
1462 5706 1579 5772 ejus
1608 5703 1739 5758 cha-

114 5813 292 5865 ritatc
330 5805 587 5861 divellat:
613 5814 669 5861 et
695 5802 924 5859 dicendo
965 5815 1155 5855 omnes
1202 5798 1383 5865 docet,
1433 5797 1570 5853 tales
1619 5811 1741 5853 esse

109 5904 372 5968 debere,
404 5900 495 5972 qui
525 5916 551 5954 a
578 5898 800 5956 Christo
822 5911 925 5953 nec
948 5894 1201 5969 periculis
1222 5893 1453 5951 debeant
1475 5890 1739 5964 separari.

1835 4779 2055 4827 sancto:
2085 4768 2327 4839 quoniam
2351 4766 2564 4822 tristitia
2597 4766 2725 4820 mihi
2750 4783 2941 4838 magna
2962 4778 3056 4837 est,
3092 4779 3138 4823 et
3163 4771 3438 4824 continuus

1836 4863 1986 4918 dolor
2006 4860 2150 4916 cordi
2169 4876 2303 4915 meo.
2337 4859 2534 4913 Contra
2558 4857 2777 4914 Judmos
2798 4873 3040 4925 acturus,
3069 4862 3302 4931 primum
3330 4862 3434 4916 illis

1837 4955 2117 5018 satisfacit,
2147 4969 2254 5007 non
2296 4968 2355 5007 se
2396 4950 2501 5005 odii
2546 4967 2710 5007 causa
2755 4950 2857 5007 boe
2899 4952 3109 5019 dicere,
3155 4953 3249 5009 sed
3288 4968 3437 5008 amo-

1836 5050 1947 5106 ris:
1980 5062 2047 5104 eo
2072 5045 2219 5118 quod
2246 5044 2425 5099 doleat
2455 5043 2578 5099 itlos
2611 5060 2717 5099 non
2762 5044 2990 5102 credere
3027 5045 3323 5112 Christum,
3366 5045 3432 5100 ad

1835 5160 1975 5216 quos
1997 5144 2229 5215 primum
2250 5139 2535 5195 salvandos
2557 5140 2873 5195 advenerat.
2898 5140 3051 5208 Quod
3076 5147 3256 5193 autem
3280 5138 3435 5206 dicit,

1839 5252 1899 5295 se
1931 5238 1982 5291 in
2027 5233 2245 5291 Christo
2283 5231 2469 5288 dicere
2513 5232 2842 5288 veritatem:
2874 5231 3112 5287 ostendit
3155 5231 3435 5289 hominem

1843 5330 2207 5397 baptizatum:
2256 5324 2351 5394 qui
2395 5340 2491 5395 per
2533 5324 3075 5380 communicationem
3104 5308 3353 5395 corporis
3381 5335 3440 5381 et

1840 5422 2118 5492 sanguinis
2139 5418 2339 5474 Christi
2365 5419 2416 5473 in
2443 5420 2562 5487 ipso
2584 5427 2784 5480 manet,
2810 5424 2864 5471 et
2887 5416 3004 5484 ipse
3033 5416 3084 5471 in
3114 5418 3207 5473 illo
3235 5440 3244 5473 :
3282 5419 3437 5489 quid-

1841 5514 1991 5586 quid,
2021 5513 2105 5568 vel
2135 5511 2285 5580 lacit,
2314 5511 2396 5566 vel
2428 5512 2665 5581 loquitor
2709 5510 2762 5563 in
2806 5508 3069 5579 Christo,
3100 5527 3224 5567 eum
3270 5514 3435 5582 Ittqtti,

1842 5608 1929 5665 vel
1958 5622 2141 5677 agere,
2169 5606 2323 5675 cujus
2350 5615 2433 5659 est
2463 5601 2787 5658 membrum.
2826 5602 2889 5656 Et
2929 5604 3194 5675 quidquid
3232 5606 3279 5660 ei
3320 5606 3444 5660 illa-

1843 5712 1954 5757 tum
1989 5699 2199 5768 injuria:
2235 5698 2421 5763 luerit,
2461 5696 2678 5751 Christo
2723 5694 2973 5751 similiter
3013 5697 3264 5769 irrogari.
3308 5698 3442 5755 Nam

1843 5793 1985 5865 quod
2011 5792 2117 5847 ait:
2150 5788 2541 5847 conscientiam
2568 5786 2671 5844 sibi
2695 5790 2747 5844 in
2773 5787 2874 5843 hac
2895 5799 3053 5861 parte
3078 5791 3445 5850 testimonium

1841 5888 2165 5961 perhibere:
2196 5886 2352 5943 illum
2382 5883 2541 5941 docet
2563 5882 2853 5940 veritatem
2880 5882 3085 5952 dicere,
3117 5884 3268 5955 cujus
3304 5899 3415 5943 con
