3970 6304
525 311 632 373 687

1573 310 1632 370 s.
1676 305 2058 370 menouvan
2098 269 2381 370 orenuu
2420 308 2790 372 MANTISSA.
3473 312 3494 332 ν
3705 310 3789 378 ess
3843 378 3846 382 ,

519 423 806 482 scientiam
839 423 890 480 in
919 420 1170 481 omnibus
1200 425 1514 480 attestatur.
1545 422 1657 479 Nec
1689 439 1811 479 cum
1851 423 2118 480 mendacii
2144 422 2198 485 A
2225 424 2366 481 ﬁlios
2395 407 2648 492 Abrahae,
2678 441 2842 498 quam
2873 427 3071 485 meruit
3111 420 3266 498 ﬁdes,
3311 435 3374 484 ut
3416 427 3630 488 scilicet
3669 442 3794 505 pater

524 532 701 586 reum,
731 518 939 572 interna
969 514 1315 570 accusatione
1336 515 1641 571 constituit.
1668 515 1799 571 Item
1823 515 2122 586 Apostolus

524 625 584 666 se
617 611 823 665 tristem
866 608 996 664 dicit
1032 608 1188 664 valde
1230 624 1327 679 pro
1370 607 1628 665 fratribus
1670 607 1781 664 suis
1827 608 2126 666 secundum

526 718 765 769 carnem,
806 701 897 773 qui
933 699 1065 757 dicit
1104 701 1310 757 nullum
1361 717 1460 758 nos
1497 715 1754 772 separare
1786 717 1816 756 a
1859 700 2125 758 charitate

522 795 757 852 Christi:
788 797 967 851 sciens
989 809 1050 852 se
1072 793 1288 866 quando
1313 803 1630 865 persecutor
1655 801 1794 863 erat,
1818 802 1873 850 et
1899 792 2121 864 optabat

519 907 581 948 se
597 889 883 947 anathema
903 903 1026 947 esse
1046 905 1076 945 a
1093 887 1331 958 Christo,
1357 897 1610 945 vocatum
1635 903 1665 943 a
1687 887 1907 944 Christo
1929 903 2122 944 secun-

522 983 652 1041 dum
689 984 807 1054 ejus
836 982 1264 1041 misericordiam
1291 1000 1306 1039 :
1339 992 1394 1039 et
1420 983 1637 1040 volebat
1666 997 1762 1040 eos
1789 982 2036 1052 credere,
2067 991 2123 1040 et

517 1076 769 1135 eamdem
795 1076 1224 1134 misericordiam
1254 1077 1588 1148 promereri.

598 1172 857 1245 Optabam
882 1174 1016 1227 enim
1044 1189 1136 1244 ego
1162 1173 1274 1242 ipse
1301 1170 1581 1228 anathema
1608 1186 1719 1226 esse
1744 1187 1776 1225 a
1793 1167 2000 1226 Christo
2028 1185 2122 1240 pro

519 1266 771 1339 fratribus
794 1268 936 1335 meis,
962 1267 1051 1338 qui
1079 1276 1198 1321 sunt
1226 1266 1433 1337 cognati
1461 1264 1558 1319 mei
1581 1262 1866 1319 secundum
1889 1278 2118 1317 carnem.

514 1360 781 1431 Optabam
808 1358 1121 1431 aliquando,
1150 1373 1272 1414 cum
1299 1372 1656 1430 persequerer
1683 1354 1982 1422 Christum,
2011 1368 2120 1409 non

515 1453 684 1510 modo
713 1461 998 1524 optarem:
1033 1451 1272 1509 sciebam
1310 1449 1454 1522 quod
1499 1450 1739 1522 ipsorum
1781 1453 1967 1504 essent
2001 1445 2122 1502 haec

522 1548 728 1606 omnia.
762 1546 870 1603 Sed
905 1555 1185 1617 postquam
1219 1544 1450 1616 cognovi
1495 1543 1801 1607 veritatem,
1855 1538 2120 1610 dereliqui

517 1657 636 1712 eos,
665 1655 802 1713 quos
833 1640 1011 1696 taliter
1042 1639 1360 1711 diligebam,
1393 1647 1450 1695 et
1474 1636 1578 1708 ipsi
1609 1636 1849 1693 nondum
1880 1647 2118 1690 conver-

517 1745 726 1794 tuntur.

2231 519 2301 575 sit
2327 519 2567 591 gentium
2600 520 2976 591 plurimarum.
3221 594 3226 599 ξ

2302 614 2676 670 Promissionis
2701 616 2834 670 enim
2863 617 3067 672 verbum
3094 618 3192 674 hoc
3218 628 3313 677 est.
3348 619 3448 678 Hic
3473 621 3699 678 ostendit
3722 639 3797 696 po-

2227 708 2514 764 steriorem
2539 708 2819 779 populum,
2845 726 2997 766 more
3022 709 3191 780 Isaac,
3211 728 3334 769 esse
3359 715 3792 786 repromissionis.

2303 799 2600 857 Secundum
2629 801 2724 856 hoc
2752 809 2952 872 tempus
2979 804 3201 872 veniam,
3247 814 3295 860 et
3331 807 3429 860 erit
3469 806 3622 862 Sara:
3659 808 3793 877 ﬁlius.

2227 894 2532 968 Antequam
2579 895 2982 952 nasceremini:
3031 897 3201 954 immo
3230 898 3542 970 priusquam
3581 899 3792 958 Rebecca

2227 987 2368 1045 Esau
2403 999 2459 1046 et
2482 988 2652 1046 Jaeob
2671 1008 2738 1047 ex
2760 999 2919 1048 utero
2943 1005 3041 1047 suo
3067 990 3354 1058 funderet,
3381 991 3435 1047 in
3462 989 3636 1048 Jacob
3661 992 3793 1050 dilexi

2226 1095 2343 1137 vos.
2377 1081 2434 1137 In
2485 1082 2629 1138 Esau
2678 1081 2973 1139 Idumaeum
3024 1082 3150 1139 odio
3197 1083 3380 1139 habui.
3427 1085 3602 1152 Quem
3646 1085 3790 1141 locum

2224 1171 2427 1229 Paulus
2473 1175 2751 1244 apostolus
2792 1175 3021 1247 mystica
3067 1175 3438 1247 disputatione
3491 1177 3789 1246 eventilans,

2223 1267 2487 1339 scriptum
2519 1278 2627 1334 est,
2659 1269 2727 1324 ad
2759 1270 3072 1325 Romanos:
3113 1268 3220 1325 duo
3261 1270 3466 1340 pariter
3513 1269 3791 1326 testimonia

2223 1359 2293 1418 de
2323 1360 2520 1419 Genesi
2551 1362 2922 1434 Malachiaque
2947 1362 3244 1434 conjungit.
3279 1362 3387 1420 Sed
3409 1362 3718 1420 etRebecca
3737 1364 3789 1420 de

2226 1469 2334 1510 uno
2365 1456 2655 1513 concubitu
2687 1455 2891 1513 habens
2922 1455 3076 1513 Isaac
3121 1466 3332 1528 patrem
3376 1467 3649 1513 nostrum.
3682 1457 3789 1513 Nam

2225 1564 2347 1604 cum
2378 1549 2615 1605 nondum
2644 1551 2758 1605 nati
2789 1560 2994 1618 essent,
3024 1559 3114 1605 aut
3142 1550 3346 1622 aliquid
3381 1552 3629 1622 egissent
3667 1551 3788 1617 boni,

2223 1640 2309 1696 vel
2341 1642 2491 1710 mali,
2525 1651 2582 1697 ut
2620 1642 2919 1699 secundum
2963 1641 3291 1699 electionem
3336 1642 3673 1714 propositum
3713 1644 3790 1700 Dei

2223 1743 2493 1804 maneret,
2529 1750 2638 1790 non
2668 1750 2737 1790 ex
2766 1734 3047 1806 operibus,
3077 1735 3173 1791 sed
3203 1749 3270 1792 ex
3301 1736 3587 1792 vocatione
3619 1735 3789 1791 dictum

595 1831 700 1899 Qui
723 1837 841 1886 διιηῑ
871 1827 1149 1895 “memmi
1176 1842 1393 1898 ιιιιοναηι
1414 1825 1631 1895 adoptio
1660 1833 1734 1880 εει
1763 1822 2018 1894 ﬁliorum.
2043 1818 2118 1876 De
2147 1826 2196 1888 B
2223 1835 2307 1886 est
2335 1829 2383 1884 ei
2409 1844 2423 1883 :
2459 1827 2596 1896 Quia
2629 1829 2805 1900 major
2831 1829 3060 1886 serviret
3091 1829 3288 1886 minori
3316 1848 3327 1883 :
3365 1829 3517 1886 Sicut
3559 1833 3792 1900 scriptum

518 1919 653 1996 ipsis
673 1923 818 1981 enim
846 1922 1058 1979 dicebat
1085 1940 1098 1976 :
1133 1920 1303 1976 Filius
1327 1933 1480 1976 meus
1502 1915 1901 1990 primogenitus
1926 1912 2115 1970 Israel.

592 2018 662 2074 Et
710 2017 902 2090 gloria,
946 2027 994 2071 et
1043 2024 1429 2082 testamentum,
1475 2022 1524 2069 et
1577 2011 1854 2084 legislatio.
1905 2007 2120 2066 Veteris

522 2112 676 2181 latio,
706 2120 763 2170 et
788 2111 914 2169 novi
936 2110 1244 2183 promissio.

588 2204 659 2260 Et
685 2204 980 2276 obsequium
1007 2214 1055 2260 et
1088 2202 1361 2274 promissa.
1397 2199 1511 2258 IIoe
1536 2207 1621 2257 est
1652 2197 1974 2270 mysterium
2015 2211 2118 2254 an-

518 2296 762 2370 gelorum
791 2297 876 2354 vel
903 2297 1313 2368 prophetarum.

593 2391 829 2457 Quorum
862 2399 1051 2460 patres.
1084 2386 1380 2456 Abraham,
1411 2384 1560 2441 Isaac
1590 2393 1644 2440 et
1671 2381 1859 2439 Jacob.

591 2481 676 2539 Ea;
705 2483 891 2556 quibus
919 2491 1001 2537 “est
1031 2479 1265 2535 Christus
1312 2478 1592 2534 secundum
1637 2490 1880 2532 carnem:
1919 2473 2005 2545 qui
2046 2481 2121 2530 est

515 2593 672 2648 super
699 2576 875 2633 omnia
906 2574 1047 2630 Deus
1079 2573 1372 2628 benedictus
1393 2575 1446 2626 in
1469 2571 1688 2640 saecula,
1714 2570 1896 2625 Amen.
1919 2565 2117 2625 Contra

516 2668 893 2737 Manichzeum,
944 2666 1253 2734 Photinum,
1302 2673 1356 2721 et
1404 2665 1636 2721 Arium:
1687 2663 1809 2735 quia
1848 2670 1904 2717 et
1930 2677 1997 2718 ex
2027 2660 2118 2718 Ju-

516 2766 649 2822 dzeis
688 2775 770 2822 est
814 2762 1110 2820 secundum
1153 2776 1395 2828 carnem,
1443 2770 1497 2816 et
1540 2760 1682 2816 Deus
1711 2756 2025 2815 benedictus
2063 2757 2117 2813 in

517 2861 720 2918 saecula
748 2877 760 2916 :
787 2859 926 2918 sicut
947 2867 1002 2915 et
1021 2857 1257 2913 Thomas
1277 2857 1486 2925 adorat,
1513 2864 1566 2911 et
1587 2853 1749 2910 dicit:
1773 2852 1919 2908 Deus
1939 2865 2116 2918 meus,

519 2954 664 3010 Deus
691 2968 863 3010 meus.
893 2950 1046 3019 Quod
1077 2950 1168 3007 ille
1190 2948 1506 3017 conﬁrmat,
1537 2947 1723 3004 dicens
1752 2964 1765 3000 :
1809 2946 1944 3014 Quia
1979 2943 2120 3001 vidi-

517 3047 613 3118 sti,
649 3047 772 3102 ideo
801 3043 1098 3101 credidisti.

594 3141 718 3197 Non
746 3149 944 3209 autem,
976 3137 1115 3210 quod
1136 3134 1386 3190 exciderit
1415 3134 1624 3189 verbum
1650 3132 1765 3187 Dei.
1798 3131 1950 3187 Licet
1973 3128 2120 3202 Apo-

2222 1930 2306 1980 est
2331 1941 2344 1977 :
2373 1923 2542 1980 Jacob
2570 1922 2765 1990 dilexi;
2794 1923 2938 1980 Esau
2964 1933 3143 1980 autem
3171 1923 3297 1980 odio
3322 1922 3651 1994 habuiqiloc
3673 1923 3793 1979 enim

2219 2018 2366 2090 quod
2414 2018 2647 2076 dicitur:
2697 2017 2851 2076 Sicut
2899 2019 3160 2091 scriptum
3206 2027 3313 2087 est,
3354 2027 3408 2074 et
3442 2017 3508 2074 ad
3539 2017 3793 2076 Geneseos

2221 2112 2446 2180 librum,
2481 2122 2536 2171 et
2579 2113 2646 2169 ad
2697 2114 3019 2185 prephetam
3066 2113 3386 2171 Malaeliiam
3436 2113 3694 2171 refertur.
3740 2113 3795 2168 ει

2218 2222 2328 2263 non
2357 2208 2532 2263 solum
2563 2207 2674 2262 ait:
2709 2206 2876 2264 Iacob
2900 2205 3088 2276 dilexi,
3130 2216 3416 2279 antequam
3459 2215 3794 2264 nasceretur:

2220 2310 2275 2358 et
2303 2300 2427 2358 odio
2457 2301 2623 2358 habui
2653 2301 2822 2368 Esau,
2853 2301 3163 2373 priusquam
3191 2316 3256 2357 ex
3291 2302 3481 2357 matris
3508 2311 3666 2358 utero
3696 2300 3796 2355 lun-

2219 2393 2462 2464 deretur,
2505 2393 2600 2451 sed
2639 2394 2694 2450 in
2739 2404 2984 2466 posteros
3020 2409 3209 2452 eorum
3246 2409 3488 2450 amorem
3533 2409 3726 2460 meum,
3753 2402 3800 2448 et

2219 2486 2402 2544 odium
2429 2487 2770 2544 conservavi.
2799 2487 2996 2544 Odium
3049 2488 3104 2544 in
3151 2487 3317 2554 Esau,
3369 2487 3528 2557 cujus
3581 2496 3792 2554 montes,

2219 2581 2312 2652 qui
2341 2579 2685 2651 appellantur
2713 2579 2854 2649 Seir,
2885 2578 3067 2650 redegi
3097 2580 3150 2634 in
3172 2579 3548 2648 solitudinem,
3575 2590 3632 2637 et
3657 2579 3801 2634 urbes

2219 2673 2322 2730 feci
2345 2687 2468 2728 esse
2492 2672 2758 2740 desertas,
2782 2680 2835 2727 et
2858 2685 2887 2726 a
2909 2670 3256 2742 serpentibus
3274 2686 3336 2726 ac
3360 2669 3549 2726 bestiis
3565 2669 3795 2726 obtineri.

2295 2766 2417 2822 Non
2443 2765 2612 2822 solum
2642 2776 2812 2822 autem
2843 2766 2957 2833 illa,
2988 2767 3074 2821 sed
3114 2775 3162 2820 et
3201 2763 3453 2821 Rebecca.
3495 2763 3616 2821 Non
3645 2764 3801 2820 solum

2221 2867 2402 2916 autem
2428 2860 2620 2916 Ismael
2654 2869 2707 2915 et
2736 2859 2886 2914 Isaac
2913 2879 2923 2912 :
2951 2859 3043 2930 qui
3072 2860 3318 2930 quamvis
3349 2874 3414 2914 ex
3449 2873 3564 2914 uno
3601 2857 3800 2929 quidem

2223 2963 2401 3021 patre,
2425 2952 2640 3008 diversa
2666 2960 2846 3007 tamen
2881 2960 3053 3008 matre
3082 2959 3209 3007 sunt
3237 2951 3481 3022 generati
3511 2969 3526 3006 :
3561 2966 3668 3007 non
3695 2958 3804 3006 sunt

2223 3062 2388 3103 unum
2417 3047 2556 3116 apud
2591 3046 2781 3111 Deum,
2812 3045 2906 3101 sed
2938 3045 3098 3101 etiam
3133 3043 3300 3100 Jaeob
3331 3053 3386 3100 et
3412 3043 3560 3099 Esau
3595 3061 3607 3096 :
3635 3042 3722 3114 qui
3748 3057 3804 3097 ex

2222 3153 2332 3193 uno
2362 3145 2484 3193 sunt
2516 3136 2582 3192 de
2608 3136 2854 3193 Rebecca
2882 3135 2993 3191 nati
3034 3135 3346 3199 concubitu,
3389 3142 3686 3206 antequam
3723 3147 3805 3188 na-

518 3235 695 3292 stolus
724 3233 908 3290 doleat
935 3230 1153 3288 Iudaeos
1185 3227 1451 3285 excidisse
1472 3242 1502 3282 a
1525 3225 1903 3298 promissionis
1923 3223 2117 3295 gratia,

2240 3241 2507 3287 scerentur
2535 3229 2659 3286 ﬁdei
2690 3239 2815 3285 sunt
2845 3228 2987 3299 apud
3015 3229 3185 3285 Deum
3219 3228 3415 3284 merito
3447 3227 3684 3298 separati
3718 3243 3732 3282 :
3759 3234 3807 3278 ut

518 3327 760 3386 ostendit
806 3335 990 3382 tamen
1040 3338 1146 3380 non
1198 3323 1359 3377 inane
1407 3319 1572 3375 fuisse
1615 3317 1840 3373 verbum
1892 3316 1987 3372 Dei
2026 3324 2122 3370 :et

523 3422 609 3480 his
633 3421 903 3494 promissa
935 3418 1144 3484 deberi,
1173 3432 1282 3473 non
1324 3415 1415 3487 qui
1459 3413 1758 3470 secundum
1795 3426 2017 3467 carnem
2055 3424 2122 3466 ex

518 3517 818 3583 Abraham,
845 3514 994 3570 Isaae
1020 3521 1076 3568 et
1105 3509 1270 3566 Israel
1297 3509 1410 3565 nati
1442 3515 1571 3564 sunt
1605 3525 1617 3560 :
1652 3505 1747 3563 sed
1773 3504 1865 3576 qui
1894 3518 2120 3560 servan-

521 3622 608 3669 tes
635 3611 796 3667 ﬁdem
826 3605 1287 3680 patriarcharum,
1314 3603 1385 3658 de
1411 3616 1644 3673 quorum
1681 3600 1890 3656 semine
1931 3607 2124 3670 putan-

519 3715 631 3762 tur.
653 3703 785 3759 Item
809 3701 938 3773 quia
958 3700 1211 3772 superius
1233 3697 1446 3754 dixerat
1468 3695 1656 3752 dolere
1676 3709 1753 3762 se,
1779 3693 1923 3766 quod
1953 3707 2126 3765 genus

519 3797 689 3854 Israel
736 3796 961 3869 proprio
1011 3793 1143 3849 vitio
1187 3790 1573 3848 excluderetur
1611 3805 1639 3842 a
1672 3804 1862 3860 regno,
1894 3802 2126 3860 quorum

524 3892 642 3948 haec
669 3893 850 3948 omnia
882 3889 1122 3945 fuerunt.
1151 3887 1251 3943 Hic
1281 3885 1524 3942 ostendit
1550 3883 1694 3951 illos,
1720 3883 1812 3954 qui
1853 3897 1962 3938 non
2004 3896 2127 3938 cre-

525 3989 682 4053 dunt,
711 4001 820 4042 non
859 3997 983 4040 esse
1031 3981 1171 4036 ﬁlios
1221 3978 1474 4047 Abrahae,
1523 3993 1592 4033 ne
1632 3976 1887 4033 omnibus
1925 3974 2128 4030 Iudaeis

522 4078 881 4150 praejudicare
910 4083 1216 4146 putaretur,
1258 4083 1312 4129 et
1359 4071 1691 4142 objiceretur
1720 4069 1770 4126 ei
1809 4086 1822 4122 :
1856 4066 2129 4139 Numquid

523 4175 667 4230 Deus
698 4171 956 4227 mentitus
982 4178 1069 4225 est
1098 4167 1371 4223 Abralim?

541 4312 543 4314 .
597 4266 723 4321 Non
745 4264 880 4320 enim
907 4277 1103 4326 omnes,
1129 4260 1217 4331 qui
1256 4275 1320 4313 ea:
1350 4257 1741 4312 circumcisione
1769 4265 1887 4311 sunt
1933 4255 2128 4324 Israel,

521 4359 578 4412 hi
606 4366 728 4413 sunt
751 4354 1044 4411 Israelitw:
1067 4367 1226 4422 neque
1246 4349 1334 4421 qui
1354 4365 1527 4403 semen
1549 4359 1666 4403 sunt
1685 4347 1932 4416 Abrahw,
1955 4364 2129 4404 omnes

527 4452 648 4521 filii.
678 4449 740 4505 Si
767 4463 875 4504 non
906 4459 1117 4513 omnes,
1147 4452 1328 4498 tamen
1361 4441 1641 4513 aliquanti.
1676 4440 1746 4496 Et
1772 4441 1817 4496 si
1856 4456 1964 4497 non
2013 4458 2132 4497 om.

531 4557 628 4598 nes
657 4541 932 4606 Israelitte,
965 4535 1131 4593 Israel
1161 4545 1286 4590 sunt
1310 4551 1326 4590 :
1358 4542 1485 4590 sunt
1509 4548 1638 4604 ergo
1664 4547 1730 4589 ex
1757 4533 2008 4603 gentibus
2031 4533 2131 4590 ali-

529 4633 740 4706 quanti,
775 4631 830 4687 in
859 4629 1052 4701 quibus
1081 4641 1184 4683 non
1216 4635 1298 4682 est
1322 4625 1499 4681 dolus.

601 4725 710 4782 Sed
737 4725 790 4778 in
816 4721 972 4777 Isaac
1012 4719 1276 4776 vocabitur
1327 4717 1418 4772 tibi
1462 4732 1652 4772 semen.
1707 4714 1765 4770 In
1811 4715 1928 4773 solo
1978 4716 2129 4772 Isaac

528 4818 710 4877 vocati
740 4824 868 4873 sunt
917 4813 1077 4870 etiam
1130 4822 1260 4867 tunc
1303 4809 1398 4865 ﬁlii
1427 4807 1701 4863 Abrahae:
1738 4822 1844 4864 non
1877 4809 2041 4864 etiam
2076 4810 2130 4865 in

529 4911 747 4978 Ismael,
777 4923 900 4965 cum
933 4918 984 4962 et
1013 4906 1130 4975 ipse
1157 4919 1225 4960 es
1253 4903 1371 4972 ejus
1401 4902 1570 4971 stirpe
1590 4899 1968 4957 descenderet.
1997 4901 2130 4956 Item

530 5020 716 5062 semen
739 5002 888 5058 Isaac
911 5014 1016 5054 non
1041 4995 1151 5063 isti,
1176 4995 1265 5066 qui
1290 4993 1583 5050 secundum
1608 5009 1824 5049 carnem
1850 4993 1957 5048 nati
1980 5004 2128 5065 sunt,

536 5101 634 5158 sed
665 5099 750 5165 hi,
775 5098 865 5168 qui
896 5092 1194 5150 secundum
1221 5087 1475 5158 Spiritum
1501 5095 1647 5152 sunt,
1679 5086 1780 5142 hoc
1801 5095 1909 5156 est,
1939 5102 2132 5144 secun-

538 5196 668 5250 dum
691 5193 850 5248 ﬁdem
871 5189 1039 5245 Isaae.
1065 5183 1168 5252 Qui
1190 5182 1336 5241 enim
1361 5182 1506 5250 talis,
1535 5182 1695 5252 hujus
1717 5183 2003 5251 promissio
2026 5193 2130 5250 est,

533 5296 589 5344 et
605 5285 820 5355 adoptio
839 5283 1090 5338 ﬁliorum.
1111 5278 1355 5334 Habebat
1369 5277 1512 5332 enim
1532 5275 1946 5346 primogenitum
1968 5277 2130 5346 Esau,

536 5389 594 5438 et
623 5393 731 5434 non
761 5384 845 5431 est
875 5392 904 5430 a
935 5374 1046 5430 Deo
1077 5370 1330 5437 dilectus,
1361 5368 1463 5423 nisi
1497 5367 1686 5424 Israel.

611 5474 680 5530 Id
704 5482 799 5541 est,
823 5487 926 5525 non
948 5472 1036 5539 qui
1067 5468 1164 5538 ﬁlii
1194 5467 1389 5533 carnis,
1417 5466 1472 5519 hi
1495 5464 1596 5534 ﬁlii
1629 5466 1748 5532 Dei,
1780 5466 1872 5522 sed
1907 5465 1997 5536 qui
2037 5463 2136 5534 ﬁlii

536 5579 656 5628 sunt
688 5563 1046 5640 promissionis
1073 5561 1396 5615 restituantur
1424 5558 1477 5611 in
1503 5557 1715 5612 semine.
1759 5556 1954 5614 Ismael
1992 5557 2134 5611 enim

540 5661 840 5721 secundum
866 5654 1138 5713 carnalem
1164 5668 1321 5709 usum
1352 5659 1510 5707 natus
1530 5659 1705 5708 estex
1727 5651 1956 5706 ancilla:
1989 5649 2137 5705 Isaac

543 5772 672 5812 vero
701 5769 865 5823 super
894 5757 1142 5805 naturam
1169 5746 1236 5802 de
1259 5747 1481 5803 senibus
1507 5761 1574 5800 ex
1598 5743 2017 5815 repromissione
2040 5743 2138 5800 Dei

542 5859 627 5909 est
654 5854 962 5920 generatus.
998 5841 1074 5899 Ita
1103 5853 1245 5898 nunc
1274 5837 1621 5916 Christianos
1669 5835 1960 5909 promissio
2010 5836 2137 5895 facit

2223 3323 2561 3396 propositum
2590 3323 2686 3378 Dei
2713 3323 2779 3378 de
2806 3323 3068 3394 eligendis
3095 3321 3253 3378 bonis
3285 3330 3342 3379 et
3377 3320 3683 3378 refutandis
3713 3334 3807 3374 ma-

2224 3418 2313 3486 lis,
2365 3418 2528 3473 etiam
2576 3417 2629 3472 in
2673 3417 2926 3488 praesenti
2973 3425 3237 3473 maneret.
3287 3414 3362 3470 Ita
3409 3430 3542 3486 ergo
3575 3423 3630 3470 et
3659 3427 3807 3478 nunc,

2225 3524 2360 3580 quos
2398 3508 2667 3579 praescivit
2705 3509 2772 3564 de
2802 3508 3050 3580 gentibus
3079 3508 3407 3576 credituros,
3441 3507 3649 3578 elegit:
3679 3515 3731 3564 et
3753 3519 3808 3560 ex

2225 3600 2392 3658 Israel
2420 3601 2608 3671 rejecit
2639 3601 2973 3658 incredulos.

2301 3696 2385 3752 Ea:
2414 3713 2516 3751 uno
2549 3695 2822 3752 concubitu
2852 3695 3041 3751 habens
3073 3694 3229 3751 Isaac
3261 3697 3427 3769 patris
3459 3697 3651 3753 nostri.
3699 3694 3812 3762 Qum

2227 3790 2424 3862 legitur
2451 3790 2630 3861 primo
2651 3791 2898 3861 geminos
2923 3789 3161 3846 edidisse
3185 3809 3199 3847 :
3231 3800 3286 3846 et
3315 3805 3405 3858 eo,
3436 3792 3600 3863 quasi
3630 3803 3814 3847 novum

2229 3881 2431 3952 aliquid
2461 3882 2773 3948 accesserit,
2806 3882 3094 3954 perterrita
3125 3881 3296 3938 Deum
3325 3883 3650 3955 interrogat.

2304 3971 2432 4027 Cum
2461 3973 2595 4027 enim
2625 3972 2857 4028 nondum
2902 3973 3016 4026 nati
3046 3974 3264 4043 fuissent
3291 4015 3305 4040 ,
3340 3983 3430 4028 aut
3476 3973 3686 4044 aliquid
3714 3967 3816 4025 boni

2230 4065 2449 4135 egissent
2479 4106 2494 4133 ,
2524 4073 2614 4118 aut
2645 4065 2809 4118 mali:
2845 4073 2900 4118 ut
2925 4065 3209 4118 secundum
3250 4064 3562 4119 electionem
3595 4061 3814 4136 proposi-

2230 4170 2340 4215 tum
2389 4158 2487 4215 Dei
2533 4169 2779 4215 maneret.
2835 4159 2961 4214 Sive
3007 4169 3064 4214 ut
3111 4157 3214 4214 hoc
3260 4158 3646 4230 signiﬁcaret,
3695 4151 3818 4228 quod

2230 4254 2394 4312 modo
2425 4254 2587 4309 etiam
2620 4254 2687 4309 de
2719 4253 2986 4324 geminis,
3020 4254 3111 4324 qui
3141 4268 3250 4309 non
3283 4253 3484 4319 credit,
3522 4252 3818 4323 abjicietur.

2306 4345 2429 4400 Nox
2467 4361 2532 4400 ea:
2575 4344 2814 4415 operibus
2837 4384 2854 4411 ,
2903 4344 2993 4398 sed
3038 4361 3101 4399 ea:
3136 4345 3404 4400 vocatione
3431 4346 3640 4400 dictum
3670 4355 3739 4400 est
3763 4341 3817 4395 ei.

2231 4437 2579 4494 Praescientia
2618 4435 2714 4491 Dei
2747 4450 2851 4491 non
2886 4435 3200 4506 prtejudieat
3232 4445 3600 4507 peccatores,
3635 4437 3680 4493 si
3707 4450 3823 4492 con-

2233 4529 2369 4586 verti
2393 4528 2682 4584 voluerint.
2728 4526 2872 4583 Dicit
2910 4527 3055 4583 enim
3087 4543 3182 4600 per
3210 4528 3623 4586 Ezechielem?
3666 4528 3721 4586 Si
3750 4525 3824 4582 di-

2155 4618 2211 4682 D
2237 4644 2367 4685 xero
2417 4626 2724 4699 peccaturi,
2775 4625 2948 4681 Morte
2991 4625 3279 4681 morieris:
3325 4635 3379 4681 et
3413 4625 3507 4682 ille
3535 4636 3822 4683 conversus

2232 4721 2496 4795 justitiam
2526 4719 2749 4788 fecerit,
2777 4719 2884 4773 vita
2918 4718 3092 4784 vivet,
3119 4727 3172 4774 et
3198 4735 3305 4775 non
3330 4719 3628 4776 morietur.

2312 4819 2444 4885 Quia
2474 4816 2640 4887 major
2664 4813 3073 4869 servietminori.
3099 4812 3614 4870 IuGenescoslibro
3641 4813 3826 4869 dictum

2239 4922 2322 4968 est
2347 4929 2360 4967 :
2391 4911 2518 4965 Duae
2540 4920 2750 4981 gentes,
2771 4916 2826 4963 et
2845 4907 2950 4962 duo
2974 4908 3153 4978 populi
3178 4907 3230 4962 in
3259 4917 3417 4964 utero
3447 4919 3568 4979 tuo,
3593 4919 3650 4966 et
3679 4923 3830 4980 popu-

2241 5003 2326 5060 Ius
2349 5002 2605 5074 populum
2621 4999 2921 5071 superabit,
2947 5009 3000 5054 et
3017 4998 3189 5069 major
3207 4999 3409 5054 serviet
3441 5001 3673 5056 minori.
3704 5000 3828 5068 Ergo

2241 5096 2526 5168 prophetia
2555 5109 2660 5150 non
2688 5093 2754 5149 de
2782 5092 2864 5148 his
2887 5101 2990 5158 est,
3015 5092 3105 5163 qui
3131 5092 3428 5149 secundum
3461 5109 3698 5151 carnem
3725 5100 3833 5149 sunt

2241 5191 2425 5248 Jacobi
2451 5199 2504 5245 et
2529 5189 2670 5244 Esau
2694 5229 2708 5255 ,
2760 5186 2856 5242 sed
2896 5186 2964 5242 de
2993 5186 3075 5240 his
3099 5187 3189 5257 qui
3226 5185 3391 5243 futuri
3420 5198 3590 5245 erant
3619 5204 3689 5246 ex
3717 5202 3832 5257 ope-

2242 5288 2394 5342 ribus
2434 5283 2564 5339 boni
2593 5291 2648 5338 et
2672 5280 2797 5336 mali
2823 5296 2839 5336 :
2865 5289 2918 5335 et
2945 5294 3010 5336 ex
3043 5279 3176 5350 ipsis
3199 5280 3489 5352 operibus,
3543 5291 3646 5339 aut
3663 5280 3833 5340 odium

2243 5378 2336 5434 Dei
2367 5377 2588 5440 habere,
2611 5382 2711 5451 aut
2742 5371 3176 5428 misericordiam
3199 5373 3316 5442 ejus
3345 5376 3645 5446 consequi.

2317 5468 2469 5524 Sicut
2491 5467 2742 5537 scriptum
2767 5473 2840 5520 est
2862 5507 2877 5532 ,
2909 5463 3071 5520 Jacob
3098 5465 3293 5531 dilexi,
3334 5467 3479 5521 Esau
3515 5482 3704 5524 autent
3733 5465 3837 5522 odio

2247 5558 2426 5612 habui.
2458 5557 2574 5613 IIoc
2603 5564 2811 5624 autem,
2839 5556 2980 5627 quod
3012 5556 3230 5625 dicitur,
3261 5557 3403 5614 sicut
3432 5560 3713 5631 scriptum
3747 5568 3836 5620 est,

2247 5660 2305 5708 et
2329 5651 2396 5706 ad
2424 5650 2696 5708 Geneseos
2731 5650 2954 5719 librum,
2986 5659 3040 5706 et
3069 5649 3134 5705 ad
3167 5651 3487 5723 prophetam
3521 5652 3836 5709 Malacltiam

2247 5747 2500 5816 pertinet.
2551 5746 2608 5802 In
2655 5745 2933 5802 Geneseos
2972 5745 3113 5801 libro
3157 5744 3223 5800 ad
3265 5746 3585 5802 Rebeccam
3618 5747 3841 5802 dicitur:

2247 5839 2378 5897 Dure
2413 5849 2598 5915 gentes
2630 5850 2682 5900 et
2709 5840 2816 5898 duo
2845 5838 3027 5915 populi
3062 5841 3115 5901 in
3160 5849 3320 5900 utero
3358 5849 3469 5898 tuo.
3513 5841 3680 5902 Unde
3718 5840 3844 5898 bene
