3970 6304
208 310 322 373 689

896 320 1443 385 COMMENTARIUS
1484 323 1551 382 IN
1592 320 1983 383 EPISTOLAM
2019 322 2115 383 AD
2152 325 2502 386 ROMANOS.
2540 326 2696 385 CAP.
2737 327 2830 385 IX.

3404 335 3513 395 690

206 432 453 492 ostendit
496 435 831 507 Apostolus,
878 440 1273 509 promissiones
1301 457 1408 497 non
1439 456 1566 500 esse
1590 456 1807 508 eorum,
1834 441 2258 503 Aannuntietur
2304 460 2489 499 nomen
2533 461 2702 500 meum
2748 445 2802 500 in
2847 442 3091 503 uniuersa
3119 454 3276 505 terra.
3321 448 3436 507 Hoc
3458 461 3516 508 et

206 529 297 599 qui
327 528 626 586 secundum
658 544 879 587 carnem
906 532 1000 588 ﬁlii
1027 541 1153 589 sunt
1181 533 1420 590 Abraba:
1442 576 1457 604 ,
1484 535 1584 593 sed
1610 550 1802 593 eorum

202 620 295 693 qui
328 620 487 677 ﬁdem
519 633 732 693 patrum
759 633 977 680 servant
1002 634 1166 698 atque
1192 627 1525 684 custodiunt.

1909 533 1987 589 illi
2017 534 2161 591 male
2191 545 2522 607 proponunt.
2576 536 2684 594 Sed
2727 537 2814 593 hic
2841 537 2995 595 locus
3020 540 3230 598 duobus
3271 543 3447 599 modis
3476 561 3510 600 a

1907 626 2141 683 diversis
2181 629 2476 700 exponitur
2508 648 2521 683 :
2564 629 2679 686 sive
2709 630 2854 702 quod
2885 633 3257 706 unusquisque
3286 636 3510 693 modum

278 713 423 782 Quid
444 731 566 786 ergo
587 714 855 772 dicemus?
878 715 1149 791 Numquid
1169 720 1418 788 iniquitas
1441 721 1585 794 apud
1608 720 1807 777 Deum?
1907 730 1962 776 et
1993 721 2156 778 ﬁnem
2196 730 2542 793 peccatorum
2574 737 2799 779 suorum
2828 724 3050 795 implet,
3086 733 3144 781 ut
3172 728 3492 797 puniantur,

203 806 375 865 Absit.
416 806 617 864 Timuit
644 852 659 878 ,
712 825 783 865 ne
824 810 967 883 quod
996 813 1115 884 ipse
1146 824 1433 886 propterea
1465 816 1710 887 dixerat,
1743 824 1805 873 ut

204 898 469 971 probaret
512 900 655 973 apud
688 902 859 961 Deum
895 906 1315 977 praerogativam
1344 908 1565 978 generis
1596 907 1673 963 nil
1704 922 1802 963 va-

205 992 319 1049 lere
345 1010 361 1048 :
392 992 509 1049 sive
536 994 647 1063 jam
679 1003 811 1052 tunc
845 996 1210 1068 signiﬁcatum
1243 1000 1603 1070 posteriorem
1632 1015 1802 1072 popa:

203 1084 317 1140 lum
350 1085 640 1144 meliorem
671 1086 912 1144 futurum
935 1131 951 1158 ,
979 1104 1088 1147 non
1118 1090 1517 1164 intelligenles,
1549 1100 1804 1163 putarent

203 1194 327 1234 eum
354 1179 540 1237 dicere
563 1226 578 1250 ,
612 1181 756 1252 quod
806 1182 944 1239 alios
972 1184 1117 1241 Deus
1143 1184 1319 1241 bonos
1364 1184 1571 1243 laceret
1597 1228 1612 1253 ,
1662 1186 1802 1243 alios

199 1272 418 1329 malos:
464 1273 764 1331 secundum
814 1274 1056 1347 ipsorum
1106 1277 1433 1334 sententiam
1460 1319 1475 1346 ,
1508 1277 1655 1349 quod
1684 1286 1802 1335 erat

200 1364 521 1435 iniquorum
569 1367 763 1437 punire
790 1410 805 1435 ,
857 1368 949 1438 qui
988 1383 1098 1425 non
1135 1384 1234 1425 sua
1256 1379 1451 1440 sponte
1477 1378 1797 1439 peccasset:

198 1456 459 1527 proponit
486 1456 591 1512 sibi
622 1473 689 1513 ex
715 1457 949 1515 adverso
977 1462 1309 1531 testimonia,
1335 1461 1532 1532 quibus
1565 1462 1667 1534 ipsi
1696 1462 1799 1518 hoc

198 1546 478 1605 afﬁrmare
504 1548 772 1607 solebant.
800 1551 1005 1618 Quibus
1031 1554 1297 1623 exemplis
1324 1569 1424 1626 per
1454 1555 1648 1611 breves
1671 1555 1800 1610 sub—

192 1642 465 1714 jecliones
486 1645 803 1716 respondet,
825 1648 1116 1704 ostendens
1138 1650 1209 1704 ita
1232 1650 1454 1722 intelligi
1484 1667 1591 1706 non
1613 1666 1792 1722 posse.

262 1734 444 1808 Moysi
472 1736 607 1792 enint
634 1738 771 1793 dixit
797 1779 812 1802 ,
862 1739 1148 1797 Miserebor
1191 1744 1275 1798 cui
1306 1744 1547 1799 misertus
1569 1761 1683 1799 sum
1702 1790 1716 1815 ,
1749 1755 1797 1800 et

1904 816 2046 871 sicut
2069 814 2368 872 Sodomitas
2393 826 2451 873 et
2477 815 2805 872 Amorrhtei.
2852 816 2953 874 Hic
2978 832 3109 890 ergo
3135 818 3244 889 jam
3279 820 3499 876 modum

1905 918 2252 978 excesserat,
2301 919 2359 967 et
2404 910 2611 967 idcirco
2659 910 2833 967 voluit
2870 910 3055 981 Deus,
3107 912 3263 985 quasi
3298 914 3367 972 de
3389 917 3504 987 jam

1903 1000 2149 1072 perituro
2175 1002 2300 1058 aliis
2330 1002 2653 1073 providere,
2678 1012 2738 1058 ut
2766 1005 3001 1075 populus
3027 1004 3146 1077 ejus
3175 1021 3503 1079 agnosceret

1899 1092 2168 1166 justitiam
2195 1094 2399 1165 ipsius,
2435 1102 2597 1166 atque
2623 1096 2879 1152 virtutem
2908 1113 2924 1152 :
2965 1104 3025 1152 ut
3054 1113 3155 1154 nec
3184 1112 3499 1169 peccarent,

1905 1200 2005 1242 nec
2031 1201 2161 1242 suos
2182 1187 2533 1244 adversarios
2557 1197 2905 1246 vererentur.
2956 1188 3087 1246 Tale
3117 1198 3202 1248 est
3227 1192 3331 1248 hoc
3355 1195 3501 1261 quod

1903 1278 1957 1334 in
2001 1278 2286 1336 Pharaone
2330 1288 2543 1352 gestum
2577 1289 2661 1336 est
2685 1322 2700 1350 ,
2731 1282 2895 1352 quale
2924 1282 2970 1338 si
3004 1283 3249 1342 medicus
3283 1285 3352 1342 de
3378 1302 3502 1343 cru-

1902 1372 2048 1427 ciatu
2088 1371 2200 1441 jam
2247 1372 2491 1429 damnati
2536 1373 2652 1442 rei,
2694 1373 2883 1429 multis
2911 1373 3156 1431 inveniat
3181 1375 3496 1447 sanitatem,

1899 1477 2093 1519 causas
2116 1463 2439 1536 inquirendo
2458 1466 2795 1522 morborum.
2831 1466 2929 1523 Vel
2951 1469 2996 1522 si
3014 1468 3201 1538 judex,
3224 1484 3347 1526 cum
3372 1486 3499 1542 pos-

1901 1556 1973 1613 sit
2000 1555 2355 1613 criminosum
2383 1558 2564 1614 statim
2598 1559 2817 1630 punire,
2874 1557 2942 1615 ad
2968 1560 3208 1615 omnium
3243 1562 3497 1619 timorem

1903 1648 2140 1705 diversis
2168 1651 2344 1721 poenis
2370 1650 2592 1707 afﬁciat.
2639 1651 2767 1708 Sive
2793 1651 2892 1709 Dei
2926 1653 3185 1723 patientia
3215 1654 3500 1711 induratus

1902 1752 2006 1797 est.
2070 1742 2335 1799 Cessante
2381 1744 2529 1799 enim
2578 1745 2733 1817 plaga
2784 1744 2922 1813 Dei,
2968 1746 3160 1802 durior
3211 1748 3413 1817 ﬁebat,
3443 1760 3502 1806 et

194 1829 604 1885 misericordiam
635 1832 917 1903 praestabo.
962 1834 1075 1891 lloc
1112 1844 1264 1891 recto
1293 1851 1460 1892 sensu
1499 1837 1571 1891 ita
1596 1837 1797 1894 intelli-
1826 1830 1876 1892 B
1901 1835 2154 1905 quamvis
2198 1836 2366 1891 sciret
2397 1851 2522 1891 eum
2564 1851 2672 1893 nan
2707 1838 2952 1894 converti
2981 1857 2995 1893 :
3034 1847 3218 1898 tamen
3247 1843 3411 1899 etiam
3441 1844 3496 1899 in

191 1926 375 1997 gitur:
407 1925 560 1982 Illius
588 1926 911 1997 miserebor,
953 1945 1115 2001 quem
1154 1931 1407 2002 prmscivi
1446 1946 1603 1999 posse
1635 1933 1797 1989 mise-

191 2018 491 2074 ricordiam
535 2022 884 2091 promereri,
935 2031 993 2078 ut
1027 2022 1138 2093 jam
1184 2033 1312 2080 tunc
1360 2024 1508 2081 illius
1546 2023 1651 2081 sim
1693 2024 1796 2082 mi-

191 2122 390 2171 sertus.
416 2118 432 2167 ν

200 2279 236 2289 η
259 2210 359 2266 Cui
389 2210 686 2268 miserebor.
739 2212 1062 2270 Econtrario
1088 2214 1266 2271 Judaei
1290 2229 1471 2271 sermo
1493 2224 1595 2271 est.
1627 2215 1796 2287 Igitur

190 2316 296 2358 non
324 2302 591 2370 volentis,
616 2320 794 2377 neque
822 2307 1113 2362 currentis.
1161 2306 1229 2362 Et
1258 2308 1452 2363 iterum
1485 2323 1615 2377 ergo
1640 2310 1792 2379 cujus

189 2396 299 2450 vult
342 2397 679 2454 miseretur:
733 2408 787 2455 et
833 2414 997 2471 quem
1029 2400 1170 2468 vult,
1207 2400 1443 2457 indurat.
1499 2402 1617 2458 Non
1645 2404 1791 2460 enim

188 2487 489 2559 Apostolus
519 2490 681 2555 tollit,
708 2491 851 2562 quod
880 2494 931 2547 in
960 2493 1177 2565 propria
1201 2480 1481 2551 voluntate
1506 2494 1789 2562 habemus,

190 2584 278 2653 qui
320 2585 586 2654 superius
610 2584 777 2641 dicit:
811 2586 1064 2657 Ignoras,
1100 2588 1225 2660 quia
1266 2587 1481 2645 bonitas
1513 2589 1607 2646 Dei
1640 2600 1692 2646 te
1723 2590 1789 2647 ad

187 2676 568 2746 paenitentiam
598 2677 863 2734 adducit?
897 2679 965 2734 Et
1000 2680 1199 2735 iterum
1238 2680 1527 2737 Timotheo
1556 2682 1746 2738 scribit
1774 2702 1785 2736 :

190 2770 245 2826 In
275 2786 477 2843 magna
520 2778 701 2827 autem
743 2773 907 2828 domo
954 2787 1061 2828 non
1106 2772 1280 2828 solum
1312 2782 1442 2828 sunt
1470 2788 1596 2829 vasa
1622 2789 1789 2841 aurea

188 2872 241 2918 et
267 2874 571 2936 argentea,
627 2863 723 2919 sed
772 2872 827 2921 et
873 2864 1050 2935 lignea
1089 2872 1145 2921 et
1180 2865 1386 2921 ﬁctilia.
1444 2866 1513 2921 Et
1539 2867 1786 2937 quazdam

188 2956 411 3026 quidem
459 2956 514 3012 in
554 2955 854 3024 honorem,
894 2956 1141 3028 quaedam
1180 2957 1233 3013 in
1275 2958 1685 3014 contumeliam.
1730 2960 1787 3017 Si

186 3052 302 3121 quis
344 3060 538 3108 autem
571 3051 913 3109 mundaverit
942 3066 1002 3109 se
1033 3052 1100 3109 ab
1125 3051 1245 3120 bis,
1275 3053 1381 3110 erit
1409 3067 1506 3109 vas
1535 3054 1589 3109 in
1617 3052 1789 3111 bono-

185 3158 296 3202 rem
323 3144 750 3201 sanctilicatum.

1899 1926 2018 1997 ipso
2047 1940 2200 1982 suam
2231 1928 2577 1984 clementiam
2609 1930 2781 1986 voluit
2810 1930 3208 1991 demonstrare.

1970 2018 2116 2090 Ergo
2148 2023 2298 2094 cujus
2322 2020 2463 2089 vult,
2507 2023 2806 2093 miseretur,
2845 2034 2893 2079 et
2919 2042 3069 2095 quem
3094 2026 3202 2083 uult
3222 2069 3239 2097 ,
3260 2029 3498 2088 indurat.

1896 2110 2040 2183 Ergo
2091 2112 2138 2167 si
2170 2112 2274 2169 hoc
2306 2113 2384 2170 sic
2412 2114 2774 2187 intelligitur:
2816 2116 2988 2189 Cujus
3024 2120 3140 2176 vult
3177 2122 3494 2192 miseretur,

1894 2214 1951 2262 et
1978 2221 2141 2277 quem
2186 2208 2343 2275 vult,
2386 2208 2602 2264 indurat
2629 2225 2644 2263 :
2671 2209 2822 2279 quod
2847 2212 2984 2269 satis
3013 2212 3259 2285 iniquum
3288 2224 3405 2283 est,
3438 2228 3496 2274 et

1894 2297 1968 2353 ita
1999 2299 2303 2369 propositio
2331 2310 2512 2356 vestra
2540 2300 2906 2370 concluditur,
2954 2312 3014 2360 ut
3048 2304 3242 2363 dicatis
3268 2310 3493 2366 malitia;

1893 2399 2093 2447 vestra:
2140 2406 2249 2448 non
2284 2406 2382 2447 vos
2404 2406 2527 2448 esse
2568 2407 2789 2449 causam
2812 2438 2827 2463 ,
2871 2394 2971 2452 sed
2998 2396 3213 2453 Domini
3239 2399 3492 2457 volunta-

1892 2490 2001 2537 tem
2026 2523 2043 2550 ,
2078 2482 2166 2539 cui
2196 2484 2501 2541 contradici
2538 2499 2643 2541 non
2682 2488 2890 2556 possit:
2925 2488 3021 2545 sed
3048 2491 3258 2548 resistit
3291 2492 3379 2551 hic
3406 2510 3494 2551 ra-

1895 2575 2029 2632 tioni
2060 2586 2267 2634 vestrae
2295 2577 2412 2649 ipsa
2440 2587 2634 2634 natura
2653 2579 2879 2649 justitias
2909 2581 3031 2639 Dei.

1963 2668 2110 2724 Dicis
2138 2670 2313 2739 itaque
2356 2671 2484 2726 mihi
2515 2687 2535 2727 :
2582 2671 2721 2739 Quid
2767 2673 2941 2729 adhuc
2979 2678 3261 2747 queritur?
3290 2679 3492 2737 Volun-

1891 2767 1988 2820 tati
2016 2766 2152 2821 enim
2181 2766 2293 2838 ejus
2331 2767 2448 2838 quis
2484 2766 2713 2821 resistit?
2742 2768 3039 2840 Apostolus
3070 2779 3265 2827 contra
3289 2773 3488 2830 adver-

1891 2861 2064 2917 sarios
2093 2859 2225 2916 dicit
2260 2877 2275 2916 :
2312 2860 2455 2915 Dicis
2490 2861 2675 2930 itaque
2718 2860 2851 2916 mibi
2877 2879 2891 2917 :
2919 2861 3061 2930 Quid
3100 2864 3279 2922 adhuc
3300 2868 3487 2934 queri-

1891 2956 2019 3012 tur?
2046 2953 2118 3010 Et
2148 2954 2347 3011 iterum
2370 2952 2553 3021 infert,
2576 2952 2912 3011 conﬁrmans
2942 2955 3047 3011 hoc
3068 2957 3218 3028 quod
3245 2957 3486 3015 dixerat:

1892 3048 2057 3104 homo
2078 3089 2092 3115 ,
2126 3055 2277 3102 tanto
2314 3046 2485 3117 magis
2513 3060 2640 3101 vere
2662 3046 2934 3116 queritur,
2965 3056 3021 3102 et
3044 3046 3229 3117 juste,
3258 3064 3329 3105 ex
3364 3065 3487 3105 vcr-

1892 3140 1973 3196 bis
2003 3140 2125 3195 tuis.
2168 3138 2339 3195 Nemo
2363 3138 2507 3195 enim
2540 3138 2814 3209 propriam
2845 3154 2951 3195 non
2988 3138 3201 3196 habens
3231 3142 3488 3197 volunta-

249 3236 436 3308 lgitur
457 3252 560 3291 non
588 3236 810 3291 volentis
843 3252 1007 3309 neque
1032 3238 1289 3293 currentis
1309 3282 1324 3308 ,
1372 3237 1465 3293 sed
1500 3239 1786 3293 miserantis
1812 3212 1857 3276 ί)
1890 3242 1999 3290 tem
2020 3275 2036 3300 ,
2083 3230 2265 3288 dicere
2306 3238 2483 3301 potest
2524 3230 2593 3285 de
2625 3230 2738 3286 Deo
2786 3248 2798 3285 :
2842 3230 2971 3301 quid
2997 3230 3175 3288 adhuc
3198 3234 3443 3303 queritur
3463 3235 3489 3289 ?

186 3340 254 3385 est
285 3330 415 3387 Dei.
462 3330 577 3385 lloc
617 3330 740 3386 loco
766 3329 973 3387 Paulus
1008 3331 1287 3402 apostolus
1329 3346 1503 3402 usque
1531 3330 1599 3387 ad
1628 3331 1779 3387 illum

188 3422 369 3480 locum
400 3442 414 3477 :
464 3422 604 3492 Quid
637 3425 783 3480 enim
818 3423 997 3480 adhuc
1027 3424 1305 3496 queritur?
1342 3424 1610 3481 voluntati
1637 3426 1784 3482 enim

185 3517 298 3586 ejus
337 3517 469 3589 quis
497 3517 755 3574 resistere
796 3518 1041 3589 poterit?
1073 3533 1360 3590 personam
1397 3519 1466 3576 de
1512 3523 1786 3580 contrario

186 3613 459 3678 assumit,
506 3611 778 3669 venientis
826 3622 882 3669 et
923 3613 1193 3680 dicentis,
1226 3629 1333 3670 non
1373 3614 1572 3671 essein
1604 3616 1784 3680 nobis,

186 3719 275 3765 aut
302 3717 487 3775 recte,
520 3716 616 3764 aut
636 3707 840 3763 malum
867 3722 1051 3779 agere,
1076 3707 1172 3764 sed
1199 3708 1253 3764 in
1283 3707 1379 3764 Dei
1405 3708 1635 3765 arbitrio
1654 3724 1787 3766 con-

188 3804 442 3875 stitutum
473 3820 484 3856 :
538 3802 628 3872 qui
659 3800 818 3870 cujus
843 3802 998 3868 vult,
1049 3803 1371 3866 miseretur,
1405 3810 1461 3857 et
1486 3816 1646 3872 quem
1672 3803 1787 3858 vult

187 3891 429 3949 indurat.
484 3892 659 3947 Homo
707 3901 765 3947 tu
819 3890 941 3962 quis
976 3905 1038 3948 es
1084 3891 1176 3963 qui
1227 3891 1573 3947 contradicas
1620 3893 1786 3949 Deo?

184 3984 456 4057 Numquid
489 3984 623 4040 dicit
652 3984 967 4056 ﬁgmentum
997 3983 1077 4050 ei,
1108 3982 1202 4055 qui
1229 3999 1291 4040 se
1314 3983 1492 4051 ﬁnxit,
1527 3984 1670 4051 Quid
1696 4001 1785 4043 me

186 4076 365 4132 fecisti
396 4076 516 4131 sic?
562 4075 713 4131 Nunc
752 4074 1043 4144 Apostolus
1079 4074 1542 4145 contradicentem
1566 4076 1666 4132 sibi
1695 4092 1786 4134 su-

186 4168 372 4238 perius
412 4167 694 4239 increpat,
739 4165 1035 4223 ostendens
1076 4168 1179 4222 hoc
1219 4168 1429 4238 ipsum,
1458 4169 1601 4239 quod
1627 4169 1780 4225 dicit.

184 4260 350 4330 Cujus
376 4259 512 4327 vult,
543 4259 851 4323 miseretur,
880 4267 936 4314 et
955 4274 1116 4330 quem
1146 4258 1261 4314 vult
1290 4260 1507 4315 indurat
1533 4277 1546 4315 :
1577 4269 1633 4315 et
1652 4260 1781 4332 quid

182 4353 371 4408 adhuc
400 4351 683 4423 queritur?
729 4351 998 4407 Voluntati
1031 4351 1179 4406 enim
1212 4350 1330 4421 ejus
1359 4352 1484 4422 quis
1519 4353 1781 4408 resisrere

184 4443 428 4515 poterit?
466 4442 547 4499 Ex
576 4446 677 4498 hoc
708 4443 871 4514 igitur
898 4442 1239 4498 demonstrat
1263 4458 1386 4497 cum
1424 4457 1545 4498 esse
1578 4442 1783 4515 proprii

182 4537 439 4607 arbitrii,
490 4536 573 4593 vel
619 4536 949 4601 voluntatis,
982 4534 1124 4606 quod
1155 4535 1199 4589 si
1244 4545 1302 4589 ut
1348 4533 1449 4605 ipsi
1472 4535 1780 4590 econtrario

1890 3324 2048 3384 Unde
2094 3335 2243 3380 recte
2282 3337 2514 3395 arguens
2542 3322 2659 3392 ejus
2687 3322 3140 3392 imprudentiam,
3174 3324 3303 3381 dicit
3336 3344 3348 3379 :
3397 3326 3480 3382 Tu

1889 3419 2010 3489 quis
2035 3432 2095 3474 es
2118 3458 2134 3484 ,
2168 3416 2259 3488 qui
2305 3414 2641 3486 respondeas
2671 3413 2831 3469 Deo?
2867 3414 2969 3484 Qui
3012 3416 3157 3470 enim
3201 3431 3231 3471 a
3262 3416 3375 3473 Deo
3404 3419 3489 3474 in-

1888 3514 2113 3570 duratus
2160 3519 2244 3567 est
2268 3555 2283 3579 ,
2315 3508 2458 3565 sicut
2496 3519 2552 3564 tu
2596 3508 2761 3573 dicis,
2790 3510 3172 3566 contradicere
3202 3525 3303 3567 suo
3331 3526 3487 3568 crea-

1888 3605 1993 3662 tori
2021 3619 2130 3660 non
2160 3611 2379 3674 potest,
2412 3602 2566 3673 quasi
2598 3617 2707 3658 non
2740 3601 2950 3659 habens
2979 3605 3259 3675 propriam
3288 3606 3486 3663 volun-

1891 3706 2081 3765 tatem,
2096 3696 2234 3752 sicut
2257 3704 2313 3751 et
2334 3695 2531 3765 lutum,
2554 3692 2891 3750 insensibilis
2913 3695 3162 3765 materia,
3189 3696 3365 3752 lictori
3385 3714 3486 3753 suo

1890 3790 2222 3863 respondere
2245 3804 2352 3846 non
2378 3796 2558 3860 potest
2584 3832 2600 3859 ,
2633 3789 2758 3860 quia
2780 3788 2833 3844 in
2862 3797 3133 3859 potestate
3158 3789 3307 3862 ﬁguli
3339 3790 3485 3863 posi-

1891 3894 2002 3942 tum
2027 3895 2134 3943 est.

1964 3976 2009 4031 0
2048 3975 2203 4030 homo
2225 4017 2240 4043 ,
2286 3982 2341 4030 tu
2377 3975 2491 4046 quis
2515 3991 2609 4043 es,
2640 3976 2728 4047 qui
2764 3976 3078 4046 respondeas
3106 3977 3261 4033 Deo?
3311 3978 3485 4034 Nunt-

1838 4070 1841 4073 ’
1888 4070 2015 4141 quid
2044 4069 2170 4123 dicit
2199 4068 2504 4140 ﬁgmentum
2532 4069 2606 4136 ei,
2642 4069 2730 4139 qui
2761 4085 2817 4124 se
2836 4068 3011 4139 ﬁnxit,
3038 4070 3178 4135 Quid
3204 4087 3285 4126 me
3314 4075 3487 4144 fecisti

1885 4164 2004 4221 sic?
2047 4162 2380 4231 Quibusdam
2408 4162 2646 4228 videtur,
2695 4171 2751 4217 et
2777 4161 2883 4218 huc
2924 4160 3101 4219 adhuc
3131 4179 3198 4220 ex
3238 4165 3481 4236 ipsorum

1886 4270 2115 4327 persona
2128 4254 2332 4321 dicere,
2354 4254 2480 4325 quia
2503 4254 2680 4325 ipsum
2693 4264 2776 4311 est
2808 4254 3009 4325 dicere,
3027 4255 3296 4312 nemiuem
3323 4274 3485 4329 posse

1887 4347 2265 4404 contradicere
2290 4346 2553 4402 voluntati
2584 4346 2679 4402 Dei
2720 4346 2941 4402 alterius
2969 4346 3281 4405 miserentis
3301 4393 3316 4418 ,
3347 4351 3486 4407 altc-
3530 4382 3545 4391 -

1887 4460 2009 4499 rum
2053 4440 2358 4498 indurantis
2387 4482 2401 4505 ,
2452 4452 2507 4497 et
2551 4439 2754 4496 addere
2793 4441 3065 4497 neminem
3104 4442 3217 4499 Deo
3247 4460 3482 4518 respon-

1888 4536 2037 4592 dere.
2097 4534 2328 4602 Quidam
2358 4548 2488 4589 vero
2515 4532 2700 4589 dicunt
2724 4534 2838 4603 jam
2876 4533 3006 4590 hinc
3041 4534 3367 4607 Apostolum
3396 4554 3486 4594 re—

184 4629 418 4686 veniens
447 4622 617 4683 dicit‘:
646 4626 816 4699 Cujus
848 4628 982 4692 vult,
1013 4627 1308 4683 miseretur
1340 4627 1512 4690 Deus,
1540 4636 1596 4683 et
1620 4644 1782 4698 quem
1810 4607 1862 4669 Ι)
1891 4627 2165 4698 Spondere
2192 4670 2208 4696 ,
2261 4627 2403 4699 quod
2452 4626 2616 4682 etiam
2659 4627 2703 4681 si
2747 4625 2820 4681 ita
2849 4637 3035 4694 esset,
3086 4638 3144 4683 ut
3173 4628 3253 4684 illi
3279 4633 3486 4686 calum-

185 4721 297 4776 vult
345 4719 604 4776 indurat:
654 4720 784 4774 nihil
818 4720 1035 4785 diﬁert,
1076 4719 1221 4791 quod
1269 4719 1465 4787 ﬁgulus
1506 4729 1701 4775 tractat
1727 4721 1781 4776 in

185 4813 442 4869 manibus
462 4854 478 4881 ,
524 4813 669 4884 quod
700 4812 931 4885 ﬁngendi
963 4829 1027 4869 ex
1057 4828 1119 4869 se
1158 4828 1253 4867 vas
1280 4812 1479 4883 aliquid
1509 4814 1784 4869 contradi-

184 4923 311 4964 cere
344 4923 455 4963 non
488 4914 696 4978 potest,
727 4907 858 4978 quid
885 4922 949 4963 ex
975 4923 1041 4963 eo
1065 4907 1179 4961 vult
1205 4906 1421 4962 efﬁcere
1447 4923 1461 4972 ;
1487 4906 1573 4961 bic
1601 4917 1779 4963 autem

185 5002 238 5057 in
269 5017 339 5059 eo
372 5002 426 5057 in
458 5016 565 5075 quo
594 5001 954 5069 contradicit,
981 5002 1231 5071 queritur
1252 5000 1322 5056 de
1351 5000 1445 5056 Dei
1476 5000 1779 5071 voluntate,

184 5095 431 5153 ostendit
466 5095 620 5151 liberi
660 5110 782 5151 esse
816 5094 1070 5151 arbitrii:
1103 5094 1195 5165 qui
1225 5092 1387 5149 audet
1416 5092 1485 5149 de
1517 5092 1612 5149 Dei
1640 5094 1785 5165 judi-

185 5189 274 5245 cio
303 5197 625 5246 retractare.
677 5186 810 5244 Item
850 5188 897 5243 si
934 5201 1040 5243 non
1079 5194 1163 5242 est
1186 5186 1423 5241 volentis
1449 5202 1627 5258 neque
1654 5201 1781 5243 cur-

186 5283 386 5349 rentis,
415 5292 473 5339 ut
496 5282 719 5353 quidam
750 5288 977 5353 putant,
997 5298 1167 5352 quare
1200 5282 1313 5351 ipse
1333 5283 1525 5346 currit,
1557 5280 1781 5337 dicens:

184 5375 423 5431 Cursum
448 5375 849 5443 consummavi,
881 5375 945 5429 Et
967 5374 1126 5442 alios,
1158 5384 1215 5428 ut
1245 5382 1550 5439 currerent,
1584 5374 1787 5428 adhor-

187 5475 335 5523 tatus
360 5476 466 5533 est,
494 5466 715 5523 dicens:
745 5467 835 5524 Sic
859 5467 1083 5533 currite,
1113 5477 1172 5521 ut
1201 5482 1390 5522 omnes
1422 5466 1784 5536 comprehcn-

186 5559 356 5615 datis.
390 5559 545 5617 Unde
572 5560 908 5630 intelligitur,
957 5561 1081 5629 quia
1106 5558 1191 5613 hic
1222 5558 1609 5631 interrogantis
1642 5573 1783 5615 voce

187 5651 387 5719 utitur,
418 5658 475 5706 et
502 5651 879 5721 redarguentis
912 5650 1093 5721 potius
1124 5666 1282 5721 quam
1312 5652 1583 5722 negantis.

263 5741 409 5797 Dicit
436 5745 570 5799 enim
602 5744 883 5815 Scriptura
910 5743 1219 5801 Pharaoni:
1245 5744 1383 5811 Quia
1418 5746 1470 5799 in
1497 5746 1593 5799 hoc
1615 5745 1786 5816 ipsum

189 5836 416 5891 excitaui
461 5845 509 5892 te
532 5877 547 5907 ,
598 5845 653 5891 ut
687 5836 956 5894 ostendant
984 5837 1039 5891 in
1066 5846 1114 5893 te
1155 5836 1395 5893 virtutem
1424 5853 1590 5893 meum
1610 5881 1625 5909 ,
1655 5848 1700 5893 et
1731 5846 1785 5891 ut

1892 4724 2133 4789 niantur,
2170 4737 2275 4779 non
2303 4720 2506 4777 debere
2535 4734 2632 4777 eos
2656 4736 2756 4775 suo
2786 4721 3130 4792 respondere
3157 4723 3349 4781 lactori
3378 4742 3392 4780 :
3416 4741 3483 4780 eo

1891 4814 2035 4887 quod
2089 4814 2226 4870 tales
2266 4813 2424 4869 simul
2467 4814 2533 4867 ad
2571 4815 3038 4883 comparationem
3079 4814 3196 4883 Dei,
3228 4818 3385 4887 quale
3412 4816 3480 4871 ad

1891 4922 2047 4963 suum
2078 4916 2161 4963 est
2187 4906 2288 4962 luti
2319 4906 2585 4961 artiﬁcem
2612 4905 2954 4977 ﬁgmentum.
2988 4906 3045 4962 In
3068 4907 3262 4964 Graeco
3289 4908 3477 4977 habet,

1888 5007 2124 5074 μενοῦνγε
2158 4996 2197 5053 ὦ
2222 4997 2455 5077 ἄνθρωπε
2474 5039 2488 5063 ,
2520 4998 2665 5069 quod
2690 5010 2805 5065 eSt,
2836 5014 2869 5053 ο
2896 4999 3061 5055 homo
3093 5009 3242 5055 tanto
3271 5001 3473 5071 magis!

1960 5092 2147 5146 Annon
2172 5091 2324 5146 habet
2345 5100 2646 5162 potestatem
2676 5091 2872 5163 figulus
2896 5092 2991 5146 luti
3018 5108 3083 5147 ea:
3109 5092 3286 5146 eadem
3312 5110 3486 5147 massa

1888 5186 2059 5257 facere
2085 5185 2233 5239 aliud
2243 5185 2453 5256 quidem
2477 5202 2564 5239 cas
2592 5185 2645 5238 in
2673 5185 2942 5248 honorem,
2959 5183 3106 5237 aliud
3130 5200 3250 5238 vero
3282 5186 3336 5240 in
3361 5203 3489 5241 con-

1890 5277 2201 5332 tumeliam?
2244 5276 2555 5332 Secundum
2584 5276 2716 5343 bos,
2757 5276 2848 5346 qui
2890 5276 3006 5330 haec
3035 5274 3203 5331 verba
3232 5276 3483 5349 Apostoli

1890 5368 2115 5435 dicunt,
2145 5382 2381 5424 massam
2409 5367 2542 5423 dicit
2568 5382 2759 5423 omnes
2790 5366 2843 5422 in
2873 5365 3111 5438 Egypto
3138 5383 3486 5426 commoran-

1893 5469 1975 5516 tes
2006 5479 2017 5512 :
2048 5460 2174 5531 quia
2198 5470 2253 5516 et
2278 5459 2443 5515 Israel
2473 5460 2545 5515 ibi
2575 5459 2733 5514 idolis
2755 5458 3113 5516 desert/ierat.

1964 5554 2119 5622 Quod
2156 5555 2200 5608 si
2232 5553 2370 5609 Deus
2410 5553 2586 5608 uolens
2628 5552 2894 5609 ostendere
2922 5556 3057 5610 iram
3076 5597 3093 5623 ,
3124 5564 3172 5612 et
3202 5566 3377 5611 nolam
3404 5555 3485 5625 fa-

1888 5665 2002 5706 cere
2022 5648 2309 5721 potentiam
2349 5662 2520 5701 suam.
2579 5644 2717 5714 Quia
2759 5646 2907 5703 illum
2943 5648 3036 5704 diu
3062 5650 3317 5705 sustinuit
3340 5647 3487 5704 blas-

1889 5740 2274 5811 phemantem,
2307 5746 2361 5795 et
2388 5736 2647 5807 populum
2685 5752 2846 5796 suum
2874 5740 3041 5795 variis
3064 5740 3319 5812 operibus
3345 5740 3485 5796 alﬁi-

1888 5842 2132 5909 gentem.
2196 5833 2473 5892 Prmterea
2502 5834 2649 5903 quod
2679 5832 2960 5892 innoxiam
2988 5843 3205 5893 aetatem
3235 5832 3488 5906 parvulu-
