3970 6304
541 295 641 353 691
1575 288 1634 345 S.
1679 286 2061 345 lllEllONYMI
2100 288 2120 345 (

2229 288 2384 345 LRUM
2427 288 2788 348 MANTISSA.
3508 290 3511 293 ’
3667 305 3741 363 692

532 407 659 468 rum
700 410 997 467 crudeliter
1033 408 1274 478 jusserat
1314 418 1562 461 enecare.
1633 405 1763 459 ltent
1808 413 2129 474 competens
2160 403 2205 465 Α
2236 403 2384 472 ponit
2412 422 2423 456 :
2454 404 2574 475 quia
2608 412 2861 474 poterant
2890 403 3107 471 dicere,
3137 405 3183 461 si
3216 421 3321 461 non
3353 417 3429 463 est
3451 410 3512 464 ita
3534 454 3547 479 ,
3575 426 3624 470 ut
3648 418 3745 475 die}-

540 520 864 576 responsum
892 520 907 560 :
935 498 1058 573 quia
1086 499 1366 570 patientia,
1393 507 1446 553 et
1471 498 1589 568 ejus
1616 497 1835 553 bonitas
1865 496 1990 553 facit
2012 510 2131 566 eos,
2239 510 2359 550 mus
2384 536 2399 558 ,
2447 498 2571 566 quia
2616 511 2722 551 non
2769 505 2851 551 est
2893 496 3126 552 volentis
3154 512 3327 568 neque
3351 504 3620 559 currentis:
3648 525 3746 579 quo.

541 601 631 671 qui
667 598 939 669 prum“...
988 595 1186 648 habent,
1226 592 1563 647 voluntatem
1598 589 1835 655 vivendi,
1862 590 1975 653 sive
2006 604 2132 644 vasa
2240 586 2405 643 modo
2436 598 2624 658 gentes
2658 588 2987 644 invenerunt
3009 590 3305 659 justitiam,
3345 608 3490 661 quam
3518 610 3746 671 numquam

538 696 657 759 irae,
685 689 800 745 sive
825 683 1235 742 misericordite.
1398 736 1403 743 ,
2238 690 2394 735 antea
2427 681 2780 752 qumsierunt.
2834 681 2999 736 Israel
3044 698 3170 737 vero
3201 698 3444 753 qntcrens
3483 702 3661 759 semper
3687 693 3749 761 ju-

614 782 873 838 Sustinuit
903 781 955 833 in
984 778 1148 832 multa
1174 774 1427 850 patientia
1450 793 1572 829 rasa
1601 776 1723 838 iras,
1754 785 1877 847 apta
1907 773 1959 828 in
1991 777 2132 828 inte-
2235 776 2470 841 stitiam,
2504 789 2609 829 nun
2640 776 2812 846 potuit
2848 774 3130 831 invenire?
3165 776 3222 831 Si
3255 793 3384 831 vero
3408 788 3537 834 tctus
3560 786 3749 852 superior

541 876 719 927 ritum.
752 868 1031 941 Ιιιιριιιιιάο
1080 881 1299 941 peccata
1348 862 1478 934 sua,
1511 884 1636 923 vasa
1677 866 1773 922 ira:
1812 867 1970 936 digna
2007 872 2135 923 sunt
2238 880 2435 921 sensus
2479 867 2979 922 contradicentibus
3028 868 3331 937 applicatur
3366 885 3378 922 :
3410 868 3489 924 hic
3518 876 3749 942 respondet

538 966 685 1031 lacti,
711 978 759 1019 et
791 981 819 1019 a
847 964 1158 1030 semetipsis
1189 961 1253 1017 ad
1284 962 1563 1017 interitum
1593 967 1915 1032 prarparata.
2236 958 2531 1026 Apostolus
2581 969 2633 1014 et
2674 958 2931 1024 breviter,
2978 958 3301 1030 recapitulat
3333 966 3669 1031 qttarstiuncm,
3695 969 3751 1021 di-

617 1061 685 1117 Ut
708 1062 996 1115 ostenderet
1023 1059 1230 1113 divitias
1261 1056 1445 1128 gloria:
1471 1074 1578 1112 sua:
1608 1056 1809 1110 invasa
1838 1056 2131 1110 misericor-
2236 1065 2401 1107 cens:
2437 1051 2572 1119 Quid
2597 1069 2724 1123 ergo
2749 1051 2994 1110 dicemus
3026 1054 3090 1109 ad
3125 1070 3182 1108 ea
3203 1095 3219 1121 ,
3280 1070 3395 1123 qua:
3427 1056 3567 1112 ttubis
3591 1058 3750 1128 objecta

536 1158 660 1222 dia),
692 1172 806 1227 qua:
830 1153 1143 1226 prmpararit
1186 1151 1239 1204 in
1267 1152 1511 1223 gloriam.
1540 1146 1696 1219 Digni
1728 1156 1882 1203 erant
1922 1146 2133 1203 miseri-
2236 1152 2383 1213 sunt,
2403 1142 2504 1199 nisi
2531 1147 2650 1214 quia
2677 1156 2866 1217 gentes
2897 1157 3104 1202 vocatze
3135 1145 3504 1203 crediderunt:
3527 1158 3573 1205 et
3593 1151 3751 1207 illicrc-

536 1251 718 1307 cordia
757 1267 771 1302 :
808 1248 927 1319 quia
975 1258 1029 1302 et
1072 1249 1280 1303 minora
1327 1243 1747 1312 commiserant,
1797 1253 1849 1299 et
1888 1244 2134 1316 graviter
2235 1235 2370 1294 dere
2403 1238 2723 1295 nolnenunt.

538 1346 754 1398 fuerant
780 1340 984 1395 amicti.
2303 1325 2573 1386 Justitiam
2600 1342 2788 1400 autent,
2829 1350 2947 1407 quin
2984 1350 3047 1389 ea:
3088 1334 3191 1405 ﬁde
3230 1344 3323 1390 est.
3354 1332 3484 1403 Quia
3510 1335 3684 1407 justitia
3707 1355 3753 1396 ex

614 1436 759 1503 Quos
788 1444 834 1487 et
878 1434 1073 1487 vocavit
1105 1476 1119 1501 ,
1168 1448 1274 1488 non
1318 1431 1489 1487 solum
1519 1447 1583 1486 ea:
1608 1426 1831 1498 Iudicis,
1862 1427 1953 1483 sed
1975 1428 2131 1483 etiam
2235 1421 2339 1478 lide
2368 1432 2471 1488 est,
2504 1424 2590 1479 cui
2624 1424 2699 1480 illi
2730 1426 2959 1483 credere
2992 1428 3301 1483 noluerunt.

537 1547 600 1585 εχ
653 1530 910 1599 ρεηιῑιηιε,
975 1527 1110 1593 Quia
1162 1538 1218 1581 οι
1261 1537 1389 1582 ωηο
1438 1523 1695 1597 aliquanti
1742 1520 2130 1597 Egypiiorum
2306 1514 2478 1570 Israel
2507 1534 2623 1571 vero
2660 1520 2901 1573 sectanda
2948 1518 3109 1591 legem
3134 1522 3371 1593 justitite,
3402 1523 3450 1576 in
3480 1522 3617 1595 legem
3637 1528 3754 1598 justi-

537 1623 784 1676 exierant
810 1660 823 1684 ,
857 1636 979 1673 cum
1012 1619 1135 1673 {iliis
1171 1616 1337 1675 Israel
1363 1660 1379 1685 ,
1426 1614 1569 1688 quod
1599 1617 1642 1672 si
1678 1616 1815 1671 Deus
1842 1632 2129 1686 personam
2234 1607 2318 1661 ιῖίυ
2344 1624 2443 1661 ηοη
2468 1610 2715 1681 rem"?!-
2744 1610 2950 1677 ΩιιανεῩ
2975 1611 3108 1679 Ωιιία
3132 1628 3230 1666 ηοη
3260 1628 3325 1666 επ
3347 1613 3465 1681 ﬁde.
3486 1617 3566 1667 εεά
3584 1617 3759 1685 quasiet

536 1713 829 1783 acciperet,
856 1711 1003 1765 solus
1039 1710 1198 1765 Israel
1229 1709 1409 1765 debuit
1446 1709 1646 1764 habere
1676 1707 1931 1763 salutem.
1974 1704 2051 1761 lta
2077 1716 2130 1761 et
2235 1699 2489 1770 operibus.
2521 1697 2721 1756 Reddit
2755 1717 2966 1766 causas,
2998 1718 3164 1773 quare
3197 1719 3304 1758 non
3334 1703 3615 1759 invenerint
3640 1704 3760 1774 justi-

538 1820 682 1860 nunc
713 1821 817 1859 non
850 1802 1027 1858 solum
1057 1802 1275 1858 Judaaos
1301 1847 1316 1870 ,
1363 1800 1460 1857 sed
1501 1803 1665 1856 etiam
1697 1810 1885 1869 gentes
1918 1799 2127 1854 vocavit
2163 1792 2205 1851 Β
2236 1793 2364 1848 tiam
2397 1810 2411 1847 :
2441 1792 2564 1864 quia
2600 1794 2737 1850 falso
2767 1796 2817 1850 in
2851 1797 3109 1866 operibus
3132 1798 3370 1866 gloriati,
3396 1799 3601 1855 credere
3621 1800 3764 1855 nolue-

534 1897 601 1951 ad
644 1896 823 1951 lidetu.
870 1895 1179 1951 Secundum
1231 1910 1327 1949 eos
1375 1903 1555 1947 autem
1582 1935 1597 1959 ,
1648 1892 1737 1964 qui
1773 1891 1887 1947 hrcc
1929 1909 2032 1947 non
2065 1908 2129 1947 ex

535 1986 816 2055 Apostoli,
866 1985 957 2041 sed
1003 2002 1069 2039 ex
1120 1985 1433 2041 Judtcorutn
1486 1998 1711 2053 pers'in't
1760 1980 1865 2037 dici
1900 1990 2127 2050 putant:

545 2076 838 2142 lntantum,
865 2076 1150 2148 inquiunt,
1183 2090 1317 2146 quos
1348 2072 1516 2129 voluit
1538 2116 1553 2140 ,
1580 2072 1845 2139 salvavit;
1880 2084 1937 2128 ιιι
1966 2073 2129 2129 etiam

534 2181 723 2236 gentes
752 2168 979 2237 elegerit
1011 2166 1331 2222 idololatras
1350 2209 1363 2231 ,
1387 2166 1478 2237 qui
1504 2182 1793 2238 numquam
1823 2167 2130 2221 servierant

535 2260 649 2317 Deo
676 2306 689 2330 ,
745 2270 798 2316 et
844 2276 908 2314 ex
944 2258 1108 2315 lsrael
1148 2273 1349 2330 paucos
1374 2268 1615 2325 vocaret,
1646 2258 1942 2314 secundum
1978 2258 2133 2314 testi-

536 2354 776 2407 monium
803 2350 975 2406 Isaitc.

611 2445 761 2501 Sicut
798 2449 848 2499 in
886 2445 1015 2501 Osee
1037 2444 1183 2500 dicit.
1211 2444 1329 2501 Non
1366 2445 1621 2517 populum
1647 2488 1661 2513 ,
1689 2443 1823 2500 duas
1850 2444 2019 2499 tribus
2042 2430 2129 2499 di:-

533 2539 606 2595 cit
632 2549 720 2595 tet
742 2557 847 2593 non
873 2538 1300 2595 misericm'diam
1321 2550 1693 2605 consecutam,
1718 2542 1904 2595 decem
1937 2540 2126 2596 tribus.

620 2632 819 2686 Vocabo
851 2649 951 2685 non
984 2631 1183 2702 plebem
1210 2649 1397 2698 meam,
1430 2632 1629 2706 plebem
1652 2649 1838 2688 meum.
1870 2632 1983 2687 Hoc
2006 2634 2130 2689 loco

532 2724 726 2781 ludum
760 2725 1051 2793 signiﬁcat.

607 2814 677 2872 Et
726 2834 832 2871 non
891 2818 1175 2885 dilectam,
1240 2817 1527 2872 dilectam:
1576 2827 1623 2871 et
1678 2835 1780 2871 non
1827 2817 2126 2873 misericor-

530 2911 674 2963 diam
702 2920 1052 2978 consecutam,
1084 2908 1503 2964 misericordiam
1530 2918 1878 2966 consecutam.
1912 2910 2130 2966 Israeli-

532 3004 700 3059 ticum
734 3003 1011 3074 populum.

606 3093 675 3148 Et
722 3095 818 3149 erit
859 3094 913 3149 in
961 3096 1073 3149 loco
1104 3095 1192 3149 ubi
1219 3096 1414 3150 dictum
1444 3107 1519 3151 est
1545 3096 1619 3150 eis
1646 3111 1665 3151 :
1695 3094 1812 3151 Non
1840 3097 1983 3169 plebs
2014 3114 2127 3153 mea

2237 1894 2387 1951 runt,
2434 1886 2585 1955 quasi
2617 1887 2882 1955 justitiam
2930 1890 3160 1958 gratiam
3203 1900 3515 1961 reputantes
3541 1937 3553 1961 ,
3583 1892 3759 1947 dicens:

2235 1978 2489 2048 quoniam
2521 1980 2757 2049 pepulus
2788 1979 3099 2036 ludreornm
3129 1996 3189 2035 ex
3221 1983 3477 2055 operibus
3504 1983 3621 2053 legis
3644 1982 3763 2054 justi-

2236 2072 2387 2130 licari
2440 2089 2500 2131 se
2550 2085 2763 2146 putans,
2793 2077 2845 2131 in
2873 2075 3048 2148 legem
3071 2077 3322 2148 justitite,
3353 2078 3406 2133 id
3436 2088 3533 2145 est,
3561 2078 3617 2133 ad
3644 2077 3762 2133 iidem

2232 2165 2435 2224 Christi
2464 2167 2813 2235 dedignanda
2843 2186 2949 2245 non
2980 2172 3153 2239 potuit
3186 2171 3488 2240 pervenire.

2310 2260 2654 2329 Olfendertmt
2691 2263 2827 2317 enim
2850 2264 2903 2317 in
2927 2265 3153 2332 lapident
3185 2261 3517 2332 offensionis,
3544 2264 3655 2319 sicut
3676 2265 3766 2317 srri-

2233 2362 2376 2424 ptum
2402 2363 2474 2407 est
2526 2370 2542 2407 :
2591 2351 2727 2407 Ecce
2777 2356 2993 2425 ponoin
3040 2354 3170 2409 Sion
3226 2355 3453 2426 lapidem
3504 2354 3766 2426 oﬂensionis,

2232 2455 2283 2501 et
2310 2456 2511 2516 petram
2549 2448 2801 2503 scandali.
2831 2451 2933 2517 Qui
2966 2449 3112 2504 videt
3135 2450 3392 2518 lapidem,
3421 2466 3520 2505 non
3552 2448 3763 2503 oﬂ'endit:

2232 2539 2322 2606 qui
2353 2547 2532 2593 autem
2563 2551 2862 2605 excusem,
2882 2539 3152 2612 impingit.
3180 2542 3336 2610 Quod
3358 2542 3573 2613 contigit
3592 2539 3767 2603 inda-is,

2233 2642 2372 2699 quos
2401 2644 2496 2685 sua
2529 2630 2730 2687 malitia
2759 2634 3062 2690 esca-cavit
3092 2653 3103 2689 :
3138 2646 3190 2691 et
3218 2635 3495 2691 Christum
3523 2652 3617 2689 non
3643 2648 3771 2702 agno

2238 2731 2456 2777 sccntes
2487 2722 2900 2780 cruciﬁxerunt.
2936 2726 3041 2783 Sed
3079 2737 3135 2781 et
3176 2726 3383 2783 idcirco
3417 2725 3543 2797 lapis
3570 2725 3771 2783 ollensio-

2233 2815 2341 2878 nis,
2373 2824 2427 2868 et
2457 2825 2609 2885 pctta
2635 2815 2877 2871 scandaii
2901 2860 2915 2883 ,
2950 2819 3241 2888 pradictus
3272 2830 3357 2875 est
3384 2820 3619 2875 Christus
3645 2836 3656 2872 :
3680 2816 3771 2886 quia

2233 2905 2387 2959 multi
2420 2905 2471 2959 in
2506 2906 2784 2963 nativilate
2829 2907 2944 2977 ejus
2990 2919 3043 2965 et
3091 2911 3347 2981 passione
3386 2911 3674 2967 scandalum
3699 2922 3771 2978 pa-

2233 2995 2470 3067 tiuntur,
2505 3001 2645 3055 sicut
2685 3002 2947 3072 scriptum
2981 3015 3063 3059 est
3098 3022 3108 3057 :
3141 3005 3275 3073 Quia
3322 3004 3777 3062 scandalizabuntur

2234 3092 2287 3147 in
2334 3109 2423 3149 eo.
2473 3093 2538 3147 Et
2570 3092 2868 3166 Apostolus
2900 3100 2996 3164 ait,
3023 3096 3303 3154 Christum
3348 3100 3675 3161 crucilixntn,
3700 3093 3772 3150 lti-

535 3204 643 3242 vos.
686 3186 892 3243 Gentes
922 3189 1260 3243 demonstrat
1287 3186 1340 3242 in
1364 3187 1577 3243 Christo
1607 3188 1911 3245 ereditnras
1942 3207 1956 3249 :
1984 3191 2125 3247 sicut
2153 3181 2198 3246 C
2228 3184 2360 3240 ditiis
2385 3186 2724 3256 scandalum,
2756 3190 3007 3259 gentibus
3049 3190 3334 3245 stultitiam
3368 3209 3379 3244 :
3413 3191 3543 3262 ipsis
3569 3202 3683 3244 vero
3703 3200 3779 3240 το-

535 3283 587 3337 iu
634 3280 921 3350 Evangelia
972 3280 1231 3336 Dominus
1268 3296 1366 3352 per
1398 3281 1707 3352 parabolam
1738 3280 1992 3353 loquitur,
2028 3298 2125 3339 nu-

532 3373 685 3443 ptiali
717 3388 870 3429 caena
901 3373 1061 3443 facta,
1086 3390 1208 3428 cum
1233 3372 1399 3430 Israel
1427 3375 1614 3429 venire
1638 3374 1924 3447 noluisset,
1950 3385 2005 3432 et
2028 3390 2126 3447 pro

536 3465 656 3536 ipso
684 3476 873 3537 gentes
903 3477 1183 3521 vocantur.

605 3557 689 3612 Ibi
720 3556 1032 3613 vocabuntur
1063 3559 1161 3627 ﬁlii
1194 3554 1288 3614 Dei
1323 3559 1440 3613 vivi.
1497 3558 1851 3616 Vocationcm
1881 3560 2123 3633 gentium

530 3650 815 3720 signiﬁcat.

604 3742 777 3799 Isaias
813 3754 982 3799 autem
1004 3745 1190 3799 clamat
1214 3762 1308 3817 pro
1342 3743 1534 3801 Israel.
1568 3744 1997 3807 Communicatio
2028 3764 2126 3820 pro

531 3839 665 3909 ipsis
695 3853 817 3894 esse
856 3849 1209 3894 monstratur.

604 3931 667 3987 Si
695 3932 850 4001 fuerit
898 3948 1138 3985 numerus
1169 3931 1398 3999 ﬁliorum
1424 3931 1627 4001 Israel,
1676 3945 1937 4006 tamquam
1966 3956 2124 3995 arena

532 4024 691 4079 maris
736 4022 964 4095 reliquias
1005 4027 1157 4079 salva:
1192 4025 1336 4091 fient.
1382 4026 1709 4084 Paucitaletn
1740 4044 1926 4085 eorum
1944 4032 2124 4087 credi-

532 4129 642 4174 tam
672 4134 792 4174 csse
825 4118 1181 4174 demonstrat.

609 4213 829 4267 Verbum
870 4214 1007 4266 enim
1032 4230 1395 4268 consummans
1420 4259 1434 4281 ,
1468 4223 1516 4269 et
1556 4217 1858 4272 abbrevians
1888 4220 1942 4275 in
1962 4198 2124 4292 tequi-

530 4316 673 4371 tate,
717 4307 838 4378 quia
890 4306 1093 4360 verbum
1137 4307 1421 4361 breviatum
1472 4308 1627 4377 faciet
1674 4308 1929 4368 Dominus
1966 4329 2122 4379 super

540 4410 747 4451 terram.
812 4398 1046 4452 llistoria
1095 4397 1193 4453 hos
1226 4399 1386 4455 habet
1416 4415 1610 4456 sensus
1644 4420 1655 4455 :
1692 4404 1843 4458 Sicut
1870 4421 1970 4475 ego
1999 4424 2122 4463 ver—

528 4492 655 4545 bum
702 4491 958 4546 abbrevio
1000 4500 1054 4547 et
1096 4492 1204 4547 cito
1253 4492 1453 4548 definio
1501 4513 1514 4549 :
1562 4496 1633 4549 ita
1666 4494 1806 4551 Deus
1839 4499 1942 4553 hoc
1970 4503 2116 4556 omni

2229 3280 2386 3342 catis,
2437 3279 2714 3336 Christum
2771 3280 2865 3337 Dei
2914 3281 3177 3337 virtutem
3226 3290 3284 3338 et
3342 3282 3437 3339 Dei
3486 3282 3773 3353 sapientiam.

2229 3369 2386 3427 Unde
2413 3380 2468 3428 et
2492 3372 2579 3428 hic
2604 3375 2850 3441 sequitur
2881 3393 2893 3427 :
2924 3374 3024 3442 Qui
3051 3374 3225 3430 credit
3258 3376 3312 3430 in
3346 3392 3435 3440 eo,
3467 3390 3568 3429 non
3596 3371 3779 3427 contun-

2228 3461 2403 3518 detur.
2454 3464 2648 3520 Petrus
2680 3482 2895 3537 quoque
2926 3466 3078 3532 dicit,
3127 3467 3269 3536 quod
3303 3466 3636 3523 credentibus
3672 3463 3776 3531 lapis

2228 3559 2436 3615 electus
2466 3561 2537 3615 sit
2558 3559 2836 3631 angularis
2868 3578 2881 3615 :
2915 3560 3214 3616 incredulis
3246 3577 3379 3619 vero
3401 3558 3710 3617 oll'ensiouis.

2302 3648 2371 3704 Et
2413 3652 2576 3706 omnis
2604 3653 2690 3721 qui
2716 3652 2875 3706 credit
2899 3652 2952 3706 in
2984 3669 3120 3719 eum,
3164 3669 3265 3707 non
3310 3653 3661 3723 confundetur.
3688 3644 3776 3701 Non

2226 3743 2445 3800 Judtrus
2472 3745 2641 3809 solus,
2665 3744 2762 3800 sed
2790 3760 2983 3800 omnes
3015 3744 3306 3801 credentes
3338 3744 3395 3801 in
3428 3759 3513 3810 co,
3541 3757 3639 3797 non
3675 3752 3778 3794 con-

2227 3837 2520 3893 l‘undentur
2548 3838 2614 3893 de
2644 3838 2885 3908 pristinis
2915 3840 3149 3893 delictis.

2848 3910 3185 3985 caeur'x.

2302 4021 2513 4078 Fratres
2541 4041 2561 4080 .'
2598 4022 2858 4078 Voluntas
2879 4024 3084 4093 quidem
3107 4024 3281 4078 sordis
3303 4024 3408 4077 ηιτὶ
3430 4066 3443 4089 ,
3478 4032 3523 4076 et
3548 4013 3781 4074 obsecratio

2226 4117 2295 4171 ad
2326 4117 2490 4173 Deum
2523 4117 2580 4187 ﬁt
2610 4134 2701 4189 pro
2727 4116 2831 4172 illis
2853 4118 2904 4170 in
2936 4116 3173 4173 salutem.
3207 4115 3309 4171 Hic
3340 4130 3405 4172 se
3428 4112 3676 4172 ostendit,
3702 4122 3783 4161 non

2225 4211 2358 4269 solis
2387 4211 2564 4277 labiis,
2596 4208 2688 4265 Sed
2716 4222 2766 4265 et
2797 4212 2962 4265 corde
2990 4226 3086 4280 pro
3120 4208 3358 4266 inimicis
3395 4224 3577 4264 orare.

2296 4306 2668 4362 Testimonium
2697 4307 2835 4359 enim
2866 4305 3105 4376 perhibeo
3132 4304 3258 4364 illis.
3284 4307 3432 4376 quod
3456 4300 3788 4360 mulationem

2224 4400 2429 4471 quidem
2456 4394 2553 4453 Dei
2580 4398 2789 4464 ltabent,
2823 4399 2912 4453 sed
2942 4416 3045 4453 nou
3070 4399 3359 4453 secundum
3389 4397 3670 4454 scientiam.
3704 4389 3785 4445 lla-

2227 4496 2354 4551 bent
2384 4494 2664 4550 scientiam
2693 4495 2971 4549 sectanda:
3006 4479 3163 4564 legis,
3193 4495 3290 4549 sed
3342 4511 3460 4550 non
3501 4489 3787 4558 intelligunt.

527 4579 811 4634 velocitate
841 4582 1101 4649 perliciet.
1134 4581 1191 4637 In
1222 4584 1505 4653 prophetia
1535 4594 1712 4641 autem
1746 4588 1969 4644 verbum
1996 4591 2118 4646 brc-
2153 4578 2199 4639 D
2225 4591 2348 4660 quia
2381 4588 2629 4643 Chri>tus
2676 4588 2975 4643 secundum
3010 4589 3185 4659 legem
3215 4588 3396 4643 venit.
3457 4589 3525 4642 tit
3561 4587 3673 4657 quia
3716 4594 3790 4649 Ρετ

526 4672 754 4737 viatum,
796 4686 991 4726 novum
1033 4672 1444 4729 Testamentum
1474 4678 1777 4747 accipitur:
1812 4682 1935 4749 quia
1966 4680 2020 4737 in
2050 4699 2118 4739 eo

524 4762 765 4818 breviter
794 4763 1185 4831 comprehensa
1215 4775 1341 4821 sunt
1367 4767 1546 4823 omnia
1579 4779 1629 4824 et
1655 4771 1861 4826 clausa.

595 4856 665 4910 Et
693 4857 823 4910 sicut
854 4855 1095 4923 prtedixit
1126 4855 1316 4913 Isaias.
1364 4859 1507 4916 Bene
1530 4860 1787 4933 praedixit
1812 4863 1985 4933 :‘quia
2023 4878 2115 4920 su-

520 4952 702 5021 perius
732 4950 992 5019 scriptum
1024 4959 1126 5005 cst.

593 5041 715 5096 Nisi
735 5038 988 5095 Dominus
1021 5042 1251 5097 Sabaoth
1278 5043 1565 5115 reliquisset
1590 5047 1739 5100 nobis
1763 5062 1956 5115 semen,
1981 5049 2111 5105 sicut

524 5135 752 5190 Sodoma
781 5136 903 5207 facti
935 5151 1178 5201 essemus,
1207 5144 1254 5188 et
1276 5136 1413 5190 sicut
1443 5134 1735 5192 Gomorrha
1756 5139 1951 5195 similes
1978 5142 2111 5211 [uis-

517 5246 704 5283 scmus.
731 5224 864 5295 Quia
896 5244 1002 5284 non
1022 5237 1108 5284 est
1138 5243 1332 5298 passus
1358 5240 1559 5297 paucos
1584 5230 1761 5300 justos
1786 5234 1960 5301 perire
1986 5248 2107 5289 cum

518 5322 865 5377 multitudine
902 5321 1192 5391 impiorum
1226 5322 1278 5377 in
1314 5322 1450 5389 ﬁde,
1483 5325 1581 5379 nisi
1612 5340 1797 5381 semen
1833 5324 2106 5383 Abraham

516 5413 768 5469 Christus
792 5413 978 5470 fuisset
1008 5415 1207 5472 tnissus
1231 5415 1297 5471 ad
1332 5416 1588 5487 populum
1620 5418 1986 5491 liberandum,
2017 5424 2106 5495 qui

511 5508 830 5564 corruisset.

587 5602 726 5670 Quid
748 5618 871 5674 ergo
901 5601 1149 5669 dicemus,
1179 5606 1318 5677 quod
1348 5617 1539 5677 gentes,
1573 5625 1689 5674 quce
1717 5627 1815 5665 non
1841 5613 2105 5668 sectaban-

511 5708 594 5751 tur
618 5698 896 5768 justitiam,
926 5698 1373 5765 apprebcnderunt
1394 5702 1679 5772 justitiam.
1726 5701 1780 5759 Si
1814 5707 2099 5774 superiora

506 5803 578 5853 ex
624 5804 854 5867 persona
897 5789 1149 5866 Apostoli
1186 5789 1458 5865 dicuntur,
1500 5791 1590 5851 hic
1614 5793 1719 5853 sibi
1748 5796 1945 5855 iterum
1971 5813 2100 5883 pro-

2223 4684 2395 4752 legem
2422 4683 2708 4752 justiticari
2739 4701 2844 4737 non
2891 4692 3117 4753 possunt
3148 4702 3161 4737 :
3196 4684 3583 4751 periclitantur
3613 4689 3789 4736 revera.

2220 4775 2265 4828 si
2288 4775 2406 4830 sine
2432 4775 2657 4829 scientia
2693 4774 2804 4845 tiat,
2835 4775 2961 4845 quia
2992 4790 3137 4846 smpe
3164 4776 3415 4831 vertitur
3452 4776 3506 4831 in
3534 4769 3788 4829 contraria.

2293 4860 2610 4939 Igiiorattfes
2645 4868 2777 4921 enim
2807 4867 3072 4941 justitiam
3110 4866 3239 4935 Dei,
3271 4878 3321 4922 et
3354 4886 3511 4923 suam
3549 4871 3792 4939 querentes

2218 4971 2439 5016 stztnere
2479 4963 2749 5035 :justitite
2786 4962 2878 5017 Dei
2915 4978 3019 5016 non
3062 4970 3181 5015 sunt
3226 4964 3481 5035 subjecti.
3517 4961 3793 5030 Ignorantes

2221 5056 2367 5127 quod
2398 5058 2537 5113 Dens
2569 5072 2633 5111 ex
2662 5056 2779 5111 Sola
2809 5057 2911 5111 tide
2936 5057 3201 5123 jnstiticat
3228 5074 3243 5112 :
3274 5069 3326 5112 et
3355 5058 3540 5129 jnstos
3566 5070 3623 5112 se
3650 5067 3705 5108 ex
3731 5049 3793 5102 le-

2218 5149 2300 5218 gis
2325 5149 2600 5219 operibus,
2625 5163 2912 5219 quamnon
2943 5147 3344 5215 custodierunt,
3378 5164 3507 5205 esse
3539 5154 3791 5218 putantes:

2220 5242 2509 5296 noluerunt
2550 5256 2609 5297 se
2654 5241 2963 5298 remissioni
2994 5240 3266 5310 subjicere
3313 5251 3701 5313 peccatorum,
3739 5244 3792 5287 ne

2220 5344 2532 5403 peceatores
2582 5333 2748 5389 fuisse
2798 5335 3133 5400 viderentur,
3184 5332 3326 5389 sicut
3382 5336 3645 5405 scriptum
3690 5336 3789 5381 est:

2216 5425 2478 5482 Pharisaei
2511 5437 2686 5481 autem
2726 5436 3045 5497 spernentes
3077 5427 3368 5483 consilium
3408 5429 3505 5483 Dei
3538 5429 3588 5483 in
3619 5430 3790 5481 semer-

2209 5517 2360 5590 ipsis.
2411 5519 2698 5574 noluerunt
2745 5518 3009 5590 baptizari
3061 5521 3335 5591 baptismo
3380 5521 3631 5577 Joannis.
3681 5516 3788 5571 item

2209 5613 2334 5683 quia
2383 5610 2643 5666 sacrificia
2679 5611 2836 5682 legis,
2884 5622 2938 5668 et
2985 5624 3206 5678 cartcra,
3248 5628 3374 5682 quae
3429 5612 3617 5667 umbra
3661 5617 3787 5665 erant

2207 5707 2452 5761 veritatis
2478 5748 2493 5771 ,
2527 5722 2645 5774 qua:
2676 5722 2771 5777 per
2801 5705 3072 5762 Christum
3104 5708 3287 5779 perlici
3335 5706 3644 5769 habebant,
3675 5718 3785 5774 pra:-

2208 5801 2385 5859 seutia
2412 5800 2611 5864 Christi
2643 5813 3001 5875 cessaverunt
3043 5820 3055 5861 :
3091 5802 3177 5873 cui
3206 5799 3445 5867 credere
3476 5800 3780 5859 noluerunt:
