3970 6304
444 320 552 382 695

1071 430 1299 490 CAPUT
1352 431 1442 489 XI.

528 531 661 586 Dico
686 544 807 600 ergo
838 541 857 582 :
886 525 1159 596 Numquid
1189 525 1331 582 Deus
1364 526 1555 598 repulit
1581 525 1831 599 papulum
1858 527 2053 581 suum?

455 626 621 682 Absit.
654 622 789 690 Quia
817 621 950 676 satis
980 620 1103 675 illos
1130 619 1511 676 humiliavcrat
1539 636 1556 681 :
1583 620 1748 674 modo
1776 619 1929 690 quasi
1952 619 2053 674 bo-

454 736 560 778 nus
588 719 782 776 doctor
811 715 1130 772 consolatur
1157 730 1276 783 eos,
1306 729 1376 771 ne
1406 713 1533 769 illos
1576 712 1801 768 nimium
1831 727 2055 769 exacer-

457 817 589 873 bare
616 814 911 871 videretur.
943 811 1063 867 Non
1086 825 1301 878 omnes,
1324 810 1425 878 ait,
1443 808 1667 881 repulit,
1695 823 1796 865 nec
1811 823 2049 881 semper,

454 908 560 965 nisi
590 906 851 978 quamdiu
878 919 987 961 non
1014 904 1266 961 credunt.

533 1003 675 1059 Nam
699 1010 746 1057 et
774 1018 865 1073 ego
889 990 1135 1057 Israelita
1157 1014 1295 1054 sum.
1321 998 1380 1055 Si
1405 1012 1595 1055 omnes
1622 997 1935 1070 repulisset,
1966 1012 2056 1054 me

460 1112 569 1153 non
597 1094 951 1165 suscepisset.

527 1191 616 1247 Ea:
638 1190 830 1246 semine
851 1188 1136 1257 Abraham,
1163 1188 1227 1241 de
1248 1186 1384 1243 tribu
1406 1186 1707 1260 Benjamin.
1740 1187 1860 1242 Non
1885 1201 1951 1242 ex
1972 1200 2058 1244 se-

460 1285 608 1342 mine
630 1283 1050 1355 proselytorum.

531 1377 658 1432 Non
689 1376 876 1448 repulit
899 1374 1039 1429 Deus
1068 1373 1265 1445 plebem
1294 1390 1462 1441 suam,
1485 1388 1640 1443 quant
1678 1373 1953 1442 praesciuit.
1986 1372 2059 1427 ll-

463 1472 575 1527 Iam
601 1470 820 1542 plebem
849 1483 957 1525 non
989 1468 1212 1539 repulit,
1245 1483 1407 1539 quam
1431 1466 1705 1539 praescivit
1733 1481 1855 1523 esse
1881 1465 2062 1523 credi-

457 1573 659 1621 turam.

534 1658 612 1711 An
638 1655 846 1711 nescitis
879 1655 935 1709 in
962 1652 1109 1721 Elia,
1134 1651 1255 1723 quid
1279 1651 1405 1706 dicit
1429 1649 1740 1721 Scriptura?
1768 1649 1825 1705 In
1853 1649 2060 1721 Regum

461 1754 624 1822 libro,
660 1751 749 1807 ubi
779 1749 1045 1821 scriptum
1077 1757 1159 1802 est
1180 1746 1248 1803 de
1278 1747 1419 1801 Elia.

1477 317 1535 375 S.
1580 313 1959 376 HIERONYMI
1997 315 2285 378 OPERUM
2324 318 2692 378 MANTISSA.

2081 439 2138 498 Α
2230 434 2415 489 Ceteri
2465 451 2586 491 vero
2634 433 2878 491 exctecati
2904 444 3049 491 sunt.
3087 434 3310 507 Cteteri,
3346 454 3444 511 per
3467 439 3745 496 infidelitao

3646 325 3745 384 696

2157 537 2263 585 tem
2292 531 2550 586 excascati
2577 539 2724 597 sunt,
2755 531 2896 586 sicut
2925 529 3185 603 scriptum
3218 542 3332 590 est:
3365 534 3477 591 Nisi
3509 535 3745 593 credide-

2153 622 2294 691 ritis,
2329 638 2438 679 non
2466 624 2800 696 intelligetis.

2229 715 2381 771 Sicut
2410 718 2654 789 scriptum
2683 728 2791 773 est:
2836 718 2996 774 Dedit
3046 720 3152 776 illis
3177 720 3321 777 Deus
3348 724 3587 795 spiritum
3618 740 3744 777 cont-

2158 810 2455 877 punctiouis
2475 826 2495 864 :
2533 810 2712 865 oculos
2732 856 2745 877 ,
2804 821 2861 865 ut
2887 828 2991 866 non
3022 813 3251 880 uideant,
3282 825 3332 870 et
3362 834 3531 884 aures,
3562 827 3616 871 ut
3646 834 3741 873 non

2158 901 2397 956 audiant.
2423 902 2480 958 In
2511 903 2668 958 Isaia.
2712 905 2853 959 Ante
2884 904 3161 961 hominem
3187 908 3295 962 vita
3327 916 3385 964 et
3411 924 3579 977 mors,
3608 909 3739 980 quad

2158 994 2422 1065 placuerit
2443 997 2518 1062 ei,
2545 996 2763 1052 dabitur
2787 997 2899 1052 illi:
2929 1014 2998 1054 ne
3046 999 3270 1056 libertas
3292 1002 3502 1058 scilicet
3529 1002 3739 1058 tollatur

2160 1089 2394 1145 arbitrii.
2426 1090 2519 1145 Dei
2551 1105 2684 1161 ergo
2709 1091 2858 1159 dare,
2893 1093 3213 1163 permittere
3238 1103 3342 1149 est.
3374 1094 3633 1166 Spiritum
3656 1110 3739 1150 an-

2162 1190 2273 1239 tem
2331 1186 2813 1255 compunctionis,
2865 1200 3025 1257 quem
3073 1187 3473 1243 desiderabant.
3530 1189 3739 1259 Semper

2164 1275 2311 1331 enim
2334 1277 2515 1333 verbis
2532 1277 2625 1333 Dei
2658 1276 2877 1333 fuerunt
2904 1278 3206 1337 increduli:
3234 1295 3355 1335 nam
3387 1281 3432 1335 si
3456 1281 3737 1338 voluissent

2162 1369 2366 1428 habere
2387 1372 2635 1442 spiritum
2666 1373 2814 1440 fidei,
2839 1375 3200 1445 accepissent.
3228 1375 3333 1431 Sed
3361 1384 3416 1432 et
3440 1392 3582 1433 nunc
3602 1378 3739 1433 Chri-

2164 1464 2346 1532 stiani,
2378 1467 2471 1537 qui
2515 1466 2583 1521 de
2612 1468 3017 1523 resurrectione
3040 1468 3309 1534 dubitant,
3352 1477 3408 1524 et
3445 1471 3665 1539 praemio
3684 1486 3739 1526 ac

2163 1557 2436 1627 gehenna,
2484 1559 2716 1614 similem
2772 1560 2873 1615 sibi
2930 1559 3178 1629 spiritum
3237 1561 3587 1629 qnmsierunt.
3640 1562 3739 1618 IIoc

2165 1651 2310 1706 enim
2344 1651 2465 1706 loco
2494 1651 2767 1721 Propheta
2799 1652 2866 1706 de
2894 1650 3207 1707 infidelibus
3255 1652 3510 1723 loquitur.
3564 1653 3740 1709 Divina

2167 1742 2448 1813 Scriptura
2498 1743 2600 1799 hoc
2648 1744 2831 1813 habet,
2871 1753 2932 1799 ut
2972 1759 3096 1799 cum
3148 1746 3518 1815 unusquisque
3562 1744 3745 1801 habeat

454 1859 492 1885 σε
534 1797 985 1914 Ωιιέηιαάηιοάῖιηι
1024 1839 1321 1911 interpellat
1364 1837 1530 1892 Deum
1564 1835 1839 1890 adversum
1863 1834 2059 1891 Israel.
2088 1797 2139 1860 Β
2167 1837 2472 1893 libertatem
2504 1837 2735 1893 faciendi
2764 1838 2988 1905 bonum,
3038 1838 3126 1894 vel
3165 1840 3386 1906 malum,
3417 1840 3586 1896 Deum
3616 1841 3745 1896 diem

466 1940 735 1999 Gentibus
764 1934 1073 2007 superbiam
1101 1932 1261 1998 tollit,
1292 1946 1361 1986 ne
1387 1931 1685 2001 glorientur
1710 1928 1852 2000 quod
1874 1943 1944 1984 ex
1964 1928 2062 1984 Ju-

460 2035 599 2093 daeis
622 2029 938 2105 paucissimi
964 2024 1334 2094 crediderunt,
1354 2035 1411 2080 et
1432 2023 1534 2095 ipsi
1557 2023 1657 2079 soli
1679 2030 2063 2079 remanserunt

464 2130 599 2187 Deo.

538 2219 779 2285 Domine,
807 2216 1097 2286 PrOpItetas
1126 2221 1243 2269 tuos
1266 2212 1563 2267 occiderunt
1588 2208 1815 2282 {altaria
1838 2219 1925 2263 tua
1946 2210 2063 2277 suf-

462 2313 732 2386 foderunt,
758 2320 810 2365 et
848 2326 941 2379 ego
981 2306 1195 2362 relictus
1220 2321 1333 2360 sum
1380 2305 1524 2359 solus
1555 2320 1572 2356 :
1604 2312 1653 2358 et
1681 2312 1915 2373 quterunt
1945 2302 2063 2355 ani-

464 2421 606 2460 mam
643 2416 830 2458 meam.
860 2400 1065 2457 Omnes
1089 2397 1377 2469 Propheta:
1404 2396 1494 2452 illa
1522 2396 1897 2451 tantummodo
1926 2397 2065 2450 scie-

461 2497 618 2566 bant,
647 2510 768 2566 quee
793 2492 901 2548 illis
931 2491 1165 2547 fuissent
1203 2505 1233 2545 a
1264 2488 1495 2545 Domino
1532 2489 1790 2544 revelata.
1827 2485 1980 2543 Unde
2010 2493 2065 2541 et

461 2603 564 2645 rex
599 2587 890 2644 Jercmiam
931 2582 1095 2639 dubie
1141 2584 1477 2654 interrogat:
1522 2582 1566 2636 si
1596 2582 1646 2635 in
1680 2597 1741 2637 ea
1773 2582 1927 2647 hora,
1959 2595 2063 2651 qua

454 2683 595 2740 'cum
616 2682 710 2737 illo
736 2679 1079 2750 loquebatur,
1109 2677 1254 2748 apud
1295 2692 1422 2733 eum
1450 2691 1631 2732 sermo
1659 2675 1870 2730 Domini
1897 2673 2064 2730 hahe-

463 2786 640 2834 retur.
673 2774 784 2831 Sed
813 2781 869 2829 et
894 2773 1124 2828 Elisaaus
1154 2772 1325 2827 dicit:
1358 2770 1633 2842 quomodo
1657 2769 1774 2826 haec
1808 2768 2064 2824 Dominus

467 2869 754 2928 abscondit
780 2883 811 2924 a
839 2867 961 2924 me?
987 2867 1064 2921 Ita
1089 2880 1219 2937 ergo
1242 2873 1296 2920 et
1328 2863 1475 2919 Elias
1512 2863 1617 2917 hoc
1637 2863 1759 2918 loco
1785 2870 1982 2933 praeter
2004 2876 2065 2918 se

467 2977 591 3021 esse
613 2961 769 3029 alios,
800 2961 893 3031 qui
922 2961 1089 3015 Deum
1121 2959 1391 3024 colerent,
1426 2955 1713 3027 ignoravit.

542 3054 651 3111 Sed
705 3052 829 3121 quid
884 3051 1011 3104 dicit
1062 3048 1144 3103 illi
1191 3049 1419 3103 diuinum
1470 3049 1813 3119 responsum?
1856 3048 2067 3118 Reliqui

467 3145 597 3205 mihi
638 3152 833 3217 septem
876 3144 1045 3198 millia
1069 3143 1317 3197 uirorum.
1351 3141 1409 3196 Si
1442 3141 1772 3210 Prophetam
1822 3142 1955 3195 tanti
1988 3141 2066 3195 la-
2092 3187 2138 3252 C
2169 3147 2265 3218 qui
2292 3145 2631 3204 Salvatorem
2662 3154 2815 3201 aceto
2866 3156 2922 3202 et
2953 3148 3077 3203 felle
3121 3157 3375 3217 potarum
3429 3167 3442 3201 :

468 3246 717 3305 luerunt,
770 3245 976 3308 quanto
1028 3235 1199 3306 magis
1246 3248 1344 3290 vos
1395 3234 1656 3300 nescitis,
1691 3248 1853 3305 quam
1909 3234 2065 3289 multi

471 3331 803 3396 Iudaeorum,
828 3339 885 3385 et
920 3327 1112 3384 salvati
1133 3335 1283 3393 sunt,
1315 3334 1371 3382 et
1398 3325 1665 3382 salvandi.

542 3425 649 3491 Qui
678 3439 783 3478 nou
820 3429 1163 3476 curvaverant
1194 3436 1361 3493 genua
1404 3428 1522 3473 ante
1550 3418 1705 3473 Baal.
1740 3418 1856 3475 Non
1886 3420 2061 3476 solum

476 3514 815 3575 immolando
845 3513 1005 3568 idolis
1033 3512 1291 3579 servitur,
1336 3511 1433 3567 sed
1464 3512 1626 3567 etiam
1672 3511 2061 3583 delinquendo.

473 3611 531 3668 Si
562 3610 706 3666 enim
733 3609 874 3663 Deus
903 3604 1062 3661 factis
1088 3615 1340 3676 negatur,
1368 3604 1554 3676 utique
1579 3614 1634 3661 et
1660 3604 1939 3663 daemones
1966 3606 2065 3661 ho-

468 3712 756 3761 norantur.

542 3797 634 3853 Sic
670 3812 791 3869 ergo
821 3805 868 3852 et
898 3797 951 3851 in
983 3797 1077 3851 hoc
1125 3806 1372 3867 tempore.
1424 3792 1581 3850 Sicut
1624 3806 1756 3865 ergo
1782 3800 1909 3849 tunc
1957 3808 2065 3849 non

475 3906 669 3947 omnes
695 3890 996 3962 perierunt,
1028 3889 1105 3944 ita
1136 3896 1188 3943 et
1210 3901 1355 3942 nunc
1382 3886 1647 3956 aliquanti
1677 3886 1976 3941 salvantur.

536 3981 792 4052 Reliquiae
810 3981 1090 4035 secundant
1109 3979 1408 4034 electionem
1420 3978 1603 4049 gratite
1618 3976 1711 4031 Dei
1732 3980 1890 4031 salva:
1911 3979 2063 4049 facta:

464 4084 606 4131 sunt.
652 4074 864 4130 Electio
887 4074 1098 4143 gratiae,
1138 4071 1273 4127 fides
1303 4079 1417 4136 est;
1462 4072 1603 4127 sicut
1630 4086 1815 4141 opera,
1860 4070 2062 4127 electio

462 4170 624 4241 legis.
681 4166 974 4232 Caeterum,
1028 4179 1151 4236 quae
1180 4164 1397 4232 electio,
1448 4165 1540 4220 ubi
1567 4164 1718 4220 nulla
1773 4164 2060 4221 diversitas

461 4260 817 4319 meritorum?

538 4352 601 4409 Si
628 4363 801 4408 autem
824 4355 1017 4426 gratia,
1039 4359 1158 4427 jam
1185 4368 1290 4406 non
1315 4366 1378 4406 ea:
1399 4351 1658 4418 operibus.
1705 4349 1785 4406 Ne
1812 4350 2061 4407 dicerent

462 4443 572 4510 illi,
605 4444 675 4500 de
697 4446 893 4515 quibus
924 4446 1057 4502 Elia:
1086 4445 1315 4501 dicitur:
1351 4442 1492 4500 Justi
1542 4453 1700 4499 erant
1725 4485 1741 4510 ,
1790 4444 1879 4499 isti
1928 4460 2058 4502 vero

458 4544 801 4604 peccatores:
857 4537 1130 4606 quomodo
1159 4533 1324 4591 electi
1348 4534 1513 4589 sunt?
1556 4534 1816 4605 subjecit:
1848 4536 1974 4607 quia
2000 4546 2052 4593 et

454 4629 560 4699 ipsi
592 4628 760 4699 gratis
790 4629 982 4683 salvati
1008 4638 1133 4684 sunt
1154 4628 1299 4684 sicut
1321 4637 1375 4684 et
1403 4635 1617 4697 gentes.

526 4720 775 4792 Alioquin
796 4723 965 4790 gratia
978 4723 1093 4793 jam
1124 4739 1228 4776 non
1248 4730 1321 4777 est
1352 4721 1541 4793 gratia.
1583 4721 1719 4790 Quia
1750 4724 2046 4793 gratuitum

458 4830 655 4871 munus
684 4814 1010 4885 appellatur.

528 4908 669 4974 Quid
701 4910 859 4982 ergo?
887 4907 1040 4973 Quod
1064 4908 1321 4980 quaerebat
1348 4909 1540 4975 Israel,
1564 4910 1659 4963 hoc
1689 4926 1793 4964 non
1832 4920 1903 4966 est
1925 4928 2049 4965 con-

451 5010 678 5056 secutus.
713 5001 841 5056 ldeo
870 5000 1037 5057 Israel
1087 5007 1233 5056 totus
1279 5016 1387 5056 non
1418 5009 1504 5058 est
1530 5012 1860 5059 consecutus
1882 5004 2046 5073 justi-

448 5091 599 5159 tiam,
628 5093 752 5162 quia
785 5108 905 5148 eam
960 5106 1069 5147 non
1096 5107 1167 5147 ex
1215 5091 1319 5147 fide
1344 5095 1644 5162 quaerebat,
1676 5094 1770 5150 sed
1813 5110 1878 5150 ex
1910 5096 2043 5151 solis

448 5184 710 5254 operibus
743 5185 878 5255 legis
908 5200 968 5241 se
999 5184 1289 5255 justilicari
1327 5186 1576 5255 putabat:
1632 5203 1754 5243 cum
1808 5190 2045 5245 maxime

444 5274 585 5346 legis
627 5277 879 5331 mandata
923 5288 1319 5334 contemneret.
1359 5279 1515 5335 Unde
1557 5294 1586 5334 a
1616 5279 1905 5336 Salvatore
1956 5296 2045 5338 ar-

443 5376 682 5440 guuntur
732 5367 958 5424 culicem
1007 5371 1298 5442 liquantes,
1349 5380 1405 5426 et
1431 5372 1700 5428 camelum
1722 5373 2036 5444 glutientes.

442 5462 577 5519 Item
604 5468 891 5533 propterea
918 5463 1021 5518 hoc
1049 5465 1201 5535 dicit,
1231 5466 1357 5535 quia
1384 5464 1694 5520 Iudaeorum
1720 5477 1877 5522 erant
1904 5483 2037 5538 pro-

435 5556 747 5622 missiones,
779 5568 877 5625 per
917 5570 1048 5625 quas
1072 5566 1334 5612 venturus
1383 5555 1780 5612 eratChristus
1821 5559 2035 5615 salvare

436 5659 535 5703 eos
559 5662 590 5702 a
613 5648 727 5703 suis
757 5647 1020 5718 peccatis,
1052 5646 1148 5703 sed
1179 5649 1301 5717 quia
1337 5648 1507 5716 venit,
1564 5657 1619 5702 et
1648 5662 1753 5702 non
1783 5648 2032 5704 credideo

439 5750 568 5794 runt
588 5739 758 5796 :‘ideo
782 5739 938 5807 dicit,
966 5738 1135 5796 Israel
1168 5755 1273 5795 non
1301 5752 1386 5797 est
1425 5751 1776 5797 consecutus.

431 5888 435 5897 λ
493 5829 694 5889 E‘cctio
704 5840 873 5890 autem
897 5841 1167 5891 consecuta
1183 5841 1276 5889 cst.
1297 5833 1396 5902 Qui
1418 5849 1513 5905 per
1532 5832 1693 5891 ﬁdem
1707 5833 1864 5893 electi
1878 5844 2023 5892 sunt.

2167 1938 2405 2009 tradere,
2437 1948 2529 1993 aut
2558 1938 2727 1993 dare:
2754 1947 3042 2009 propterea
3072 1939 3195 2010 quia
3216 1940 3334 2009 ipse
3358 1948 3466 2005 est,
3494 1941 3585 2008 qui
3611 1940 3745 1995 dedit

2166 2032 2499 2087 libertatem.
2559 2031 2687 2085 Ηωο
2744 2032 2887 2085 enim
2946 2031 3076 2086 facit
3125 2032 3243 2101 ejus
3293 2031 3583 2102 patientia:
3632 2034 3746 2103 quia

2168 2140 2277 2179 non
2308 2123 2491 2180 statim
2526 2123 2875 2193 peccantibus
2914 2122 3079 2178 infert
3106 2122 3433 2193 vindictam,
3467 2139 3567 2181 nec
3604 2124 3747 2181 bonis

2166 2218 2411 2288 praemia.

2228 2304 2417 2379 Usque
2462 2310 2515 2363 in
2565 2309 2871 2363 hodiernum
2923 2308 3075 2362 diem.
3113 2308 3403 2381 Usquequo
3439 2317 3749 2366 convertano

2170 2410 2286 2456 tur:
2329 2402 2471 2456 sicut
2496 2401 2562 2456 de
2586 2402 2856 2456 velamine
2881 2401 3062 2457 cordis
3102 2401 3170 2457 ad
3199 2401 3517 2465 Corinthios
3536 2402 3686 2457 dicit.

2240 2491 2308 2546 Et
2354 2492 2524 2547 David
2549 2495 2720 2549 dixit:
2771 2494 2893 2549 Fiat
2942 2511 3119 2549 mensa
3149 2513 3331 2550 eorum
3354 2514 3526 2551 coram
3552 2497 3675 2568 ipsis
3704 2496 3749 2550 in

2169 2588 2430 2657 laqueum,
2465 2595 2511 2641 et
2534 2588 2588 2642 in
2613 2589 2922 2659 captionem,
2951 2596 2996 2641 et
3028 2589 3081 2643 in
3107 2590 3434 2657 scandalum,
3464 2598 3511 2644 et
3537 2590 3589 2643 in
3618 2590 3751 2643 retrio

2169 2681 2429 2736 butionem
2480 2681 2603 2735 illis.
2666 2681 3017 2735 Obscurentur
3048 2682 3189 2736 oculi
3217 2699 3398 2737 eorum
3427 2699 3492 2736 ne
3524 2683 3750 2736 rideant:

2168 2784 2216 2830 et
2267 2776 2478 2830 dorsum
2533 2792 2706 2829 eorum
2756 2791 2955 2846 semer
2997 2776 3233 2832 incurva.
3288 2777 3463 2832 Aliter
3499 2794 3513 2829 :
3545 2792 3751 2844 semper

2166 2870 2386 2925 incurva
2420 2884 2588 2925 onera
2624 2877 3003 2939 peccatorum,
3059 2879 3114 2925 ut
3148 2888 3254 2925 non
3288 2870 3630 2926 dimittantur
3655 2870 3747 2925 nisi

2167 2962 2533 3018 crediderint:
2590 2964 2715 3032 quia
2767 2962 2820 3017 in
2866 2963 3119 3030 passione
3149 2961 3355 3018 Christi
3404 2964 3548 3018 beati
3608 2972 3746 3027 sunt,

2167 3054 2367 3127 pascha
2398 3055 2771 3111 comedentes.
2804 3056 2919 3111 lIoc
2951 3056 3096 3111 enim
3144 3056 3229 3112 de-
3251 3056 3355 3110 illis
3388 3056 3747 3126 pmphetatnr,

3500 3159 3554 3204 οι
3583 3158 3748 3203 Itaan

2170 3240 2304 3312 ipsis
2345 3241 2479 3296 dicit
2510 3240 2701 3296 Petrus
2732 3260 2743 3294 :
2779 3240 2845 3295 Et
2873 3256 3015 3296 nunc
3046 3242 3182 3307 scio,
3212 3244 3337 3313 quia
3370 3259 3469 3314 per
3506 3244 3750 3313 ignoran-

2169 3333 2299 3388 tiam
2344 3333 2549 3389 fecistis
2595 3334 2719 3389 hoc.
2762 3334 3107 3389 Ptenitemiui
3141 3350 3304 3405 ergo:
3354 3345 3409 3391 et
3455 3336 3750 3405 baptizetur

2168 3424 2540 3495 unusquisque
2566 3433 2827 3479 vestrum.
2872 3426 2937 3478 Et
2966 3425 3081 3494 ipse
3109 3424 3313 3481 Paulus
3342 3436 3465 3497 post
3489 3427 3746 3481 modicum

2168 3516 2269 3571 ait:
2311 3516 2382 3571 Et
2412 3515 2509 3585 illi,
2559 3516 2605 3571 si
2650 3531 2756 3572 non
2790 3518 3193 3586 permanserint
3243 3519 3297 3573 in
3358 3518 3745 3582 incredulitate,

2166 3608 2509 3663 inserentur:
2556 3617 2617 3662 ut
2643 3609 2878 3663 sciamus
2907 3609 3032 3680 quia
3059 3608 3281 3680 spiritus
3326 3611 3748 3681 compunctionis

2166 3699 2483 3756 facultatem
2536 3701 2648 3755 illis
2680 3716 2784 3755 non
2828 3702 3051 3757 absmlit
3098 3703 3476 3759 convertendi.
3516 3704 3746 3774 Denique

2166 3792 2348 3848 statim
2394 3794 2511 3864 ipse
2548 3793 2714 3848 solvit
2743 3794 2795 3848 in
2821 3794 3171 3862 sequentibus
3195 3794 3393 3850 verbis.
3422 3794 3551 3850 Item
3577 3810 3748 3851 sacer-

2166 3886 2324 3941 dotes
2355 3901 2479 3942 cum
2510 3886 2845 3941 arbitrantur
2890 3886 3036 3956 quod
3066 3888 3112 3943 si
3142 3886 3418 3942 Christum
3471 3888 3749 3943 interfece‘

2165 3977 2276 4033 rint
2299 4024 2312 4049 ,
2345 3978 2613 4034 haberent
2640 3993 2856 4049 semper
2885 3994 3130 4035 mensam
3162 3980 3553 4035 sacrificiorum
3586 3990 3639 4035 et
3659 3980 3747 4036 de-

2164 4072 2461 4127 cimarum:
2494 4070 2635 4126 facta
2688 4080 2771 4127 est
2825 4071 2930 4126 illis
2983 4071 3037 4125 in
3072 4071 3348 4143 laqueum.
3398 4072 3746 4127 Perdiderunt

2163 4164 2306 4219 enim
2334 4165 2614 4235 templum,
2671 4166 2723 4219 in
2768 4180 2875 4235 quo
2906 4180 3098 4219 vanam
3140 4181 3290 4236 spem
3336 4165 3667 4233 habuerunt,
3697 4173 3745 4221 et

2164 4272 2308 4313 nunc
2332 4269 2456 4312 sunt
2485 4258 2626 4313 inter
2654 4266 2842 4327 gentes
2866 4257 3160 4313 maledicti.

2232 4349 2363 4405 Dico
2388 4367 2508 4422 ergo
2530 4367 2549 4404 :
2579 4349 2849 4420 Numquid
2879 4350 2954 4403 sic
2984 4348 3311 4419 offenderunt
3331 4354 3357 4408 ?
3377 4350 3539 4408 Modo
3559 4353 3744 4411 iterum

2162 4452 2370 4514 partem
2396 4443 2606 4497 revelat
2626 4441 2962 4497 Iudaeorum.

2238 4533 2307 4590 Ut
2326 4536 2607 4590 caderent?
2636 4534 2799 4589 Absit.
2835 4533 2954 4589 Non
2978 4535 3217 4605 penitus,
3245 4543 3303 4592 et
3340 4536 3743 4594 irremediabili-

2157 4634 2243 4684 ter
2267 4628 2603 4683 ceciderunt.

2228 4720 2338 4775 Sed
2371 4719 2582 4773 illorum
2626 4719 2894 4785 delictum,
2935 4718 3079 4773 salus
3122 4728 3195 4773 est
3225 4721 3483 4790 gentibus,
3538 4732 3593 4776 ut
3635 4722 3744 4777 illos

2154 4814 2476 4867 temulentur.
2506 4810 2685 4881 Usque
2714 4809 2851 4866 adeo
2882 4811 3003 4868 illos
3032 4811 3244 4878 dilexit,
3276 4820 3335 4866 ut
3365 4820 3588 4883 propter
3607 4816 3746 4870 salu-

2154 4914 2261 4961 tem
2294 4906 2509 4961 illorum
2536 4912 2728 4974 gentes
2754 4913 3102 4970 vocarentur,
3136 4919 3244 4974 quo
3277 4919 3372 4959 eas
3406 4902 3655 4962 videntes
3682 4907 3744 4961 ad

2153 5013 2380 5068 regnum
2407 4997 2505 5052 Dei
2536 4996 2771 5065 admitti,
2803 4997 2890 5051 vel
2921 4997 3003 5052 sic
3031 4996 3243 5053 facilius
3268 5007 3737 5056 converterentur.

2154 5090 2287 5147 Item
2341 5091 2468 5161 quia
2523 5090 2862 5160 dispensatio
2893 5090 2989 5144 Dei
3030 5090 3106 5143 ita
3150 5088 3271 5157 fuit,
3309 5099 3367 5145 ut
3392 5105 3491 5162 per
3516 5102 3739 5148 mortem

2110 5228 2115 5233 .
2152 5186 2379 5253 Christi,
2405 5200 2567 5241 omne
2586 5199 2756 5255 genus
2786 5185 3080 5238 humanum
3098 5183 3429 5239 salvaretur:
3460 5186 3598 5241 sicut
3631 5186 3740 5256 ipse

2155 5278 2417 5334 Dominus
2448 5277 2614 5332 dicit:
2654 5274 2790 5331 Cum
2846 5277 3113 5332 exaltatus
3143 5275 3321 5343 fuero,
3348 5277 3530 5332 omnia
3558 5278 3628 5332 ad
3660 5292 3740 5332 me

2152 5371 2362 5426 traham
2394 5389 2405 5423 :
2434 5370 2557 5425 ideo
2583 5370 2717 5424 dicit
2747 5387 2761 5425 :
2787 5369 2893 5425 Sed
2918 5368 3130 5424 illorum
3155 5368 3414 5424 delictum
3441 5370 3588 5424 salus
3615 5385 3738 5440 gen-

2149 5464 2299 5518 tium.
2335 5462 2533 5518 Dicens
2564 5469 2777 5515 autem:
2821 5461 2892 5517 Ut
2940 5460 3065 5516 illos
3094 5459 3446 5525 aemulentur,
3478 5460 3733 5526 ostendit,

2144 5556 2269 5627 quia
2315 5555 2415 5610 nisi
2446 5566 2642 5625 gentes
2666 5554 2882 5609 Christo
2908 5552 3291 5618 credidissent,
3326 5552 3567 5625 reliquia:
3616 5552 3733 5607 illo-

2137 5666 2260 5705 rum
2293 5662 2589 5719 numquam
2613 5647 2834 5703 salvatae
2855 5646 3105 5702 fuissent.
3336 5650 3343 5713 ί

2211 5741 2364 5809 Quod
2392 5743 2439 5794 si
2464 5740 2709 5807 delictum
2740 5738 2974 5805 illorum,
3033 5738 3227 5793 divitiw
3278 5748 3401 5792 sunt
3432 5738 3631 5801 mundi,
3685 5748 3730 5791 et

2132 5838 2407 5893 diminutio
2430 5853 2627 5907 eorum,
2654 5834 2847 5891 divitia’
2869 5834 3127 5907 gentium:
3161 5842 3356 5904 quanto
3388 5833 3548 5905 magis
3570 5833 3731 5904 pleni-
