3970 6304
197 360 298 423 967

878 354 1424 416 COMMENTARIUS
1460 355 1525 412 IN
1566 354 1951 416 EPISTOLAM
1988 358 2081 416 AD
2122 358 2471 420 ROMANOS.
2512 361 2665 421 CAP.
2696 363 2787 419 XI.

3378 359 3484 419 698

196 484 319 540 tudo
337 483 554 539 eorum?
587 479 643 539 Si
666 478 922 537 delictum
969 492 1157 535 eorum
1188 484 1399 533 tantum
1448 476 1602 532 vobis
1658 477 1859 546 pro-A
1960 476 2041 532 Tu
2090 487 2262 533 autem
2314 480 2417 548 ﬁde
2465 488 2596 535 stas.
2638 478 2755 534 Non
2800 477 2943 535 enim
2993 481 3139 535 Deus
3196 492 3485 550 personam

196 577 313 644 fuit,
345 583 403 631 ut
431 576 549 632 sine
574 574 837 645 operibus
866 571 1025 643 legis,
1055 585 1155 627 vos
1178 570 1287 626 illis
1342 569 1552 627 faceret
1604 568 1786 626 cohaa-

196 676 347 727 rere':
395 677 452 726 et
500 668 545 724 si
596 667 754 741 pauci
801 682 990 722 eorum
1019 664 1339 731 credentes,
1373 677 1563 719 omnes
1588 677 1687 719 vos
1718 662 1786 718 ad

194 764 422 821 salutem
456 767 758 817 vocarunt:
798 768 1006 831 quanto
1032 758 1208 829 magis
1238 756 1285 812 si
1316 771 1505 812 omnes
1531 754 1787 813 credide-

193 865 333 923 runt,
363 854 626 927 prodesse
648 860 901 924 poterant
928 850 1085 907 vobis
1116 865 1215 921 per
1236 849 1566 908 doctrinam.

270 950 425 1005 Vobis
451 949 590 1004 enim
632 947 749 1002 dico
779 945 1035 1019 gentibus.
1088 943 1218 999 Vult
1241 942 1532 1014 ostendere
1555 983 1571 1011 ,
1626 955 1688 999 se
1714 941 1783 997 ad

190 1043 500 1103 Judteorum
524 1040 757 1097 salutem
786 1052 1119 1110 magnopere
1149 1037 1428 1093 festinare.

259 1135 520 1203 Quamdiu
542 1133 755 1206 quidem
784 1149 875 1205 ego
903 1146 1015 1186 sum
1043 1131 1272 1205 gentium
1301 1128 1599 1201 Apostolus,
1631 1126 1786 1183 mini-

190 1230 403 1285 sterium
450 1242 618 1282 meum
648 1223 1024 1295 honoriﬁcabo.
1056 1221 1324 1290 Quamdiu
1374 1220 1529 1276 luero
1573 1221 1628 1275 in
1662 1234 1784 1276 cor-

191 1338 320 1396 pore
372 1320 747 1386 constitutus,
815 1316 1191 1375 honoriﬁcabo
1255 1314 1617 1371 ministerium
1676 1328 1782 1370 no-

191 1430 394 1480 strum:
437 1418 563 1475 dum
615 1414 869 1488 exemplo
919 1427 1083 1480 meo,
1145 1411 1331 1483 plures
1351 1424 1541 1466 eorum
1570 1409 1783 1466 salvare

192 1511 481 1569 contendo.

258 1606 317 1661 Si
366 1621 469 1675 quo
516 1602 669 1657 modo
714 1601 784 1657 ad
834 1598 1183 1656 cemulandum
1253 1612 1527 1670 provocent
1576 1611 1781 1651 carnem

191 1716 369 1755 meam.
406 1697 477 1755 Ut
518 1696 667 1753 omni
701 1693 865 1750 modo
893 1692 1053 1748 talem
1106 1706 1194 1748 me
1240 1690 1547 1755 exhibeam,
1582 1696 1643 1744 ut
1694 1703 1782 1744 me

188 1796 503 1853 desiderent
522 1792 747 1849 imitari.

253 1887 320 1942 Et
375 1884 545 1941 salvos
603 1884 793 1955 faciam
830 1880 1037 1954 aliquos
1066 1896 1129 1937 ea:
1155 1878 1280 1935 illis.
1321 1876 1421 1935 Vel
1449 1876 1779 1949 aliquantos,
1808 1882 1858 1945 Β

186 1982 303 2053 quia
335 1980 533 2036 nolunt
559 1993 770 2034 omnes.

252 2076 312 2132 Si
336 2076 476 2130 enim
505 2073 713 2129 amissio
743 2087 937 2140 eorum,
969 2067 1321 2125 reconciliatio
1345 2074 1421 2122 est
1441 2064 1646 2121 mundi.
1672 2062 1776 2121 Re-

186 2170 329 2241 petit,
382 2168 528 2239 quod
559 2168 772 2224 dixerat
796 2165 1066 2236 superius.

252 2265 384 2330 Quae
413 2263 720 2335 assumptio,
755 2260 855 2316 nisi
893 2260 997 2314 vita
1023 2276 1087 2313 ea:
1117 2257 1377 2312 mortuis?
1414 2255 1569 2313 Unde
1598 2253 1775 2325 genti-

185 2358 278 2415 bus
306 2354 637 2426 assumptio,
672 2354 774 2409 nisi
814 2368 878 2408 εκ
919 2353 1131 2408 illorum
1160 2352 1410 2406 viverent
1448 2348 1657 2404 morte?
1694 2346 1776 2402 Ex

183 2450 385 2506 Iudaeis
416 2446 652 2504 mortuis
694 2445 943 2502 Christus
968 2486 983 2511 ,
1031 2445 1116 2499 vel
1144 2442 1391 2512 Apostoli
1420 2442 1527 2496 vita
1558 2440 1777 2495 luerunt

183 2541 454 2612 gentibus.
496 2538 624 2594 Sive
654 2538 698 2592 si
728 2551 867 2608 quos
913 2535 1040 2591 inde
1084 2535 1412 2597 liberavero,
1447 2533 1512 2589 ad
1535 2544 1775 2590 vestram

184 2633 468 2704 proﬁcient
520 2632 708 2686 vitam.
760 2628 892 2685 Item
948 2628 1054 2683 hoc
1105 2626 1269 2681 dicit:
1330 2626 1586 2696 quoniam
1636 2623 1777 2679 sicut

181 2736 363 2797 gentes
419 2741 521 2797 per
571 2724 732 2780 ﬁdem
763 2731 1057 2791 assumpta:
1087 2728 1233 2785 sunt,
1280 2720 1353 2773 ita
1381 2717 1547 2773 etiam
1576 2716 1776 2785 Judaei,

182 2820 223 2873 si
243 2817 599 2881 crediderint,
634 2832 699 2871 ex
726 2813 955 2870 mortuis
977 2810 1043 2867 ad
1068 2811 1233 2866 vitam
1266 2808 1599 2865 transibunt.

248 2911 405 2980 Quod
439 2910 484 2964 si
511 2908 759 2965 delibatio
788 2914 967 2962 sancta
995 2912 1090 2973 est,
1123 2912 1169 2957 et
1216 2918 1405 2956 massa.
1446 2900 1505 2957 Si
1550 2900 1652 2966 illi,
1682 2901 1797 2972 qui.

182 3006 331 3077 pauci
384 3020 453 3059 ex
505 3004 587 3060 eis
629 3000 1005 3066 crediderunt,
1038 2995 1211 3051 sancti
1257 3006 1404 3065 sunt,
1430 3003 1487 3051 et
1515 3009 1706 3051 omnes
1727 2996 1774 3051 si

181 3100 423 3155 credant.
459 3096 557 3151 llic
589 3092 879 3166 primitias,
921 3089 1198 3145 Christum
1230 3087 1386 3155 dicit,
1416 3102 1649 3143 massam
1677 3102 1773 3142 au-

182 3207 301 3263 tem,
325 3193 594 3267 populum
623 3190 999 3252 Hebraeorum,
1028 3201 1060 3241 a
1088 3182 1543 3257 quibusChristus
1570 3197 1767 3240 secuno

180 3289 297 3344 dum
325 3301 553 3343 carnem
581 3293 684 3341 est.

230 3383 312 3437 ‘Et
367 3383 416 3437 si
456 3380 609 3436 radix
653 3385 853 3445 sancta,
902 3384 950 3430 et
978 3373 1131 3429 rami.
1181 3371 1354 3427 Radix
1385 3370 1770 3442 partriarchte:

180 3477 307 3531 rami
336 3472 627 3545 Apostoli:
658 3470 762 3526 hoc
788 3477 896 3533 est,
924 3475 979 3523 et
1005 3465 1191 3536 primi,
1214 3475 1270 3521 et
1297 3463 1575 3519 novissimi
1598 3463 1774 3519 sancti

177 3586 238 3627 ex
267 3570 407 3642 ipsis
433 3577 581 3625 sunt.
614 3566 747 3621 Item
796 3563 902 3618 hoc
938 3561 1058 3616 loco
1109 3558 1347 3614 radicem
1378 3556 1653 3611 Abraham
1699 3556 1774 3611 si-

175 3664 421 3735 gniﬁcat:
474 3658 730 3731 quoniam
781 3660 1007 3726 propter
1063 3650 1262 3716 ﬁdem,
1294 3656 1447 3720 pater
1477 3650 1770 3715 multarum

175 3758 417 3828 gentium
448 3764 698 3810 vocatur.
734 3750 935 3805 Remos
991 3761 1121 3802 vero
1152 3753 1400 3816 posteros
1422 3742 1573 3813 ejus,
1603 3741 1767 3800 ﬁdem

174 3851 426 3905 similiter
447 3846 771 3905 retinentes.

238 3942 394 4011 Quod
421 3940 467 3995 si
490 3938 655 4009 aliqui
684 3950 749 3990 ea:
781 3932 939 3987 ramis
969 3930 1123 4002 fracti
1146 3940 1285 3985 sunt.
1312 3927 1430 3985 Non
1470 3937 1690 4000 propter
1716 3936 1769 3983 te

172 4033 321 4089 fracti
355 4040 504 4098 sunt,
531 4027 630 4085 sed
660 4036 884 4098 propter
908 4023 1033 4079 illos
1059 4031 1115 4079 tu
1146 4023 1380 4079 insertus
1423 4036 1504 4088 es,
1531 4022 1655 4093 quia
1688 4021 1767 4077 illi

168 4127 319 4184 fracti
351 4136 504 4182 sunt.

231 4220 313 4275 Tu
341 4228 520 4274 autem
564 4232 682 4271 cum
732 4215 957 4270 oleaster
1001 4227 1157 4279 esses,
1208 4211 1436 4264 insertus
1472 4224 1524 4263 es
1552 4209 1608 4263 in
1631 4206 1758 4263 illis.

165 4312 288 4367 Olca
318 4310 566 4383 quidem,
596 4307 691 4363 sed
723 4306 925 4362 inculta
968 4312 1134 4373 atque
1162 4302 1450 4357 silvestris.
1487 4300 1620 4356 Item
1663 4300 1766 4356 hoc

166 4404 281 4459 loco
302 4410 499 4458 contra
528 4408 775 4454 naturam
804 4394 1068 4466 gentilem
1093 4394 1351 4465 populum
1380 4393 1599 4447 insitum
1632 4391 1765 4447 dicit

164 4492 372 4559 radice,
404 4493 506 4546 hoc
534 4497 641 4557 est,
695 4489 748 4543 in
777 4486 883 4542 ﬁde
931 4484 1397 4557 patriarcharum:
1437 4492 1493 4539 ct
1515 4499 1623 4540 non
1676 4498 1764 4540 se-

164 4587 402 4642 cundum
431 4594 682 4640 naturam
709 4579 1134 4651 arborumquasi
1163 4579 1216 4634 in
1244 4577 1529 4645 inscrtum,
1556 4577 1759 4649 proprii

1897 580 2042 626 tuam
2066 570 2355 640 acciperet,
2384 584 2438 626 et
2469 573 2591 627 illos
2616 572 2734 627 sine
2764 586 2923 627 causa
2949 572 3262 643 projiceret.

1965 663 2096 718 Noli
2136 663 2300 718 altum
2342 682 2540 735 sapere,
2573 666 2662 719 sed
2692 666 2829 720 time.
2872 665 3100 733 Quidam
3135 666 3279 721 hunc
3304 665 3483 721 locum

1891 771 1998 813 non
2029 758 2416 828 lntelligentes,
2451 773 2552 813 nec
2579 758 2924 813 attendentes
2970 773 3210 827 causam,
3242 758 3330 814 vel
3360 772 3485 828 per-

1889 864 2073 916 sonas,
2125 849 2193 907 de
2222 865 2327 921 qua
2360 859 2414 907 et
2445 850 2512 905 de
2542 850 2739 920 quibus
2772 851 3009 921 loquitur
3036 852 3348 921 Apostolus,
3383 865 3483 920 pu-

1891 950 2007 999 tant
2053 944 2142 999 hic
2186 942 2509 1014 sapientiam
2562 957 2684 999 esse
2732 943 3082 1014 prohibitam.
3123 943 3274 1013 Quod
3330 944 3377 999 si
3409 944 3481 998 ita

1890 1048 1994 1106 est,
2028 1037 2328 1094 secundum
2381 1038 2524 1105 illos,
2558 1037 2865 1093 invenietur
2886 1038 2988 1093 sibi
3016 1039 3132 1108 ipse
3153 1037 3480 1104 contrarius,

1887 1131 1979 1203 qui
2008 1130 2097 1187 hic
2147 1138 2314 1199 vetat,
2349 1130 2492 1202 quod
2524 1130 2675 1197 alibi,
2702 1139 2763 1187 ut
2790 1131 3010 1201 Ephesii
3038 1141 3093 1186 ct
3120 1132 3301 1187 crctcri
3329 1133 3480 1188 acci-

1888 1223 2062 1294 piant,
2096 1224 2308 1295 magnis
2337 1223 2826 1294 supplicationibus
2866 1223 2932 1277 ad
2964 1224 3252 1279 Dominum
3285 1224 3481 1295 deprc-

1887 1329 2061 1375 catur.
2094 1318 2218 1375 Noli
2242 1334 2374 1390 ergo
2395 1318 2567 1373 altum
2599 1332 2814 1389 sapere,
2853 1317 2958 1374 hoc
2982 1326 3100 1383 est,
3132 1318 3242 1373 noli
3289 1329 3480 1374 contra

1886 1426 1981 1468 eos
2004 1426 2126 1469 esse
2148 1411 2436 1484 superbus.

1960 1507 2023 1564 Si
2068 1509 2205 1562 enim
2251 1506 2386 1562 Deus
2416 1506 2747 1561 naturalibus
2775 1506 2937 1560 rantis
2983 1522 3086 1561 non
3130 1505 3370 1576 pepercit,
3416 1521 3479 1559 ne

1886 1608 2020 1677 forte
2041 1620 2132 1658 nec
2161 1604 2251 1657 tibi
2281 1611 2479 1674 parcat.
2523 1600 2580 1657 Si
2614 1600 2723 1656 illis
2775 1615 2880 1655 non
2922 1599 3202 1671 pepercit,
3257 1608 3480 1669 propter

1887 1698 2359 1765 incredulitatem,
2405 1697 2494 1767 qui
2525 1712 2590 1751 ex
2633 1695 2815 1752 radice
2859 1704 3047 1751 sancta
3096 1702 3257 1749 sunt:
3306 1694 3478 1751 multo

1885 1793 2062 1847 minus
2094 1791 2213 1858 tibi,
2245 1790 2288 1847 si
2324 1789 2659 1861 peccaveris.
2760 1850 2761 1853 η

1971 1882 2097 1936 Vide
2127 1898 2246 1953 ergo
2274 1882 2571 1949 bonitatem,
2593 1890 2637 1934 et
2655 1881 2973 1935 seueritatem
2996 1878 3111 1932 Dei.
3129 1878 3329 1933 Contra
3357 1892 3474 1946 eos,

1881 1977 1973 2051 qui
2020 1977 2186 2032 alium
2238 1975 2411 2030 Deum
2437 1974 2668 2045 justum,
2726 1975 2889 2028 alium
2939 1982 3193 2029 asserunt
3248 1974 3476 2027 bonum.

1882 2074 1954 2130 Et
2000 2079 2192 2128 contra
2245 2085 2363 2139 eos,
2395 2069 2490 2142 qui
2545 2077 2747 2141 negant
2797 2068 2970 2125 Deum
3018 2068 3073 2123 in
3122 2067 3477 2139 peccantibus

1876 2167 2180 2223 vindicare;

1950 2260 2019 2315 In
2047 2277 2131 2317 eos
2170 2260 2373 2333 quidem
2395 2260 2483 2331 qui
2510 2260 2820 2326 ceciderunt,
2844 2258 3197 2314 seueritatem:
3224 2257 3280 2311 in
3309 2264 3358 2311 te
3380 2273 3478 2311 au-

1880 2363 1980 2411 tem
2009 2356 2292 2411 bonitatem
2323 2354 2439 2409 Dei.
2495 2354 2631 2423 Quia
2680 2362 2736 2409 ct
2786 2354 2863 2409 illi
2889 2353 3035 2425 juste
3058 2352 3212 2408 fracti
3238 2359 3385 2419 sunt,
3417 2359 3475 2408 et

1879 2458 1936 2506 tu
1963 2452 2265 2507 clementer
2283 2451 2523 2505 insertus
2544 2466 2625 2504 es.

1954 2544 2015 2599 Si
2065 2544 2411 2612 permanseris
2458 2544 2510 2597 in
2552 2542 2797 2597 bonitate.
2826 2540 2886 2598 In
2942 2541 3067 2611 ﬁde,
3096 2556 3217 2613 qua:
3250 2540 3346 2597 tibi
3378 2540 3472 2597 Dei

1880 2637 2129 2691 bonitate
2155 2637 2348 2692 collata
2380 2645 2483 2692 est.
3017 2703 3025 2710 ‘

1949 2729 2215 2799 Alioquin,
2256 2737 2305 2782 et
2354 2738 2409 2782 tu
2447 2730 2717 2784 excideris.
2762 2728 2869 2784 Sed
2892 2728 3074 2796 etilli,
3128 2728 3172 2783 si
3199 2744 3303 2782 non
3356 2744 3473 2797 per-

1878 2820 2158 2874 manserint
2185 2820 2239 2874 in
2256 2820 2643 2885 incredulitate,
2676 2820 2990 2873 inserentur.
3018 2818 3112 2874 Sin
3139 2834 3295 2886 vero,
3329 2828 3384 2874 et
3416 2829 3471 2874 tu
3552 2800 3559 2803 1

1885 2914 2233 2970 severitatem
2262 2914 2486 2980 senties,
2518 2922 2573 2968 et
2604 2912 2677 2968 illi
2705 2912 3022 2967 bonitatem.

1950 3008 2142 3063 Potens
2167 3017 2241 3063 est
2266 3008 2400 3061 enim
2428 3006 2563 3061 Deus
2585 3007 2768 3060 iterum
2787 3007 3008 3061 inserere
3032 3005 3169 3060 illos.
3194 3004 3342 3076 Apud
3372 3005 3469 3060 lto-

1877 3100 2050 3157 mines
2074 3100 2289 3171 quidem
2321 3099 2656 3170 impossibile
2680 3106 2786 3165 est,
2815 3099 2998 3154 aridos
3026 3100 3273 3154 surculos
3299 3099 3471 3153 retor-

1874 3209 2026 3250 mare
2063 3211 2078 3249 :
2122 3193 2267 3264 apud
2296 3194 2468 3249 Deum
2500 3194 2681 3248 omnia
2716 3192 2996 3264 possibilia
3025 3201 3081 3248 et
3108 3192 3287 3249 facilia
3317 3203 3463 3250 sunt.

1797 3264 1844 3328 (ἶ
1951 3285 2092 3340 Nam
2124 3295 2174 3340 et
2214 3286 2261 3339 si
2311 3292 2367 3339 tu
2394 3302 2457 3340 ea:
2504 3284 2734 3339 naturali
2787 3285 2990 3338 excisus
3045 3282 3291 3339 oleastro.
3332 3285 3467 3352 Quia

1869 3378 1982 3448 jam
2014 3377 2145 3433 olim
2175 3387 2356 3448 patres
2382 3392 2597 3442 eorum,
2628 3376 2930 3432 naturalem
2965 3376 3140 3447 legem
3169 3378 3345 3445 obliti,
3374 3378 3471 3434 de—

1873 3481 2270 3544 generaverant
2297 3487 2325 3525 a
2357 3480 2636 3539 natura,et
2660 3486 2759 3543 per
2778 3468 3155 3526 successiones
3186 3471 3465 3541 peccandi,

1874 3566 2271 3623 consuetudine
2328 3572 2707 3635 permanente,
2738 3562 2896 3635 quasi
2952 3563 3273 3619 naturaliter
3299 3564 3469 3619 amari

1873 3671 1928 3715 et
1952 3658 2269 3713 infructuosi
2305 3673 2427 3712 esse
2479 3665 2780 3729 eteperunt.
2815 3653 2948 3710 Item
2975 3653 3081 3711 hoc
3130 3654 3251 3710 loco
3276 3664 3470 3711 contra

1872 3761 2117 3808 naturam
2145 3751 2401 3822 gentilem
2428 3751 2680 3821 p0pulum
2713 3748 2936 3804 insitum
2970 3748 3104 3804 dicit
3148 3748 3204 3803 in
3232 3748 3415 3804 radice
3440 3768 3455 3805 :

1871 3845 1977 3900 hoc
2007 3854 2111 3915 est,
2161 3845 2216 3900 in
2244 3844 2351 3900 ﬁde
2389 3841 2839 3914 patriarcharum,
2895 3850 2949 3897 et
2998 3856 3107 3896 non
3165 3841 3463 3898 secundum

1871 3950 2119 3993 naturam
2148 3938 2406 3993 arborum
2456 3937 2607 4008 quasi
2660 3936 2946 4001 insertum,
2996 3934 3197 4005 proprii
3248 3935 3467 4006 generis

1869 4032 2108 4089 fructum
2140 4033 2305 4100 ferre,
2337 4031 2433 4087 sed
2462 4032 2757 4087 bonitatem
2787 4028 2983 4086 radicis
3005 4031 3187 4100 sequi,
3219 4028 3274 4084 in
3302 4044 3464 4101 quam

1870 4125 2108 4181 insertus
2137 4134 2240 4181 est.

1941 4217 2010 4271 Et
2040 4226 2221 4272 contra
2268 4227 2511 4273 naturam
2537 4218 2761 4273 insertus
2805 4233 2857 4272 es
2913 4218 2968 4271 in
3019 4216 3206 4271 bonam
3238 4214 3462 4270 olivam:

1866 4320 2061 4380 quanto
2089 4310 2252 4381 magis
2284 4309 2338 4362 Ιιὶ
2360 4310 2447 4379 qui
2469 4310 2752 4364 secundum
2777 4319 3016 4362 naturam
3043 4308 3335 4361 iuserentur
3354 4324 3465 4362 sua:

1868 4404 2058 4457 oliute?
2081 4402 2278 4459 Contra
2306 4413 2554 4458 naturam
2579 4413 2681 4473 est,
2698 4403 2856 4457 oliva:
2877 4403 3120 4457 inserere
3143 4402 3460 4469 oleastrum,

1866 4498 1991 4567 quia
2032 4498 2205 4568 magis
2242 4513 2426 4553 ramus
2482 4496 2624 4551 solet
2669 4495 2779 4550 vim
2829 4494 3026 4550 radicis
3071 4493 3272 4549 imitari
3302 4509 3464 4565 quam

1867 4589 2023 4645 radix
2047 4604 2325 4645 ramorum
2356 4590 2407 4644 in
2432 4604 2586 4643 suam
2608 4597 2821 4643 vertere
2842 4586 3178 4657 qualitatem.

163 4680 381 4749 generis
410 4677 645 4733 fructum
686 4675 850 4741 terre,
884 4672 980 4729 sed
1012 4670 1312 4726 bonitatem
1362 4669 1563 4727 radicis
1584 4670 1761 4740 sequi,

1942 4683 2087 4738 Nolo
2118 4684 2251 4738 enim
2284 4700 2371 4738 vos
2416 4684 2677 4753 ignorare,
2720 4682 2930 4753 fratres.
2980 4679 3094 4737 Hoc
3126 4687 3297 4735 totum
3327 4695 3461 4737 con-

182 4790 213 4827 n
240 4788 408 4844 quam
440 4772 675 4828 insertus
697 4783 779 4825 es.

234 4864 302 4918 Et
359 4864 530 4919 socius
578 4862 768 4916 radicis
815 4870 861 4915 et
892 4858 1223 4931 pinguedinis
1277 4856 1425 4912 oliva:
1476 4860 1645 4929 factus
1684 4874 1756 4912 es.

162 4955 401 5026 Radicis,
441 4967 683 5027 patrum:
742 4953 1106 5025 pinguedinis,
1137 4950 1361 5007 Christi.

230 5051 366 5107 Noli
394 5050 613 5123 gloriari
661 5049 908 5102 adversus
954 5062 1145 5101 ramos.
1192 5043 1348 5109 Quod
1404 5043 1449 5098 si
1490 5044 1756 5115 gloriaris,

160 5160 261 5197 non
304 5154 361 5197 tu
388 5144 620 5197 radicem
652 5150 850 5211 portas,
880 5139 967 5195 sed
1004 5138 1159 5193 radix
1188 5147 1252 5192 te.
1295 5136 1413 5191 Noli
1442 5135 1511 5191 de
1537 5137 1752 5193 ill0rum

160 5235 471 5306 perditione
521 5233 791 5307 gaudere:
823 5231 1064 5303 alioquin
1109 5229 1297 5299 audies
1323 5228 1467 5300 quod
1514 5244 1619 5283 non
1676 5228 1751 5282 illi

159 5346 255 5401 per
287 5340 347 5388 te
373 5340 543 5397 stant,
593 5330 689 5386 sed
735 5338 790 5386 tu
847 5344 945 5400 per
994 5328 1142 5384 illos.
1181 5326 1292 5385 Nec
1350 5334 1409 5382 ιιι
1448 5326 1553 5382 illis
1585 5327 1749 5382 vitam

158 5431 412 5493 praestas,
440 5423 534 5481 sed
562 5424 639 5480 illi
665 5423 781 5479 tibi.

228 5516 381 5573 Dicis
409 5536 563 5593 ergo:
605 5517 786 5574 Fracti
809 5524 929 5573 sunt
956 5518 1110 5585 rami,
1141 5526 1197 5571 ut
1242 5534 1336 5589 ego
1356 5519 1578 5573 inserar.
1610 5515 1752 5571 Bene

152 5622 374 5681 propter
402 5614 813 5670 incredulitatem
838 5616 992 5685 fracti
1022 5624 1163 5667 sunt.
1195 5613 1273 5667 Tu
1304 5613 1441 5668 dicis
1466 5613 1591 5669 ideo
1623 5614 1749 5669 illos

150 5704 407 5774 tractos,
453 5719 512 5765 ut
559 5717 614 5765 tu
646 5707 936 5764 inseraris:
985 5706 1279 5762 Videamus
1338 5708 1383 5761 si
1436 5717 1750 5778 propterea,

148 5806 205 5851 et
260 5812 378 5853 non
422 5800 592 5872 magis
640 5808 864 5872 propter
916 5798 1355 5857 incredulitatem
1412 5815 1563 5857 suam
1613 5801 1754 5858 ecci-

149 5889 376 5947 dcrunt.
1411 5896 1417 5902 '

1868 4780 1950 4828 tra
1977 4773 2123 4839 illos,
2149 4789 2218 4828 ne
2245 4772 2562 4842 superbiant
2586 4780 2797 4843 gentes.

1938 4866 2243 4938 Mysterium
2292 4868 2407 4922 Ιιοε.
2439 4866 2738 4936 Arcanum,
2773 4868 2918 4939 quod
2966 4868 3277 4924 hominibus
3302 4868 3460 4939 igno-

1867 4969 1977 5016 tum
2009 4968 2113 5031 est,
2145 4974 2312 5031 quare
2356 4960 2580 5015 salvatus
2630 4967 2758 5015 sunt
2786 4968 3004 5031 gentes:
3040 4962 3164 5029 quia
3217 4958 3459 5015 occasio-

1865 5069 1989 5110 nem
2016 5054 2097 5109 eis
2125 5053 2317 5109 salutis
2342 5054 2507 5108 etiam
2536 5054 2752 5109 caecitas
2779 5055 3099 5124 prmstitcrit
3126 5052 3311 5107 Israel.

1940 5146 2008 5203 Ut
2049 5164 2153 5203 non
2182 5147 2291 5202 sitis
2322 5146 2696 5217 nobismetipsis
2725 5148 2999 5219 sapientes.
3058 5144 3136 5201 Nc
3166 5144 3463 5202 secundum

1864 5240 2160 5297 humanam
2209 5241 2530 5312 sapientiam
2562 5240 2800 5297 dicatis:
2856 5240 2968 5295 Nos
2999 5240 3145 5295 Deus
3198 5239 3383 5311 elegit,
3413 5249 3469 5295 et

1860 5334 1984 5390 illos
2007 5334 2226 5405 abiecit.

1937 5430 2073 5497 Quia
2126 5429 2326 5484 accitas
2372 5444 2435 5484 ea:
2474 5439 2618 5495 parte
2669 5428 2881 5499 contigit
2912 5425 3102 5481 Israel.
3152 5426 3208 5482 In
3238 5434 3448 5481 tantum

1860 5520 2026 5577 Israel
2058 5530 2113 5576 et
2142 5521 2358 5590 delicta,
2393 5531 2448 5578 et
2481 5520 2704 5592 perﬁdia
2734 5529 3075 5588 occuparunt
3099 5560 3113 5585 ,
3144 5528 3206 5573 ut
3250 5520 3463 5575 veniret

1857 5624 2093 5687 tempus,
2116 5626 2427 5689 qnogentes
2448 5629 2637 5671 omnes
2663 5612 3079 5669 admitterentur
3110 5613 3175 5668 ad
3198 5613 3382 5679 vitam,
3404 5622 3460 5667 et

1856 5709 1929 5765 ita
1942 5710 2127 5764 'omnis
2141 5708 2304 5765 Israel
2326 5725 2423 5781 per
2445 5708 2602 5763 ﬁdem
2627 5707 2795 5763 solam
2818 5708 3154 5764 salvaretur:
3187 5703 3459 5775 quomodo

1855 5804 2096 5876 gentium
2150 5802 2428 5874 plenitudo
2477 5803 2587 5856 vita
2634 5802 2875 5871 :rquales
2916 5808 3102 5857 essent
3134 5800 3185 5855 in
3218 5796 3459 5870 Christo,

1858 5899 1979 5968 quia
2014 5899 2308 5967 inatquales
2337 5894 2555 5953 fuerant
2583 5896 2634 5953 in
2664 5894 2898 5953 delictis.
