3970 6304
527 327 633 384 699
1555 326 1616 382 S.
1656 325 2036 383 HIEliONYMI
2074 325 2361 386 OPERUM
2399 328 2764 386 IIAN'I‘ISSA.
3705 329 3785 386 700

596 445 776 503 Donec
805 445 1072 518 plenitudo
1091 446 1319 516 gentium
1374 445 1611 514 intraret,
1639 455 1686 500 et
1716 445 1790 500 sic
1837 446 2007 500 omnis
2032 442 2114 498 Is-
2147 443 2201 504 A
2227 441 2534 515 indigerent
2559 462 2572 498 :
2598 451 2654 498 nt
2685 442 2936 500 omnibus
2967 441 3034 499 de
3079 441 3211 498 falsa
3255 439 3523 514 jactantia
3560 455 3784 514 operum,

525 541 637 595 rael
663 541 830 596 salvus
856 540 1026 609 ﬁeret.
1061 538 1289 593 Tamdiu
1337 539 1655 609 permansit,
1706 538 1880 593 donec
1929 547 2116 609 gentes

523 631 744 687 salvatus
765 631 1030 696 viderent,
1051 632 1194 702 quod
1209 646 1400 687 omnes
1423 632 1596 686 Vocati
1623 639 1750 686 Sunt
1767 630 1830 685 ad
1847 630 2078 686 salutem
2101 648 2115 684 :

524 725 640 780 sive
668 741 736 780 ex
763 724 920 791 Juda,
973 733 1028 780 et
1075 724 1270 791 Israel,
1303 733 1357 779 et
1390 724 1506 794 lege
1553 724 1787 779 scilicet.
1828 724 1957 779 Itctn
2017 725 2118 778 hoc

526 818 785 884 ostendit,
817 820 1073 888 quoniam
1107 818 1342 874 intrante
1374 817 1426 873 in
1463 819 1619 874 tidem
1646 819 1846 874 Christi
1874 821 2115 888 gentium

525 912 904 980 supplemento
925 955 937 975 ,
965 920 1092 967 tunc
1115 912 1257 977 zelo,
1287 923 1336 967 et
1367 913 1713 970 :rmulutimie
1741 914 1971 982 ρει-ιιιοιί
1991 915 2116 970 ιι-Ιί-

528 1004 617 1074 qui
636 1003 814 1073 populi
829 1004 1160 1071 ludat-orum,
1177 1005 1461 1060 credentes
1477 1006 1528 1060 in
1548 1006 1785 1073 Christo,
1806 1007 1940 1062 salvi
1965 1008 2117 1061 linit.

525 1094 799 1166 Praepouit
815 1105 993 1150 autem
1010 1096 1279 1152 interdum
1294 1098 1332 1151 A
1345 1098 1582 1167 pose-lus
1595 1090 1783 1168 gentes
1803 1099 2003 1168 populo
2019 1098 2119 1153 Ile-

527 1186 797 1243 bracorum
814 1187 1004 1254 inﬁde,
1029 1204 1091 1244 ea
1109 1188 1343 1257 ratione,
1362 1191 1616 1260 quoniam
1652 1191 1864 1245 etiamsi
1883 1190 2122 1261 aliquan-

529 1281 567 1335 ti
598 1295 664 1335 ex
694 1280 802 1335 illis
833 1280 1049 1336 Christo
1087 1283 1432 1338 crediderant
1458 1299 1472 1336 :
1509 1292 1685 1339 tamen
1713 1284 1845 1353 legis
1871 1284 2122 1339 Μειεείοω

525 1374 700 1430 adhuc
725 1383 987 1445 prmccpta
1011 1376 1321 1430 servabant.
1347 1375 1502 1432 Unde
1526 1388 1574 1431 et
1602 1377 1702 1447 ipsi
1731 1388 1916 1447 postea
1940 1393 2124 1432 exem-

527 1467 619 1536 plo
665 1469 942 1536 gentium,
995 1466 1359 1522 Christianam
1404 1468 1562 1522 tidem
1609 1469 1820 1539 integre
1849 1470 2125 1525 custodire

524 1567 825 1623 eruperunt.
857 1557 973 1612 Non
1002 1560 1144 1614 enim
1193 1575 1288 1628 pro
1339 1559 1702 1626 multitudine,
1731 1560 2121 1631 plenitudinem

525 1648 698 1704 dicit:
733 1650 826 1705 sed
850 1651 975 1720 quia
1019 1650 1213 1722 repleti
1257 1660 1382 1707 sunt
1409 1668 1438 1704 ει
1473 1654 1702 1708 Domino
1733 1667 1955 1710 nostro:
1986 1656 2127 1710 sicut

526 1752 581 1796 ct.
613 1742 728 1810 ipse
776 1743 850 1796 ait
881 1743 1075 1798 Paulus
1123 1744 1189 1800 de
1237 1744 1606 1801 credentibus.
1654 1745 1722 1800 Et
1774 1745 1948 1816 ipsum
1977 1748 2122 1803 dedit

2217 537 2391 608 gloria
2439 538 2743 593 tolleretur.

2294 631 2461 698 Quom
2491 629 3023 703 incmnprcltcttsibilia
3045 641 3163 683 sunt
3177 629 3388 701 judicia
3411 629 3551 699 ejus,
3577 636 3626 684 et
3670 629 3787 683 inve-

2217 724 2485 796 stigubiles
2510 725 2604 778 via:
2627 725 2759 788 eius.
2788 723 2996 780 iudicia
3026 722 3119 776 Dei
3145 727 3373 792 abyssus
3407 722 3594 774 multa.
3635 718 3787 794 Aliqui

2219 818 2362 870 enim
2393 814 2857 887 comprehendere
2889 831 2997 868 non
3029 824 3278 884 possunt.

2296 908 2422 977 Quis
2466 910 2599 964 cnim
2647 908 2880 980 cegnorit
2923 923 3127 960 sensum
3158 903 3415 959 Domini?
3472 905 3610 960 Ante
3652 919 3787 960 nemo

2223 1002 2475 1069 Cognovit
2506 1019 2519 1055 :
2555 1017 2677 1056 nam
2704 1002 2756 1056 in
2782 1002 3036 1070 prasscnti
3070 1000 3186 1070 ipse
3237 997 3441 1053 Paulus
3474 997 3650 1068 utique
3676 998 3790 1052 scie-

2221 1095 2336 1162 bat,
2357 1094 2448 1164 qui
2469 1094 2592 1150 aliis
2614 1095 2961 1150 ostendebat.
2991 1092 3099 1149 Nos
3124 1102 3301 1146 autem
3354 1105 3575 1147 sensum
3606 1090 3787 1145 Domini

2223 1186 2508 1244 habemus.
2537 1188 2668 1241 Sive
2692 1185 2863 1255 legem
2894 1185 3064 1255 ipsius
3093 1199 3187 1254 per
3213 1199 3273 1239 se
3324 1198 3486 1238 nemo
3527 1182 3784 1253 cognovit:

2223 1291 2276 1334 et
2301 1293 2458 1332 nemo
2478 1277 2736 1348 peculiari
2767 1279 2876 1333 Deo
2898 1274 3342 1332 confabulatione
3370 1274 3684 1342 instructus,
3706 1274 3786 1329 doc

2225 1374 2397 1427 ctrina
2430 1389 2535 1426 non
2567 1371 2771 1442 indiget
2813 1371 2965 1441 legis.

2299 1465 2398 1516 Aut
2429 1465 2543 1535 quis
2589 1461 2918 1517 consiliarius
2959 1464 3072 1534 ejus
3119 1461 3268 1532 fuit?
3321 1460 3391 1518 Ut
3445 1460 3561 1532 ejus
3606 1459 3788 1517 noverit

2226 1569 2590 1614 sacramenta.

2300 1650 2401 1706 Aut
2425 1652 2538 1721 quis
2558 1652 2700 1725 prior
2723 1651 2863 1706 dedit
2885 1651 2982 1716 illi,
3007 1661 3051 1706 et
3074 1651 3383 1706 retribuetur
3405 1652 3490 1707 ei?
3514 1649 3636 1719 Quis
3663 1650 3790 1724 prior

2231 1745 2356 1798 fecit
2386 1745 2584 1814 aliquid
2616 1744 2765 1810 boni,
2800 1753 2854 1797 ct
2883 1761 2988 1798 non
3021 1743 3113 1798 Dei
3153 1745 3586 1799 misericordiam
3617 1743 3792 1815 gloriﬁ-

524 1847 686 1904 Caput
739 1850 903 1906 super
955 1852 1172 1893 omnem
1224 1838 1560 1905 Ecclesium,
1613 1854 1733 1910 quae
1788 1849 1871 1894 cst
1923 1856 2122 1911 corpus
2159 1836 2196 1896 Il
2227 1847 2334 1906 ecl,
2359 1836 2454 1893 sed
2485 1851 2583 1892 suo
2615 1852 2673 1892 se
2703 1838 2895 1892 merito
2921 1836 3196 1908 recepisse
3239 1836 3535 1907 glorietur?

526 1926 695 1998 ipsius
717 1945 730 1984 :
749 1929 1159 2000 plenitudoejus
1180 1932 1270 2002 qui
1289 1932 1470 1986 omnia
1497 1933 1548 1987 in
1573 1932 1821 1987 omnibus
1839 1932 2118 2003 adimplet.

598 2020 746 2076 Sicut
765 2023 1009 2094 scriptum
1037 2032 1110 2077 est
1135 2040 1155 2079 .·
1207 2023 1378 2078 Veniet
1425 2042 1489 2079 ea:
1527 2025 1683 2092 Sion,
1713 2026 1803 2097 qui
1834 2026 2040 2099 eripiat,
2073 2037 2120 2081 et

525 2121 720 2166 avertat
751 2113 1061 2184 impietatem
1077 2115 1140 2169 ab
1166 2114 1351 2170 Iacob.
1378 2117 1606 2183 Quidam
1638 2116 1754 2172 haec
1776 2120 1955 2173 omnia
1980 2118 2121 2173 lutu-

522 2221 582 2262 ra
615 2205 949 2264 cxiStimant.
981 2208 1188 2276 Quibus
1238 2210 1676 2282 restiondendum
1721 2219 1809 2266 est
1839 2231 1850 2265 :
1887 2212 2025 2282 Ergo
2067 2222 2121 2267 et

522 2295 630 2352 hoc
658 2299 1026 2355 testimonium
1063 2317 1075 2354 :
1107 2301 1301 2356 Veniet
1330 2319 1394 2356 cx
1426 2303 1552 2356 Sion
1583 2302 1678 2371 qui
1708 2303 1904 2370 eripiat
1931 2302 2116 2369 Israel,

524 2389 699 2446 adhuc
726 2391 965 2447 futurum
993 2403 1096 2461 est,
1124 2404 1182 2448 ut
1209 2411 1422 2449 rursum
1445 2397 1692 2451 Christus
1713 2397 1967 2452 adveniat
1987 2398 2120 2453 libe-

523 2498 668 2550 rare,
721 2495 776 2540 et
805 2501 833 2539 a
866 2487 974 2541 Deo
1003 2503 1100 2558 pro
1149 2498 1393 2559 tempore
1445 2491 1701 2545 CXCiCCDli
1743 2503 1890 2560 Sttnl,
1925 2503 1976 2547 et
2012 2508 2117 2546 non

523 2577 835 2648 semetipsis
879 2579 1007 2650 quid
1049 2581 1116 2637 de
1138 2580 1265 2650 illis,
1299 2584 1572 2653 quomodo
1601 2593 1835 2656 pereunt
1861 2600 1968 2639 non
2001 2600 2118 2640 crc—

522 2670 740 2728 dentes.

599 2763 662 2818 Et
687 2765 784 2819 hoc
813 2765 919 2821 illis
949 2785 982 2820 a
1008 2784 1086 2825 me
1124 2766 1527 2835 Testamentum,
1570 2787 1683 2824 cum
1714 2771 1972 2826 abstulero
2003 2788 2121 2841 pec-

522 2866 638 2910 cata
660 2874 857 2911 eorum.
893 2859 1299 2917 Testamentum
1357 2880 1577 2930 novum,
1632 2850 1772 2934 quod
1821 2867 2116 2935 promisit:

520 2950 661 3020 quod
693 2952 905 3006 nonnisi
936 2954 1085 3020 novi,
1111 2956 1327 3010 abolitis
1357 2957 1621 3027 peccatis,
1655 2956 1941 3028 accipient.

595 3042 895 3097 Secundum
929 3044 1259 3115 Evangelium
1280 3047 1488 3118 quidem
1513 3048 1727 3115 inimici,
1759 3059 1971 3120 prap.‘er
2007 3065 2114 3104 vos.

523 3131 730 3187 Inimici
763 3133 894 3188 mihi
919 3146 1065 3205 sunt,
1089 3146 1308 3208 propter
1334 3155 1455 3208 qua:
1487 3139 1636 3195 vobis
1669 3141 1924 3210 prtedico,
1956 3139 2112 3197 Chri-

525 3235 664 3280 stum
690 3228 1060 3297 prohibentes,
1081 3249 1185 3286 non
1199 3233 1453 3302 gentibus
1472 3233 1636 3304 loqui.
1655 3236 1885 3289 utsalvm
1906 3235 2050 3290 fiant.

597 3317 892 3373 Secundum
923 3320 1223 3378 electionem
1251 3334 1422 3379 autem
1441 3327 1752 3394 charissimi,
1783 3341 1993 3399 propter
2021 3346 2119 3398 pa-

524 3420 645 3466 tres.
681 3413 736 3469 Si
765 3426 943 3470 autem
995 3417 1240 3488 credant,
1285 3418 1591 3475 charissimi
1641 3432 1768 3478 sunt
1799 3423 2122 3492 :dupliciter

524 3508 910 3563 cctnmendati.

598 3600 725 3653 Sine
755 3603 1052 3671 paenitentia
1075 3605 1209 3658 enim
1254 3616 1372 3660 sunt
1405 3606 1565 3674 dona,
1589 3617 1636 3662 et
1684 3610 1881 3662 vacatio
1917 3608 2030 3664 Dei.
2063 3610 2119 3666 Si

525 3691 876 3764 crediderint,
905 3711 1010 3769 non
1043 3697 1148 3750 illis
1171 3708 1420 3767 poterunt
1447 3702 1594 3771 impu
1624 3704 1700 3756 ari
1731 3716 1976 3774 peccata,
1997 3708 2121 3776 quia

527 3785 815 3842 Dominum
867 3804 973 3844 non
1028 3793 1254 3859 paenitet
1299 3793 1530 3848 Abrahrc
1576 3810 1757 3850 semen
1784 3798 2117 3866 promisisse.

528 3878 756 3935 Siveilli
803 3883 921 3937 sine
961 3883 1254 3940 afﬂictione
1296 3886 1652 3958 {trementia},
1693 3889 1737 3944 si
1769 3888 2120 3952 crediderint.

527 3970 906 4029 salvabuntur.

599 4065 748 4122 Sicut
788 4068 922 4121 enim
973 4071 1256 4138 aliquando
1285 4082 1332 4126 et
1380 4089 1468 4127 vos
1498 4090 1603 4128 non
1646 4077 1940 4130 credidistis
1992 4076 2119 4132 Deo.

526 4159 752 4227 Quando
781 4161 958 4217 adhuc
992 4164 1067 4217 illi
1094 4165 1413 4222 credebant.
1747 4167 1762 4174 ’

603 4251 758 4306 Nunc
779 4263 948 4307 autem
983 4255 1387 4310 misericordiam
1420 4262 1683 4314 consecuti
1725 4263 1864 4328 estis,
1913 4273 2123 4334 propter

527 4341 940 4420 incredulitatem
968 4346 1200 4400 illorum.
1238 4347 1351 4402 Non
1385 4359 1566 4407 vestro
1615 4354 1828 4406 merito.

601 4434 686 4488 Ita
717 4446 762 4490 et
790 4438 875 4491 isti
897 4455 1032 4492 nunc
1072 4456 1174 4493 non
1204 4441 1540 4495 crediderunt
1585 4444 1637 4496 in
1669 4454 1886 4498 vestrum
1924 4446 2124 4500 miseri-

527 4527 787 4582 cordiam.
816 4529 1176 4586 Misericordia
1207 4533 1473 4604 gentium,
1498 4533 1748 4592 Christus
1771 4546 1872 4591 est.

604 4620 671 4677 Ut
692 4631 738 4674 et
770 4624 869 4690 ipsi
913 4626 1322 4682 misericordiam
1373 4642 1774 4700 consequantur.
1821 4631 1878 4685 In
1911 4642 2120 4687 tantum

528 4730 635 4771 non
665 4716 1033 4788 crediderunt,
1066 4731 1119 4772 ut
1151 4730 1205 4775 ct
1229 4722 1326 4792 ipsi
1359 4724 1617 4790 operibus
1645 4724 1758 4779 suis
1789 4740 1895 4780 non
1923 4725 2124 4795 justiti-

528 4821 740 4878 centur,
775 4811 870 4867 sed
895 4812 1292 4881 misericordia,
1336 4817 1477 4872 sicut
1507 4828 1560 4874 et
1602 4833 1721 4873 vos.

597 4905 862 4959 Conclusit
893 4906 1028 4958 enim
1057 4907 1194 4962 Deus
1224 4910 1396 4962 omnia
1423 4911 1477 4964 in
1504 4911 1885 4967 incredulitate.
1916 4911 2036 4968 Non
2068 4911 2120 4967 vi

528 4998 819 5062 Conclusit,
847 4999 942 5053 sed
976 4999 1185 5054 ratione
1230 5001 1515 5069 conclusit,
1551 5019 1686 5071 quos
1709 5005 1911 5059 invenit
1952 5005 2005 5060 in
2040 5006 2126 5060 itt-

527 5091 890 5158 credulitate;
925 5093 1028 5148 hoc
1077 5101 1177 5159 est,
1226 5093 1444 5151 .Iudmos
1495 5113 1688 5154 omnes
1731 5110 1786 5154 et
1819 5110 2008 5170 gentes
2035 5101 2122 5156 hic

525 5187 817 5253 conclusit,
845 5188 972 5258 quia
1017 5196 1142 5243 ante
1165 5187 1338 5243 Judari
1360 5199 1675 5259 peccatores
1707 5202 1908 5246 tantum
1939 5204 2118 5262 erant,

528 5291 636 5331 non
668 5279 830 5333 etiam
859 5279 1044 5349 perlidi
1084 5301 1096 5335 :
1131 5291 1414 5352 postquam
1463 5295 1643 5338 autem
1692 5284 1960 5340 Christum
2017 5302 2124 5342 non

527 5367 897 5437 crediderunt,
925 5375 1177 5442 gentibus
1204 5385 1333 5431 sunt
1376 5377 1634 5447 aequales,
1666 5387 1722 5436 et
1757 5394 1947 5436 omnes
1976 5381 2126 5436 simi-

529 5460 654 5518 liter
680 5463 1105 5521 misericordiam
1125 5458 1552 5541 conseqtiuntur.

605 5555 673 5611 Ut
696 5557 931 5610 omnium
961 5560 1282 5618 misereatur.
1321 5565 1430 5619 IIac
1456 5565 1522 5620 de
1549 5579 1732 5620 causa.

604 5648 648 5702 Ο
692 5648 914 5704 altitudo
955 5649 1252 5708 divitiarum
1298 5640 1572 5726 sapientia:
1617 5669 1660 5710 et
1709 5658 1938 5712 scientia:
1988 5657 2127 5740 Diti."

527 5738 734 5795 Laudat
759 5742 1084 5812 sapientiam
1146 5744 1262 5811 Dei,
1317 5749 1406 5817 qui
1443 5748 1645 5804 tamdiu
1674 5750 2012 5820 exspectavit
2042 5738 2126 5807 se?

526 5829 760 5895 cundum
783 5834 1204 5912 praescientiam,
1239 5835 1414 5896 donec
1464 5856 1652 5898 omnes
1690 5841 2123 5906 miscricordiam

2298 1930 2554 1995 Quoniam
2576 1946 2638 1984 ea:
2659 1930 2789 2000 ipso,
2816 1940 2860 1983 et
2882 1945 2972 2002 per
2993 1931 3184 2001 ipsum,
3208 1931 3330 1984 etin
3354 1931 3467 1998 ipso
3489 1939 3602 1984 sunt
3621 1930 3790 1985 omnia.

2224 2022 2306 2076 Ab
2328 2021 2446 2090 ipso
2471 2022 2652 2076 omnis
2674 2031 2919 2076 creatura
2945 2022 3152 2090 accepit
3185 2020 3414 2085 initium,
3446 2029 3500 2074 et
3527 2035 3617 2090 per
3639 2019 3790 2089 ipsum

2222 2112 2450 2182 regitur,
2486 2124 2538 2166 et
2573 2114 2621 2164 in
2657 2114 2776 2180 ipso
2823 2115 3006 2166 munia
3063 2114 3500 2180 Concluduntm',
3556 2129 3653 2167 nec
3701 2114 3791 2184 ipse

2225 2207 2538 2262 continetur
2567 2207 2635 2260 ab
2669 2207 2797 2264 ullo.

2293 2297 2406 2370 Ipsi
2436 2301 2602 2353 honor
2646 2308 2692 2352 et
2716 2299 2886 2370 gloria
2916 2300 2969 2352 in
3001 2299 3192 2354 stesula
3243 2299 3579 2353 sa'crtlorum.
3634 2299 3788 2353 Amen.

2221 2395 2339 2464 Ipse
2385 2396 2532 2448 soius
2561 2394 2948 2463 gloriﬁcandns
2991 2404 3077 2450 est
3106 2411 3120 2450 :
3145 2395 3303 2466 cujus
3333 2407 3418 2452 cst
3472 2395 3632 2450 etiam
3673 2394 3791 2466 quod

2221 2501 2429 2550 sumus,
2454 2494 2506 2539 ct
2531 2487 2781 2551 vivimus,
2815 2502 2879 2540 nc
2909 2503 3214 2542 movemur.
3245 2485 3422 2542 Simul
3445 2491 3607 2542 etiam
3632 2497 3792 2542 cnutra

2221 2578 2455 2633 Arimos
2507 2577 2633 2633 lat-it
2664 2577 2751 2633 hic
2781 2580 2954 2644 locus,
2987 2595 3109 2633 cum
3139 2579 3339 2634 dicitur
3367 2597 3383 2634 :
3427 2581 3568 2636 Deus
3618 2581 3668 2636 id
3693 2597 3792 2636 esse

2223 2686 2288 2724 ex
2311 2685 2417 2740 quo
2446 2671 2650 2738 omnia,
2701 2681 2756 2724 et
2785 2687 2884 2741 per
2931 2687 3090 2742 quem
3135 2673 3312 2726 omnia
3347 2671 3486 2728 facta
3517 2689 3638 2728 esse
3663 2691 3793 2727 tuon-

2223 2774 2462 2818 strautur
2492 2782 2506 2818 :
2533 2765 2576 2818 si
2610 2764 2826 2837 quidem
2851 2769 3032 2820 omnia
3073 2782 3171 2836 per
3205 2767 3439 2822 Verbum
3471 2767 3522 2822 in
3559 2770 3792 2840 pt-incip'o

2222 2852 2360 2910 laeta
2382 2897 2396 2921 ,
2443 2857 2780 2924 Evangelista
2811 2858 3063 2928 signavit.
3096 2859 3157 2913 Et
3187 2858 3330 2930 quod
3365 2857 3436 2915 de
3474 2860 3609 2915 Filio
3645 2863 3792 2913 Evan-

2221 2949 2410 3017 gelista
2451 2958 2696 3012 teSIatur.
2733 2949 2838 3006 hoc
2868 2950 3184 3020 Apostolus,
3223 2968 3317 3019 per
3363 2953 3588 3006 unitatis
3618 2962 3793 3023 myste-

2223 3042 2386 3109 rium,
2425 3041 2492 3097 de
2525 3041 2685 3099 Patre
2713 3041 3126 3114 intelligendqu
3163 3045 3356 3101 edocet
3387 3046 3729 3101 credendum.

2818 3204 3048 3261 CAPUT
3104 3203 3216 3260 XII.

2293 3341 2516 3398 Obsecro
2568 3345 2744 3416 itaque
2768 3362 2877 3409 vos,
2907 3347 3114 3415 fratres.
3147 3345 3284 3412 Quia
3314 3344 3384 3400 de
3406 3361 3568 3414 sensu
3602 3344 3794 3402 Domini

2221 3433 2435 3490 dixerat
2463 3452 2475 3488 :
2506 3436 2668 3490 modo
2683 3437 2841 3502 dicit,
2866 3438 3056 3508 quales
3084 3451 3144 3492 se
3174 3438 3440 3493 exhibere
3465 3439 3712 3506 debeant,
3752 3447 3797 3491 ut

2221 3543 2443 3589 sensum
2482 3529 2693 3585 Domini
2745 3529 2946 3586 habere
2992 3543 3328 3587 mereantur.
3381 3531 3497 3588 Ilnc
3537 3548 3700 3606 usque
3741 3529 3796 3586 de

2224 3619 2565 3688 dogmatibus
2592 3621 2725 3676 dicit
2753 3639 2766 3674 :
2793 3622 2920 3678 hinc
2953 3624 3062 3691 jam
3099 3625 3325 3679 moralia
3355 3624 3537 3679 docet.

2298 3713 2403 3768 Per
2432 3715 2838 3769 misericordiam
2889 3716 3002 3771 Dei.
3045 3716 3160 3785 Qua
3209 3718 3377 3788 magis
3406 3717 3544 3773 nihil
3573 3727 3678 3785 est,
3719 3730 3798 3788 per

2225 3822 2382 3876 quatn
2413 3807 2624 3862 liberati
2671 3824 2879 3864 sumus.

2299 3897 2366 3952 Ut
2386 3899 2667 3954 exhibeatis
2690 3917 2906 3967 corpora
2930 3911 3114 3956 vestra.
3136 3903 3348 3969 Quanto
3365 3903 3540 3974 magis
3563 3903 3796 3965 animam,

2225 4005 2332 4046 nou
2362 3991 2698 4064 animalium,
2748 3993 2886 4048 sicut
2918 3993 2968 4048 in
3021 3994 3176 4063 lege:
3211 4009 3333 4064 quae
3383 4004 3566 4051 tamen
3612 3998 3726 4051 licet
3755 3994 3795 4048 in

2228 4085 2391 4154 ﬁgura
2423 4084 2641 4149 lnerint,
2691 4086 3035 4142 iuunacnlata
3067 4088 3461 4154 otl'erebantnr,
3487 4097 3547 4143 et
3572 4090 3705 4144 viva.

2299 4177 2543 4233 Hostiam
2591 4182 2869 4242 viventem,
2924 4190 3181 4235 sanctam.
3213 4181 3324 4236 Iloc
3353 4191 3456 4250 est,
3491 4195 3710 4250 castam,
3755 4190 3800 4236 et

2227 4271 2456 4326 alienam
2484 4272 2551 4325 ab
2579 4274 2726 4325 omni
2780 4283 2954 4328 morte
2987 4274 3220 4343 peccati.

2301 4365 2408 4418 Deo
2441 4368 2747 4435 placentem.
2804 4366 3060 4434 Domino,
3097 4383 3202 4421 non
3254 4369 3570 4426 hominibus
3619 4379 3798 4425 tantum

2227 4457 2456 4527 plaeetne,
2480 4459 2598 4512 sive
2628 4458 2755 4512 talis
2777 4459 2824 4514 ei
2842 4460 3021 4528 placet
3046 4459 3248 4515 hostia.

2302 4549 2629 4604 Rationabile
2659 4550 2952 4623 obsrquium
2980 4561 3224 4608 vestrum.
3257 4552 3433 4610 Omne
3459 4570 3600 4624 opus
3627 4555 3800 4610 bonum

2229 4650 2354 4696 tunc
2385 4643 2555 4710 placet
2577 4643 2711 4709 Deo,
2742 4645 2784 4697 si
2814 4645 3212 4700 rationabiliter
3262 4646 3376 4701 liat.
3409 4645 3547 4702 Nam
3571 4645 3798 4703 mercede

2228 4736 2491 4802 privatur,
2547 4744 2603 4788 ιιι
2636 4743 2763 4804 puta
2805 4736 2847 4789 si
2893 4736 3014 4806 quis
3071 4736 3351 4792 hominum
3379 4754 3545 4796 causa
3593 4741 3800 4810 jejnuat.

2229 4823 2428 4880 bonum
2453 4825 2770 4894 obsequium
2790 4826 3105 4894 insipienter
3121 4828 3242 4884 facit
3262 4846 3275 4886 :
3293 4831 3363 4886 ita
3386 4841 3440 4886 et
3481 4833 3550 4887 de
3577 4831 3802 4887 omnibus

2227 4917 2609 4985 adjacentibus
2639 4919 2981 4974 sentiendum
3011 4931 3114 4976 est.

2305 5008 2371 5063 Et
2394 5012 2551 5065 nolite
2575 5014 2895 5082 conformari
2926 5014 3048 5067 huic
3074 5014 3287 5080 swculo,
3342 5017 3435 5070 sed
3473 5015 3806 5090 reformamini

2231 5103 2284 5157 in
2307 5104 2533 5158 novitate
2559 5120 2735 5159 sensus
2757 5107 2928 5160 vestri.
2947 5105 3123 5163 Nolite
3143 5109 3348 5164 similes
3371 5125 3496 5166 esse
3519 5111 3644 5166 ﬁliis
3668 5127 3800 5166 mnu.

2232 5194 2306 5260 di,
2331 5197 2422 5266 qui
2445 5195 2573 5250 lacti
2600 5197 2733 5252 estis
2765 5196 2857 5252 lilii
2888 5198 3010 5264 Dei,
3059 5199 3157 5256 sed
3193 5209 3454 5257 renovate
3483 5216 3700 5257 sensum
3728 5215 3803 5253 ve-

2234 5297 2431 5357 strum,
2453 5304 2548 5359 per
2576 5305 2734 5360 quem
2767 5292 2971 5362 regitur
2998 5307 3217 5363 corpus,
3264 5304 3317 5349 et
3346 5297 3529 5352 omnia
3590 5293 3803 5350 membra

2233 5378 2564 5448 diriguntur,
2591 5381 2829 5436 utetiam
2872 5387 3118 5454 corporis
3168 5393 3324 5440 actus
3355 5389 3480 5444 novi
3512 5387 3644 5442 [iant
3676 5405 3687 5438 :
3717 5399 3806 5455 quo

2237 5471 2457 5542 possitis
2487 5473 2814 5530 voluntatem
2848 5475 2969 5541 Dei.
3013 5485 3070 5532 et
3113 5492 3332 5533 sensum
3353 5478 3476 5547 ejus
3503 5491 3802 5550 agnoscere.

2234 5566 2360 5622 Ilzec
2380 5567 2523 5623 enim
2557 5570 2774 5624 nonnisi
2807 5586 2948 5624 novo
2968 5572 3152 5628 sensui
3180 5573 3516 5628 revelantur.

2310 5660 2376 5715 Ut
2423 5661 2647 5733 probetis
2685 5678 2799 5732 qua:
2839 5664 2904 5717 sit
2922 5664 3160 5720 voluntas
3206 5665 3305 5721 Dei
3343 5666 3496 5732 bona,
3516 5674 3565 5721 et
3584 5663 3807 5736 benepla-

2233 5769 2370 5820 cens,
2401 5761 2447 5806 et
2479 5754 2721 5825 perfecto.
2748 5755 2863 5812 Iloc
2884 5765 2988 5826 est,
3021 5757 3163 5830 quod
3191 5757 3388 5818 bonum
3415 5759 3502 5826 sit,
3525 5764 3584 5814 et
3613 5758 3808 5822 melius,

2233 5855 2289 5904 et
2316 5846 2602 5920 optimum.
