3970 6304
233 327 324 386 τοι
881 325 1428 392 COMMENTARIUS
1464 329 1529 387 IN
1571 325 1957 385 EPISTULA!“
2002 326 2094 380 AD
2133 325 2482 387 ROMANOS.
2526 330 2679 386 CAP.
2727 330 2840 386 XII.

3425 333 3529 388 70:2

299 445 427 501 Dico
449 445 585 499 enin
615 461 709 516 per
727 446 975 515 gratiam,
1007 462 1125 518 qua:
1151 447 1275 501 data
1295 459 1370 503 est
1391 447 1540 503 mihi.
1569 443 1828 500 Prohibet
1856 444 1904 504 A
1935 441 2144 496 tristem
2172 442 2288 498 sine
2317 443 2481 498 dubio
2510 446 2623 500 odit
2653 463 2665 498 :
2697 445 2819 516 quia
2846 447 3046 502 melius
3079 453 3162 502 est
3188 445 3410 503 vcibum
3434 448 3534 505 bo-

224 555 376 594 usum
409 538 658 592 human-.e
685 538 969 609 sapientiae.
992 579 1006 603 ,
1062 555 1184 610 qua:
1236 552 1433 612 praeter
1487 542 1660 611 legem
1693 548 1778 594 cst
1811 557 1822 592 :

225 651 330 690 non
380 650 543 689 sensu
576 637 798 704 pr0pr':o
843 632 990 705 loqui
1025 648 1086 688 se
1135 633 1300 701 dicit,
1354 634 1448 690 sed
1496 634 1826 690 auctoritate

225 729 418 800 gratim
453 727 569 782 Dei.

298 816 553 872 Omnibus
575 817 665 888 qui
685 827 802 872 sunt
825 818 953 873 inter
976 835 1080 874 vos.
1097 818 1197 886 Qui
1221 827 1345 873 sunt
1361 819 1692 886 sacerdotes,
1715 817 1828 874 sive

223 896 476 966 doctorcs
512 928 524 964 :
551 926 780 978 quorum
808 912 996 965 czeteri
1039 910 1348 979 exemplum
1378 922 1696 982 sequuntur.

292 1003 420 1058 Non
443 1003 562 1075 plus
589 1020 770 1075 sapere
791 1020 949 1075 quam
991 1014 1191 1076 oportet
1221 1021 1422 1076 sapere,
1445 1006 1536 1058 sed
1555 1019 1731 1077 sapere
1759 1003 1828 1056 ad

218 1099 571 1152 sobrietatem.
611 1097 738 1154 Plus
762 1096 881 1152 vult
904 1112 1118 1166 sapere,
1153 1097 1245 1168 qui
1266 1099 1357 1153 illa
1388 1107 1680 1164 scrutatur,
1705 1113 1826 1168 qiue

219 1193 304 1249 lex
351 1207 462 1248 non
495 1191 649 1247 dicit.
703 1191 856 1248 Unde
888 1199 944 1247 et
972 1191 1230 1249 Salomon
1270 1192 1383 1248 ait:
1413 1191 1616 1247 Altiora
1657 1201 1707 1248 te
1758 1205 1827 1248 ne

220 1283 534 1354 quaesieris,
568 1293 621 1338 et
642 1283 846 1354 majora
879 1293 932 1340 te
960 1301 1026 1339 ue
1054 1285 1320 1341 scruteris
1351 1304 1363 1340 :
1395 1284 1492 1341 sed
1523 1301 1642 1357 qua)
1691 1301 1824 1356 [ll‘iD'

219 1381 367 1449 cepit
401 1378 498 1434 tibi
530 1378 692 1444 Deus,
729 1378 816 1434 illa
849 1377 1028 1449 Cogita
1083 1394 1318 1449 semper.

287 1469 360 1526 Et
388 1473 670 1542 unicuique
713 1471 843 1526 sicut
898 1469 1038 1526 Deus
1069 1472 1260 1526 divisit.
1304 1468 1635 1534 Notandum,
1684 1468 1825 1540 quod

219 1562 392 1618 Deum
422 1563 566 1618 dicat
610 1561 870 1633 Spiritum
908 1573 1182 1626 sanctum,
1214 1559 1490 1632 quomodo
1531 1557 1599 1614 ad
1630 1558 1826 1614 Corin-

221 1656 364 1711 thi-:s
396 1655 494 1721 ait,
525 1653 662 1709 dona
690 1653 935 1709 dividere
958 1655 1184 1723 singulis
1211 1662 1371 1724 prout
1393 1650 1532 1706 vult.

286 1745 596 1802 Mensarum
625 1745 763 1818 ﬁdei.
795 1745 1042 1801 Mensura
1075 1744 1224 1812 ﬁdei,
1250 1745 1466 1799 virtutis
1519 1741 1828 1816 intelligen-

221 1840 284 1896 da
310 1852 401 1897 est
421 1843 616 1913 gratia.
643 1857 800 1910 quam
832 1839 1047 1895 nonnisi
1072 1839 1262 1894 lideles
1292 1839 1586 1909 accipiunt.

287 1935 443 1991 Sicut
475 1938 610 1989 enim
633 1933 686 1988 in
713 1950 816 1988 uno
849 1951 1062 2007 corpore
1091 1933 1253 1986 multa
1278 1930 1505 1986 membra
1535 1930 1776 1985 habemus
1807 1946 1826 1984 :

216 2025 394 2080 omnia
417 2036 591 2079 autem
631 2023 861 2080 membra
882 2041 984 2079 non
1011 2023 1245 2084 eumdem
1276 2032 1448 2076 actum
1498 2020 1723 2075 habent:
1753 2011 1828 2075 ita

218 2137 244 2172 η
269 2120 372 2173 ulti
405 2135 566 2173 tinum
591 2134 776 2190 corpus
796 2135 973 2173 sumus
995 2118 1048 2172 in
1080 2115 1303 2173 Christo.
1333 2115 1438 2172 Per
1461 2114 1826 2186 comparatio-

216 2227 338 2264 nem
375 2210 630 2278 corporis
657 2224 752 2266 e05
780 2207 847 2264 ad
891 2207 1242 2264 concordiam
1279 2207 1620 2276 cohortatur,
1650 2223 1715 2262 ne
1740 2205 1824 2260 vel

216 2303 344 2358 hinc
378 2313 730 2367 moveantur,
775 2303 900 2373 quia
953 2303 1091 2356 dona
1125 2317 1392 2369 accepere
1436 2300 1648 2356 diversa
1678 2317 1690 2354 :
1717 2314 1823 2354 non

213 2391 360 2450 cnim
394 2402 651 2465 poterant
671 2395 854 2448 omnia
885 2391 1084 2448 habere
1113 2389 1336 2464 singuli,
1368 2407 1436 2448 ne
1478 2387 1827 2461 superbireut

213 2487 426 2542 nullius
453 2499 681 2557 egentes
703 2502 830 2541 :nec
858 2499 1050 2540 omnes
1078 2486 1290 2553 eadem,
1317 2496 1372 2540 ut
1399 2483 1648 2555 corporis
1670 2482 1827 2538 Chri-

211 2580 281 2636 sti
308 2579 622 2635 similitudo
662 2581 714 2634 in
744 2579 902 2634 nobis
935 2588 1291 2633 monstretur.
1343 2578 1474 2633 item
1502 2576 1648 2648 quod
1695 2575 1828 2630 dicit

214 2673 264 2728 i-i
289 2688 405 2727 uno
431 2687 661 2742 corpore
705 2671 875 2727 multa
923 2672 1167 2727 membra
1200 2683 1423 2740 promer
1454 2668 1822 2724 diversitatem

213 2766 528 2821 ofﬁciorum
552 2763 709 2820 dicit.
736 2762 852 2820 Non
880 2764 1023 2819 enim
1048 2773 1234 2836 potest
1264 2761 1454 2819 oculus
1481 2761 1691 2828 audire,
1727 2775 1825 2816 nec

212 2858 368 2912 auris
393 2855 609 2923 videre,
644 2867 696 2912 et
725 2857 805 2912 sic
829 2871 890 2911 ea
910 2865 1026 2912 tera
1055 2853 1423 2926 intelligenda.

282 2950 506 3022 Singuli
535 2961 707 3005 autem
735 2952 866 3004 alter
886 2950 1108 3004 alterius
1145 2949 1392 3004 membra.
1423 2944 1491 3003 Ut
1516 2944 1825 3018 prmstaudo

188 3045 570 3114 _.altcrutrum,
599 3043 740 3112 quod
777 3043 1063 3110 habemus,
1093 3041 1262 3113 magis
1291 3057 1353 3097 ac
1386 3039 1556 3111 magis
1585 3038 1823 3095 cbaritas

209 3141 262 3196 in
293 3140 464 3197 nobis
493 3141 873 3194 conlirmetur.

281 3233 550 3288 Habentes
573 3242 744 3286 autem
767 3230 1072 3286 donationes
1101 3230 1391 3285 secundum
1429 3227 1674 3300 gratiam,
1707 3243 1823 3296 (μίας

209 3326 336 3380 data
373 3334 451 3379 est
501 3325 646 3378 nobis
697 3323 1042 3392 differentes:
1089 3320 1302 3376 Donum
1351 3335 1455 3375 non
1487 3335 1550 3374 ex
1610 3327 1821 3385 nostro,

208 3416 300 3474 sed
333 3434 407 3471 ex
442 3415 700 3471 donantis
733 3416 960 3470 arbitrio
988 3411 1203 3484 pendet.
1234 3412 1301 3466 Et
1328 3409 1581 3465 omnibus
1603 3408 1821 3479 quidem

207 3509 574 3565 credentibus
595 3508 766 3579 gloria
799 3508 1131 3577 promittitur
1157 3506 1207 3558 in
1231 3503 1414 3558 futuro
1437 3501 1559 3560 :sed
1591 3504 1680 3572 qui
1713 3512 1819 3556 tam

206 3601 476 3657 mundum
523 3615 622 3655 enr
672 3597 954 3662 habuerit,
986 3608 1045 3651 ut
1102 3595 1206 3650 hoc
1240 3605 1548 3662 mereatur,
1592 3593 1820 3663 gratiun

204 3695 477 3749 virtutum
512 3691 710 3762 accipit
737 3693 899 3747 etiam
927 3693 978 3744 in
1002 3688 1274 3760 prmscnti.

278 3788 409 3843 Sive
439 3787 785 3858 prophetiam,
836 3785 1117 3838 secundum
1163 3780 1416 3836 rationem
1466 3780 1608 3849 ﬁdei.
1641 3778 1816 3843 Fidei.

207 3897 314 3938 non
350 3879 493 3953 legis
521 3877 672 3936 :sive
699 3880 826 3952 quia
861 3879 994 3935 lidcs
1022 3877 1109 3934 illa
1154 3889 1410 3933 meretur.
1441 3876 1820 3948 Unusquisque

203 3975 354 4030 enim
390 3981 602 4027 tantum
636 3975 858 4042 accipit,
911 3985 1181 4044 quantum
1213 3971 1409 4027 credit.
1442 3971 1573 4026 Item
1618 3984 1818 4024 secun-

202 4065 333 4120 dum
392 4065 582 4132 ﬁdem,
631 4080 751 4135 qua:
806 4063 1097 4134 unicuique
1127 4079 1156 4117 a
1189 4062 1301 4119 Deo
1355 4063 1478 4117 data
1525 4068 1612 4117 est
1657 4072 1820 4132 atque

202 4172 503 4214 οοιιςεεδῑι.

277 4250 406 4305 εὖτε
435 4248 798 4312 ministerium,
824 4247 876 4302 in
904 4247 1274 4302 minis'rando.
1318 4243 1700 4311 Ministerium,
1730 4258 1820 4298 sa-

198 4342 525 4408 cerdotalis,
561 4341 644 4395 vel
673 4340 996 4396 diaconatus
1019 4339 1206 4395 ollicii.

277 4436 410 4489 Sive
431 4434 520 4503 qui
545 4433 710 4499 docet,
737 4434 789 4486 in
807 4433 1064 4486 doctrina.
1089 4429 1192 4497 Qui
1214 4431 1534 4497 exhortatur,
1554 4431 1608 4484 in
1632 4429 1821 4484 ca'hor-

197 4526 396 4582 tando.
452 4528 553 4595 Qui
603 4526 798 4592 docet,
849 4526 1024 4595 maior
1069 4535 1151 4579 est
1195 4541 1260 4580 eo
1319 4524 1410 4594 qui
1463 4521 1812 4580 exhortatur.
1848 4563 1896 4622 D

200 4620 504 4677 Exhortaii
545 4619 687 4675 enim
731 4634 832 4690 pro
865 4619 1074 4674 viribus
1103 4619 1215 4673 suis
1270 4627 1494 4688 possunt
1523 4618 1683 4672 etiam
1719 4616 1816 4672 mi-

197 4733 306 4774 nus
330 4717 519 4790 periti.
549 4717 855 4771 Notandum
907 4731 1039 4772 sane
1090 4716 1231 4783 quod
1280 4715 1437 4770 tertio
1476 4723 1681 4767 tantum
1724 4726 1818 4782 po-

196 4821 405 4885 suerit,
459 4819 617 4875 sive:
651 4819 794 4888 quod
849 4831 1018 4890 quare
1067 4815 1286 4883 fecerit,
1335 4814 1634 4886 spiritualis
1657 4812 1820 4869 debet

194 4920 382 4977 lector
403 4935 723 4992 agnoscere.

279 5023 395 5091 Qui
412 5021 591 5076 tribuit
619 5022 669 5075 in
696 5020 1046 5091 simplicitate.
1075 5016 1341 5074 Omnibus
1365 5014 1683 5085 simpliciter
1709 5015 1816 5071 lar-

193 5128 356 5198 gitur
392 5143 407 5180 :
439 5135 666 5182 cunctos
695 5123 927 5182 credens
958 5125 1130 5179 bonos
1157 5137 1300 5190 esse,
1335 5130 1390 5176 et
1419 5119 1664 5189 indigere
1693 5135 1814 5189 qua:

276 5238 428 5284 tum.

276 5245 428 5284 tum.

197 5245 389 5398 peQui
414 5329 669 5402 praestin
710 5328 1078 5384 sollicitudine.
1125 5326 1224 5395 Qui
1277 5333 1474 5396 praeest
1521 5320 1806 5390 Ecclesia},

195 5435 292 5490 vel
325 5431 610 5498 fratribus,
639 5431 806 5487 debet
833 5444 958 5485 esse
990 5429 1262 5484 sollicitus
1294 5446 1308 5482 :

275 5534 387 5602 Qui
413 5531 683 5588 miseretur
706 5533 759 5586 in
791 5531 1069 5586 hilaritate.
1109 5529 1344 5584 Maxime
1390 5526 1532 5583 circa
1578 5534 1817 5612 :rgrqtos

196 5638 640 5695 miscricordiam
663 5633 994 5702 exhibendo,
1028 5634 1145 5689 sive
1187 5631 1578 5689 misericordia:
1624 5630 1812 5686 titulus

195 5739 614 5814 generalisest,
669 5739 755 5808 qui
787 5737 930 5793 circa
979 5750 1174 5792 omnes
1208 5734 1418 5807 placido
1464 5733 1806 5788 exhibendas

196 5852 297 5903 est
325 5843 527 5908 animo.
580 5839 820 5900 Hilarem
863 5839 1008 5899 enim
1036 5839 1280 5898 datorem
1323 5835 1497 5918 diligit
1545 5835 1687 5893 Deus
1714 5851 1727 5890 :
1753 5845 1808 5895 et

1932 551 2088 601 num,
2123 551 2285 608 super
2315 537 2500 594 datum
2526 540 2812 609 Optimum.

2039 627 2256 684 Dilectio
2287 633 2397 683 :ine
2425 631 2774 688 simulatione.
2803 633 3042 687 0dientes
3094 630 3312 698 malum,
3359 631 3538 685 adhae-

1928 729 2096 776 rentes
2139 723 2292 776 bono.
2327 722 2466 778 Tota
2501 727 2706 794 puritas
2743 727 2905 780 debet
2947 741 3067 781 esse
3111 724 3165 780 in
3188 723 3535 793 Christianis,

1930 814 2074 868 sicut
2098 815 2240 870 Deus
2265 832 2394 886 pura
2430 816 2514 872 lex
2539 829 2640 873 est.
2672 819 2900 890 Fingere
2926 821 3092 886 enim,
3114 836 3393 875 servorum
3425 829 3528 875 est.

1931 906 1995 960 Et
2021 906 2309 977 diligamus
2337 927 2443 964 non
2473 911 2649 982 lingua
2682 921 2916 981 tantum,
2947 912 3043 968 sed
3075 927 3241 982 opere
3275 923 3328 968 et.
3379 913 3526 967 veri-

1931 1009 2060 1055 tate.
2111 1003 2182 1055 lta
2228 1005 2520 1070 utetiam,
2574 1004 2620 1058 si
2675 1019 2898 1060 necesse
2945 1004 3269 1075 lucrit,'pro
3302 1005 3533 1060 invicem

1930 1108 2256 1148 moriamur.

2002 1185 2322 1242 Charitatem
2365 1189 2711 1259 fraternitatis
2740 1191 2957 1245 invicem
2987 1191 3278 1263 diligentes.
3337 1189 3414 1246 Ita
3439 1205 3535 1246 vos

1929 1277 2160 1348 di'igite,
2192 1281 2344 1350 quasi
2379 1297 2447 1335 ex
2478 1297 2582 1335 una
2634 1292 2804 1336 matre
2835 1282 3098 1354 generati.

2005 1370 2224 1428 Honore
2263 1374 2477 1428 invicem
2510 1377 2900 1442 pra'venientcs.
2951 1375 3064 1431 lloc
3092 1375 3134 1430 si
3168 1391 3387 1446 semper
3413 1391 3532 1431 scr-

1929 1481 2207 1531 varemus,
2240 1475 2295 1521 et
2323 1465 2674 1531 eharitatem,
2726 1478 2781 1523 et
2828 1469 3140 1537 patientiam
3188 1478 3535 1534 teneremus,

1931 1560 2072 1614 sicut
2096 1560 2228 1615 alibi
2247 1561 2320 1616 ait
2348 1578 2361 1614 :
2391 1561 2546 1616 Alter
2586 1563 2908 1618 alterutrum
2943 1562 3205 1635 majorem
3263 1564 3540 1617 aestimau-

1933 1659 2033 1707 ἰοί.
2063 1653 2117 1708 Si
2143 1651 2286 1708 enim
2322 1670 2420 1710 nos
2447 1655 2700 1709 omnibus
2727 1655 2966 1710 minores
3009 1655 3404 1726 iudicaremus,
3438 1669 3537 1710 nec

1936 1743 2080 1800 ultro
2112 1745 2271 1800 alicui
2305 1743 2561 1816 injuriam
2606 1748 2929 1814 iaceremus,
2990 1762 3088 1801 nec
3140 1744 3338 1800 illatam
3382 1744 3539 1800 nobis

1848 1827 1898 1890 Β
1923 1838 2162 1908 graviter
2184 1841 2593 1909 deputaremus.

2004 1931 2378 1989 Sollicitudine
2401 1951 2501 1988 non
2547 1934 2704 2006 pigri.
2739 1933 2815 1990 Ne
2847 1949 2943 2004 per
2975 1932 3402 1990 sollicitudinem
3432 1947 3539 1986 Ste-

1928 2025 2061 2090 culi,
2095 2025 2232 2096 pigri
2265 2027 2317 2080 in
2343 2025 2439 2082 Dei
2467 2042 2634 2096 opere
2664 2026 2974 2081 ciliciamini
3005 2034 3059 2082 et
3090 2025 3317 2081 incl-tes.

1918 2157 1923 2162 κ
2000 2092 2206 2186 Spirilu
2239 2092 2670 2186 [er-ventcsiQuia
2701 2116 2918 2188 frigidos
2942 2115 3201 2172 Dominus
3231 2131 3336 2171 non
3367 2092 3532 2182 amat,

1928 2219 1983 2263 et
2012 2209 2064 2264 in
2100 2209 2292 2280 tepidis
2318 2221 2562 2267 nauseat.
2593 2209 2742 2265 Tunc
2768 2213 2925 2282 p‘anc
2954 2209 3145 2279 Spiritu
3170 2210 3462 2273 fervemus,
3487 2208 3535 2264 si

1926 2303 2128 2357 s:uculo
2151 2303 2331 2375 frigidi
2365 2319 2572 2358 sumus.

2001 2392 2226 2450 Domino
2254 2397 2546 2452 servientes.
2580 2394 2696 2451 Non
2745 2395 2945 2452 saeculo
2967 2437 2982 2462 ,
3015 2409 3192 2466 neque
3223 2394 3386 2463 vitio,
3433 2394 3530 2450 scd

1927 2487 2064 2544 Deo.

2002 2580 2106 2652 Spe
2136 2581 2444 2651 gaudentes.
2477 2582 2584 2651 Spe
2613 2597 2718 2637 non
2756 2581 3036 2654 prtesenti.
3069 2581 3208 2654 Spes
3233 2583 3377 2638 enim
3410 2599 3531 2652 qua:

1928 2674 2160 2740 videtur,
2197 2690 2301 2729 non
2333 2686 2415 2731 est
2443 2690 2592 2747 spes.

2001 2765 2064 2819 In
2088 2766 2430 2823 tribulatione
2454 2770 2726 2840 patientes.
2760 2767 2990 2838 Propter
3015 2768 3268 2840 gaudium
3304 2766 3417 2836 spei
3450 2769 3530 2822 l‘u-

1927 2868 2095 2927 tura),
2129 2861 2309 2916 omnia
2351 2863 2618 2918 sustinete
2651 2881 2664 2917 :
2699 2863 2839 2917 sicut
2888 2861 2964 2916 ait
2999 2879 3013 2915 :
3064 2862 3234 2917 Omne
3275 2861 3529 2932 gaudium

1927 2954 2258 3010 existimate.
2912 3025 2914 3027 _

2003 3047 2242 3102 Orationi
2263 3048 2536 3102 instantes.
2560 3045 2822 3102 Instantia
2841 3045 3112 3100 orationis
3131 3044 3287 3101 nobis
3310 3054 3531 3117 przestat

1929 3137 2187 3193 auxilium
2218 3139 2270 3192 in
2295 3137 2559 3194 adversis.

1848 3210 1894 3272 Ο
2007 3233 2409 3290 Necessitatibus
2439 3245 2731 3287 sanctorum
2755 3232 3209 3286 communicantes.
3229 3229 3531 3286 Ministrate

1929 3326 2051 3391 eis,
2107 3326 2198 3397 qui
2249 3336 2466 3396 propter
2511 3324 2825 3390 Christum,
2891 3340 2984 3379 sua
3046 3323 3224 3378 omnia
3279 3333 3527 3378 contem-

1929 3426 2154 3485 nentes,
2187 3418 2378 3474 alienis
2407 3419 2473 3472 ad
2511 3427 2727 3488 tempus
2757 3417 2998 3487 indigent
3027 3417 3363 3471 ministeriis.
3397 3415 3526 3483 Qui-

1926 3510 2049 3564 dam
2079 3511 2298 3566 codices
2323 3509 2524 3565 habent
2550 3528 2562 3563 :
2598 3509 2864 3564 Mentoriis
2891 3521 3193 3564 sanctorum
3234 3507 3524 3561 communi-

1928 3612 2132 3666 cantes,
2175 3601 2320 3673 quod
2366 3601 2439 3655 ita
2483 3600 2827 3672 intelligitur,
2863 3600 3005 3672 quod
3055 3601 3437 3668 meminerint,
3474 3602 3526 3656 in

1927 3692 2176 3762 qualibus
2210 3691 2418 3756 sancti,
2461 3694 2542 3747 vel
2591 3695 2785 3764 quibus
2829 3695 3083 3764 operibus
3125 3699 3530 3764 promeruerint

1929 3782 2100 3839 Deum
2136 3802 2147 3838 :
2179 3795 2235 3838 ut
2268 3785 2560 3857 participes
2590 3801 2780 3841 eorum
2820 3786 2949 3840 [iant
2983 3787 3256 3841 imitantes
3288 3801 3524 3856 semper.

1928 3879 2170 3949 Denique
2193 3879 2440 3948 sequitur
2467 3897 2480 3933 :
2740 3943 2745 3949 _

2002 3967 2423 4042 Hospitalitatem
2459 3971 2730 4026 sectantes.
2761 3971 2895 4040 Quia
2936 3983 2990 4025 et
3035 3971 3136 4025 hoc
3167 3971 3342 4026 sancti
3373 3970 3521 4026 fece-

1926 4072 2052 4116 runt
2085 4079 2098 4117 :
2144 4063 2283 4119 sient
2315 4064 2616 4131 Abraham,
2648 4065 2784 4118 sicut
2815 4065 2979 4132 Loth,
3007 4065 3096 4135 qui
3127 4064 3289 4118 etiam
3320 4063 3519 4119 invitos

1927 4151 2172 4225 hospites
2194 4153 2532 4209 detinebant.
2565 4156 2638 4211 De
2667 4173 2768 4226 qua
2799 4156 2995 4211 dicitur
3029 4175 3040 4209 :
3087 4155 3187 4211 Per
3217 4156 3356 4210 hanc
3379 4157 3523 4210 enim

1925 4246 2143 4317 quidam
2178 4247 2285 4300 Deo
2317 4245 2632 4319 placuerunt
2653 4289 2669 4315 ,
2703 4249 2911 4318 angelis
2943 4248 3177 4317 hospitio
3210 4246 3462 4315 receptis.

1998 4339 2297 4394 Benedicite
2325 4340 2747 4410 persequentibus
2789 4357 2874 4395 cos
2904 4356 2922 4395 :
2962 4340 3266 4405 benedicite,
3298 4348 3346 4392 ct
3369 4341 3528 4392 nolite

1923 4436 2250 4488 maledicere.
2283 4433 2362 4490 Ne
2396 4445 2710 4504 putaremus
2750 4445 3040 4504 utrumque
3073 4449 3170 4488 nos
3214 4433 3396 4490 facere
3426 4432 3526 4488 dc-

1925 4527 2074 4583 bere.
2117 4527 2204 4582 Ait
2252 4528 2396 4582 enim
2430 4538 2485 4582 ct
2536 4529 2725 4583 beatus
2771 4528 2965 4584 Petrus
3009 4548 3022 4583 :
3068 4527 3254 4599 Neque
3300 4529 3527 4583 maledi-

1920 4633 2062 4673 ctum
2098 4635 2194 4688 pro
2227 4619 2540 4703 inaledicto,
2565 4620 2659 4674 sed
2684 4619 2989 4674 econtrario
3013 4619 3419 4676 benedicentes.

1992 4711 2230 4768 Gaudere
2258 4730 2376 4767 cum
2406 4713 2751 4786 gaudentibus
2781 4732 2800 4772 :
2838 4715 2962 4784 ﬂere
2991 4730 3108 4768 cum
3139 4714 3404 4784 ﬂentibus.
3451 4713 3523 4770 Ut

1921 4807 1965 4860 si
1995 4805 2120 4876 quid
2151 4807 2360 4876 patitur
2388 4823 2554 4861 unum
2586 4807 2888 4862 membrum
2910 4849 2923 4872 ,
2971 4808 3375 4878 compatiantur
3404 4823 3525 4861 om-

1921 4899 2009 4953 nia
2042 4900 2304 4954 membra.
2339 4898 2493 4953 Sicut
2522 4898 2627 4954 Joh
2652 4898 2727 4953 ait
2758 4916 2772 4954 :
2804 4897 2861 4955 Si
2893 4915 2999 4954 non
3032 4899 3299 4970 ingemui,
3332 4898 3414 4952 vel
3447 4898 3524 4950 la-

1922 5001 2199 5063 crymatus
2221 5007 2338 5046 smn
2357 5033 2371 5057 ,
2397 5007 2518 5046 cum
2547 4992 2786 5046 viderem
2818 4990 3066 5047 homines
3096 4993 3147 5046 in
3172 4989 3520 5046 necessitate.

1923 5085 1990 5141 Et
2024 5085 2282 5140 Dominus
2343 5085 2558 5140 lletibus
2602 5085 2790 5140 Maria:
2835 5084 2900 5139 ad
2945 5083 3126 5139 licium
3160 5090 3522 5153 provocatur,

1921 5189 1979 5235 ut
2024 5178 2178 5235 nobis
2222 5177 2377 5233 daret
2424 5178 2755 5246 exemplum.
2811 5175 2920 5231 Nec
2959 5176 3100 5229 cnim
3144 5189 3240 5244 pro
3283 5172 3518 5240 Lazaro,

1920 5292 2082 5350 quem
2115 5285 2232 5333 erat
2262 5275 2626 5332 suscitaturus
2645 5317 2659 5342 ,
2690 5271 2905 5327 flevisse
2933 5268 3236 5324 credendus
3268 5278 3353 5324 est
3383 5288 3394 5322 :
3422 5284 3522 5323 nec

1921 5380 2146 5442 propter
2194 5367 2635 5425 incredulitatem
2685 5365 2936 5431 illorum,
2983 5361 3075 5432 qui
3125 5362 3175 5418 ei
3219 5377 3366 5432 sanie
3413 5377 3520 5418 non

1919 5464 2264 5520 crediderunt
2297 5461 2567 5516 mirabilia
2611 5456 2854 5514 facienti.
2891 5455 3000 5511 Nos
3030 5466 3213 5512 autem
3249 5455 3358 5525 jam
3400 5470 3518 5523 pcr-

1917 5574 2077 5615 verso
2107 5558 2268 5613 modo
2289 5559 2480 5613 lleuius
2510 5571 2632 5612 cum
2673 5551 3071 5622 gaudentibus,
3121 5560 3176 5608 et
3222 5551 3518 5623 gaudemus

1914 5670 2036 5709 cum
2081 5653 2353 5709 ﬂentibus.
2384 5652 2440 5707 Si
2490 5651 2610 5722 quis
2650 5648 2795 5701 enim
2843 5646 3096 5701 laudatus
3147 5646 3340 5708 fuerit,
3396 5659 3521 5700 eon-

1914 5746 1998 5801 tii-
2015 5753 2189 5800 tamur
2213 5763 2224 5798 :
2253 5746 2295 5799 si
2320 5744 2442 5816 quis
2465 5741 2749 5801 ceciderit.
2773 5739 3134 5796 exsultamus.
3157 5737 3310 5794 Unde
3331 5745 3520 5791 osten-

1912 5840 2091 5898 dimus
2121 5853 2218 5896 nos
2247 5838 2338 5912 qui
2370 5836 2492 5894 talia
2521 5834 2776 5907 iacimus,
2806 5833 2874 5891 de
2903 5847 3132 5914 corpore
3154 5829 3356 5890 Christi
3387 5847 3495 5901 non
