3970 6304
507 348 610 405 ῗοῧ

506 481 663 535 esse,
696 465 789 537 qui
835 478 942 521 non
985 461 1233 519 dolemus
1262 460 1331 519 de
1372 474 1481 517 uno
1526 458 1778 516 membro
1824 457 2055 529 praeciso
2087 474 2100 510 :
2130 458 2185 519 Α

509 559 611 619 sed
658 559 863 616 inimici
912 572 1099 613 sumus
1137 555 1309 627 partis
1345 563 1585 623 nostrae,
1628 562 1683 609 et
1724 549 1886 607 amici
1927 550 2102 622 partis

1560 341 1622 399 S.
1666 338 2049 400 lllERONYbll
2087 337 2371 400 OPERUM
2411 340 2776 403 MANTISSA.

3645 360 3724 421 706

2208 456 2407 513 dicitur
2444 458 2644 515 vicisse
2674 460 2941 529 alterum,
2983 462 3075 535 qui
3113 478 3237 521 eum
3284 464 3349 522 ad
3379 481 3517 525 suam
3555 471 3729 534 duxerit

2203 559 2413 623 partem
2450 552 2633 609 :sicut
2672 553 2991 612 bzcreticum
3016 599 3033 625 ,
3065 558 3154 614 vel
3182 575 3461 632 paganum.
3488 563 3537 621 Si
3563 582 3666 639 ergo
3690 581 3727 627 te

509 653 753 710 adversae
783 670 795 706 :
823 651 914 723 qui
944 665 1052 706 non
1080 648 1326 705 dolemus
1366 648 1434 704 de
1463 646 1582 703 acie
1602 654 1791 702 nostra
1816 643 1963 700 viros
1991 642 2103 699 tor-
2202 644 2394 701 fecerit
2421 645 2527 702 sibi
2556 647 2730 703 vicem
2763 648 3019 717 reddere,
3053 651 3146 708 ille
3170 660 3224 708 te
3252 651 3400 720 vicit,
3430 656 3521 711 sibi
3547 658 3729 718 similem

511 746 753 803 tissimos
783 753 1068 801 currentes
1102 761 1116 799 :
1149 758 1251 799 nec
1275 742 1597 813 gaudemus,
1622 740 1668 795 si
1694 738 1975 795 videamus
2006 750 2101 793 eos
2202 746 2259 794 te
2290 737 2536 795 faciendo
2573 755 2589 797 :
2628 740 2673 796 si
2701 750 2879 797 autem
2920 758 3015 815 per
3059 745 3375 814 patientiam
3415 755 3543 807 tuam
3580 750 3731 811 feceris

508 838 724 894 fortiter
745 836 1070 893 dimicantes
1101 852 1116 891 :
1145 834 1395 906 quamvis
1425 832 1525 905 ipsi
1555 842 1666 889 tam
1702 830 1867 886 validi
1892 844 1999 887 non
2027 829 2105 887 si-

512 944 633 987 mus
661 929 728 985 ad
767 928 1138 1002 pugnandum.

581 1024 825 1096 Idipsnm
852 1024 1066 1078 invicem
1088 1020 1386 1077 sentientes.
1421 1018 1493 1077 Ut
1520 1018 1594 1075 ita
1634 1017 1787 1075 alteri
1818 1016 2099 1085 sentiatis,

509 1117 649 1174 sicut
678 1115 1103 1183 vobismetipsis.

583 1209 708 1265 Non
747 1209 858 1263 alta
902 1208 1195 1279 sapientes,
1246 1206 1336 1260 sed
1381 1203 1661 1259 humilibus
1709 1202 2102 1258 consentientes.

514 1304 760 1375 Superba
782 1303 924 1374 sapit
953 1302 1089 1368 iste,
1116 1301 1209 1371 qui
1237 1314 1389 1355 suam
1423 1314 1519 1369 per
1543 1313 1603 1354 se
1631 1297 1821 1354 ulcisci
1850 1298 2000 1368 cupit
2024 1297 2106 1351 in-

509 1395 706 1467 juriam
726 1440 740 1464 ,
773 1405 827 1449 et
859 1407 971 1449 non
1001 1390 1296 1448 humilibus
1324 1389 1519 1458 rebus,
1552 1389 1605 1445 id
1636 1398 1718 1446 est
1740 1430 1755 1457 ,
1803 1387 2106 1446 humilitate

512 1492 805 1547 consentit.

590 1584 770 1640 Nolite
796 1600 905 1639 esse
948 1583 1225 1657 prudentes
1264 1583 1406 1651 apud
1449 1582 1807 1651 vosmetipsos.
1833 1577 2013 1634 Nolite
2054 1578 2108 1634 in

516 1675 749 1731 humana
781 1673 1049 1745 sapientia
1080 1672 1338 1744 gloriari,
1372 1671 1469 1727 sed
1506 1670 1657 1727 stulti
1682 1678 1860 1726 estote
1882 1670 2108 1738 saeculo,

515 1778 576 1825 ut
602 1769 719 1825 sitis
752 1769 982 1825 Domino
1007 1768 1283 1838 sapientes
1316 1784 1328 1821 :
1356 1765 1497 1821 sicut
1527 1765 1786 1836 scriptum
1819 1773 1903 1820 est
1930 1782 1945 1822 :
1976 1764 2111 1819 Bea-

516 1871 603 1917 tus
629 1860 795 1916 homo
826 1875 986 1931 quem
1019 1866 1075 1915 tu
1100 1858 1392 1925 erudieris,
1419 1857 1671 1924 Domine,
1702 1864 1757 1912 et
1786 1854 1855 1912 de
1882 1856 2001 1927 lege
2020 1865 2109 1911 tua
2142 1860 2190 1923 Β

517 1953 771 2010 docueris
799 1968 945 2008 eum.

593 2047 747 2102 Nulli
776 2048 969 2103 malum
1007 2062 1100 2120 pro
1130 2046 1267 2100 malo
1293 2044 1586 2100 reddentes.
1627 2045 1873 2101 Humana
1894 2044 2113 2115 sapien-

520 2145 595 2199 tia
630 2152 733 2211 est,
765 2143 809 2198 si
834 2157 1144 2213 quaeramus
1170 2142 1345 2196 vicem
1375 2139 1605 2197 reddere
1635 2140 1891 2196 inimicis.
1923 2139 2113 2196 Stulti-

521 2239 593 2295 tia
620 2238 767 2294 enim
796 2245 881 2292 est
919 2238 973 2292 in
1018 2236 1120 2291 hoc
1148 2234 1374 2302 smculn,
1404 2235 1449 2288 si
1481 2234 1839 2304 percutienti,
1871 2240 1926 2287 et
1950 2232 2111 2287 aliam

520 2332 795 2389 maxillam
827 2330 1077 2401 praebere
1097 2328 1356 2384 volueris.
1386 2326 1540 2395 Quod
1572 2328 1616 2382 si
1642 2337 1809 2383 tanta:
1838 2325 2113 2397 patientia:

518 2435 572 2481 et
615 2422 938 2480 humilitatis
985 2421 1190 2485 fueris,
1238 2434 1346 2475 non
1390 2418 1568 2474 solum
1604 2418 1746 2489 apud
1778 2417 2110 2485 Dominum,

522 2517 617 2575 sed
639 2526 695 2573 et
723 2514 1080 2588 apudomnes
1103 2511 1351 2567 homines
1382 2509 1909 2582 poterisprobabilis
1946 2524 2114 2582 appa-

521 2624 665 2665 rere.

598 2698 935 2755 Providentes
983 2696 1146 2763 bona,
1193 2710 1299 2750 non
1350 2702 1550 2747 tantum
1598 2708 1771 2747 coram
1818 2691 1968 2760 Deo,
2025 2692 2114 2747 sed

518 2799 673 2852 etiam
712 2811 888 2850 coram
931 2793 1162 2849 omnibus
1218 2790 1524 2845 hominibus.
1574 2790 1805 2845 Tantum
1859 2804 1990 2846 cave
2044 2804 2114 2845 ne

521 2889 644 2946 ideo
673 2888 861 2954 facias,
893 2897 950 2941 ut
973 2900 1080 2941 non
1110 2884 1240 2951 Deo,
1270 2881 1366 2938 scd
1394 2882 1528 2937 solis
1551 2881 1868 2938 hominibus
1896 2882 2113 2953 placere

520 2982 822 3041 desideres.

595 3075 656 3130 Si
684 3074 797 3143 ﬁeri
822 3078 1018 3145 potest,
1048 3069 1187 3140 quod
1208 3084 1270 3124 ea:
1299 3068 1439 3123 vobis
1466 3078 1543 3124 est
1562 3109 1576 3136 ,
1601 3086 1717 3123 cum
1748 3070 1983 3125 omnibus
2022 3069 2114 3125 Ito-

522 3167 743 3225 minibus
766 3181 945 3239 pacem
968 3164 1229 3218 habentes.
1254 3162 1409 3231 Quod
1435 3171 1674 3217 vestrum
1708 3170 1791 3219 est
1810 3206 1825 3228 ,
1866 3178 1963 3219 vos
1989 3180 2110 3219 cum
2206 3232 2211 3239 l

522 3260 772 3319 omnibus
804 3274 989 3331 pacem
1019 3257 1273 3313 habetote
1298 3273 1313 3310 :
1343 3266 1399 3312 et
1428 3255 1593 3312 dicite
1636 3272 1758 3311 cum
1798 3256 2065 3328 Propheta
2097 3276 2111 3314 :
2140 3242 2203 3318 CA

523 3354 657 3410 Cum
680 3355 767 3408 his
795 3352 886 3423 qui
907 3350 1138 3407 oderunt
1168 3364 1377 3421 pacem,
1410 3364 1559 3404 eram
1593 3349 1850 3419 pacilicus
1883 3367 1895 3402 :
1924 3359 2117 3421 Optan-

525 3458 608 3506 tes
626 3447 837 3504 scilicet
862 3446 1279 3504 conversionem
1302 3459 1488 3500 eorum
1509 3451 1671 3515 atque
1699 3444 1949 3514 salutem,
1974 3444 2118 3502 sicut

523 3558 643 3612 qua:
668 3542 828 3597 vobis
850 3540 963 3595 ﬁeri
993 3540 1183 3610 possit.
1738 3522 1743 3531 ’

600 3634 722 3689 Non
779 3634 1112 3701 vosmetipsos
1160 3632 1488 3702 defendentes
1519 3673 1534 3697 ,
1592 3630 1911 3687 charisssimi
1956 3648 1975 3687 :
2026 3632 2116 3688 sed

527 3730 647 3786 date
672 3728 838 3785 locum
867 3728 979 3783 ine.
1014 3726 1121 3783 Aut
1161 3725 1416 3797 lugiendo
1438 3767 1454 3796 ,
1485 3735 1577 3781 aut
1618 3726 1982 3798 permittendo
2014 3741 2116 3782 no-

525 3839 672 3880 cere.

598 3916 865 3988 Scriptum
903 3923 977 3970 est
1024 3918 1161 3969 enim
1191 3929 1211 3968 :
1262 3912 1397 3968 Mihi
1443 3913 1745 3969 vindictam.
1800 3915 1916 3985 Ego
1964 3914 2117 3987 quasi

527 4024 702 4066 meam
722 4051 737 4073 ,
765 4008 895 4064 dicit
924 4009 1216 4073 Dominus,
1260 4021 1365 4062 non
1406 4007 1563 4077 quasi
1594 4018 1830 4063 vestram
1861 4007 2116 4077 injuriatn

525 4101 860 4157 vindicabo:
903 4102 1157 4171 quoniam
1202 4100 1333 4155 dicit
1371 4100 1681 4171 Propheta:
1729 4101 1831 4169 Qui
1865 4116 1965 4158 vos
2003 4110 2121 4158 tan-

527 4199 633 4269 git,
664 4207 936 4268 tamquam
965 4197 1058 4267 qui
1086 4196 1258 4266 tangit
1288 4195 1552 4265 pupillam
1574 4196 1717 4251 oculi
1751 4196 1939 4266 ipsius.

601 4288 671 4343 Et
696 4305 788 4361 ego
819 4288 1127 4355 retribuam,
1175 4286 1300 4340 dicit
1340 4285 1611 4342 Dominus.
1654 4286 1897 4345 Facienti
1941 4288 2117 4358 bona,

529 4384 832 4441 retribuere
856 4382 1142 4452 promittit.

604 4475 709 4529 Sed
734 4485 779 4528 et
808 4475 855 4529 si
883 4474 1036 4527 esurit
1077 4473 1312 4527 inimicus
1354 4482 1471 4526 tuus
1491 4514 1503 4537 ,
1537 4473 1649 4526 ciba
1679 4470 1829 4525 illum
1858 4489 1877 4525 .'
1906 4472 1952 4526 si
1976 4472 2119 4538 sitit,

528 4578 706 4640 potum
752 4568 817 4621 da
844 4566 943 4621 illi.
972 4566 1088 4622 Noli
1120 4566 1196 4621 illi
1230 4580 1428 4637 negare
1451 4608 1465 4632 ,
1496 4565 1638 4636 quod
1685 4565 1826 4621 Deus
1858 4564 1995 4622 nulli
2026 4581 2121 4623 ne-

527 4671 614 4733 gat
645 4678 661 4717 :
689 4661 939 4732 quamvis
966 4660 1038 4716 sit
1070 4660 1416 4729 bIaSpbetnus
1443 4667 1498 4712 et
1524 4658 1741 4729 impius.

600 4757 717 4814 Hoc
736 4757 870 4813 enim
896 4756 1118 4828 faciens,
1152 4755 1394 4809 carbones
1420 4754 1554 4823 ignis
1582 4770 1821 4824 congeres
1848 4771 2001 4827 super
2030 4771 2121 4808 ca-

526 4861 617 4926 put
649 4852 777 4924 ejus.
813 4848 884 4905 Ut
910 4863 1031 4903 cum
1055 4847 1157 4901 sibi
1187 4848 1454 4902 carbones
1480 4846 1815 4902 intellexerit
1844 4862 1941 4916 per
1968 4861 2120 4902 suam

529 4946 827 5003 indebitam
860 4941 1292 4999 misericordiam
1323 4943 1674 5012 congregari,
1717 4941 1955 4997 excutiat
1982 4957 2075 4997 cos
2106 4958 2122 4996 :

533 5041 635 5096 huc
666 5051 783 5107 est,
831 5046 1201 5102 convertatur,
1232 5044 1287 5091 et
1327 5035 1513 5106 diligat
1540 5044 1622 5102 te,
1663 5052 1821 5109 quem
1864 5036 2127 5094 habuerat

529 5132 820 5204 aliquando
846 5145 1123 5202 perosum.
1159 5128 1428 5184 Cancrum
1460 5144 1566 5184 non
1596 5140 1678 5185 est
1708 5129 2081 5185 misericordia
2102 5171 2118 5197 ,

528 5227 625 5284 sed
661 5225 1002 5282 crudelitas:
1044 5225 1089 5280 si
1128 5223 1250 5279 ideo
1296 5237 1414 5279 eam
1466 5222 1661 5292 facias,
1707 5233 1767 5279 ut
1793 5222 1870 5279 illi
1915 5222 2119 5291 aliquid

526 5319 684 5392 pejus
710 5318 952 5386 eveniat,
978 5331 1076 5387 pro
1105 5331 1211 5387 quo
1245 5314 1416 5371 Deum
1458 5315 1770 5387 prmciperis
1809 5315 2115 5387 deprecari.

522 5412 658 5469 Item
690 5408 792 5465 hoc
820 5408 940 5465 loco
968 5410 1125 5465 docet
1167 5422 1265 5465 nos
1308 5407 1507 5464 imitari
1551 5409 1717 5465 Deum
1762 5408 1995 5474 debere,
2027 5410 2115 5480 qui

524 5507 698 5565 solem
738 5518 895 5559 suum
937 5502 1068 5558 oriri
1120 5503 1245 5560 facit
1286 5519 1450 5574 super
1490 5504 1662 5559 bonos
1702 5512 1758 5559 et
1795 5502 1986 5559 malos.
2028 5502 2117 5558 Ci-

524 5599 706 5657 hando
737 5596 882 5654 enim
916 5595 1190 5651 inimicum
1231 5608 1288 5654 et
1317 5596 1572 5668 potando,
1622 5610 1744 5652 eum
1788 5596 1852 5651 ad
1895 5612 2117 5667 pacem,

527 5692 611 5747 vel
642 5688 1137 5747 reconciliationem
1167 5704 1531 5757 provocamus
1566 5706 1577 5742 :
1611 5695 1668 5741 ut
1698 5689 1741 5741 si
1773 5687 1863 5744 ille
1892 5689 1942 5742 in
1968 5689 2125 5743 mali-

535 5786 604 5837 tia
639 5783 970 5853 perstiterit,
1002 5782 1176 5853 ignem
1206 5772 1305 5835 Suo
1336 5781 1583 5851 congerit
1612 5780 1797 5852 capiti.

612 5876 735 5929 Noli
760 5876 892 5929 vinci
921 5892 953 5928 (ι
998 5873 1169 5945 malo,
1204 5872 1293 5929 sctl
1333 5876 1476 5929 vinco
1523 5875 1575 5929 in
1624 5873 1756 5930 bono
1788 5874 2000 5930 malum.
2034 5874 2131 5934 Ille

2148 4646 2200 4707 Ι)

2205 845 2329 889 eum
2361 847 2582 891 cessare
2612 832 2680 889 ab
2706 833 2898 907 injuria
2922 878 2936 904 ,
2968 844 3023 892 tu
3049 836 3250 897 vicisti.

2802 1032 3031 1094 CAPUT
3069 1036 3210 1095 Xlll.

2284 1214 2466 1269 Omnis
2504 1215 2683 1269 anima
2708 1216 3042 1285 potestatibus
3077 1218 3455 1275 sublimioribus
3481 1223 3731 1281 subditasit.
3810 1194 3814 1201 ‘

2210 1306 2338 1363 Haec
2365 1322 2527 1363 causa
2560 1307 2820 1364 adversus
2874 1309 2997 1366 illos
3024 1310 3234 1381 prolata
3263 1321 3347 1368 est
3372 1330 3387 1370 :
3433 1315 3515 1385 qui
3550 1332 3600 1373 se
3624 1327 3735 1386 puti-

2208 1398 2339 1455 bant
2368 1400 2443 1455 ita
2473 1399 2678 1457 habere
2706 1401 3015 1459 libertatem
3050 1401 3430 1473 Christianam,
3459 1416 3512 1461 ut
3537 1417 3616 1464 aut
3639 1411 3738 1465 nulli

2211 1492 2475 1551 honorem
2511 1494 2829 1563 deferrent,
2864 1506 2957 1551 aut
3001 1496 3202 1553 tributa
3244 1497 3608 1570 dependerent.
3632 1503 3739 1570 Quo-

2211 1601 2443 1658 cumque
2496 1602 2627 1658 ergo
2680 1588 2845 1643 modo
2894 1603 2989 1644 eos
3036 1589 3323 1647 humiliare
3368 1592 3649 1649 desiderat:
3692 1612 3741 1651 ne

2214 1678 2352 1735 forte
2376 1689 2601 1751 protitcr
2626 1682 2957 1752 superbiam,
2984 1682 3155 1753 magis
3183 1700 3346 1755 quam
3372 1695 3575 1758 propter
3597 1687 3742 1752 Deum,

2215 1775 2598 1831 contumeliam
2632 1775 2936 1847 patiantur.
2971 1776 3208 1849 Ideoque
3245 1778 3406 1835 docet
3441 1781 3549 1837 illos
3580 1780 3747 1837 humili.

2218 1878 2328 1926 tate
2384 1880 2598 1941 tempus
2652 1870 2944 1927 redimere.
3003 1871 3206 1941 Aliter,
3266 1874 3412 1945 quod
3464 1875 3745 1931 sublimiorcs

2216 1973 2532 2037 potestates,
2567 1965 2954 2021 ecclesiasticae
2983 1966 3278 2037 dignitates
3311 1968 3664 2039 intelligantur.

2287 2056 2410 2112 Non
2458 2064 2533 2112 est
2576 2058 2711 2112 enim
2754 2066 2981 2129 potestas
3025 2058 3125 2112 nisi
3164 2075 3197 2112 a
3246 2056 3381 2114 Deo.
3424 2058 3490 2115 Et
3528 2058 3745 2129 quomodo

2214 2150 2360 2206 Deus
2385 2149 2517 2206 dicit
2547 2165 2645 2222 per
2670 2150 3037 2221 Prophetam:
3071 2149 3483 2223 Regnaverunt,
3508 2160 3669 2208 etnon
3698 2168 3745 2208 ex

2215 2246 2345 2302 me?

2290 2340 2419 2407 Qum
2445 2348 2614 2395 autem
2638 2347 2793 2409 sunt,
2819 2357 2852 2394 a
2872 2338 2986 2397 Deo
3016 2341 3255 2397 ordinata
3274 2352 3419 2397 sunt.
3446 2339 3499 2399 Si
3524 2342 3586 2398 de
3608 2343 3750 2398 muli

2217 2435 2573 2505 potestatibus
2598 2432 2783 2490 dicere
2811 2434 3086 2503 videatur,
3121 2450 3229 2490 non
3258 2435 3389 2492 ideo
3428 2436 3577 2506 justas
3601 2444 3750 2497 erunt,

2216 2525 2431 2582 etiamsi
2458 2540 2489 2580 a
2524 2524 2634 2581 Deo
2660 2526 2947 2581 exordium
2994 2536 3350 2598 acceperunt.
3381 2526 3660 2584 Secundum
3684 2525 3752 2581 dc-

2214 2618 2476 2676 sidcrium
2504 2618 2932 2689 uniuscujusque
2955 2620 3174 2675 dantur.
3200 2619 3341 2675 Nam
3362 2620 3489 2675 dicit
3513 2619 3749 2675 Salomon:

2215 2712 2480 2782 Quoniam
2522 2711 2646 2766 data
2691 2720 2775 2768 est
2822 2711 2979 2766 nobis
3024 2721 3266 2783 potestas
3306 2728 3342 2766 a
3375 2713 3498 2768 Deo.
3528 2711 3621 2768 Sed
3661 2727 3753 2765 cum

2217 2808 2410 2864 essetis
2463 2805 2698 2861 ministri
2738 2805 2893 2876 regni
2930 2805 3105 2874 illius,
3148 2820 3256 2861 non
3304 2815 3458 2862 recte
3499 2803 3754 2875 judicastis.

2216 2898 2505 2956 Horrende
2536 2908 2591 2955 et
2619 2900 2727 2954 cito
2747 2898 3032 2970 apparebit
3060 2899 3234 2967 vobis,
3263 2908 3325 2955 et
3354 2908 3560 2955 cratera.
3586 2894 3755 2952 Consti-

2218 2993 2392 3049 tuitur
2409 2992 2553 3048 enim
2581 3006 2610 3045 a
2646 2992 2781 3059 Deo,
2808 3000 2870 3046 ut
2886 2991 3034 3061 juste
3049 2991 3257 3061 judicct
3288 3009 3303 3047 :
3342 3002 3395 3050 et
3426 3001 3480 3046 ut
3500 3001 3758 3062 peccatores

2218 3085 2482 3152 habeant,
2515 3084 2658 3155 quod
2691 3084 2918 3139 timeant
2946 3098 3016 3139 ue
3046 3092 3291 3155 peccent.

2288 3176 2476 3247 Itaque
2522 3177 2612 3246 qui
2655 3177 2849 3231 resistit
2890 3177 3159 3247 potestati,
3204 3177 3301 3232 Dei
3342 3174 3635 3232 ordinationi
3663 3172 3761 3226 mi-

2218 3271 2328 3325 stit.
2363 3269 2465 3338 Qui
2496 3278 2665 3325 autem
2693 3272 2955 3332 resistunt,
2986 3270 3086 3341 ipsi
3107 3270 3205 3324 sibi
3231 3270 3602 3324 damnationem
3624 3266 3759 3336 acqui-

2218 3374 2359 3420 runt.
2392 3364 2545 3421 Sicut
2580 3364 2647 3420 ad
2679 3364 2828 3419 Raab
2857 3363 3059 3421 dicitur
3084 3382 3100 3421 :
3129 3365 3235 3433 Qui
3261 3364 3462 3422 exierit
3490 3363 3649 3429 foras,
3675 3360 3764 3431 ipse

2218 3458 2321 3511 sibi
2356 3471 2483 3512 reus
2508 3457 2632 3512 erit.

2292 3548 2431 3604 Nam
2455 3548 2713 3621 principes
2739 3564 2841 3603 non
2863 3556 2981 3603 sunt
3002 3549 3171 3603 timori
3194 3547 3319 3603 boni
3344 3546 3529 3622 aperis.
3553 3546 3632 3602 sed
3653 3541 3762 3597 ntali.

2220 3642 2395 3699 Malus
2420 3642 2586 3698 debet
2613 3646 2807 3698 timere
2835 3651 3197 3713 potestatem:
3228 3657 3359 3697 nam
3392 3643 3560 3697 bonus
3585 3654 3675 3694 non
3695 3637 3765 3690 lia~

2218 3733 2313 3791 bet
2332 3779 2347 3803 ,
2373 3732 2514 3805 quod
2546 3733 2733 3790 timeat
2760 3752 2773 3789 :
2805 3734 2894 3805 qui
2919 3735 2964 3789 si
2995 3733 3196 3805 injuste
3224 3734 3515 3800 occiditur,
3543 3729 3725 3804 gaudet.

2301 3827 2389 3883 Vis
2436 3838 2609 3882 autem
2652 3844 2753 3882 non
2794 3829 2971 3884 timere
3018 3831 3363 3897 potestatem?
3404 3826 3595 3898 Accipe
3628 3818 3768 3880 emisi-

2221 3921 2351 3975 lium
2378 3936 2591 3989 meum,
2626 3930 2679 3977 et
2707 3936 3001 3993 numquam
3036 3921 3271 3977 timebis.

2292 4010 2497 4069 Bonum
2523 4015 2609 4085 [ac
2630 4054 2645 4080 ,
2674 4022 2722 4068 et
2743 4013 2948 4068 habebis
2984 4014 3195 4069 laudem
3222 4030 3286 4069 ea:
3309 4014 3429 4071 illa.
3454 4013 3571 4085 Ipsa
3594 4009 3770 4067 damna.

2222 4106 2298 4162 tio
2327 4106 2594 4161 malorum
2621 4147 2637 4173 ,
2669 4106 2787 4161 laus
2813 4116 2896 4161 est
2925 4107 3215 4161 bonorum.

2296 4198 2392 4254 Dei
2422 4198 2558 4253 enim
2586 4198 2816 4253 minister
2845 4207 2920 4254 est
2949 4199 3039 4253 tibi
3077 4200 3130 4253 in
3160 4200 3374 4254 bonum.
3412 4198 3473 4255 Si
3509 4206 3664 4251 autem
3686 4208 3770 4245 ma-

2224 4291 2334 4345 lum
2366 4292 2581 4363 feceris,
2614 4291 2755 4346 time.
2786 4292 2889 4359 Qui
2929 4307 3027 4363 pro
3058 4301 3148 4347 tua
3176 4293 3449 4349 sollicitus
3492 4300 3574 4347 est
3612 4284 3773 4359 quiete.

2223 4384 2358 4441 Item
2390 4385 2477 4441 hic
2503 4386 2736 4442 dicendo
2765 4402 2781 4440 :
2815 4387 3060 4442 Minister
3087 4398 3171 4442 est
3214 4387 3310 4442 tibi
3343 4387 3472 4442 boni
3497 4397 3646 4440 causa
3665 4422 3678 4445 ,
3705 4392 3773 4429 05'

2228 4479 2398 4536 tendit
2431 4480 2483 4534 in
2515 4479 2599 4534 his
2625 4495 2747 4551 quae
2776 4490 2924 4536 recta
2964 4487 3090 4535 sunt
3109 4479 3392 4550 iudicibus
3422 4472 3775 4535 obediendntn.

2227 4586 2334 4627 non
2364 4571 2419 4627 in
2451 4572 2559 4628 illis
2582 4613 2596 4638 ,
2625 4588 2745 4643 qua:
2774 4573 3023 4642 religioni
3052 4572 3327 4628 contraria
3360 4582 3508 4627 sunt.

2300 4664 2425 4721 Non
2449 4664 2584 4719 enim
2610 4666 2720 4720 sine
2749 4682 2906 4719 causa
2940 4664 3177 4736 gladium
3205 4673 3401 4735 portat.
3433 4663 3529 4720 Dei
3553 4661 3673 4717 enim
3708 4654 3779 4709 mi-

2228 4761 2387 4815 nister
2414 4771 2509 4815 est.
2544 4760 2609 4815 Et
2650 4761 2704 4816 in
2754 4769 2806 4816 tc
2853 4758 3017 4815 habet
3063 4759 3336 4829 ollicium,
3385 4760 3432 4814 si
3474 4751 3777 4829 peccaveris:

2228 4867 2327 4907 nec
2356 4852 2449 4907 tibi
2494 4851 2707 4922 prolicit
2750 4850 2818 4906 ad
2847 4850 3175 4905 mercedem.
3214 4848 3342 4906 Sive
3367 4848 3666 4905 sacerdotes
3692 4841 3779 4913 gla-

2228 4946 2375 5001 dium
2426 4944 2765 5015 spiritualem
2818 4952 3035 5012 portant
3075 4943 3267 5001 :sicut
3315 4942 3514 4999 Petrus
3562 4932 3784 5011 porcus-il

2228 5039 2492 5095 Ananiam
2512 5079 2525 5102 ,
2552 5046 2606 5092 et
2632 5036 2959 5107 Sapphiram
2981 5078 2997 5100 ,
3027 5045 3083 5092 et
3102 5036 3301 5091 Paulus
3328 5048 3567 5105 magum.

2304 5130 2506 5185 Vindex
2531 5131 2586 5185 in
2614 5130 2747 5184 iram
2771 5130 2820 5183 ei
2847 5130 2938 5200 qui
2961 5129 3153 5182 malum
3181 5128 3309 5201 agit.
3358 5128 3501 5196 Quia
3542 5124 3675 5179 Deus
3697 5129 3781 5173 non

2228 5223 2403 5296 diligit
2432 5226 2633 5292 malos,
2661 5223 2754 5296 qui
2791 5221 2907 5278 odit
2932 5236 3127 5279 omnes
3156 5221 3247 5294 qui
3280 5226 3585 5293 operantur
3623 5207 3783 5282 iniquis

2232 5326 2419 5375 tatem.

2296 5409 2522 5480 Ideoque
2547 5412 2842 5465 necessitate
2878 5409 3071 5465 subditi
3109 5416 3270 5464 estote
3309 5423 3329 5463 :
3372 5424 3481 5463 non
3508 5405 3664 5462 solum
3690 5410 3786 5473 ρνοο

2225 5511 2336 5571 pter
2362 5503 2527 5568 iram,
2556 5502 2646 5555 sed
2670 5502 2824 5556 etiam
2850 5510 3058 5573 propter
3086 5500 3475 5556 conscientiam.
3510 5497 3621 5555 Non
3646 5492 3786 5549 solum

2224 5595 2347 5665 quia
2381 5604 2610 5664 possunt
2636 5603 2934 5665 potestates
2961 5593 3123 5649 etiam
3153 5593 3270 5649 sine
3295 5606 3465 5649 causa
3497 5587 3686 5650 irasci,
3713 5577 3786 5635 sed

2232 5698 2288 5743 et
2316 5703 2384 5744 ne
2406 5694 2628 5759 propter
2656 5688 2887 5758 alicujus
2913 5687 3118 5759 peccati
3146 5686 3543 5742 conscientiam
3565 5678 3792 5738 condent-

2234 5782 2459 5839 nemini.
2488 5782 2619 5838 Sive
2646 5798 2754 5838 non
2786 5783 2992 5852 solum,
3035 5798 3100 5837 ne
3131 5782 3443 5838 irascuntur
3470 5777 3787 5835 sacerdotes,

2235 5875 2330 5937 sed
2359 5878 2520 5934 etiam
2550 5876 2677 5949 quia
2704 5876 2905 5934 sanctis
2932 5876 3041 5934 illis
3080 5886 3132 5933 ct
3167 5874 3328 5948 justis
3368 5873 3630 5931 honorem
3656 5863 3789 5923 debe-
