3970 6304
218 325 324 385 703

864 320 1414 383 COMMENTARIUS
1453 321 1521 381 IN
1562 318 1956 383 EPISTULAM
1997 322 2087 380 AD
2126 318 2475 381 ROMANOS.
2516 323 2674 381 CAP.
2722 320 2858 381 XIV;

3402 323 3517 385 .706

214 444 305 500 tis.
336 441 467 498 Item
496 440 697 498 malum
726 449 985 512 agentes,
1011 450 1069 499 et
1093 450 1289 500 contra
1323 450 1594 514 praecepta
1623 440 1811 498 viven-
1843 443 1893 503 A
1919 439 2179 498 cessitate
2216 456 2534 501 succurrere
2562 441 2833 499 morituro
2860 447 3063 514 potest,
3090 439 3136 499 si
3165 453 3273 500 non
3304 442 3516 514 fecerit,

214 546 337 604 tes,
381 542 603 607 propter
649 534 947 591 vindictam
998 535 1203 592 subditi
1242 546 1371 592 sunt
1413 535 1817 607 potestatibus:

210 637 364 687 recte
410 636 592 685 autem
637 628 917 697 viventes,
968 636 1196 701 propter
1244 629 1637 684 conscientiam
1689 627 1821 683 sub-

209 722 309 779 diti
336 732 464 779 sunt
507 722 681 795 :quia
735 721 877 778 bona
931 731 985 778 et
1031 720 1178 793 justa
1232 733 1391 790 sunt,
1450 737 1572 794 quae
1618 720 1821 793 juben—

210 824 325 873 tur.

280 907 415 966 Ideo
440 910 577 967 enim
621 919 670 968 et
709 909 907 966 tributa
945 910 1223 984 praestatis.
1270 908 1502 966 Ministri
1544 912 1679 967 enim
1722 907 1821 966 Dei

206 1014 363 1074 sunt,
396 1006 449 1060 in
480 1004 581 1060 hoc
604 1005 776 1075 ipsum
814 1005 1112 1059 servientes.
1153 1003 1386 1060 Possunt
1415 1013 1469 1059 et
1507 1004 1702 1060 tributa
1727 1018 1819 1059 sa-

205 1096 498 1154 cerdotum
547 1097 818 1168 intelligi,
851 1111 974 1169 quae
1012 1096 1120 1152 illis
1147 1110 1176 1149 a
1206 1097 1318 1152 Deo
1346 1105 1475 1151 sunt
1500 1095 1817 1151 constituta.

207 1190 338 1249 Sive
370 1190 497 1247 ideo
538 1191 759 1262 regibus
791 1190 992 1245 tributa
1035 1188 1306 1260 praestatis
1340 1207 1353 1243 :
1404 1190 1530 1261 quia
1569 1190 1818 1246 voluistis

205 1285 550 1358 possidendo
598 1285 801 1342 sarculo
840 1300 964 1341 esse
1005 1285 1260 1355 subjecti.
1308 1284 1587 1339 Ministros
1633 1292 1815 1340 autem

205 1380 302 1436 Dei
349 1379 480 1435 illos
507 1378 784 1452 appellat,
833 1388 895 1434 ut
920 1378 1007 1434 vel
1038 1378 1119 1433 sic
1150 1379 1229 1433 cis
1260 1377 1531 1443 reddant,
1564 1378 1707 1450 quod
1737 1379 1817 1434 eis

204 1473 487 1531 debebant
528 1490 545 1530 :
594 1488 664 1530 ne
719 1473 995 1530 videretur
1049 1472 1300 1529 Christus
1357 1471 1669 1543 superbiam
1718 1471 1817 1528 do—

202 1566 406 1623 cuisse.

272 1657 504 1715 Reddite
521 1674 643 1731 ergo
663 1657 898 1713 omnibus
919 1658 1109 1713 debita.
1129 1656 1225 1712 Cui
1247 1656 1518 1725 tributum,
1540 1655 1809 1711 tributum.

200 1748 399 1834 Potest
435 1752 604 1807 etiam
649 1751 1000 1823 eleemosyna
1050 1750 1290 1806 debitum
1335 1751 1618 1822 appellari.
1674 1749 1816 1805 Dicit

1926 534 2143 589 occidit.

1998 626 2279 683 Plenitudo
2308 645 2429 699 ergo
2476 628 2605 702 legis
2632 674 2645 701 ,
2694 638 2767 685 est
2830 628 3062 685 dilectio.
3113 627 3228 687 Hoc
3270 639 3355 688 est
3395 646 3518 705 per-

1921 720 2107 778 lectio.

1991 815 2060 870 Et
2099 815 2198 871 hoc
2224 817 2440 873 scientes
2468 828 2669 889 tempus
2702 834 2720 873 :
2747 819 2874 889 quia
2896 817 3025 872 hora
3051 825 3124 874 est
3167 817 3285 889 jam
3328 833 3424 873 nos
3452 817 3517 874 de

1920 925 2101 965 somno
2132 928 2362 984 surgere.
2407 912 2521 968 Hoc
2550 921 2655 981 est,
2698 922 2757 967 ut
2786 912 2853 967 ad
2887 912 3211 982 perfectiora
3254 912 3511 969 tendatis.

1920 1001 2037 1057 Non
2064 1003 2211 1059 enim
2249 1019 2469 1075 semper
2490 1005 2705 1061 debetis
2738 1019 2861 1061 esse
2886 1005 3116 1075 parvuli,
3150 1012 3206 1060 et
3233 1005 3516 1074 lactentes,

1920 1097 2063 1154 sicut
2103 1098 2231 1154 alibi
2271 1098 2403 1155 dicit
2452 1118 2466 1154 :
2509 1100 2727 1156 Etenim
2783 1115 2906 1155 cum
2955 1100 3235 1157 deberetis
3272 1100 3519 1172 magistri

1919 1206 2063 1261 esse,
2089 1200 2149 1248 et
2177 1201 2400 1249 caetera.
2432 1193 2564 1250 Item
2601 1193 2854 1249 hortatur
2888 1193 3205 1265 Apostolus,
3252 1204 3312 1249 ut
3359 1204 3513 1251 tene-

1918 1282 2077 1339 brosa
2103 1294 2156 1340 et
2182 1285 2356 1340 somni
2400 1296 2617 1355 torpore
2639 1286 2898 1355 depressa
2928 1301 3093 1355 opera
3117 1286 3511 1357 relinquentes,

1918 1375 1973 1432 in
2005 1376 2231 1444 lumine,
2266 1378 2369 1435 hoc
2416 1389 2522 1447 est,
2557 1379 2610 1434 in
2656 1380 2812 1436 bonis
2855 1380 3113 1449 operibus
3146 1381 3509 1437 ambulemus.

1917 1468 2051 1524 ltem
2083 1469 2152 1525 de
2174 1484 2376 1535 somno
2415 1471 2625 1527 inertia:
2662 1481 2717 1527 et
2744 1472 3062 1542 ignorantia:
3092 1486 3507 1544 consurgamus.

1914 1558 2035 1617 Jam
2069 1562 2212 1616 enim
2246 1563 2471 1619 scientia
2498 1564 2659 1620 lucet.

1991 1653 2150 1709 Nunc
2186 1657 2320 1710 enim
2344 1658 2555 1729 prepior
2580 1666 2654 1712 est
2685 1666 2865 1712 nostra
2891 1660 3058 1728 salus,
3084 1676 3240 1730 quam
3264 1676 3377 1713 cum
3401 1676 3515 1716 cre-

1917 1745 2170 1802 didimus.
2229 1750 2468 1806 Scientia
2522 1751 2861 1822 proliciente,
2918 1752 3139 1825 propior
3191 1764 3275 1809 est
3333 1754 3514 1825 salus,

196 1842 490 1915 Scriptura
521 1861 535 1899 :
594 1844 800 1900 Inclina
848 1845 1070 1916 pauperi
1120 1858 1307 1900 aurem
1348 1854 1494 1900 tuam
1515 1887 1531 1914 ,
1563 1854 1616 1899 et
1645 1843 1810 1898 redde
1840 1837 1889 1898 Β
1915 1856 2073 1912 quam
2103 1843 2319 1912 quando
2349 1845 2585 1914 primum
2613 1846 2971 1926 credidimus.

196 1938 453 1996 debitum
491 1948 663 1995 tuum.

267 2030 375 2089 Cui
423 2030 697 2103 vectigal,
731 2031 967 2104 vectigal.
1022 2030 1265 2103 Vectigal
1307 2040 1551 2087 nostrum
1592 2038 1708 2098 est,
1755 2037 1815 2086 ut

199 2124 626 2182 transeuntibus
683 2125 986 2193 donemus,
1029 2126 1114 2181 vel
1167 2142 1274 2181 non
1332 2133 1679 2181 transeuntes
1726 2138 1813 2179 se-

196 2218 464 2276 dentibus
495 2220 562 2275 ad
588 2218 733 2275 viam
753 2260 769 2287 ,
802 2229 858 2275 et
887 2219 1017 2276 inde
1043 2219 1393 2276 venientibus
1422 2220 1739 2291 largiamur.

266 2314 370 2370 Cui
421 2314 689 2382 timorem,
740 2315 997 2369 timorem.
1047 2314 1331 2381 Quomodo
1370 2329 1500 2385 ergo
1549 2314 1812 2383 scriptum

199 2414 282 2461 est
312 2404 454 2461 alibi
487 2421 503 2464 ;
543 2404 753 2461 Prmter
785 2406 951 2462 Deum
994 2405 1267 2461 neminem
1303 2420 1427 2461 esse
1471 2404 1815 2461 timendum?

197 2500 306 2556 Sed
365 2500 487 2568 sic,
532 2500 741 2571 inquit,
792 2514 891 2571 age
939 2507 1002 2555 ut
1042 2500 1311 2555 neminem
1359 2499 1573 2555 timeas.
1628 2496 1816 2554 Timor

195 2593 346 2648 enim
383 2592 482 2648 Dei
516 2592 765 2649 timorem
796 2592 1021 2663 expellit
1054 2594 1369 2647 humanum.
1407 2591 1513 2648 Sed
1556 2591 1813 2663 quoniam

196 2700 408 2742 causas
456 2683 636 2742 adhuc
691 2685 904 2741 timoris
946 2683 1189 2756 habetis,
1241 2698 1467 2740 necesse
1511 2693 1595 2739 est
1643 2692 1702 2739 ut
1743 2684 1813 2740 ti-

197 2780 425 2835 mestis.

268 2872 375 2930 Cui
408 2873 679 2941 honorem,
712 2872 980 2928 honorem.
1006 2871 1185 2928 Etiam
1209 2871 1460 2927 timorem
1493 2869 1812 2941 majoribus,

198 2966 479 3024 honorem
506 2974 718 3023 tantum
739 2967 1061 3038 :equalibus.

270 3060 503 3116 Nemini
534 3061 821 3132 quidquam
850 3060 1098 3115 debeatis.
1131 3057 1399 3115 Praeclare
1421 3057 1557 3114 dixit
1586 3057 1815 3129 Aposto-

198 3154 306 3223 lus,
341 3152 632 3210 reddenda
664 3152 978 3224 unicuique,
998 3167 1122 3223 quas
1142 3151 1428 3218 debentur,
1456 3152 1571 3207 sola
1602 3160 1811 3207 tantum

1989 1936 2115 1993 Nox.
2141 1941 2423 2010 praecessit,
2457 1941 2567 1994 dies
2595 1950 2765 1995 autem
2792 1942 3257 2014 appropinquavit.
3293 1940 3523 2015 Compa-

1914 2038 2000 2086 rat
2029 2030 2139 2085 diei
2172 2031 2481 2099 scientiam,
2512 2040 2567 2087 et
2595 2033 2957 2103 ignorantiam
2988 2035 3172 2101 nocti,
3214 2036 3514 2091 secundum

1915 2121 2059 2178 Osee
2102 2121 2375 2178 dicentem
2422 2138 2435 2177 :
2473 2122 2630 2179 Nocti
2670 2124 2968 2179 assitnilavi
3011 2133 3244 2181 matrem
3300 2135 3447 2182 tuam
3499 2144 3514 2183 :

1916 2216 2093 2275 factus
2123 2228 2208 2275 est
2235 2219 2467 2291 p0pulus
2495 2235 2655 2277 meus
2679 2228 2951 2293 tamquam
2981 2237 3089 2278 non
3111 2222 3317 2280 habens
3342 2224 3520 2281 scien-

1917 2310 2069 2366 tiam.

1992 2404 2310 2474 Abjiciamus
2351 2421 2471 2478 ergo
2519 2423 2679 2479 apera
2724 2409 3091 2477 tenebrarum,
3137 2419 3185 2464 et
3235 2409 3517 2465 induantur

1916 2512 2064 2552 arma
2083 2498 2234 2553 lucis.
2254 2500 2390 2554 Cum
2412 2499 2741 2569 ignorantia,
2758 2500 3080 2571 abjiciamus
3096 2502 3256 2557 simul
3279 2512 3333 2557 et
3351 2517 3515 2571 opera

1918 2589 2283 2659 ignorantiae:
2317 2600 2373 2646 ct
2420 2607 2570 2646 arma
2609 2591 2767 2657 lucis,
2796 2592 2899 2649 hoc
2938 2602 3045 2660 est,
3074 2594 3298 2649 luminis
3347 2608 3514 2665 opera

1918 2681 2227 2738 induamur.
2250 2683 2353 2751 Qui
2374 2685 2523 2740 enim
2551 2685 2693 2742 male
2718 2687 2855 2757 agit,
2881 2688 2999 2743 odit
3020 2686 3199 2744 lucem
3233 2704 3248 2743 :
3273 2687 3365 2759 qui
3390 2702 3523 2744 vero

1918 2774 2052 2831 facit
2090 2776 2399 2843 veritatem,
2420 2778 2567 2841 venit
2593 2777 2659 2833 ad
2692 2779 2891 2835 lucem.

1991 2868 2141 2924 Sicut
2165 2870 2219 2923 in
2250 2869 2333 2923 die
2359 2870 2569 2924 honeste
2589 2871 2932 2927 ambulemus.
2960 2871 3113 2929 Sicut
3148 2872 3237 2928 lux
3262 2872 3369 2929 diei
3398 2888 3525 2945 pro-

1925 2962 2077 3019 hibet
2108 2979 2550 3035 unumquemque
2590 2979 2775 3035 agerc,
2804 2964 2948 3036 quod
2980 2973 3139 3022 nocte
3172 2965 3340 3021 libere
3366 2980 3519 3022 com-

1918 3055 2202 3113 mittebat:
2244 3056 2316 3112 ita
2366 3065 2421 3112 ct
2453 3057 2680 3112 scicntia
2729 3072 2830 3112 nos
2881 3057 3140 3128 prohibet
3187 3058 3321 3129 legis
3366 3074 3518 3115 man-

1918 3148 2047 3205 data
2086 3158 2478 3218 contemnere,
2512 3150 2655 3221 quod
2683 3150 2919 3207 sciamus
2949 3164 3049 3206 nos
3083 3165 3304 3223 semper
3340 3166 3370 3206 a
3398 3150 3512 3209 Deo

198 3246 514 3303 dilectione
542 3260 641 3301 nos
673 3246 903 3301 invicem
934 3243 1202 3300 obnoxios
1224 3259 1343 3300 csse
1380 3244 1599 3300 debere.
1631 3244 1687 3299 Si
1714 3260 1814 3299 au.
1843 3225 1887 3287 (ἶ
1920 3243 2117 3299 videri.

201 3353 310 3400 tem
336 3356 565 3411 semper
607 3339 863 3395 fratribus
890 3339 1243 3396 debuerimus
1265 3383 1279 3409 ,
1314 3339 1663 3395 dilectionem
1694 3353 1813 3394 scr—

198 3452 427 3503 vernus,
459 3444 518 3489 ut
542 3442 816 3506 perpetua:
835 3433 1086 3489 charitati
1112 3444 1525 3489 connectamur.
1549 3432 1685 3488 Nam
1706 3449 1815 3489 non

200 3527 553 3584 adulterabis
574 3570 589 3595 ,
624 3540 731 3582 non
763 3525 1012 3595 occides,
1042 3541 1149 3581 non
1181 3524 1448 3583 furaberis
1474 3567 1489 3593 ,
1537 3540 1646 3582 non
1686 3541 1819 3581 con-

198 3626 507 3696 cupisces,
552 3630 608 3677 et
654 3621 699 3675 si
730 3620 860 3693 quid
906 3630 991 3677 est
1037 3621 1183 3677 aliud
1228 3620 1576 3688 mandatum,
1620 3621 1672 3676 in
1715 3620 1820 3677 hoc

199 3717 385 3773 verbo
432 3714 789 3771 instauratur.
821 3712 955 3772 Item
1002 3714 1206 3771 nemini
1254 3713 1497 3771 debitum
1542 3728 1649 3769 non
1698 3713 1821 3771 red-

200 3813 378 3868 datis.
1092 3856 1095 3859 .

276 3903 416 3959 Nisi
444 3910 501 3956 ut
530 3901 748 3958 inuicem
775 3899 1029 3974 diligatis.
1057 3900 1171 3957 Hoc
1199 3899 1376 3957 solum
1418 3914 1635 3971 semper
1664 3898 1825 3957 debet

202 4012 475 4064 manere,
507 3994 650 4068 quod
678 4010 969 4066 numquam
998 3994 1233 4066 persolvi
1263 4002 1464 4066 potest.

280 4091 402 4160 Qui
432 4089 572 4145 enim
600 4086 774 4160 diligit
804 4088 1123 4159 proximum,
1152 4088 1311 4159 legem
1338 4088 1590 4157 implevit.
1620 4087 1827 4145 Secun-

202 4185 342 4242 dum
396 4181 609 4238 Domini
667 4180 1022 4253 parabolam,
1069 4182 1187 4237 sine
1235 4181 1567 4239 discretione
1618 4184 1827 4239 cunctis

205 4272 659 4334 misericordiam
689 4272 804 4328 ﬁeri
830 4271 1076 4343 iubentis
1102 4290 1113 4327 :
1146 4272 1326 4328 omnis
1353 4272 1517 4329 homo
1548 4274 1829 4345 proximus

206 4385 341 4426 esse
381 4364 694 4422 censendus
714 4373 821 4422 est.
853 4363 984 4420 Item
1012 4363 1359 4421 dilectionem
1389 4364 1510 4422 ideo
1534 4367 1828 4437 praemisit:

205 4462 343 4533 quia
384 4457 642 4515 ﬁdelibus
668 4456 967 4527 scribebat,
992 4466 1049 4515 et
1072 4456 1140 4514 de
1160 4457 1391 4528 iustitiae
1418 4460 1831 4516 conversatione

208 4553 523 4612 tractabat.

1993 3337 2118 3393 Non
2150 3339 2205 3393 in
2234 3337 2691 3394 comessationibus
2719 3347 2767 3393 et
2787 3337 3139 3407 ebrietatibus,
3171 3354 3275 3392 non
3297 3338 3351 3392 in
3379 3337 3524 3393 cubi-

1921 3432 2056 3487 libus
2088 3442 2133 3487 et
2165 3432 2524 3503 impudicitiis.
2568 3430 2904 3487 Comessatio
2928 3441 3013 3486 est
3043 3445 3246 3485 mensa:
3275 3430 3518 3485 collatio.

1919 3528 2031 3585 Nos
2072 3543 2205 3585 vero
2240 3528 2501 3584 habemus
2537 3526 2825 3597 spirituale
2844 3525 3189 3597 convivium,
3232 3525 3475 3581 dicentes
3506 3542 3520 3581 :

1920 3620 2056 3677 Cum
2099 3621 2423 3685 convenitis,
2474 3619 2848 3691 unusquisque
2887 3619 3153 3690 psalmum
3203 3618 3419 3683 habent,
3470 3627 3526 3673 et

1923 3725 2142 3772 caatera.
2169 3716 2508 3772 Ebrietatem
2540 3730 2670 3787 ergo
2700 3713 3064 3786 perniciosam
3093 3728 3237 3781 esse,
3284 3722 3337 3767 et
3369 3712 3525 3767 luxu-

1925 3809 2021 3865 riae
2043 3811 2353 3875 materiam,
2385 3824 2450 3865 ex
2482 3808 2608 3864 hinc
2638 3807 3049 3879 cognoscimus,
3074 3807 3199 3876 quia
3236 3804 3524 3875 impudici-

1927 3905 2056 3958 tiam
2081 3902 2383 3973 subjunsit.
2410 3901 2479 3957 Et
2506 3900 2637 3955 alibi
2660 3899 2736 3954 ait
2764 3918 2775 3953 ε
2806 3897 2985 3954 Nolite
3009 3898 3265 3954 inebriari
3292 3898 3438 3966 vino,
3471 3898 3523 3953 in

1926 4012 2033 4068 quo
2062 4007 2147 4053 est
2178 3997 2417 4053 luxuria.

2000 4088 2125 4143 Non
2154 4089 2209 4144 in
2253 4088 2581 4143 contentione
2625 4094 2672 4142 et
2701 4084 3047 4143 ternuiatione.
3092 4084 3269 4141 Etiam
3300 4094 3528 4143 conten-

1929 4183 2133 4239 tionem
2164 4191 2220 4239 et
2250 4180 2507 4238 invidiam
2536 4182 2885 4238 criminosam
2914 4195 3039 4237 esse
3060 4221 3075 4247 ,
3107 4188 3164 4236 ct
3184 4179 3305 4235 aliis
3334 4181 3519 4237 multis

1931 4276 2191 4348 probatur
2238 4276 2526 4347 exemplis,
2578 4275 2796 4333 dicente
2835 4275 3041 4332 Jacobo
3068 4292 3080 4329 :
3112 4274 3170 4331 Si
3213 4276 3357 4331 enim
3404 4276 3527 4333 zelo

1930 4383 2117 4425 amaro
2142 4368 2373 4436 habetis,
2403 4378 2460 4425 et
2475 4379 2696 4426 cmtcra.

2006 4462 2112 4519 Sed
2148 4463 2430 4517 induimini
2473 4464 2757 4518 Dominum
2800 4460 2982 4519 Iesum
3037 4462 3318 4520 Christum.
3370 4462 3531 4524 Solus

1939 4554 2189 4616 Christus
2221 4556 2471 4613 videatur
2528 4558 2583 4611 in
2634 4556 2813 4624 vobis,
2865 4571 2973 4613 non
3011 4566 3167 4614 vetus
3206 4558 3390 4616 homo.
3430 4558 3533 4628 Qui

290 4651 450 4705 Nam
495 4664 599 4703 non
640 4646 985 4718 adulterabis,
1014 4664 1119 4703 non
1146 4646 1377 4718 occides,
1410 4664 1509 4703 non
1533 4648 1788 4719 furaberis
1810 4689 1827 4714 ,
1857 4618 1914 4681 Β
1939 4652 2083 4707 enim
2124 4650 2260 4707 dicit
2297 4666 2359 4707 sc
2403 4652 2457 4707 in
2502 4650 2722 4707 Christo
2752 4666 2974 4708 manere
3016 4670 3029 4707 :
3071 4652 3237 4710 debet
3267 4654 3408 4709 sicut
3440 4618 3533 4709 illo

211 4765 325 4801 ιιι-η
360 4744 561 4818 falsum
590 4742 939 4798 testimonium
965 4742 1101 4797 dices
1124 4785 1138 4811 ,
1169 4759 1272 4797 non
1302 4744 1665 4812 concupisces,
1708 4754 1756 4797 et
1786 4742 1830 4797 si

210 4842 369 4913 quod
403 4847 477 4894 est
508 4838 655 4893 aliud
693 4839 995 4893 mandatum
1015 4879 1030 4904 ,
1062 4838 1119 4891 in
1146 4838 1251 4903 hoc
1280 4838 1428 4893 verba
1460 4838 1781 4891 instauratur
1811 4852 1833 4892 :

214 4932 439 5006 Diliges
477 4934 768 5005 proximum
809 4942 951 4985 tuum
983 4931 1115 4985 sicut
1156 4931 1393 5002 teipsum.
1426 4929 1834 5001 Rccapitulatur

214 5028 417 5084 omnis
460 5023 669 5094 justitia
704 5023 759 5079 in
801 5022 1033 5095 proximi
1073 5022 1370 5080 dilectione
1409 5039 1423 5076 :
1472 5030 1528 5078 et
1571 5021 1831 5092 injustitia

204 5114 506 5179 nascitur,
534 5111 662 5167 dum
702 5110 824 5181 plus
851 5109 1067 5167 caeteris
1098 5124 1197 5164 nos
1238 5123 1499 5163 amamus.
1545 5107 1644 5177 Qui
1687 5108 1830 5164 enim

216 5211 379 5266 sicut
398 5220 461 5262 se
490 5204 665 5276 diligit
690 5203 1020 5275 proximum,
1052 5217 1157 5258 non
1188 5202 1367 5257 solum
1394 5200 1475 5257 illi
1499 5201 1697 5255 malum
1726 5216 1833 5255 non

218 5303 388 5367 facit,
418 5301 516 5356 sed
546 5298 709 5355 etiam
739 5299 938 5355 bonum
970 5296 1118 5366 facit,
1143 5295 1266 5369 quia
1290 5305 1347 5354 et
1370 5298 1512 5353 circa
1537 5310 1597 5353 se
1626 5305 1837 5354 utrum-

218 5410 344 5468 que
374 5392 529 5464 cupit
555 5390 813 5464 impendi.

309 5488 543 5544 Dilectio
579 5486 802 5560 proximi
839 5486 1035 5542 malum
1075 5504 1174 5543 non
1203 5498 1467 5556 operatur.
1514 5484 1688 5544 Etiam
1732 5487 1837 5546 bo-

223 5597 374 5640 num
390 5594 495 5635 non
521 5578 939 5649 facere,‘malum
962 5592 1067 5637 est.
1090 5578 1220 5635 Nam
1236 5581 1280 5635 si
1295 5580 1486 5637 viderit
1513 5580 1663 5637 illum
1691 5580 1835 5639 tame

226 5673 589 5748 periclitari:
625 5687 803 5729 nonne
851 5672 967 5743 ipse
1018 5671 1171 5728 illum
1202 5672 1419 5741 occidit,
1472 5674 1517 5729 si
1567 5674 1661 5732 ille
1714 5689 1837 5731 cum

226 5768 457 5835 afﬂuat,
488 5782 597 5823 non
626 5766 837 5824 dederit
864 5766 1085 5837 victum,
1118 5766 1367 5839 quamvis
1387 5768 1435 5822 ei
1459 5769 1709 5839 proprias
1734 5784 1837 5826 non

232 5858 436 5919 tulerit
466 5858 783 5923 iacuhates?
804 5858 1063 5935 Quisquis
1093 5860 1238 5918 enim
1278 5860 1329 5918 in
1374 5876 1713 5937 quacumque
1746 5880 1841 5925 nc-

1939 4743 2271 4813 ambulavit,
2311 4754 2365 4800 et
2404 4743 2521 4815 ipse
2560 4744 2845 4801 ambulare
2878 4763 2893 4801 :
2933 4745 2989 4801 in
3030 4762 3139 4819 quo
3179 4760 3370 4803 omnes
3405 4754 3535 4803 sunt

1939 4837 2189 4892 virtutes.

2013 4926 2082 4983 Et
2126 4930 2299 4984 carnis
2340 4944 2519 4985 curam
2568 4946 2631 4984 ne
2670 4931 2896 5001 feceritis
2940 4932 2995 4987 in
3037 4932 3332 4989 desideriis.
3379 4929 3534 4986 Sicut

1942 5022 2201 5080 Salomon
2240 5022 2315 5078 ait
2348 5042 2360 5078 :
2387 5023 2515 5079 Post
2544 5024 3015 5095 concupiscentias
3043 5034 3162 5081 tuas
3183 5039 3288 5080 non
3318 5038 3433 5080 eas.
3464 5022 3535 5079 Et

1942 5117 2138 5174 iterum
2170 5118 2252 5173 :si
2278 5116 2494 5175 dederis
2535 5118 3037 5191 concupiscentiam
3082 5118 3277 5173 anima:
3307 5125 3436 5185 tum,
3480 5116 3535 5172 in

1941 5211 2199 5285 gaudium
2229 5211 2401 5271 iacies
2436 5222 2487 5271 te
2516 5213 2755 5270 inimicis
2788 5214 2893 5270 tuis
2921 5212 3137 5270 venire.

2538 5345 2764 5405 CAPUT
2802 5343 2943 5403 XIV.

2020 5486 2300 5560 Inﬁrmum
2328 5498 2499 5544 autent
2525 5488 2580 5543 in
2608 5489 2712 5558 [ide
2737 5486 3007 5541 assumite.
3031 5484 3127 5542 Hic
3155 5485 3376 5559 oblique
3418 5484 3541 5541 illos

1941 5584 2227 5656 increpare
2260 5584 2468 5655 incipit,
2507 5583 2599 5655 qui
2627 5599 2687 5637 se
2718 5584 2886 5639 fortes
2925 5582 3211 5652 putabant,
3240 5591 3297 5637 ut
3335 5580 3529 5636 immo-

1944 5678 2135 5736 derate
2163 5678 2417 5733 carnibus
2440 5685 2817 5733 vescerentur.
2849 5675 2983 5732 Item
3012 5677 3100 5734 hic
3124 5675 3369 5733 inﬁrmos
3402 5673 3535 5731 tide-

1945 5772 2030 5828 les
2060 5770 2213 5837 dicit,
2248 5770 2338 5842 qui
2382 5784 2574 5825 carnes
2598 5784 2719 5841 qua:
2757 5771 2810 5825 in
2845 5769 3077 5825 macello
3107 5778 3232 5825 tunc
3280 5768 3544 5840 temporis

1947 5863 2345 5934 vendebantur,
2376 5860 2709 5921 idololatrias
2737 5877 2857 5923 esse
2879 5860 3177 5922 credebant
3204 5878 3218 5919 :
3245 5870 3295 5919 et
3319 5869 3545 5936 propter
