3970 6304
453 349 559 405 707

1497 342 1554 399 S.
1602 339 1977 397 llllillUNYlll
2020 338 2299 399 OPERUM
2344 344 2707 405 MANTISSL
3646 354 3739 416 708

454 469 555 522 hoc
601 468 677 520 sic
729 472 1009 532 putantes,
1044 475 1112 517 ne
1139 459 1535 532 polluerentur,
1584 458 1828 514 oleribus
1853 472 2035 511 vesce-
2068 458 2121 519 Α
2148 466 2258 514 tum
2311 460 2505 527 faciat;
2540 472 2800 533 quantum
2856 472 3033 536 potest
3075 483 3089 522 :
3130 473 3390 538 quantum
3444 470 3741 526 mercedem

453 565 673 617 bantur.
712 559 864 616 Unde
897 556 1208 630 praccipitur
1238 558 1306 609 ah
1358 554 1618 626 Apostolo
1650 571 1663 608 :
1696 568 1762 608 ne
1810 550 2044 622 imperiti

452 657 525 710 ita
561 656 861 710 sentientes
904 651 1174 721 judicent,
1202 649 1293 721 qui
1343 649 1543 704 habent
1589 647 1818 719 ﬁdem:
1864 644 2045 698 omnia

450 764 566 817 qure
597 746 649 800 iu
684 746 913 799 macello
944 756 1212 810 veneunt,
1248 748 1365 798 sine
1397 742 1788 810 disceptatione
1821 738 2049 793 mandu-

450 846 571 893 cent
607 856 617 888 :
650 837 905 905 quoniam
933 839 1114 891 omnis
1135 847 1386 891 creatura
1408 834 1501 889 llei
1532 835 1669 888 bona
1698 842 1801 898 est,
1829 843 1883 887 et
1913 831 2046 885 nihil

449 930 812 987 damnandum
861 938 945 985 est
978 945 1206 995 eorum,
1259 945 1328 1001 qu
1348 946 1376 980 κη
1425 928 1563 983 Deus
1609 926 1919 980 hominibus
1978 923 2045 977 ad

447 1026 713 1083 edendum
749 1027 973 1080 creavit.

526 1122 645 1176 Non
699 1122 748 1173 in
796 1119 1255 1188 disceptationibus
1298 1118 1689 1189 cogitationum.
1744 1112 1918 1168 Nolite
1961 1125 2047 1165 sc-

444 1215 678 1269 cundum
703 1222 913 1268 vestras
940 1212 1085 1283 cogit
1106 1214 1321 1281 itiones,
1348 1226 1507 1281 quem
1548 1211 1631 1265 lex
1664 1223 1768 1262 non
1806 1204 2035 1276 jndicat,

436 1306 704 1379 judicare.

516 1399 663 1453 Alius
690 1399 821 1453 enim
847 1398 1007 1452 credit
1038 1413 1093 1451 se
1124 1398 1442 1450 manducare
1466 1394 1659 1449 omnia.
1703 1393 1802 1461 Qui
1840 1402 2045 1446 tantam

452 1496 609 1550 ﬁdem
636 1496 817 1559 habet,
862 1505 916 1546 ut
942 1508 1046 1547 non
1076 1500 1388 1558 moveatur,
1421 1500 1511 1545 aut
1550 1486 1879 1543 abstinentia
1910 1500 2042 1541 con.

448 1590 669 1651 fractus,
692 1600 783 1642 aut
816 1589 993 1643 senio.

523 1684 627 1751 Qui
652 1693 822 1735 autem
852 1682 1093 1751 inﬁrmus
1140 1690 1237 1746 est,
1288 1678 1403 1733 olus
1435 1677 1728 1732 manducet.
1771 1674 2040 1740 Inﬁrmus,

449 1786 537 1831 aut
569 1784 749 1838 :etate,
798 1784 891 1828 aut
930 1776 1179 1844 corporis
1218 1774 1418 1827 calore.
1457 1772 1588 1826 ltem
1618 1771 1704 1825 hic
1737 1772 1997 1839 probatur
2027 1786 2040 1823 :

2156 554 2355 610 habere
2408 558 2661 612 voluerit.
2718 557 2872 614 Unde
2928 561 3221 630 sequitur:
3266 562 3648 635 Unusquisque
3701 564 3745 621 id

2154 644 2316 702 faciat
2349 647 2398 701 in
2440 649 2529 703 tali
2572 665 2756 717 causa,
2790 649 2931 720 quod
2965 653 3155 707 melius
3193 669 3315 708 esse
3345 649 3583 724 jndicat.
3623 657 3743 713 Item

2153 739 2253 793 hoc
2305 749 2409 809 est,
2460 742 2600 811 quod
2634 742 2760 796 dicit
2793 743 3042 811 :aliqnos
3076 760 3221 809 esse,
3277 746 3369 816 qui
3420 747 3585 803 certis
3627 750 3744 804 anni

2154 838 2513 908 temporibus,
2567 838 2700 895 alios
2725 854 2846 895 esse
2896 840 2989 910 qui
3030 842 3177 895 omni
3213 852 3457 909 tempore
3486 842 3612 898 vitae
3643 858 3747 899 sua:

2150 929 2218 983 ab
2249 945 2344 984 esu
2376 932 2615 985 carnium
2649 931 3010 987 decreverunt
3040 933 3446 988 abstinendum.

2225 1023 2327 1089 Qui
2374 1026 2507 1094 sapit
2557 1026 2715 1093 diem,
2770 1025 2989 1080 Domino
3013 1028 3168 1099 sapit.
3205 1025 3432 1082 Dom’no
3474 1028 3637 1098 sapit,
3668 1030 3746 1101 qui

2152 1129 2374 1185 propter
2401 1116 2566 1170 Deum
2598 1116 2829 1186 jejttnat,
2861 1125 2916 1172 et
2944 1134 3050 1172 non
3080 1130 3305 1192 propter
3328 1120 3597 1175 homines.

2225 1207 2291 1263 Et
2318 1211 2408 1280 qui
2428 1210 2731 1276 manducat,
2768 1210 2989 1265 Domino
3019 1215 3321 1269 mandarat.
3372 1210 3586 1269 Gratias
3619 1214 3744 1268 enim

2150 1304 2257 1373 agit
2296 1302 2423 1356 Deo.
2453 1303 2552 1372 Qui
2585 1315 2812 1375 propter
2837 1303 3125 1358 Dominum
3171 1305 3496 1374 niandncat,
3532 1316 3586 1361 ut
3619 1324 3747 1378 prte-

2150 1395 2363 1450 tliCandi
2388 1395 2738 1468 Evangelium
2772 1397 3169 1467 possithabere
3200 1397 3480 1467 virtutem,
3503 1415 3609 1453 non
3644 1416 3746 1454 sure

2149 1488 2287 1560 gulae
2318 1489 2521 1554 Studet,
2552 1489 2649 1544 sed
2680 1489 2911 1544 aliorum
2944 1489 3101 1545 saluti
3138 1509 3149 1544 :
3183 1501 3401 1563 propter
3427 1492 3569 1563 quod
3603 1508 3737 1548 cono

2151 1581 2316 1645 versi,
2349 1582 2559 1652 gratias
2582 1581 2821 1636 referant
2843 1581 2977 1637 Deo.
3556 1595 3563 1599 '

2224 1672 2291 1727 Et
2320 1675 2409 1741 qui
2469 1690 2571 1728 non
2607 1679 2909 1743 manducat,
2949 1673 3174 1729 Domino
3225 1692 3326 1730 non
3357 1675 3670 1741 manducat,
3707 1687 3749 1732 et

2151 1765 2347 1837 gratias
2395 1766 2502 1837 agit
2547 1761 2679 1821 Deo.
2729 1766 2862 1834 Quia
2897 1782 2995 1836 per
3043 1767 3353 1837 exemplum
3408 1766 3553 1823 illius
3599 1767 3745 1825 multi

449 1871 573 1940 quia
607 1885 717 1923 non
745 1868 812 1923 de
838 1868 1044 1922 ludatis
1080 1866 1307 1932 d-catnr,
1356 1876 1409 1918 ut
1443 1863 1663 1934 quidam
1707 1870 1917 1929 putant,
1948 1859 2041 1914 sed
2078 1849 2122 1910 Β
2151 1858 2454 1924 salvantur,
2511 1867 2562 1911 et
2596 1857 2798 1927 gratias
2829 1858 3070 1913 referunt
3126 1858 3258 1913 Deo.
3293 1858 3394 1925 Qui
3438 1860 3582 1914 enim
3617 1876 3746 1917 voce

450 1961 516 2015 de
544 1960 965 2015 abstinentibus.
985 1959 1099 2012 Non
1124 1961 1266 2012 enim
1294 1973 1487 2012 carnes
1506 1954 1802 2010 secundum
1832 1954 2041 2026 legem:

450 2052 543 2107 sed
572 2052 689 2107 sola
716 2052 863 2105 olera
905 2049 1325 2105 tnandnrabant.
1365 2048 1539 2103 Aliter
1570 2065 1581 2100 :
1611 2047 1667 2101 Si
1713 2047 1914 2101 idcirco
1945 2046 2042 2101 tibi

450 2146 734 2200 inﬁrmitas
787 2144 982 2199 animae
1011 2151 1302 2213 generatur
1347 2158 1361 2195 :
1404 2144 1527 2212 quia
1572 2141 1737 2195 alium
1795 2139 2041 2209 ejusdem

450 2238 737 2307 propositi,
759 2236 1017 2291 carnibus
1052 2250 1148 2305 pro
1165 2250 1261 2289 sua
1285 2233 1388 2287 ﬁde
1412 2234 1555 2288 vesci
1594 2232 2041 2302 perhorrescens,

446 2331 584 2384 forte
616 2330 908 2399 cognoscis
942 2347 953 2382 :
987 2328 1095 2383 noli
1121 2344 1241 2382 e~se
1270 2327 1435 2396 judex
1467 2328 1689 2380 alterius
1721 2326 2041 2392 voluntatis,

446 2438 544 2477 nec
570 2422 787 2491 exigere
816 2423 882 2475 ab
906 2420 1109 2489 aliqua.
1143 2418 1447 2488 Unicuique
1474 2419 1525 2472 in
1555 2418 1835 2473 voluntate
1859 2419 2046 2473 tlillllS-

445 2532 565 2571 sum
601 2525 687 2570 est
718 2532 733 2573 :
763 2514 857 2568 sed
908 2513 952 2567 si
987 2513 1082 2567 tibi
1113 2513 1431 2567 scandalum
1454 2521 1559 2579 est,
1588 2523 1636 2565 et
1666 2528 1769 2565 non
1810 2513 1889 2565 vis
1918 2528 2042 2565 car—

449 2610 608 2662 nibus
632 2604 800 2674 vesci,
828 2605 921 2660 tibi
955 2606 1055 2675 ipsi
1090 2604 1309 2673 impone
1350 2602 1567 2658 modum
1597 2620 1611 2657 :
1643 2614 1691 2658 et
1740 2603 1934 2657 melius
1967 2603 2045 2658 fa-

447 2701 621 2767 ciens,
655 2701 770 2755 sola
818 2700 967 2755 olera
996 2701 1285 2754 manduca.
1328 2697 1497 2768 Magis
1545 2698 1914 2767 unusquisque
1946 2713 2045 2767 per

445 2802 591 2848 tuam
642 2792 1101 2863 :rquanimitatem
1153 2791 1219 2845 ad
1260 2790 1646 2845 abstinentiam
1696 2798 2039 2860 provocetur,

445 2900 603 2955 quam
634 2883 879 2938 irritatus
900 2881 969 2937 de
1001 2884 1103 2937 hoc
1135 2882 1468 2936 scandalizet
1501 2892 1571 2936 te.
1602 2881 1769 2949 Magis
1793 2882 1844 2935 in
1876 2881 2044 2936 eden—

444 2978 527 3031 dis
551 2976 806 3032 carnibns
828 2975 1206 3040 conﬁrmetur,
1237 2974 1387 3043 quod
1432 2982 1543 3028 tum
1575 2989 1678 3027 non
1708 2984 1864 3045 potes
1888 2973 2040 3044 quasi

445 3072 660 3140 Culpam
710 3070 762 3123 in
805 3069 912 3122 alio
946 3066 1371 3137 reprehendere,
1426 3066 1468 3121 si
1502 3068 1905 3137 unusquisque,
1949 3075 2042 3121 aut

444 3162 674 3217 ﬁdeliter
706 3161 809 3215 hoc
836 3159 1131 3229 przesnmit,
1163 3162 1411 3214 autforte
1440 3161 1739 3228 asperitate
1770 3160 2038 3215 valetudi-

444 3256 549 3319 nis,
590 3265 677 3307 aut
705 3265 923 3308 senecta
957 3252 1059 3307 hoc
1090 3252 1249 3307 faciat
1280 3253 1552 3321 exigente.

513 3345 570 3402 Is
597 3347 683 3417 qui
726 3346 1025 3410 manducat,
1070 3360 1172 3398 non
1214 3344 1616 3397 manducantem
1651 3359 1753 3396 non
1802 3352 2035 3410 spernat.

440 3440 725 3497 llabebant
749 3443 893 3495 inter
923 3456 982 3494 se
1006 3439 1263 3493 scandala
1298 3456 1309 3491 :
1345 3437 1422 3493 illi
1451 3439 1576 3493 illos
1597 3438 1751 3508 quasi
1785 3439 2034 3494 carnales

436 3533 779 3605 judicabant;
813 3540 868 3586 et
897 3532 972 3586 illi
1008 3533 1131 3585 illos
1160 3541 1433 3602 tamquam
1480 3531 1678 3586 stultos
1711 3531 2032 3597 irridchant,

445 3637 501 3683 ct
531 3628 941 3697 superstitiosos
969 3626 1311 3696 judicabant,

516 3718 581 3773 Et
626 3721 714 3790 qui
753 3736 855 3772 non
886 3721 1195 3784 manducat,
1229 3721 1625 3775 manducantem
1661 3738 1765 3774 non
1810 3721 2031 3792 judicct.

443 3812 585 3868 Deus
608 3814 742 3867 enim
766 3810 916 3866 illum
940 3813 1235 3884 assumpsit.
1254 3811 1464 3868 ltaillos
1488 3815 1629 3867 licus
1646 3813 1856 3867 vocavit
1880 3822 1937 3866 ut
1960 3822 2032 3868 te.
2092 3872 2103 3884 ,

510 3907 592 3961 Tu
623 3908 734 3979 quis
778 3924 858 3975 es,
885 3905 1203 3978 quijudicas
1244 3907 1473 3960 alienum
1502 3908 1740 3961 servum?
1782 3906 1947 3975 Cujus
1979 3916 2036 3962 ιιι

440 4002 783 4057 anctmitatis
814 4016 895 4064 es.
932 4010 986 4054 nt
1010 4001 1221 4070 iudices
1254 4016 1376 4054 eum
1426 4016 1586 4070 quem
1623 4000 1708 4056 lex
1753 4016 1859 4054 non
1886 4000 2033 4071 judi-

438 4094 559 4149 cat?
586 4093 741 4149 Unde
768 4102 820 4147 et
851 4092 1087 4148 Jacohus
1119 4094 1194 4147 ait
1228 4110 1240 4149 :
1273 4094 1373 4161 Qui
1403 4094 1606 4162 judicat
1654 4095 1896 4161 fratrem,
1930 4095 2032 4150 sci-

441 4189 569 4243 licet
591 4188 980 4258 sapientiorem
1014 4202 1094 4251 se,
1125 4188 1331 4255 iudicat
1363 4188 1561 4257 legem.
1609 4189 1883 4243 Cmterum
1918 4188 2033 4256 ipse

440 4279 637 4333 Paulus
665 4291 852 4333 contra
884 4278 1196 4332 mandatum
1226 4278 1491 4333 iacientes
1513 4278 1802 4347 judicavit,
1835 4288 1890 4335 et
1910 4280 2032 4334 aliis

433 4371 712 4442 judicandi
746 4372 932 4427 tribuit
964 4371 1294 4430 facultatem.
1336 4370 1415 4425 Ad
1447 4386 1570 4425 eum
1598 4372 1688 4442 qui
1721 4371 1825 4427 ﬁde
1880 4372 2033 4427 inﬁr-

439 4480 560 4520 mus
590 4477 673 4520 est
700 4481 884 4520 sermo
931 4465 1211 4535 dirigitur,
1244 4481 1349 4519 nou
1378 4481 1503 4519 eum
1561 4466 1762 4520 debere
1787 4465 2031 4535 judicare

440 4558 880 4612 manducantem.
924 4559 1114 4612 (linnia
1161 4574 1517 4627 qumcumque
1575 4558 1627 4611 in
1673 4558 1902 4614 macello
1936 4575 2028 4615 ve-

440 4662 611 4709 neunt
640 4668 655 4706 :
684 4652 775 4721 qui
807 4652 1070 4709 robustus
1095 4653 1200 4708 ﬁde
1221 4661 1324 4718 est,
1354 4652 1533 4708 omnia
1569 4652 1766 4707 munda
1814 4653 2032 4708 mundis

439 4763 562 4804 esse
588 4748 889 4817 cognoscit.

509 4838 736 4894 Domino
766 4856 859 4893 suo
891 4847 1014 4903 stat,
1065 4848 1153 4891 aut
1182 4840 1344 4893 cadit.
1373 4840 1501 4896 Sive
1546 4840 1698 4906 vivit,
1719 4840 1834 4897 sive
1864 4840 2034 4895 mori-

439 4944 529 4989 tur
559 4952 571 4987 :
597 4932 723 5004 quia
756 4942 810 4987 et
837 4931 925 4987 ille
976 4939 1197 5001 propter
1245 4931 1415 4987 Deum
1464 4932 1720 4999 abstinet,
1749 4940 1799 4985 ct
1829 4932 1916 4987 ille
1946 4948 2030 4987 se-

437 5027 673 5082 cundum
702 5027 867 5081 Deum
900 5025 1216 5079 manducat.

511 5120 681 5173 Stabit
712 5128 901 5173 autem.
934 5116 1128 5171 Potens
1160 5124 1232 5171 est
1262 5117 1397 5172 enim
1428 5114 1572 5173 Deus
1598 5128 1825 5173 statuere
1854 5119 2026 5172 illum.

441 5211 580 5266 Deus
602 5212 691 5279 qni
723 5220 833 5266 tres
866 5224 1068 5283 pueros
1110 5210 1473 5281 leguminibus
1506 5222 1721 5281 pastos,
1774 5212 2029 5268 meliores

436 5318 703 5372 apparere
736 5303 879 5367 fecit,
936 5320 1098 5375 quam
1153 5304 1276 5358 illos
1303 5306 1390 5371 qui
1424 5303 1492 5359 de
1522 5320 1706 5360 mensa
1735 5306 1875 5372 regis
1900 5305 2028 5360 edc-

435 5396 593 5459 baut,
628 5404 803 5463 potest
833 5407 887 5449 et
918 5397 1037 5451 illos
1067 5396 1272 5451 diutius
1301 5396 1482 5451 facere
1517 5398 1568 5449 in
1598 5413 1829 5468 corpore
1859 5407 2027 5452 stare.

510 5486 649 5540 Nam
679 5487 815 5541 alius
832 5488 1037 5559 jndicat
1064 5490 1199 5542 diem
1233 5490 1365 5542 inter
1389 5489 1523 5543 diem
1544 5531 1557 5550 ,
1582 5490 1718 5544 alius
1746 5500 1919 5545 autem
1938 5493 2030 5561 ju-

434 5582 570 5635 dicat
602 5595 805 5634 onmem
828 5580 985 5633 diem.
1016 5579 1457 5651 Unusquisquein
1482 5597 1577 5633 suo
1600 5596 1755 5635 sensu
1781 5582 2027 5636 abundet.

437 5671 607 5727 ,Ιιιάςυῐ
639 5672 844 5727 inescis
858 5672 1000 5726 diem
1022 5672 1163 5727 inter
1178 5674 1321 5727 diem
1344 5672 1589 5742 judicare
1617 5689 1723 5727 non
1750 5685 2025 5742 pateram.

432 5765 579 5835 Ergo
619 5766 684 5821 ile
708 5766 938 5836 jejunio,
973 5780 1026 5822 et
1073 5767 1397 5823 abstinentia
1426 5767 1578 5833 dicit,
1604 5781 1726 5838 qua!
1763 5783 1870 5823 non
1900 5778 2031 5824 sunt

435 5859 539 5913 sub
564 5869 713 5915 certo
743 5862 905 5917 modo
958 5861 1089 5934 legis
1107 5862 1355 5934 redacta,
1390 5873 1446 5920 ut
1498 5863 1865 5935 unusquisque
1909 5873 2026 5920 tan-

2148 1950 2259 2018 agit
2285 1949 2509 2018 gratias,
2561 1950 2710 2005 solus
2751 1952 2900 2021 agit:
2934 1953 3023 2022 qui
3056 1961 3235 2007 autem
3265 1951 3428 2007 etiam
3462 1952 3516 2007 in
3549 1967 3744 2022 opere,

2150 2042 2199 2093 in
2236 2040 2418 2094 multis
2443 2040 2569 2111 agit.

2221 2133 2387 2189 Nemo
2420 2136 2553 2189 enim
2584 2147 2818 2190 nostrum
2844 2135 2945 2189 sibi
2962 2136 3102 2199 vivit,
3128 2148 3174 2190 et
3203 2153 3349 2191 nemo
3371 2136 3467 2191 sibi
3497 2141 3737 2191 moritur.

2150 2228 2270 2283 Sive
2308 2228 2443 2281 enim
2489 2228 2726 2297 vivimim
2765 2228 2990 2282 Domino
3036 2229 3253 2283 t'ivimns
3278 2245 3296 2282 :
3324 2230 3433 2283 sive
3474 2232 3741 2295 m/rimur,

2149 2322 2669 2377 Domiuomorimur.
2724 2322 2845 2377 Sire
2894 2340 3017 2396 ergo
3048 2324 3285 2382 vivimus.
3324 2324 3434 2377 sive
3468 2325 3742 2389 morimur,

2150 2418 2360 2472 Domini
2389 2434 2586 2471 sumus.
2621 2416 2790 2471 Nemo
2843 2415 3083 2471 ﬁdelium
3119 2416 3219 2470 sibi
3250 2416 3381 2470 vivit
3409 2456 3423 2478 .
3482 2424 3539 2471 et
3590 2431 3745 2470 nemo

2146 2513 2249 2567 sibi
2304 2512 2575 2567 moritur:
2607 2513 2734 2583 quia
2764 2513 3018 2567 Christus
3072 2528 3170 2582 pro
3200 2512 3452 2568 omnibus
3498 2523 3744 2568 mortuus

2146 2613 2251 2670 est,
2284 2615 2339 2657 ιιι
2369 2615 2423 2659 et
2472 2603 2560 2673 qui
2592 2604 2799 2667 vivunt,
2826 2604 2935 2673 jam
2995 2620 3101 2659 non
3132 2604 3232 2659 sibi
3283 2605 3489 2672 vivant,
3520 2605 3620 2660 sed
3651 2605 3742 2660 illi.

2145 2695 2457 2752 Cavendum
2504 2699 2815 2752 econtrario
2849 2740 2865 2765 ,
2918 2713 2987 2753 ne
3032 2713 3134 2754 nos
3182 2708 3273 2752 aut
3310 2697 3471 2753 nobis
3503 2699 3744 2754 vivamus

2147 2790 2525 2845 manducando
2550 2809 2565 2851 ;
2595 2801 2687 2845 aut
2718 2803 2941 2862 propter
2974 2792 3226 2847 homines
3274 2792 3574 2848 moriamur
3601 2793 3744 2865 jeju-

2146 2882 2348 2936 nando.

2217 2971 2283 3026 In
2308 2972 2405 3027 hoc
2434 2974 2567 3027 enim
2600 2971 2843 3027 Christus
2880 2984 3117 3029 mortuus
3143 2982 3240 3043 est,
3267 2984 3316 3029 et
3339 2977 3664 3036 resurrexit:
3694 2985 3746 3031 ut

2142 3068 2189 3122 ei
2215 3068 2447 3121 vivorum
2475 3077 2521 3120 et
2550 3077 2875 3122 mortuorum
2893 3068 3207 3123 dominetur.
3238 3068 3521 3124 Adventus
3545 3068 3742 3126 Christi

2144 3168 2197 3214 ct
2244 3159 2395 3213 vivos
2426 3160 2699 3226 inveniet,
2728 3171 2783 3214 et
2814 3173 3060 3215 mortuos
3091 3161 3393 3216 suscitabit.
3431 3161 3577 3217 Nihil
3612 3176 3743 3234 ergo

2061 3245 2106 3305 C
2139 3252 2331 3317 refert,
2364 3260 2542 3308 utrum
2576 3262 2631 3308 te
2661 3254 2970 3317 resuscitet,
3000 3268 3067 3307 an
3094 3253 3281 3309 vivum
3308 3254 3591 3311 inveniat:
3625 3265 3743 3312 tan-

2142 3356 2254 3401 tttm
2288 3344 2497 3413 labora,
2521 3354 2580 3400 ut
2607 3360 2791 3401 coram
2822 3361 2889 3401 eo
2914 3346 3092 3414 justus
3122 3362 3416 3416 appareas.

2214 3436 2293 3493 Tu
2320 3448 2493 3493 autem
2538 3438 2665 3510 quid
2683 3440 2895 3510 judicas
2922 3440 3135 3510 fratrem
3157 3441 3343 3493 tuum?
3364 3439 3481 3509 Qua
3508 3440 3742 3497 auctori-

2140 3540 2250 3586 tate
2280 3533 2431 3601 quasi
2462 3546 2716 3587 voracem
2749 3532 2999 3587 damnas.

2211 3625 2313 3677 Aut
2369 3635 2423 3678 tu
2452 3641 2612 3695 quare
2638 3626 2839 3694 spernis
2871 3628 3087 3697 fratrem
3133 3627 3319 3679 tuum?
3374 3626 3540 3695 Quasi
3587 3626 3741 3683 inﬁr-

2143 3733 2288 3771 mum
2321 3716 2663 3785 deSpiciens,
2696 3723 2791 3772 aut
2818 3732 3158 3787 supervacue
3184 3718 3549 3788 jejunantcm.

2214 3807 2405 3861 Omnes
2444 3808 2580 3862 enim
2626 3808 2876 3862 stabimus
2915 3818 3035 3863 ante
3064 3809 3295 3863 tribunal
3336 3808 3552 3866 Christi.
3590 3810 3742 3865 Tunc

2138 3901 2503 3957 conscientias
2530 3910 2745 3957 nostras
2770 3901 3335 3973 Dorniuusjudicabit,
3364 3903 3495 3975 quid
3518 3912 3570 3959 et
3594 3903 3739 3975 quali

2138 4004 2267 4050 voto
2297 3994 2609 4049 fecerimus.

2212 4089 2479 4160 Scriptum
2526 4096 2598 4143 est
2616 4090 2751 4143 enim
2789 4105 2806 4143 :
2845 4089 2974 4144 Vivo
3002 4106 3097 4163 ego
3128 4090 3260 4147 dicit
3285 4090 3543 4147 Dominus
3572 4111 3591 4149 :
3616 4111 3741 4163 qua-

2139 4183 2280 4235 niam
2311 4182 2441 4235 mihi
2464 4184 2702 4252 ﬂectetur
2723 4198 2875 4236 onme
2906 4199 3063 4254 genu,
3093 4195 3141 4238 et
3168 4185 3336 4240 omnis
3367 4186 3547 4257 lingua
3570 4186 3741 4249 confi-

2137 4273 2330 4327 tebitur
2361 4272 2490 4328 Deo.
2527 4273 2640 4329 lloc
2669 4274 2981 4329 testimonio
3006 4276 3221 4346 probat,
3251 4277 3376 4349 quia
3415 4293 3609 4334 omnes
3635 4276 3739 4331 soli

2140 4368 2370 4423 Domino
2388 4368 2682 4424 reddemus
2715 4379 3030 4424 nostrorum
3054 4380 3268 4424 actuum
3299 4371 3590 4427 rationem.
3648 4421 3655 4427 .

2210 4461 2393 4534 Itaque
2436 4464 2787 4534 unusquisque
2822 4473 3053 4518 nostrum
3078 4481 3172 4535 pro
3195 4482 3249 4521 se
3273 4466 3532 4519 rationem
3561 4466 3741 4520 reddet

2137 4556 2270 4612 Deo.
2316 4558 2389 4611 De
2440 4556 2524 4612 his
2566 4558 2761 4629 quibus
2809 4560 2891 4615 lex
2943 4570 3109 4615 tacet.
3156 4559 3425 4616 Cmterum
3457 4561 3505 4616 si
3548 4560 3741 4616 videns

2065 4639 2113 4699 ί)
2139 4659 2481 4721 peccantem,
2515 4666 2622 4706 non
2669 4652 2929 4722 arguerit,
2961 4651 3137 4708 reddit
3165 4653 3331 4708 etiam
3388 4652 3501 4709 Deo
3546 4668 3647 4725 pro
3675 4666 3741 4708 eo

2139 4746 2429 4801 rationem.

2211 4838 2333 4893 Non
2356 4855 2477 4909 ergo
2497 4838 2722 4907 amplius
2746 4838 2963 4893 invicem
2981 4839 3299 4912 judicemus.
3335 4839 3554 4897 Sufﬁcit
3586 4840 3737 4910 quod

2138 4946 2281 4985 nunc
2306 4947 2476 5001 usque
2507 4930 2738 4986 fecistis.

2210 5026 2319 5081 Sed
2362 5025 2461 5080 hoc
2496 5026 2705 5098 judicat
2736 5028 2901 5097 magis
2931 5068 2945 5091 ,
2994 5043 3060 5081 ne
3109 5028 3318 5097 ponatis
3360 5025 3741 5097 o/fmdienlum

2136 5118 2331 5188 fratri,
2387 5120 2463 5172 rel
2509 5117 2834 5172 scandalum.
2876 5115 2974 5173 Hic
3010 5117 3280 5173 subtiliter
3328 5116 3631 5188 ingreditur
3671 5115 3739 5170 ad

2133 5212 2521 5267 abstinentiam
2567 5212 3081 5275 commendandam,
3123 5221 3181 5269 et
3227 5212 3361 5269 dicit
3408 5214 3528 5268 illos
3557 5212 3741 5266 διιειὶ-

2134 5319 2266 5359 nere
2313 5305 2537 5369 debere,
2573 5302 2822 5373 quamvis
2860 5304 2998 5358 ﬁrmi
3030 5304 3170 5371 sint,
3200 5320 3269 5359 ne
3314 5302 3565 5375 exemplo
3613 5301 3737 5357 illo.

2135 5414 2279 5461 rum,
2311 5398 2512 5453 inﬁrmi
2543 5396 2858 5452 scandalum
2892 5397 3187 5467 patiantur.

2134 5560 2149 5569 ἱ
2207 5493 2329 5548 Scio
2370 5502 2417 5545 et
2454 5492 2659 5562 conﬁdo
2684 5493 2745 5546 in
2784 5490 3015 5545 Domino
3043 5490 3213 5546 Iesu:
3246 5491 3370 5562 quia
3417 5489 3549 5545 nihil
3574 5506 3737 5543 cont-

2137 5602 2289 5639 mune
2304 5602 2394 5655 per
2421 5586 2613 5655 ipsum.
2640 5585 2755 5639 Non
2787 5583 2890 5638 hoc
2922 5581 3045 5638 ideo
3074 5582 3230 5649 dico,
3264 5583 3392 5654 quia
3424 5591 3603 5653 putem
3630 5582 3740 5635 ali-

2134 5676 2260 5745 quid
2284 5692 2567 5730 commune
2596 5691 2739 5731 esse.
2769 5675 2876 5730 Per
2897 5674 3178 5730 Christum
3205 5674 3352 5729 enim
3396 5675 3513 5730 scio
3538 5674 3737 5729 omnia

2136 5784 2256 5825 esse
2282 5768 2559 5823 mundata.
2588 5768 2890 5824 Commune
2910 5767 3054 5824 enim
3084 5767 3308 5839 dicitur,
3341 5765 3600 5840 quidquid
3634 5768 3742 5823 im.

2136 5860 2395 5918 mundum
2434 5862 2649 5918 videtur
2672 5860 2729 5916 in
2761 5875 2887 5917 esca
2915 5859 3253 5918 Iudaeorum.
