3970 6304
162 312 250 369 :09
782 287 1330 367 COSIllEN'I‘aRTUS
1370 309 1435 366 IN
1478 308 1865 366 emsvomu
1907 311 1996 368 ao
2037 309 2388 372 ROMANOS.
2431 314 2586 373 CAP.
2629 314 2746 375 xv.

3318 320 3423 380 710

217 425 327 481 Nisi
369 425 418 479 ei
443 424 534 494 qui
564 425 825 479 existimat
854 425 990 498 quid
1017 441 1287 478 commune
1323 441 1430 477 esse
1458 423 1561 490 illi,
1587 441 1722 476 com-
1753 425 1804 484 Α
1906 427 2009 494 Qui
2047 438 2216 480 autem
2257 428 2499 481 discernit
2525 447 2542 482 :
2571 431 2614 483 si
2648 429 3049 497 manducauerit,
3096 429 3420 487 damnandus

158 537 288 575 mune
325 527 418 573 est.
465 517 546 572 Illi
600 534 699 588 per
724 519 1120 574 conscientiam
1170 519 1224 571 lit
1277 533 1601 585 commune,
1631 519 1722 586 qui

154 613 306 668 adhuc
342 613 447 666 ritu
494 612 747 678 Judaico,
782 611 988 682 aliquid
1042 619 1166 681 post
1212 612 1412 666 Christi
1474 610 1633 665 [idem
1667 611 1720 665 in

156 707 326 762 talibus
346 703 853 769 causisarbitratur
886 704 1248 759 immundum.

211 799 265 856 Si
299 800 435 853 enim
485 808 697 870 prapter
739 798 910 852 cibum
970 803 1130 869 frater
1191 809 1311 852 tuas
1358 799 1720 854 contristatur.

153 894 246 950 Non
273 893 429 960 dixit,
459 904 684 964 propter
705 893 992 962 jejunium,
1026 891 1120 947 sed
1147 909 1213 946 ne
1245 892 1396 948 illntn
1421 901 1514 947 tuo
1537 907 1722 948 exem-

152 988 245 1060 plo,
268 993 359 1039 attt
389 999 676 1055 provoces,
711 995 802 1038 aut
830 985 1161 1054 compellas.

207 1076 313 1132 lam
346 1093 452 1132 non
480 1076 764 1131 secundum
785 1077 1092 1132 charitatem
1132 1075 1389 1130 ambulas.
1419 1076 1555 1144 Quia
1585 1076 1721 1130 invi-

157 1183 226 1227 tus
262 1170 572 1236 manducat,
606 1172 746 1242 quod
803 1171 879 1225 illi
929 1186 1036 1225 non
1079 1171 1314 1240 expedit.
1376 1170 1549 1223 Etiam
1612 1184 1718 1224 non

150 1263 302 1334 diligis
350 1262 678 1332 proximum,
719 1262 859 1318 sicut
908 1272 990 1327 te,
1025 1262 1068 1316 si
1111 1277 1214 1316 non
1252 1259 1394 1316 illius
1428 1261 1716 1317 utilitatem

151 1359 330 1431 cogitas
354 1359 494 1412 sicut
519 1368 684 1411 tuam.

207 1450 322 1506 Noli
341 1450 456 1505 cibo
473 1461 560 1504 tuo
576 1450 726 1504 illuni
749 1451 980 1522 perdere,
995 1466 1089 1522 pro
1110 1464 1209 1516 quo
1229 1447 1466 1503 Christus
1486 1456 1718 1502 mortuus

150 1556 225 1602 est.
254 1545 362 1601 Non
389 1546 548 1609 dixit,
583 1545 906 1600 abstinentia
939 1552 1049 1610 tua,
1093 1544 1232 1599 sicut
1261 1542 1477 1614 quidam
1507 1543 1714 1598 volunt.

207 1644 313 1699 Non
334 1660 457 1716 ergo
475 1641 859 1711 blasphemetur
886 1642 1076 1696 bonum
1106 1650 1360 1697 nostrum.
1384 1640 1715 1695 Libertatem

151 1751 284 1808 quam
330 1735 600 1790 habemus
633 1732 686 1788 in
721 1733 981 1799 Domino,
1015 1743 1071 1788 ut
1114 1733 1298 1788 omnia
1326 1733 1484 1788 nobis
1517 1733 1712 1787 munda

1826 531 1920 576 est.
1949 521 2004 576 Si
2039 522 2158 589 quis
2185 520 2251 575 de
2279 521 2386 578 alio
2415 523 2686 578 discernat
2715 536 2768 578 et
2807 524 2951 578 dicit
2981 541 2994 578 :
3029 524 3135 578 Isle
3173 527 3216 579 si
3270 541 3424 582 man-

1826 612 2130 675 dueaverit,
2163 615 2322 683 plane
2348 614 2684 672 damnandus
2725 624 2829 672 est.
2863 616 2977 672 IIoc
3018 632 3123 672 non
3158 617 3325 674 habet
3354 618 3420 673 il-

1826 706 1942 768 des,
1980 716 2032 760 et
2067 705 2187 760 ideo
2219 707 2588 777 subsequitur.

1903 800 2039 867 Quia
2068 817 2170 854 non
2196 817 2259 854 ex
2286 801 2408 870 ﬁde.
2442 801 2554 856 Non
2579 813 2657 858 est
2682 804 2824 858 enim
2857 820 2920 859 ex
2947 804 3070 870 fide,
3095 806 3138 860 si
3174 815 3228 861 tu
3251 807 3416 863 alium

1827 892 2029 949 idcirco
2051 894 2407 959 eondetnnas,
2427 896 2571 963 quia,
2599 905 2648 951 te
2669 897 2967 968 jcjunante,
2991 899 3083 954 ille
3106 901 3415 956 manducat.

1825 988 1999 1042 Aliter
2031 1006 2043 1040 :
2078 988 2180 1055 Qui
2211 1005 2270 1043 se
2300 989 2369 1042 ita
2400 989 2681 1059 dijudicat.
2731 991 2960 1062 ldipsmn
3011 994 3152 1049 enim
3188 1004 3270 1050 est
3300 995 3415 1049 dis-

1824 1081 1992 1136 cretio
2021 1088 2075 1134 ct
2098 1080 2356 1150 judicium
2379 1125 2393 1147 ,
2428 1083 2549 1151 quia
2579 1083 2912 1154 etjudiciuin
2939 1068 3293 1142 discernenda
3320 1089 3415 1158 Iit,

1821 1183 1876 1228 et
1901 1172 2157 1227 discretio
2179 1173 2497 1242 judicando.

1897 1267 2060 1322 Omne
2109 1279 2282 1322 autem
2327 1270 2465 1340 quod
2497 1287 2597 1324 non
2631 1278 2796 1325 estea:
2826 1271 2962 1340 ﬁde,
3013 1283 3275 1344 peccatum
3316 1283 3412 1331 est.

1823 1357 1936 1414 Non
1970 1375 2036 1413 ex
2069 1357 2194 1428 fide,
2215 1376 2333 1430 qua:
2359 1375 2454 1430 per
2481 1361 2805 1416 cliaritatetn
2835 1372 3108 1433 operatur.
3143 1365 3414 1438 Quidquid

1821 1467 1950 1523 ergo
1973 1451 2137 1507 alium
2163 1453 2416 1522 deSIruit,
2451 1467 2517 1508 ex
2552 1454 2656 1509 fide
2686 1469 2790 1509 non
2821 1464 2904 1510 est
2937 1472 2950 1509 :
2985 1464 3039 1510 et
3060 1455 3262 1512 idcirco
3293 1473 3391 1528 pec

1820 1555 2022 1600 calunn.

2417 1617 2646 1675 CAPUT
2693 1618 2813 1676 XV.
3137 1644 3163 1665 κ

1895 1732 2149 1788 Debemus
2179 1741 2349 1786 autem
2379 1749 2470 1787 nos
2499 1734 2755 1803 ﬁrmiores
2780 1736 3157 1792 imbecillitates
3181 1737 3419 1808 inﬁrmo-

145 1829 228 1884 sint
259 1845 271 1883 :
305 1844 412 1883 non
462 1844 526 1883 ea
558 1833 631 1882 ita
664 1826 926 1882 debemus
965 1827 1066 1891 uti,
1100 1834 1160 1880 ut
1193 1827 1474 1880 videamur
1497 1833 1715 1896 propter
1750 1815 1794 1876 Β
1821 1844 1936 1882 rum
1979 1830 2259 1882 sustinere.
2297 1827 2350 1883 Si
2384 1843 2513 1883 vere
2545 1828 2682 1883 [irati
2719 1829 2873 1897 estis,
2904 1832 2982 1886 sic
3012 1831 3174 1886 facile
3205 1841 3260 1888 ut
3290 1848 3414 1904 ego,

144 1921 294 1990 gulam
351 1928 412 1975 et
457 1921 647 1989 epulas
691 1919 992 1973 ambulare.
1022 1917 1617 1989 SiveblaSpltematur,
1669 1916 1716 1972 si

144 2022 339 2082 propter
375 2011 500 2066 talia
533 2010 936 2066 contendimus.

201 2105 309 2160 Non
352 2115 425 2160 est
470 2105 606 2160 enim
644 2121 861 2176 regnum
912 2104 1006 2158 Dei
1051 2121 1165 2159 esca
1190 2113 1236 2159 et
1258 2114 1430 2177 potus.
1470 2104 1586 2160 Non
1621 2120 1717 2175 per

143 2211 293 2252 escam
315 2199 703 2269 jnstilieantur.
736 2197 846 2254 Sed
866 2205 921 2251 ιιι
952 2197 1056 2252 hoc
1084 2197 1404 2264 notandum,
1435 2198 1576 2270 quod
1609 2213 1713 2253 non

149 2291 341 2355 dixerit,
374 2290 640 2362 jejunium
670 2301 725 2348 et
767 2291 1036 2346 sobrietas
1065 2307 1172 2347 non
1201 2301 1282 2347 cst
1312 2308 1536 2364 regnum
1583 2294 1673 2348 Dei
1699 2310 1713 2347 :

143 2385 222 2440 sed
261 2401 381 2442 esca
413 2396 470 2441 et
501 2401 677 2455 potus.
713 2387 842 2442 Item
887 2387 972 2443 hic
1022 2388 1312 2445 manifeste
1357 2397 1712 2456 monstratur,

140 2480 368 2548 quoniam
420 2495 650 2550 regnum
697 2482 964 2536 ctelorum
1024 2483 1202 2538 cibum
1255 2489 1310 2536 et
1363 2493 1546 2552 potum
1606 2498 1714 2539 non

145 2568 283 2625 habet
314 2572 700 2640 temporalem,
733 2573 828 2627 sed
863 2572 971 2628 illic
999 2573 1358 2643 spiritualiter
1385 2576 1604 2628 vivitur.

195 2661 290 2716 Sed
304 2665 542 2736 justitia,
592 2673 641 2718 et
669 2682 794 2734 pax,
828 2676 874 2718 et
905 2667 1154 2736 gaudium
1194 2670 1248 2721 in
1279 2666 1485 2736 Spiritu
1508 2677 1709 2722 sancto.

140 2755 247 2822 Quae
276 2773 378 2828 per
408 2758 790 2814 abstinentiam
838 2760 1050 2816 facilius
1077 2761 1401 2816 custoditur.
1449 2761 1547 2818 Ubi
1587 2777 1714 2817 vero

134 2848 310 2913 iustitia
331 2891 348 2916 ,
386 2850 461 2906 ibi
492 2863 544 2905 et
578 2867 678 2920 pax
717 2870 730 2907 :
761 2852 851 2908 ubi
887 2869 987 2923 pax
1013 2895 1028 2918 ,
1082 2855 1152 2910 ibi
1184 2863 1238 2910 et
1265 2855 1521 2925 gaudium
1553 2857 1714 2925 spiri-

139 2942 281 3009 tuale,
308 2945 442 3013 quia
468 2960 533 2999 ex
568 2945 904 3002 dissensione
939 2963 1154 3018 semper
1184 2949 1423 3015 tristitia,
1460 2959 1510 3005 et
1542 2951 1715 3006 mole-

137 3034 222 3088 stia
244 3047 561 3104 generatur.

196 3125 288 3193 Qui
311 3129 458 3182 enim
492 3131 546 3183 in
585 3131 684 3186 hoc
719 3134 871 3188 scivit
899 3132 1128 3206 Christo,
1167 3137 1331 3207 placet
1362 3136 1490 3204 Deo,
1515 3149 1562 3192 et
1592 3155 1713 3210 pro-

1819 1924 1908 1995 qui
1938 1921 2111 1976 factus
2134 1939 2252 1976 sum
2282 1922 2552 1991 inﬁrmus,
2581 1931 2637 1977 ut
2666 1923 2914 1979 infirmos
2941 1926 3342 1982 lucrifacerctn.

1891 2015 1959 2069 Et
1991 2028 2091 2069 noa
2122 2016 2269 2070 nobis
2291 2016 2512 2088 placere.
2548 2015 2912 2088 Unusquisque
2937 2029 3155 2074 vestrum
3178 2023 3416 2092 proximo

1818 2125 1912 2164 suo
1949 2104 2172 2175 placeat.
2217 2107 2334 2164 Non
2363 2124 2392 2164 a
2437 2110 2596 2164 nobis
2626 2108 2776 2179 ipsis,
2818 2109 2912 2166 sed
2943 2126 2972 2165 a
3003 2111 3262 2181 proximis
3294 2115 3412 2170 col-

1818 2203 2098 2259 laudemur
2129 2219 2143 2257 :
2173 2204 2315 2258 sicut
2343 2213 2395 2257 et
2416 2202 2542 2258 alibi
2575 2219 2731 2259 suum
2762 2204 2919 2260 nobis
2953 2206 3206 2276 proponit
3227 2223 3416 2262 exem-

1819 2299 1986 2368 plnm,
2015 2299 2204 2353 dicens
2234 2315 2247 2352 :
2277 2297 2426 2353 Sicut
2455 2306 2512 2352 et
2536 2311 2638 2369 ego
2664 2298 2920 2354 omnibus
2953 2315 3048 2368 per
3079 2301 3264 2355 omnia
3297 2301 3409 2371 pla-

1817 2405 1936 2456 ceo,
1971 2407 2075 2444 non
2106 2405 2354 2460 qumreus
2371 2390 2512 2461 quod
2544 2391 2672 2445 mihi
2697 2391 2827 2446 utile
2848 2403 2952 2458 est,
2977 2393 3070 2447 sed
3095 2393 3238 2464 quod
3268 2395 3406 2448 mul-

1821 2482 1908 2548 tis,
1943 2495 1998 2536 ut
2025 2482 2158 2536 salvi
2187 2481 2340 2537 (iant.
2381 2481 2550 2537 Nemo
2579 2483 2723 2538 enim
2754 2493 2931 2554 potest
2962 2483 3231 2541 mdilirare
3268 2488 3407 2542 alte-

1818 2591 1958 2645 rutu,
1985 2578 2070 2629 cui
2096 2591 2192 2646 per
2219 2576 2415 2630 bonum
2441 2575 2604 2630 vitam
2639 2593 2744 2631 non
2769 2585 2894 2632 autc
2919 2578 3201 2647 placuerit.
3227 2577 3333 2635 Sed
3359 2587 3416 2636 et

1817 2669 1920 2724 sibi
1952 2669 2228 2738 placentes
2267 2677 2428 2736 sunt,
2482 2671 2572 2739 qui
2603 2671 2817 2741 propria
2841 2671 3126 2727 commoda
3156 2687 3414 2744 quieren-

1819 2771 1920 2828 tcs,
1952 2777 2103 2816 suant
2133 2760 2338 2816 faciunt
2364 2761 2724 2817 voluntatem.

1889 2856 1956 2912 In
1987 2856 2176 2916 bonum
2201 2857 2269 2911 ad
2316 2856 2732 2928 adiﬁcationcm.
2771 2858 3018 2916 Ostendit
3051 2860 3268 2916 modum
3298 2861 3414 2931 pla-

1816 2948 1996 3016 cendi,
2029 2956 2083 3002 ct
2109 2962 2354 3015 causam,
2385 2963 2457 3004 ne
2493 2948 2559 3001 ad
2601 2964 2792 3003 vanam
2822 2949 3046 3020 gloriam
3080 2949 3408 3019 placeamus.

1817 3039 1990 3096 Simul
2021 3031 2142 3095 cum
2166 3039 2297 3094 dicit
2334 3057 2347 3095 :
2381 3039 2436 3095 In
2467 3038 2662 3097 bonam
2687 3041 3124 3108 aediﬁcationem,
3150 3042 3409 3111 ostendit,

1815 3144 1872 3190 et
1901 3134 2099 3188 malam
2128 3147 2251 3189 esse
2275 3133 2413 3189 sicut
2435 3145 2519 3190 est
2551 3134 2680 3191 illud
2716 3152 2731 3189 :
2764 3133 3146 3191 Aidiﬁcabitur
3172 3135 3237 3191 ad
3261 3151 3414 3192 tuan-

135 3216 259 3272 batus
281 3231 358 3275 est
388 3222 701 3280 hominibus.
732 3227 806 3281 De
837 3227 926 3282 tali
963 3227 1180 3285 homine
1213 3246 1373 3286 nemo
1406 3207 1711 3301 potest-du-

1833 3225 2127 3282 .lueandum
2160 3225 2486 3299 idolothyta.

134 3308 313 3381 bitare,
347 3313 477 3384 quia
507 3324 730 3373 sanctus
759 3330 862 3374 eat.

189 3405 374 3475 Itaque
399 3426 515 3475 ante
541 3411 682 3481 pacis
727 3423 870 3479 sunt,
899 3425 1173 3472 sectemur.
1209 3414 1283 3475 Ut
1331 3434 1437 3474 non
1473 3420 1712 3476 invicem

132 3512 214 3555 nos
238 3499 302 3557 de
336 3501 654 3574 hujttsmodi
682 3505 1012 3574 judicemus.

188 3593 251 3650 Et
266 3615 392 3669 qua
412 3599 779 3670 cdiﬁcationis
802 3611 943 3672 sunt,
963 3602 1180 3658 invicem
1205 3605 1580 3662 custodiamus.
1607 3607 1712 3664 Sed

128 3687 402 3746 editicatio
445 3703 530 3748 est
583 3693 932 3749 abstinentia.
976 3697 1244 3752 Caeterum
1278 3713 1402 3755 esca
1431 3740 1446 3766 ,
1500 3699 1714 3757 etiamsi

129 3783 390 3839 neminem
421 3785 629 3852 perdat,
655 3787 859 3842 nullum
892 3788 1142 3844 aediﬁcat.

189 3872 308 3930 Noli
333 3885 554 3948 propter
579 3894 748 3932 escam
797 3879 1058 3936 destruere
1109 3899 1240 3949 opus
1281 3883 1393 3942 Dei.
1427 3884 1711 3941 llominem

124 3970 317 4028 scilicet
351 3987 384 4027 a
408 3972 522 4030 Deo
549 3982 815 4031 creatum.

187 4063 381 4121 Omnia
404 4067 620 4138 quidem
648 4069 844 4123 munda
867 4079 1006 4124 sunt.
1041 4069 1262 4140 Repetit
1287 4071 1429 4144 quod
1458 4073 1712 4144 superius

121 4155 338 4227 dixerat,
381 4176 448 4216 ne
473 4168 778 4216 creaturam
811 4162 1071 4219 damnare
1099 4163 1399 4220 videretur.

182 4251 290 4307 Sed
325 4253 529 4308 malum
563 4264 637 4308 est
667 4255 884 4319 homini,
920 4257 1009 4327 qui
1042 4273 1132 4325 per
1160 4256 1536 4325 o/fendiculum
1564 4276 1712 4313 man-

118 4343 282 4399 ducet.
310 4346 499 4417 Ipsum
528 4348 811 4414 mundum,
846 4349 954 4404 illis
984 4347 1041 4403 Iit
1075 4349 1294 4416 malum,
1345 4352 1388 4405 si
1435 4366 1533 4422 per
1579 4351 1710 4407 illud

119 4435 337 4492 alterum
371 4437 626 4494 oﬂ'endat.

178 4527 389 4586 Bonum
435 4541 508 4586 est
539 4549 643 4586 non
679 4533 998 4590 manducare
1034 4551 1273 4604 carnem,
1307 4545 1352 4590 et
1393 4553 1496 4591 non
1542 4538 1712 4594 bibere

119 4620 297 4676 tium.
343 4623 581 4693 Exponit
610 4625 738 4694 quid
776 4625 848 4679 sit
875 4641 975 4696 per
1003 4626 1145 4696 quod
1189 4627 1469 4684 offendere
1499 4630 1710 4686 dicelxtt

118 4711 408 4772 inﬁrmum.
433 4715 568 4771 Itcm
592 4715 696 4771 hac
720 4717 840 4773 loco
871 4719 1052 4774 laudat
1078 4721 1298 4790 quidem
1322 4724 1706 4781 abstinentiam

115 4808 287 4862 carnis
331 4821 386 4863 et
431 4810 539 4864 viui
571 4826 584 4862 :
619 4810 717 4864 sed
749 4811 1119 4883 multomagis
1159 4813 1410 4869 athnouet
1433 4859 1448 4881 ,
1489 4827 1708 4889 propter

112 4900 425 4956 scandalum
461 4901 644 4957 fratris
674 4903 1055 4960 abstinendum
1087 4920 1207 4962 esse
1245 4923 1274 4960 a
1306 4907 1429 4963 cibo
1475 4919 1530 4964 et
1578 4919 1706 4980 potu

108 5006 318 5064 eorum,
350 5011 474 5067 qua!
503 4996 664 5052 idolis
697 4998 1065 5054 immolantur.

178 5085 368 5158 Neque
397 5091 450 5142 in
477 5107 581 5159 quo
611 5093 772 5161 frater
798 5101 916 5145 tuus
947 5091 1260 5161 offenditur,
1307 5105 1398 5149 aut
1441 5096 1707 5150 scandali-

107 5190 273 5244 zatur,
300 5192 396 5235 aut
435 5185 755 5251 inﬁrmatur.
791 5184 1117 5254 Inﬁrmatur,
1147 5203 1174 5241 a
1207 5189 1482 5258 pudicitia.
1513 5191 1707 5247 Vinum

106 5275 247 5328 enim
279 5283 340 5330 et
369 5276 964 5347 mulieresapostatare
995 5279 1196 5336 faciunt
1226 5285 1386 5337 etiam
1413 5285 1705 5355 sapientes.

172 5365 255 5422 Tu
285 5369 466 5438 ﬁdem,
493 5387 642 5440 quam
663 5371 816 5427 habes
840 5389 992 5443 penes
1015 5377 1358 5449 temetipsum,
1383 5378 1512 5432 habe
1536 5396 1710 5433 coram

106 5455 232 5514 Deo.
279 5461 344 5517 Si
372 5463 514 5519 enim
541 5465 594 5518 in
627 5463 730 5520 hoc
759 5466 970 5522 tidelem
999 5477 1050 5522 te
1076 5477 1230 5538 putas
1259 5487 1272 5526 :
1306 5471 1384 5527 sic
1413 5473 1701 5539 manduca,

104 5564 158 5606 ut
189 5571 366 5610 nemo
390 5567 481 5611 tuo
514 5559 818 5615 inlirtuetur
842 5563 1112 5632 exemplo.

169 5645 379 5703 Beatus
399 5651 486 5720 qui
528 5669 631 5706 non
663 5653 870 5724 judicat
902 5657 1232 5726 semetipsum
1261 5657 1314 5711 in
1339 5674 1397 5712 eo
1426 5659 1566 5730 quod
1586 5675 1708 5732 pro-

101 5739 207 5793 bat.
233 5742 384 5810 Quia
415 5760 518 5799 non
563 5760 714 5800 suam
745 5748 1113 5804 infirmitatem
1141 5751 1418 5821 probando
1450 5755 1702 5826 conside-

100 5844 204 5908 rat,
233 5834 349 5892 sed
380 5835 599 5897 alterius
620 5841 852 5898 Salutem
886 5841 1106 5900 infirmi.

1891 3321 2096 3376 Etenim
2123 3321 2358 3375 Christus
2386 3337 2487 3374 non
2536 3320 2633 3376 sibi
2671 3322 2889 3390 placuit.
2932 3320 3180 3377 Imitatur
3212 3321 3315 3377 hoc
3357 3331 3415 3378 et

1817 3415 2116 3485 discipulus
2146 3411 2350 3468 Christi
2382 3431 2394 3466 :
2423 3429 2527 3468 non
2571 3415 2766 3484 quaerit
2821 3430 2978 3468 suum
3040 3414 3410 3470 commodum.

1817 3509 1912 3565 Ille
1939 3509 2084 3565 enim
2115 3508 2186 3562 ob
2210 3508 2439 3563 aliorum
2466 3508 2716 3573 salutem,
2747 3509 2909 3564 etiam
2941 3518 3187 3564 mortuos
3218 3517 3325 3574 est,
3356 3518 3412 3564 et

1818 3603 2143 3671 improperia
2169 3601 2896 3674 amarissima'supportavit,
2921 3599 3218 3659 dicentium
3242 3601 3409 3659 :Vahl

1817 3697 1905 3767 qui
1939 3695 2174 3751 destruis
2204 3695 2486 3764 templum,
2518 3704 2569 3750 et
2597 3707 2818 3750 cauere.

1890 3791 1995 3848 Sed
2019 3791 2154 3846 sicut
2180 3791 2434 3861 scriptum
2463 3787 2912 3862 cst:Intproperia
2937 3787 3413 3860 improperantium

1816 3885 1907 3938 tibi
1962 3883 2260 3940 ceciderunt
2309 3899 2464 3952 super
2516 3898 2614 3936 me.
2664 3884 3029 3950 Qua-cumque
3077 3894 3184 3935 non
3228 3879 3408 3933 Solum

1816 3975 2066 4041 Christo,
2107 3975 2203 4031 sed
2230 3973 2394 4028 etiam
2421 3973 2626 4028 sanctis
2655 3973 3060 4043 exprobrantur
3091 3971 3189 4026 Dei
3221 3984 3408 4040 causa,

1819 4073 1928 4126 Deo
1980 4071 2341 4140 improperari
2385 4069 2690 4124 dicuntur:
2731 4077 2791 4122 ιιι
2829 4076 2912 4123 cst
2963 4066 3093 4122 illud
3131 4084 3142 4120 :
3177 4066 3279 4122 Ubi
3326 4073 3413 4122 est

1820 4163 2154 4221 Deustuus?

1889 4255 2236 4327 Quacumque
2262 4255 2399 4310 enim
2437 4255 2630 4327 scripta
2657 4261 2819 4321 sunt,
2848 4253 2916 4306 ad
2953 4261 3187 4307 nostraet
3219 4252 3414 4306 doctri-

1817 4364 1940 4402 nam
1956 4349 2150 4420 scripta
2172 4358 2312 4402 sunt.
2342 4346 2485 4402 Nihil
2509 4346 2652 4401 enim
2679 4346 2944 4416 scriptum
2968 4345 3191 4400 estsine
3213 4358 3375 4398 causa
3395 4361 3409 4395 :

1817 4457 1942 4496 nam
1964 4451 2020 4495 et
2044 4440 2261 4506 merita,
2295 4441 2380 4494 vel
2421 4440 2749 4493 tentationes
2770 4437 3040 4507 justorum
3074 4435 3141 4490 ad
3167 4445 3410 4490 nostram

1819 4535 2110 4607 proﬁciunt
2159 4534 2572 4589 :rdilicationcm
2604 4549 2618 4588 :
2649 4534 2771 4602 quia
2827 4531 2938 4586 Deo
2982 4528 3414 4586 manifestissimi

1817 4639 1993 4688 erant.

1891 4723 1958 4779 Ut
1997 4739 2088 4795 per
2115 4721 2437 4794 patientiam,
2471 4728 2520 4775 et
2551 4717 2957 4774 consolationem
2987 4717 3408 4788 Scripturarum,

1814 4833 1956 4886 spem
1979 4815 2282 4870 habeamus.
2319 4814 2420 4868 Per
2449 4813 2856 4883 Scripturarum
2889 4811 3104 4875 solatia,
3143 4827 3294 4882 spem
3330 4809 3411 4864 fu-

1814 4919 1990 4965 turam
2041 4906 2440 4978 patientissime
2488 4915 2871 4973 exspectamus
2903 4921 2918 4958 :
2953 4903 3088 4958 sicut
3143 4903 3408 4973 scriptum

1815 5014 1900 5061 est
1929 5022 1940 5057 :
1975 5002 2085 5058 Pax
2116 5002 2283 5057 multa
2307 4997 2657 5070 diligentibus
2697 4998 2871 5068 legem
2906 5009 3071 5063 tuam,
3105 5008 3159 5052 ct
3188 5010 3294 5050 non
3324 5003 3409 5050 est

1819 5099 1926 5156 illis
1949 5095 2259 5152 scandalum
2287 5110 2300 5147 :
2328 5091 2432 5147 hoc
2457 5099 2562 5155 est,
2586 5091 2678 5162 qui
2700 5089 3078 5145 consolatione
3105 5086 3235 5155 legis
3257 5095 3409 5141 utun-

1817 5204 1924 5260 tur,
1978 5189 2187 5248 moveri
2233 5187 2344 5243 ulla
2400 5185 2701 5242 tentatione
2743 5200 2849 5238 non
2895 5189 3159 5252 posuint,
3212 5187 3268 5232 ut
3315 5194 3410 5248 per

1816 5285 2062 5356 exempla
2107 5283 2415 5354 patientiae,
2467 5290 2520 5336 et
2569 5273 2962 5335 consolationis
3009 5287 3232 5339 eorum,
3287 5288 3409 5343 qua:

1817 5381 2015 5450 scripta
2037 5387 2184 5443 sunt,
2212 5390 2498 5444 Speremus
2517 5372 2970 5434 consolationem,
2997 5368 3165 5423 etiam
3191 5367 3244 5422 in
3271 5381 3409 5437 pra:-

1816 5471 2064 5530 sentihus
2095 5465 2505 5523 teumioiibus.
2533 5465 2726 5534 Magna
2750 5462 2895 5517 enim
2918 5474 3080 5514 causa
3103 5460 3280 5514 solatii
3301 5467 3407 5524 est,

1815 5570 2014 5638 siqua:
2069 5578 2170 5620 nos
2217 5565 2515 5632 patinnur,
2574 5557 2858 5612 Doiuiuum
2914 5565 3165 5609 nostrum
3219 5553 3405 5607 Jc~um

1814 5662 2116 5725 Christum,
2142 5669 2194 5711 ct
2224 5664 2442 5710 sanctos
2468 5654 2585 5720 ejus
2615 5649 2854 5704 sciamus
2872 5663 2995 5703 esse
3027 5660 3333 5718 perpessos.

1891 5752 2029 5806 Deus
2067 5759 2238 5804 autem
2269 5743 2532 5820 patientia:
2561 5751 2608 5796 ct
2643 5741 2840 5796 solatii.
2894 5741 3008 5794 Iloc
3063 5740 3182 5796 loco
3233 5737 3407 5793 Deum

1806 5843 2113 5922 patientia},
2139 5839 2399 5913 Spiritum
2426 5843 2671 5892 sanctum
2688 5831 2976 5908 signiﬁcat,
3001 5833 3090 5904 qui
3115 5831 3282 5889 donat
3303 5845 3408 5888 nu.
