  <div class='ocr_page' id='page_1' title='image "/cluster/home/n/w/nwhite01/storage/ocr_20150623/30/hvd.32044096580535/365.png"; bbox 0 0 3970 6304; ppageno 0'>
   <div class='ocr_carea' id='block_1_1' title="bbox 521 261 619 321">
    <p class='ocr_par' dir='ltr' id='par_1_1' title="bbox 521 261 619 321">
     <span class='ocr_line' id='line_1_1' title="bbox 521 261 619 321; baseline -0.041 0"><span class='ocrx_word' id='word_1_1' title='bbox 521 261 619 321; x_wconf 79' lang='lat' dir='ltr'><strong>7H</strong></span> 
     </span>
    </p>
   </div>
   <div class='ocr_carea' id='block_1_2' title="bbox 1557 239 3791 310">
    <p class='ocr_par' dir='ltr' id='par_1_2' title="bbox 1557 239 3791 310">
     <span class='ocr_line' id='line_1_2' title="bbox 1557 239 3791 310; baseline -0.004 0"><span class='ocrx_word' id='word_1_2' title='bbox 1557 250 1615 310; x_wconf 91' lang='lat' dir='ltr'><strong>S.</strong></span> <span class='ocrx_word' id='word_1_3' title='bbox 1658 243 2043 307; x_wconf 79' lang='lat' dir='ltr'><strong>lllEliONYMI</strong></span> <span class='ocrx_word' id='word_1_4' title='bbox 2080 239 2361 304; x_wconf 76' lang='lat' dir='ltr'><strong>OPERUM</strong></span> <span class='ocrx_word' id='word_1_5' title='bbox 2400 242 2761 305; x_wconf 77' lang='lat' dir='ltr'><strong>MANTISSA.</strong></span> <span class='ocrx_word' id='word_1_6' title='bbox 3701 244 3791 300; x_wconf 72' lang='grc' dir='ltr'><strong>ἨΞ</strong></span> 
     </span>
    </p>
   </div>
   <div class='ocr_carea' id='block_1_3' title="bbox 520 355 3793 437">
    <p class='ocr_par' dir='ltr' id='par_1_3' title="bbox 520 355 3793 437">
     <span class='ocr_line' id='line_1_3' title="bbox 520 355 3793 437; baseline -0.006 -3"><span class='ocrx_word' id='word_1_7' title='bbox 520 378 607 435; x_wconf 87' lang='lat' dir='ltr'><strong>his</strong></span> <span class='ocrx_word' id='word_1_8' title='bbox 638 372 934 432; x_wconf 87' lang='lat' dir='ltr'><strong>secundum</strong></span> <span class='ocrx_word' id='word_1_9' title='bbox 962 367 1237 427; x_wconf 83' lang='lat' dir='ltr'><strong>Christum</strong></span> <span class='ocrx_word' id='word_1_10' title='bbox 1270 364 1559 422; x_wconf 82' lang='lat' dir='ltr'><strong>unanimes</strong></span> <span class='ocrx_word' id='word_1_11' title='bbox 1598 364 1905 437; x_wconf 87' lang='lat' dir='ltr'><strong>gloriﬁcare</strong></span> <span class='ocrx_word' id='word_1_12' title='bbox 1938 365 2106 419; x_wconf 91' lang='lat' dir='ltr'><strong>Deum</strong></span> <span class='ocrx_word' id='word_1_13' title='bbox 2142 366 2185 425; x_wconf 80' lang='grc' dir='ltr'><strong>Α</strong></span> <span class='ocrx_word' id='word_1_14' title='bbox 2215 372 2319 419; x_wconf 90' lang='lat' dir='ltr'><strong>est.</strong></span> <span class='ocrx_word' id='word_1_15' title='bbox 2366 361 2582 417; x_wconf 88' lang='lat' dir='ltr'><strong>Nullum</strong></span> <span class='ocrx_word' id='word_1_16' title='bbox 2616 375 2747 417; x_wconf 89' lang='lat' dir='ltr'><strong>vero</strong></span> <span class='ocrx_word' id='word_1_17' title='bbox 2775 359 2830 415; x_wconf 93' lang='lat' dir='ltr'><strong>in</strong></span> <span class='ocrx_word' id='word_1_18' title='bbox 2860 356 3205 415; x_wconf 84' lang='lat' dir='ltr'><strong>dissensione</strong></span> <span class='ocrx_word' id='word_1_19' title='bbox 3229 355 3491 430; x_wconf 77' lang='lat' dir='ltr'><strong>gaudium</strong></span> <span class='ocrx_word' id='word_1_20' title='bbox 3519 373 3535 413; x_wconf 88' lang='lat'><strong>:</strong></span> <span class='ocrx_word' id='word_1_21' title='bbox 3568 357 3663 414; x_wconf 84' lang='lat' dir='ltr'><strong>sed</strong></span> <span class='ocrx_word' id='word_1_22' title='bbox 3686 360 3793 414; x_wconf 82' lang='lat' dir='ltr'><strong>uni-</strong></span> 
     </span>
    </p>
   </div>
   <div class='ocr_carea' id='block_1_4' title="bbox 523 456 2109 528">
    <p class='ocr_par' dir='ltr' id='par_1_4' title="bbox 523 456 2109 528">
     <span class='ocr_line' id='line_1_4' title="bbox 523 456 2109 528; baseline -0.011 -1"><span class='ocrx_word' id='word_1_23' title='bbox 523 482 578 528; x_wconf 91' lang='lat' dir='ltr'><strong>et</strong></span> <span class='ocrx_word' id='word_1_24' title='bbox 601 470 814 525; x_wconf 85' lang='lat' dir='ltr'><strong>Patrem</strong></span> <span class='ocrx_word' id='word_1_25' title='bbox 848 465 1056 521; x_wconf 90' lang='lat' dir='ltr'><strong>Domini</strong></span> <span class='ocrx_word' id='word_1_26' title='bbox 1081 461 1253 517; x_wconf 78' lang='lat' dir='ltr'><strong>nostri</strong></span> <span class='ocrx_word' id='word_1_27' title='bbox 1276 459 1402 516; x_wconf 81' lang='lat' dir='ltr'><strong>Iesu</strong></span> <span class='ocrx_word' id='word_1_28' title='bbox 1428 457 1653 514; x_wconf 90' lang='lat' dir='ltr'><strong>Christi.</strong></span> <span class='ocrx_word' id='word_1_29' title='bbox 1674 458 1808 514; x_wconf 86' lang='lat' dir='ltr'><strong>item</strong></span> <span class='ocrx_word' id='word_1_30' title='bbox 1837 456 2109 528; x_wconf 80' lang='lat' dir='ltr'><strong>patientia:</strong></span> 
     </span>
    </p>
   </div>
   <div class='ocr_carea' id='block_1_5' title="bbox 524 551 2111 636">
    <p class='ocr_par' dir='ltr' id='par_1_5' title="bbox 524 551 2111 636">
     <span class='ocr_line' id='line_1_5' title="bbox 524 551 2111 636; baseline -0.009 -15"><span class='ocrx_word' id='word_1_31' title='bbox 524 566 663 636; x_wconf 86' lang='lat' dir='ltr'><strong>ejus,</strong></span> <span class='ocrx_word' id='word_1_32' title='bbox 697 576 815 633; x_wconf 73' lang='lat' dir='ltr'><strong>qute</strong></span> <span class='ocrx_word' id='word_1_33' title='bbox 841 569 925 615; x_wconf 88' lang='lat' dir='ltr'><strong>est</strong></span> <span class='ocrx_word' id='word_1_34' title='bbox 954 558 1008 614; x_wconf 91' lang='lat' dir='ltr'><strong>in</strong></span> <span class='ocrx_word' id='word_1_35' title='bbox 1037 555 1397 614; x_wconf 83' lang='lat' dir='ltr'><strong>conversione</strong></span> <span class='ocrx_word' id='word_1_36' title='bbox 1420 562 1476 610; x_wconf 91' lang='lat' dir='ltr'><strong>et</strong></span> <span class='ocrx_word' id='word_1_37' title='bbox 1514 553 1733 622; x_wconf 89' lang='lat' dir='ltr'><strong>solatio,</strong></span> <span class='ocrx_word' id='word_1_38' title='bbox 1767 567 1873 608; x_wconf 91' lang='lat' dir='ltr'><strong>non</strong></span> <span class='ocrx_word' id='word_1_39' title='bbox 1905 551 1983 607; x_wconf 89' lang='lat' dir='ltr'><strong>ira</strong></span> <span class='ocrx_word' id='word_1_40' title='bbox 2014 566 2111 607; x_wconf 91' lang='lat' dir='ltr'><strong>ne-</strong></span> 
     </span>
    </p>
   </div>
   <div class='ocr_carea' id='block_1_6' title="bbox 522 653 895 731">
    <p class='ocr_par' dir='ltr' id='par_1_6' title="bbox 522 653 895 731">
     <span class='ocr_line' id='line_1_6' title="bbox 522 653 895 731; baseline -0.019 -17"><span class='ocrx_word' id='word_1_41' title='bbox 522 672 629 731; x_wconf 93' lang='lat' dir='ltr'><strong>que</strong></span> <span class='ocrx_word' id='word_1_42' title='bbox 652 653 895 713; x_wconf 88' lang='lat' dir='ltr'><strong>dissidio.</strong></span> 
     </span>
    </p>
   </div>
   <div class='ocr_carea' id='block_1_7' title="bbox 596 735 2115 815">
    <p class='ocr_par' dir='ltr' id='par_1_7' title="bbox 596 735 2115 815">
     <span class='ocr_line' id='line_1_7' title="bbox 596 735 2115 815; baseline -0.009 -12"><span class='ocrx_word' id='word_1_43' title='bbox 596 750 693 804; x_wconf 88' lang='lat' dir='ltr'><strong>Det</strong></span> <span class='ocrx_word' id='word_1_44' title='bbox 732 746 873 803; x_wconf 83' lang='lat' dir='ltr'><strong>vobis</strong></span> <span class='ocrx_word' id='word_1_45' title='bbox 903 744 1134 815; x_wconf 87' lang='lat' dir='ltr'><strong>idipsum</strong></span> <span class='ocrx_word' id='word_1_46' title='bbox 1172 759 1353 811; x_wconf 88' lang='lat' dir='ltr'><strong>sapere</strong></span> <span class='ocrx_word' id='word_1_47' title='bbox 1390 743 1443 797; x_wconf 89' lang='lat' dir='ltr'><strong>in</strong></span> <span class='ocrx_word' id='word_1_48' title='bbox 1483 740 1794 796; x_wconf 88' lang='lat' dir='ltr'><strong>alterutrum</strong></span> <span class='ocrx_word' id='word_1_49' title='bbox 1831 735 2115 794; x_wconf 87' lang='lat' dir='ltr'><strong>secundum</strong></span> 
     </span>
    </p>
   </div>
   <div class='ocr_carea' id='block_1_8' title="bbox 522 830 2115 909">
    <p class='ocr_par' dir='ltr' id='par_1_8' title="bbox 522 830 2115 909">
     <span class='ocr_line' id='line_1_8' title="bbox 522 830 2115 909; baseline -0.011 -10"><span class='ocrx_word' id='word_1_50' title='bbox 522 841 705 899; x_wconf 92' lang='lat' dir='ltr'><strong>Iesum</strong></span> <span class='ocrx_word' id='word_1_51' title='bbox 735 839 1020 895; x_wconf 75' lang='lat' dir='ltr'><strong>Christum.</strong></span> <span class='ocrx_word' id='word_1_52' title='bbox 1054 838 1122 894; x_wconf 90' lang='lat' dir='ltr'><strong>Ut</strong></span> <span class='ocrx_word' id='word_1_53' title='bbox 1153 838 1526 909; x_wconf 85' lang='lat' dir='ltr'><strong>unusquisque</strong></span> <span class='ocrx_word' id='word_1_54' title='bbox 1552 834 1632 889; x_wconf 76' lang='lat' dir='ltr'><strong>sic</strong></span> <span class='ocrx_word' id='word_1_55' title='bbox 1654 839 1861 904; x_wconf 76' lang='lat' dir='ltr'><strong>quaerat</strong></span> <span class='ocrx_word' id='word_1_56' title='bbox 1884 830 2115 885; x_wconf 78' lang='lat' dir='ltr'><strong>salutem</strong></span> 
     </span>
    </p>
   </div>
   <div class='ocr_carea' id='block_1_9' title="bbox 526 927 2115 1006">
    <p class='ocr_par' dir='ltr' id='par_1_9' title="bbox 526 927 2115 1006">
     <span class='ocr_line' id='line_1_9' title="bbox 526 927 2115 1006; baseline -0.011 -12"><span class='ocrx_word' id='word_1_57' title='bbox 526 936 754 994; x_wconf 74' lang='lat' dir='ltr'><strong>alterius</strong></span> <span class='ocrx_word' id='word_1_58' title='bbox 780 934 938 1006; x_wconf 90' lang='lat' dir='ltr'><strong>quasi</strong></span> <span class='ocrx_word' id='word_1_59' title='bbox 964 947 1143 1000; x_wconf 89' lang='lat' dir='ltr'><strong>suam,</strong></span> <span class='ocrx_word' id='word_1_60' title='bbox 1174 931 1314 986; x_wconf 91' lang='lat' dir='ltr'><strong>sicut</strong></span> <span class='ocrx_word' id='word_1_61' title='bbox 1332 927 1577 985; x_wconf 88' lang='lat' dir='ltr'><strong>Christus</strong></span> <span class='ocrx_word' id='word_1_62' title='bbox 1603 940 1700 981; x_wconf 89' lang='lat' dir='ltr'><strong>sua</strong></span> <span class='ocrx_word' id='word_1_63' title='bbox 1723 931 1897 980; x_wconf 91' lang='lat' dir='ltr'><strong>morte</strong></span> <span class='ocrx_word' id='word_1_64' title='bbox 1926 935 2115 978; x_wconf 92' lang='lat' dir='ltr'><strong>omnes</strong></span> 
     </span>
    </p>
   </div>
   <div class='ocr_carea' id='block_1_10' title="bbox 525 1030 1034 1087">
    <p class='ocr_par' dir='ltr' id='par_1_10' title="bbox 525 1030 1034 1087">
     <span class='ocr_line' id='line_1_10' title="bbox 525 1030 1034 1087; baseline -0.014 -1"><span class='ocrx_word' id='word_1_65' title='bbox 525 1030 753 1087; x_wconf 76' lang='lat' dir='ltr'><strong>salvavit</strong></span> <span class='ocrx_word' id='word_1_66' title='bbox 776 1045 806 1084; x_wconf 90' lang='lat' dir='ltr'><strong>a</strong></span> <span class='ocrx_word' id='word_1_67' title='bbox 837 1035 1034 1083; x_wconf 89' lang='lat' dir='ltr'><strong>morte.</strong></span> 
     </span>
    </p>
   </div>
   <div class='ocr_carea' id='block_1_11' title="bbox 602 1106 2117 1184">
    <p class='ocr_par' dir='ltr' id='par_1_11' title="bbox 602 1106 2117 1184">
     <span class='ocr_line' id='line_1_11' title="bbox 602 1106 2117 1184; baseline -0.011 -7"><span class='ocrx_word' id='word_1_68' title='bbox 602 1122 669 1178; x_wconf 97' lang='lat' dir='ltr'><strong>Ut</strong></span> <span class='ocrx_word' id='word_1_69' title='bbox 700 1120 968 1175; x_wconf 77' lang='lat' dir='ltr'><strong>unanimes</strong></span> <span class='ocrx_word' id='word_1_70' title='bbox 994 1133 1098 1172; x_wconf 89' lang='lat' dir='ltr'><strong>uno</strong></span> <span class='ocrx_word' id='word_1_71' title='bbox 1124 1133 1210 1172; x_wconf 90' lang='lat' dir='ltr'><strong>ore</strong></span> <span class='ocrx_word' id='word_1_72' title='bbox 1226 1112 1579 1184; x_wconf 78' lang='lat' dir='ltr'><strong>honoriﬁcetis</strong></span> <span class='ocrx_word' id='word_1_73' title='bbox 1608 1111 1797 1178; x_wconf 90' lang='lat' dir='ltr'><strong>Deum,</strong></span> <span class='ocrx_word' id='word_1_74' title='bbox 1822 1118 1870 1164; x_wconf 88' lang='lat' dir='ltr'><strong>et</strong></span> <span class='ocrx_word' id='word_1_75' title='bbox 1904 1106 2117 1162; x_wconf 80' lang='lat' dir='ltr'><strong>Patrem</strong></span> 
     </span>
    </p>
   </div>
   <div class='ocr_carea' id='block_1_12' title="bbox 526 1200 2111 1271">
    <p class='ocr_par' dir='ltr' id='par_1_12' title="bbox 526 1200 2111 1271">
     <span class='ocr_line' id='line_1_12' title="bbox 526 1200 2111 1271; baseline -0.011 0"><span class='ocrx_word' id='word_1_76' title='bbox 526 1216 743 1271; x_wconf 82' lang='lat' dir='ltr'><strong>Domini</strong></span> <span class='ocrx_word' id='word_1_77' title='bbox 771 1213 933 1269; x_wconf 90' lang='lat' dir='ltr'><strong>nostri</strong></span> <span class='ocrx_word' id='word_1_78' title='bbox 962 1209 1092 1267; x_wconf 91' lang='lat' dir='ltr'><strong>Iesu</strong></span> <span class='ocrx_word' id='word_1_79' title='bbox 1136 1208 1350 1263; x_wconf 82' lang='lat' dir='ltr'><strong>Christi.</strong></span> <span class='ocrx_word' id='word_1_80' title='bbox 1376 1207 1529 1261; x_wconf 88' lang='lat' dir='ltr'><strong>Tunc</strong></span> <span class='ocrx_word' id='word_1_81' title='bbox 1557 1220 1683 1260; x_wconf 84' lang='lat' dir='ltr'><strong>vere</strong></span> <span class='ocrx_word' id='word_1_82' title='bbox 1713 1203 1852 1257; x_wconf 90' lang='lat' dir='ltr'><strong>Deus</strong></span> <span class='ocrx_word' id='word_1_83' title='bbox 1885 1200 2111 1256; x_wconf 89' lang='lat' dir='ltr'><strong>honori-</strong></span> 
     </span>
    </p>
   </div>
   <div class='ocr_carea' id='block_1_13' title="bbox 526 1291 2117 1375">
    <p class='ocr_par' dir='ltr' id='par_1_13' title="bbox 526 1291 2117 1375">
     <span class='ocr_line' id='line_1_13' title="bbox 526 1291 2117 1375; baseline -0.011 -11"><span class='ocrx_word' id='word_1_84' title='bbox 526 1308 719 1365; x_wconf 88' lang='lat' dir='ltr'><strong>ﬁcatur</strong></span> <span class='ocrx_word' id='word_1_85' title='bbox 741 1350 757 1375; x_wconf 94' lang='lat'><strong>,</strong></span> <span class='ocrx_word' id='word_1_86' title='bbox 789 1308 834 1361; x_wconf 88' lang='lat' dir='ltr'><strong>si</strong></span> <span class='ocrx_word' id='word_1_87' title='bbox 867 1320 974 1360; x_wconf 92' lang='lat' dir='ltr'><strong>uno</strong></span> <span class='ocrx_word' id='word_1_88' title='bbox 1002 1303 1185 1359; x_wconf 87' lang='lat' dir='ltr'><strong>animo</strong></span> <span class='ocrx_word' id='word_1_89' title='bbox 1215 1312 1269 1357; x_wconf 89' lang='lat' dir='ltr'><strong>et</strong></span> <span class='ocrx_word' id='word_1_90' title='bbox 1297 1297 1554 1356; x_wconf 88' lang='lat' dir='ltr'><strong>concordi</strong></span> <span class='ocrx_word' id='word_1_91' title='bbox 1595 1312 1727 1352; x_wconf 91' lang='lat' dir='ltr'><strong>voce</strong></span> <span class='ocrx_word' id='word_1_92' title='bbox 1758 1292 2030 1349; x_wconf 87' lang='lat' dir='ltr'><strong>laudatur.</strong></span> <span class='ocrx_word' id='word_1_93' title='bbox 2060 1291 2117 1347; x_wconf 91' lang='lat' dir='ltr'><strong>Si</strong></span> 
     </span>
    </p>
   </div>
   <div class='ocr_carea' id='block_1_14' title="bbox 525 1382 2111 1461">
    <p class='ocr_par' dir='ltr' id='par_1_14' title="bbox 525 1382 2111 1461">
     <span class='ocr_line' id='line_1_14' title="bbox 525 1382 2111 1461; baseline -0.012 -5"><span class='ocrx_word' id='word_1_94' title='bbox 525 1401 669 1457; x_wconf 91' lang='lat' dir='ltr'><strong>enim</strong></span> <span class='ocrx_word' id='word_1_95' title='bbox 709 1398 819 1454; x_wconf 85' lang='lat' dir='ltr'><strong>duo</strong></span> <span class='ocrx_word' id='word_1_96' title='bbox 847 1395 1207 1453; x_wconf 87' lang='lat' dir='ltr'><strong>convenerint</strong></span> <span class='ocrx_word' id='word_1_97' title='bbox 1234 1406 1399 1461; x_wconf 92' lang='lat' dir='ltr'><strong>super</strong></span> <span class='ocrx_word' id='word_1_98' title='bbox 1447 1399 1649 1446; x_wconf 88' lang='lat' dir='ltr'><strong>terram</strong></span> <span class='ocrx_word' id='word_1_99' title='bbox 1697 1402 1765 1442; x_wconf 82' lang='lat' dir='ltr'><strong>ex</strong></span> <span class='ocrx_word' id='word_1_100' title='bbox 1818 1382 1968 1441; x_wconf 91' lang='lat' dir='ltr'><strong>omni</strong></span> <span class='ocrx_word' id='word_1_101' title='bbox 2021 1398 2111 1439; x_wconf 90' lang='lat' dir='ltr'><strong>re:</strong></span> 
     </span>
    </p>
   </div>
   <div class='ocr_carea' id='block_1_15' title="bbox 525 1483 1513 1565">
    <p class='ocr_par' dir='ltr' id='par_1_15' title="bbox 525 1483 1513 1565">
     <span class='ocr_line' id='line_1_15' title="bbox 525 1483 1513 1565; baseline -0.013 -17"><span class='ocrx_word' id='word_1_102' title='bbox 525 1505 885 1565; x_wconf 65' lang='lat' dir='ltr'><strong>quaecumque</strong></span> <span class='ocrx_word' id='word_1_103' title='bbox 911 1488 1191 1560; x_wconf 88' lang='lat' dir='ltr'><strong>petierint,</strong></span> <span class='ocrx_word' id='word_1_104' title='bbox 1221 1484 1352 1540; x_wconf 87' lang='lat' dir='ltr'><strong>ﬁent</strong></span> <span class='ocrx_word' id='word_1_105' title='bbox 1385 1483 1513 1537; x_wconf 92' lang='lat' dir='ltr'><strong>illis.</strong></span> 
     </span>
    </p>
   </div>
   <div class='ocr_carea' id='block_1_16' title="bbox 600 1570 2117 1655">
    <p class='ocr_par' dir='ltr' id='par_1_16' title="bbox 600 1570 2117 1655">
     <span class='ocr_line' id='line_1_16' title="bbox 600 1570 2117 1655; baseline -0.01 -15"><span class='ocrx_word' id='word_1_106' title='bbox 600 1586 825 1655; x_wconf 87' lang='lat' dir='ltr'><strong>Propter</strong></span> <span class='ocrx_word' id='word_1_107' title='bbox 870 1582 1005 1653; x_wconf 88' lang='lat' dir='ltr'><strong>quod</strong></span> <span class='ocrx_word' id='word_1_108' title='bbox 1046 1580 1289 1652; x_wconf 81' lang='lat' dir='ltr'><strong>suscipite</strong></span> <span class='ocrx_word' id='word_1_109' title='bbox 1315 1577 1555 1631; x_wconf 77' lang='lat' dir='ltr'><strong>invicem.</strong></span> <span class='ocrx_word' id='word_1_110' title='bbox 1591 1574 1821 1645; x_wconf 81' lang='lat' dir='ltr'><strong>Propter</strong></span> <span class='ocrx_word' id='word_1_111' title='bbox 1852 1570 2117 1627; x_wconf 83' lang='lat' dir='ltr'><strong>honorem</strong></span> 
     </span>
    </p>
   </div>
   <div class='ocr_carea' id='block_1_17' title="bbox 531 1662 2117 1739">
    <p class='ocr_par' dir='ltr' id='par_1_17' title="bbox 531 1662 2117 1739">
     <span class='ocr_line' id='line_1_17' title="bbox 531 1662 2117 1739; baseline -0.011 -5"><span class='ocrx_word' id='word_1_112' title='bbox 531 1677 627 1735; x_wconf 90' lang='lat' dir='ltr'><strong>Dei</strong></span> <span class='ocrx_word' id='word_1_113' title='bbox 657 1676 890 1731; x_wconf 83' lang='lat' dir='ltr'><strong>invicem</strong></span> <span class='ocrx_word' id='word_1_114' title='bbox 921 1687 1088 1728; x_wconf 88' lang='lat' dir='ltr'><strong>onera</strong></span> <span class='ocrx_word' id='word_1_115' title='bbox 1132 1681 1311 1726; x_wconf 89' lang='lat' dir='ltr'><strong>vestra</strong></span> <span class='ocrx_word' id='word_1_116' title='bbox 1346 1679 1558 1739; x_wconf 88' lang='lat' dir='ltr'><strong>portate</strong></span> <span class='ocrx_word' id='word_1_117' title='bbox 1592 1685 1605 1721; x_wconf 90' lang='lat'>:</span> <span class='ocrx_word' id='word_1_118' title='bbox 1638 1665 1718 1722; x_wconf 91' lang='lat' dir='ltr'><strong>sic</strong></span> <span class='ocrx_word' id='word_1_119' title='bbox 1752 1662 2117 1734; x_wconf 90' lang='lat' dir='ltr'><strong>adimplebitis</strong></span> 
     </span>
    </p>
   </div>
   <div class='ocr_carea' id='block_1_18' title="bbox 2216 456 2681 512">
    <p class='ocr_par' dir='ltr' id='par_1_18' title="bbox 2216 456 2681 512">
     <span class='ocr_line' id='line_1_18' title="bbox 2216 456 2681 512; baseline -0.006 -1"><span class='ocrx_word' id='word_1_120' title='bbox 2216 470 2373 511; x_wconf 85' lang='lat' dir='ltr'><strong>versa</strong></span> <span class='ocrx_word' id='word_1_121' title='bbox 2404 456 2681 512; x_wconf 88' lang='lat' dir='ltr'><strong>moestitia.</strong></span> 
     </span>
    </p>
   </div>
   <div class='ocr_carea' id='block_1_19' title="bbox 2289 545 3789 619">
    <p class='ocr_par' dir='ltr' id='par_1_19' title="bbox 2289 545 3789 619">
     <span class='ocr_line' id='line_1_19' title="bbox 2289 545 3789 619; baseline -0.002 -15"><span class='ocrx_word' id='word_1_122' title='bbox 2289 548 2358 603; x_wconf 84' lang='lat' dir='ltr'><strong>In</strong></span> <span class='ocrx_word' id='word_1_123' title='bbox 2386 548 2662 618; x_wconf 90' lang='lat' dir='ltr'><strong>credendo,</strong></span> <span class='ocrx_word' id='word_1_124' title='bbox 2700 556 2755 602; x_wconf 88' lang='lat' dir='ltr'><strong>ut</strong></span> <span class='ocrx_word' id='word_1_125' title='bbox 2781 545 3054 602; x_wconf 86' lang='lat' dir='ltr'><strong>abundetis</strong></span> <span class='ocrx_word' id='word_1_126' title='bbox 3084 548 3137 602; x_wconf 89' lang='lat' dir='ltr'><strong>in</strong></span> <span class='ocrx_word' id='word_1_127' title='bbox 3165 563 3258 619; x_wconf 90' lang='lat' dir='ltr'><strong>spe</strong></span> <span class='ocrx_word' id='word_1_128' title='bbox 3286 556 3336 601; x_wconf 90' lang='lat' dir='ltr'><strong>et</strong></span> <span class='ocrx_word' id='word_1_129' title='bbox 3365 547 3554 601; x_wconf 84' lang='lat' dir='ltr'><strong>virtute</strong></span> <span class='ocrx_word' id='word_1_130' title='bbox 3584 545 3789 617; x_wconf 74' lang='lat' dir='ltr'><strong>Spiritus</strong></span> 
     </span>
    </p>
   </div>
   <div class='ocr_carea' id='block_1_20' title="bbox 2217 638 3790 712">
    <p class='ocr_par' dir='ltr' id='par_1_20' title="bbox 2217 638 3790 712">
     <span class='ocr_line' id='line_1_20' title="bbox 2217 638 3790 712; baseline 0.001 -16"><span class='ocrx_word' id='word_1_131' title='bbox 2217 641 2400 696; x_wconf 87' lang='lat' dir='ltr'><strong>sancti.</strong></span> <span class='ocrx_word' id='word_1_132' title='bbox 2456 640 2803 697; x_wconf 83' lang='lat' dir='ltr'><strong>Abundantia</strong></span> <span class='ocrx_word' id='word_1_133' title='bbox 2854 640 2907 696; x_wconf 90' lang='lat' dir='ltr'><strong>in</strong></span> <span class='ocrx_word' id='word_1_134' title='bbox 2948 654 3082 711; x_wconf 87' lang='lat' dir='ltr'><strong>spe,</strong></span> <span class='ocrx_word' id='word_1_135' title='bbox 3125 640 3181 697; x_wconf 90' lang='lat' dir='ltr'><strong>in</strong></span> <span class='ocrx_word' id='word_1_136' title='bbox 3232 638 3478 712; x_wconf 82' lang='lat' dir='ltr'><strong>Spiritu,</strong></span> <span class='ocrx_word' id='word_1_137' title='bbox 3522 638 3790 697; x_wconf 77' lang='lat' dir='ltr'><strong>virtutibus</strong></span> 
     </span>
    </p>
   </div>
   <div class='ocr_carea' id='block_1_21' title="bbox 2218 734 2789 808">
    <p class='ocr_par' dir='ltr' id='par_1_21' title="bbox 2218 734 2789 808">
     <span class='ocr_line' id='line_1_21' title="bbox 2218 734 2789 808; baseline -0.004 -15"><span class='ocrx_word' id='word_1_138' title='bbox 2218 736 2489 807; x_wconf 89' lang='lat' dir='ltr'><strong>consistit,</strong></span> <span class='ocrx_word' id='word_1_139' title='bbox 2514 745 2568 791; x_wconf 91' lang='lat' dir='ltr'><strong>et</strong></span> <span class='ocrx_word' id='word_1_140' title='bbox 2597 734 2789 808; x_wconf 87' lang='lat' dir='ltr'><strong>signis.</strong></span> 
     </span>
    </p>
   </div>
   <div class='ocr_carea' id='block_1_22' title="bbox 2292 826 3783 901">
    <p class='ocr_par' dir='ltr' id='par_1_22' title="bbox 2292 826 3783 901">
     <span class='ocr_line' id='line_1_22' title="bbox 2292 826 3783 901; baseline -0.003 -16"><span class='ocrx_word' id='word_1_141' title='bbox 2292 830 2474 885; x_wconf 85' lang='lat' dir='ltr'><strong>Certus</strong></span> <span class='ocrx_word' id='word_1_142' title='bbox 2502 846 2614 883; x_wconf 88' lang='lat' dir='ltr'><strong>sum</strong></span> <span class='ocrx_word' id='word_1_143' title='bbox 2639 837 2831 895; x_wconf 88' lang='lat' dir='ltr'><strong>autem,</strong></span> <span class='ocrx_word' id='word_1_144' title='bbox 2864 828 3049 899; x_wconf 78' lang='lat' dir='ltr'><strong>fratres</strong></span> <span class='ocrx_word' id='word_1_145' title='bbox 3079 829 3199 899; x_wconf 87' lang='lat' dir='ltr'><strong>mei,</strong></span> <span class='ocrx_word' id='word_1_146' title='bbox 3236 838 3281 884; x_wconf 90' lang='lat' dir='ltr'><strong>et</strong></span> <span class='ocrx_word' id='word_1_147' title='bbox 3306 844 3401 901; x_wconf 89' lang='lat' dir='ltr'><strong>ego</strong></span> <span class='ocrx_word' id='word_1_148' title='bbox 3432 829 3543 901; x_wconf 84' lang='lat' dir='ltr'><strong>ipse</strong></span> <span class='ocrx_word' id='word_1_149' title='bbox 3565 826 3627 882; x_wconf 86' lang='lat' dir='ltr'><strong>de</strong></span> <span class='ocrx_word' id='word_1_150' title='bbox 3647 826 3783 883; x_wconf 73' lang='lat' dir='ltr'><strong>vobis.</strong></span> 
     </span>
    </p>
   </div>
   <div class='ocr_carea' id='block_1_23' title="bbox 2220 919 3785 991">
    <p class='ocr_par' dir='ltr' id='par_1_23' title="bbox 2220 919 3785 991">
     <span class='ocr_line' id='line_1_23' title="bbox 2220 919 3785 991; baseline -0.003 -14"><span class='ocrx_word' id='word_1_151' title='bbox 2220 921 2404 977; x_wconf 88' lang='lat' dir='ltr'><strong>Bonus</strong></span> <span class='ocrx_word' id='word_1_152' title='bbox 2430 920 2624 977; x_wconf 88' lang='lat' dir='ltr'><strong>doctor</strong></span> <span class='ocrx_word' id='word_1_153' title='bbox 2654 919 2922 975; x_wconf 87' lang='lat' dir='ltr'><strong>laudando</strong></span> <span class='ocrx_word' id='word_1_154' title='bbox 2948 928 3216 991; x_wconf 86' lang='lat' dir='ltr'><strong>provocat</strong></span> <span class='ocrx_word' id='word_1_155' title='bbox 3260 920 3327 975; x_wconf 89' lang='lat' dir='ltr'><strong>ad</strong></span> <span class='ocrx_word' id='word_1_156' title='bbox 3372 919 3701 991; x_wconf 87' lang='lat' dir='ltr'><strong>profectum,</strong></span> <span class='ocrx_word' id='word_1_157' title='bbox 3739 926 3785 974; x_wconf 91' lang='lat' dir='ltr'><strong>ut</strong></span> 
     </span>
    </p>
   </div>
   <div class='ocr_carea' id='block_1_24' title="bbox 2221 1012 3781 1087">
    <p class='ocr_par' dir='ltr' id='par_1_24' title="bbox 2221 1012 3781 1087">
     <span class='ocr_line' id='line_1_24' title="bbox 2221 1012 3781 1087; baseline -0.001 -17"><span class='ocrx_word' id='word_1_158' title='bbox 2221 1014 2547 1071; x_wconf 87' lang='lat' dir='ltr'><strong>erubescant</strong></span> <span class='ocrx_word' id='word_1_159' title='bbox 2593 1012 2730 1070; x_wconf 88' lang='lat' dir='ltr'><strong>tales</strong></span> <span class='ocrx_word' id='word_1_160' title='bbox 2776 1029 2883 1071; x_wconf 90' lang='lat' dir='ltr'><strong>non</strong></span> <span class='ocrx_word' id='word_1_161' title='bbox 2914 1028 3057 1081; x_wconf 87' lang='lat' dir='ltr'><strong>esse,</strong></span> <span class='ocrx_word' id='word_1_162' title='bbox 3088 1015 3278 1087; x_wconf 91' lang='lat' dir='ltr'><strong>quales</strong></span> <span class='ocrx_word' id='word_1_163' title='bbox 3318 1014 3387 1070; x_wconf 89' lang='lat' dir='ltr'><strong>ab</strong></span> <span class='ocrx_word' id='word_1_164' title='bbox 3416 1012 3675 1084; x_wconf 85' lang='lat' dir='ltr'><strong>Apostolo</strong></span> <span class='ocrx_word' id='word_1_165' title='bbox 3700 1028 3781 1085; x_wconf 90' lang='lat' dir='ltr'><strong>pu-</strong></span> 
     </span>
    </p>
   </div>
   <div class='ocr_carea' id='block_1_25' title="bbox 2223 1118 2430 1165">
    <p class='ocr_par' dir='ltr' id='par_1_25' title="bbox 2223 1118 2430 1165">
     <span class='ocr_line' id='line_1_25' title="bbox 2223 1118 2430 1165; baseline -0.01 0"><span class='ocrx_word' id='word_1_166' title='bbox 2223 1118 2430 1165; x_wconf 83' lang='lat' dir='ltr'><strong>tantur.</strong></span> 
     </span>
    </p>
   </div>
   <div class='ocr_carea' id='block_1_26' title="bbox 2297 1197 3783 1271">
    <p class='ocr_par' dir='ltr' id='par_1_26' title="bbox 2297 1197 3783 1271">
     <span class='ocr_line' id='line_1_26' title="bbox 2297 1197 3783 1271; baseline -0.001 -16"><span class='ocrx_word' id='word_1_167' title='bbox 2297 1201 2557 1269; x_wconf 85' lang='lat' dir='ltr'><strong>Quoniam</strong></span> <span class='ocrx_word' id='word_1_168' title='bbox 2596 1209 2643 1255; x_wconf 89' lang='lat' dir='ltr'><strong>et</strong></span> <span class='ocrx_word' id='word_1_169' title='bbox 2686 1201 2787 1271; x_wconf 88' lang='lat' dir='ltr'><strong>ipsi</strong></span> <span class='ocrx_word' id='word_1_170' title='bbox 2820 1200 2960 1271; x_wconf 88' lang='lat' dir='ltr'><strong>pleni</strong></span> <span class='ocrx_word' id='word_1_171' title='bbox 2988 1200 3111 1255; x_wconf 87' lang='lat' dir='ltr'><strong>estis</strong></span> <span class='ocrx_word' id='word_1_172' title='bbox 3141 1199 3442 1255; x_wconf 77' lang='lat' dir='ltr'><strong>dilectione.</strong></span> <span class='ocrx_word' id='word_1_173' title='bbox 3479 1197 3707 1254; x_wconf 82' lang='lat' dir='ltr'><strong>Providit</strong></span> <span class='ocrx_word' id='word_1_174' title='bbox 3730 1214 3783 1254; x_wconf 87' lang='lat' dir='ltr'><strong>ne</strong></span> 
     </span>
    </p>
   </div>
   <div class='ocr_carea' id='block_1_27' title="bbox 2225 1288 3782 1364">
    <p class='ocr_par' dir='ltr' id='par_1_27' title="bbox 2225 1288 3782 1364">
     <span class='ocr_line' id='line_1_27' title="bbox 2225 1288 3782 1364; baseline -0.004 -15"><span class='ocrx_word' id='word_1_175' title='bbox 2225 1308 2483 1364; x_wconf 88' lang='lat' dir='ltr'><strong>umquam</strong></span> <span class='ocrx_word' id='word_1_176' title='bbox 2511 1292 2903 1349; x_wconf 89' lang='lat' dir='ltr'><strong>contentiosius</strong></span> <span class='ocrx_word' id='word_1_177' title='bbox 2933 1292 3068 1347; x_wconf 90' lang='lat' dir='ltr'><strong>dura</strong></span> <span class='ocrx_word' id='word_1_178' title='bbox 3097 1293 3407 1362; x_wconf 70' lang='lat' dir='ltr'><strong>increpasse</strong></span> <span class='ocrx_word' id='word_1_179' title='bbox 3432 1288 3689 1345; x_wconf 90' lang='lat' dir='ltr'><strong>videatur.</strong></span> <span class='ocrx_word' id='word_1_180' title='bbox 3705 1289 3782 1345; x_wconf 80' lang='lat' dir='ltr'><strong>Vel</strong></span> 
     </span>
    </p>
   </div>
   <div class='ocr_carea' id='block_1_28' title="bbox 2222 1382 3782 1452">
    <p class='ocr_par' dir='ltr' id='par_1_28' title="bbox 2222 1382 3782 1452">
     <span class='ocr_line' id='line_1_28' title="bbox 2222 1382 3782 1452; baseline -0.002 -12"><span class='ocrx_word' id='word_1_181' title='bbox 2222 1384 2554 1441; x_wconf 88' lang='lat' dir='ltr'><strong>dissidentes</strong></span> <span class='ocrx_word' id='word_1_182' title='bbox 2596 1396 2689 1441; x_wconf 88' lang='lat' dir='ltr'><strong>aut</strong></span> <span class='ocrx_word' id='word_1_183' title='bbox 2738 1384 2936 1441; x_wconf 91' lang='lat' dir='ltr'><strong>stultos</strong></span> <span class='ocrx_word' id='word_1_184' title='bbox 2965 1384 3205 1441; x_wconf 91' lang='lat' dir='ltr'><strong>ostendit</strong></span> <span class='ocrx_word' id='word_1_185' title='bbox 3230 1382 3572 1440; x_wconf 83' lang='lat' dir='ltr'><strong>Christianos</strong></span> <span class='ocrx_word' id='word_1_186' title='bbox 3597 1396 3782 1452; x_wconf 84' lang='lat' dir='ltr'><strong>semper</strong></span> 
     </span>
    </p>
   </div>
   <div class='ocr_carea' id='block_1_29' title="bbox 2221 1481 3058 1539">
    <p class='ocr_par' dir='ltr' id='par_1_29' title="bbox 2221 1481 3058 1539">
     <span class='ocr_line' id='line_1_29' title="bbox 2221 1481 3058 1539; baseline -0.004 0"><span class='ocrx_word' id='word_1_187' title='bbox 2221 1483 2545 1539; x_wconf 79' lang='lat' dir='ltr'><strong>alterutrum</strong></span> <span class='ocrx_word' id='word_1_188' title='bbox 2578 1497 2802 1538; x_wconf 89' lang='lat' dir='ltr'><strong>monere</strong></span> <span class='ocrx_word' id='word_1_189' title='bbox 2836 1481 3058 1537; x_wconf 89' lang='lat' dir='ltr'><strong>debere.</strong></span> 
     </span>
    </p>
   </div>
   <div class='ocr_carea' id='block_1_30' title="bbox 2294 1575 3782 1651">
    <p class='ocr_par' dir='ltr' id='par_1_30' title="bbox 2294 1575 3782 1651">
     <span class='ocr_line' id='line_1_30' title="bbox 2294 1575 3782 1651; baseline -0.005 -16"><span class='ocrx_word' id='word_1_190' title='bbox 2294 1578 2498 1651; x_wconf 88' lang='lat' dir='ltr'><strong>Repleti</strong></span> <span class='ocrx_word' id='word_1_191' title='bbox 2520 1579 2659 1632; x_wconf 90' lang='lat' dir='ltr'><strong>omni</strong></span> <span class='ocrx_word' id='word_1_192' title='bbox 2680 1578 2894 1632; x_wconf 87' lang='lat' dir='ltr'><strong>scientia</strong></span> <span class='ocrx_word' id='word_1_193' title='bbox 2923 1592 2940 1629; x_wconf 90' lang='lat'><strong><em>:</em></strong></span> <span class='ocrx_word' id='word_1_194' title='bbox 2971 1577 3045 1631; x_wconf 89' lang='lat' dir='ltr'><strong>ita</strong></span> <span class='ocrx_word' id='word_1_195' title='bbox 3062 1586 3116 1631; x_wconf 89' lang='lat' dir='ltr'><strong>ut</strong></span> <span class='ocrx_word' id='word_1_196' title='bbox 3138 1575 3345 1649; x_wconf 85' lang='lat' dir='ltr'><strong>possitis</strong></span> <span class='ocrx_word' id='word_1_197' title='bbox 3373 1575 3673 1630; x_wconf 82' lang='lat' dir='ltr'><strong>alterutrum</strong></span> <span class='ocrx_word' id='word_1_198' title='bbox 3691 1588 3782 1628; x_wconf 85' lang='lat' dir='ltr'><strong>mo-</strong></span> 
     </span>
    </p>
   </div>
   <div class='ocr_carea' id='block_1_31' title="bbox 2224 1670 3467 1729">
    <p class='ocr_par' dir='ltr' id='par_1_31' title="bbox 2224 1670 3467 1729">
     <span class='ocr_line' id='line_1_31' title="bbox 2224 1670 3467 1729; baseline -0.004 0"><span class='ocrx_word' id='word_1_199' title='bbox 2224 1690 2363 1729; x_wconf 88' lang='lat' dir='ltr'><strong>nere.</strong></span> <span class='ocrx_word' id='word_1_200' title='bbox 2396 1673 2511 1729; x_wconf 83' lang='lat' dir='ltr'><strong>Hoc</strong></span> <span class='ocrx_word' id='word_1_201' title='bbox 2541 1682 2627 1729; x_wconf 88' lang='lat' dir='ltr'><strong>est</strong></span> <span class='ocrx_word' id='word_1_202' title='bbox 2652 1674 2775 1727; x_wconf 86' lang='lat' dir='ltr'><strong>novi</strong></span> <span class='ocrx_word' id='word_1_203' title='bbox 2803 1682 2855 1728; x_wconf 92' lang='lat' dir='ltr'><strong>et</strong></span> <span class='ocrx_word' id='word_1_204' title='bbox 2881 1670 3080 1727; x_wconf 81' lang='lat' dir='ltr'><strong>veteris</strong></span> <span class='ocrx_word' id='word_1_205' title='bbox 3110 1670 3467 1727; x_wconf 87' lang='lat' dir='ltr'><strong>Testamenti.</strong></span> 
     </span>
    </p>
   </div>
   <div class='ocr_carea' id='block_1_32' title="bbox 530 1760 3785 1841">
    <p class='ocr_par' dir='ltr' id='par_1_32' title="bbox 530 1760 3785 1841">
     <span class='ocr_line' id='line_1_32' title="bbox 530 1760 3785 1841; baseline -0.002 -16"><span class='ocrx_word' id='word_1_206' title='bbox 530 1770 704 1841; x_wconf 87' lang='lat' dir='ltr'><strong>legem</strong></span> <span class='ocrx_word' id='word_1_207' title='bbox 734 1766 937 1823; x_wconf 89' lang='lat' dir='ltr'><strong>Christi</strong></span> <span class='ocrx_word' id='word_1_208' title='bbox 968 1785 981 1822; x_wconf 91' lang='lat'><strong>:</strong></span> <span class='ocrx_word' id='word_1_209' title='bbox 1013 1765 1141 1836; x_wconf 86' lang='lat' dir='ltr'><strong>quia</strong></span> <span class='ocrx_word' id='word_1_210' title='bbox 1170 1778 1270 1819; x_wconf 92' lang='lat' dir='ltr'><strong>nos</strong></span> <span class='ocrx_word' id='word_1_211' title='bbox 1297 1760 1538 1831; x_wconf 84' lang='lat' dir='ltr'><strong>suscepit</strong></span> <span class='ocrx_word' id='word_1_212' title='bbox 1562 1761 1614 1815; x_wconf 88' lang='lat' dir='ltr'><strong>in</strong></span> <span class='ocrx_word' id='word_1_213' title='bbox 1646 1773 1703 1814; x_wconf 90' lang='lat' dir='ltr'><strong>se</strong></span> <span class='ocrx_word' id='word_1_214' title='bbox 1727 1773 1848 1815; x_wconf 92' lang='lat' dir='ltr'><strong>cum</strong></span> <span class='ocrx_word' id='word_1_215' title='bbox 1873 1769 2119 1812; x_wconf 84' lang='lat' dir='ltr'><strong>essemus</strong></span> <span class='ocrx_word' id='word_1_216' title='bbox 2150 1772 2198 1833; x_wconf 79' lang='grc' dir='ltr'><strong>Β</strong></span> <span class='ocrx_word' id='word_1_217' title='bbox 2295 1764 2562 1819; x_wconf 71' lang='lat' dir='ltr'><strong>Audacius</strong></span> <span class='ocrx_word' id='word_1_218' title='bbox 2603 1774 2772 1819; x_wconf 79' lang='lat' dir='ltr'><strong>autem</strong></span> <span class='ocrx_word' id='word_1_219' title='bbox 2826 1765 3009 1836; x_wconf 80' lang='lat' dir='ltr'><strong>scripsi</strong></span> <span class='ocrx_word' id='word_1_220' title='bbox 3036 1764 3177 1819; x_wconf 80' lang='lat' dir='ltr'><strong>vobis</strong></span> <span class='ocrx_word' id='word_1_221' title='bbox 3203 1808 3217 1833; x_wconf 95' lang='lat'><strong>,</strong></span> <span class='ocrx_word' id='word_1_222' title='bbox 3276 1765 3487 1835; x_wconf 79' lang='lat' dir='ltr'><strong>fratres,</strong></span> <span class='ocrx_word' id='word_1_223' title='bbox 3539 1779 3600 1817; x_wconf 82' lang='lat' dir='ltr'><strong>ea:</strong></span> <span class='ocrx_word' id='word_1_224' title='bbox 3644 1772 3785 1834; x_wconf 87' lang='lat' dir='ltr'><strong>parte.</strong></span> 
     </span>
    </p>
   </div>
   <div class='ocr_carea' id='block_1_33' title="bbox 532 1848 2119 1931">
    <p class='ocr_par' dir='ltr' id='par_1_33' title="bbox 532 1848 2119 1931">
     <span class='ocr_line' id='line_1_33' title="bbox 532 1848 2119 1931; baseline -0.009 -14"><span class='ocrx_word' id='word_1_225' title='bbox 532 1862 705 1931; x_wconf 85' lang='lat' dir='ltr'><strong>impii.</strong></span> <span class='ocrx_word' id='word_1_226' title='bbox 739 1860 959 1928; x_wconf 87' lang='lat' dir='ltr'><strong>Quanto</strong></span> <span class='ocrx_word' id='word_1_227' title='bbox 989 1872 1119 1928; x_wconf 86' lang='lat' dir='ltr'><strong>ergo</strong></span> <span class='ocrx_word' id='word_1_228' title='bbox 1150 1854 1319 1926; x_wconf 87' lang='lat' dir='ltr'><strong>magis</strong></span> <span class='ocrx_word' id='word_1_229' title='bbox 1347 1868 1446 1909; x_wconf 89' lang='lat' dir='ltr'><strong>nos</strong></span> <span class='ocrx_word' id='word_1_230' title='bbox 1476 1854 1706 1907; x_wconf 88' lang='lat' dir='ltr'><strong>invicem</strong></span> <span class='ocrx_word' id='word_1_231' title='bbox 1732 1893 1747 1919; x_wconf 92' lang='lat'><strong>,</strong></span> <span class='ocrx_word' id='word_1_232' title='bbox 1792 1860 1849 1905; x_wconf 93' lang='lat' dir='ltr'><strong>ut</strong></span> <span class='ocrx_word' id='word_1_233' title='bbox 1880 1848 2119 1915; x_wconf 89' lang='lat' dir='ltr'><strong>similes,</strong></span> 
     </span>
    </p>
   </div>
   <div class='ocr_carea' id='block_1_34' title="bbox 530 1946 2122 2014">
    <p class='ocr_par' dir='ltr' id='par_1_34' title="bbox 530 1946 2122 2014">
     <span class='ocr_line' id='line_1_34' title="bbox 530 1946 2122 2014; baseline -0.009 -4"><span class='ocrx_word' id='word_1_234' title='bbox 530 1969 630 2011; x_wconf 90' lang='lat' dir='ltr'><strong>nos</strong></span> <span class='ocrx_word' id='word_1_235' title='bbox 655 1953 923 2009; x_wconf 89' lang='lat' dir='ltr'><strong>sustinere</strong></span> <span class='ocrx_word' id='word_1_236' title='bbox 947 1951 1229 2007; x_wconf 91' lang='lat' dir='ltr'><strong>debemus.</strong></span> <span class='ocrx_word' id='word_1_237' title='bbox 1260 1948 1462 2004; x_wconf 89' lang='lat' dir='ltr'><strong>lterum</strong></span> <span class='ocrx_word' id='word_1_238' title='bbox 1494 1946 1582 2000; x_wconf 91' lang='lat' dir='ltr'><strong>hic</strong></span> <span class='ocrx_word' id='word_1_239' title='bbox 1622 1953 1911 2014; x_wconf 86' lang='lat' dir='ltr'><strong>utrumque</strong></span> <span class='ocrx_word' id='word_1_240' title='bbox 1954 1956 2122 2012; x_wconf 89' lang='lat' dir='ltr'><strong>popu-</strong></span> 
     </span>
    </p>
   </div>
   <div class='ocr_carea' id='block_1_35' title="bbox 530 2032 2119 2103">
    <p class='ocr_par' dir='ltr' id='par_1_35' title="bbox 530 2032 2119 2103">
     <span class='ocr_line' id='line_1_35' title="bbox 530 2032 2119 2103; baseline -0.011 0"><span class='ocrx_word' id='word_1_241' title='bbox 530 2048 642 2103; x_wconf 93' lang='lat' dir='ltr'><strong>lum</strong></span> <span class='ocrx_word' id='word_1_242' title='bbox 664 2047 729 2102; x_wconf 89' lang='lat' dir='ltr'><strong>ad</strong></span> <span class='ocrx_word' id='word_1_243' title='bbox 752 2048 1018 2101; x_wconf 85' lang='lat' dir='ltr'><strong>unitatem</strong></span> <span class='ocrx_word' id='word_1_244' title='bbox 1048 2046 1314 2099; x_wconf 88' lang='lat' dir='ltr'><strong>hortatur.</strong></span> <span class='ocrx_word' id='word_1_245' title='bbox 1339 2041 1640 2096; x_wconf 86' lang='lat' dir='ltr'><strong>Consentio</strong></span> <span class='ocrx_word' id='word_1_246' title='bbox 1667 2038 1840 2103; x_wconf 81' lang='lat' dir='ltr'><strong>vobis,</strong></span> <span class='ocrx_word' id='word_1_247' title='bbox 1865 2050 1898 2090; x_wconf 91' lang='grc' dir='ltr'>ο</span> <span class='ocrx_word' id='word_1_248' title='bbox 1920 2032 2119 2101; x_wconf 61' lang='lat' dir='ltr'><strong>Iudaei,</strong></span> 
     </span>
    </p>
   </div>
   <div class='ocr_carea' id='block_1_36' title="bbox 528 2127 2125 2213">
    <p class='ocr_par' dir='ltr' id='par_1_36' title="bbox 528 2127 2125 2213">
     <span class='ocr_line' id='line_1_36' title="bbox 528 2127 2125 2213; baseline -0.01 -17"><span class='ocrx_word' id='word_1_249' title='bbox 528 2140 653 2213; x_wconf 85' lang='lat' dir='ltr'><strong>quia</strong></span> <span class='ocrx_word' id='word_1_250' title='bbox 692 2140 942 2195; x_wconf 85' lang='lat' dir='ltr'><strong>Christus</strong></span> <span class='ocrx_word' id='word_1_251' title='bbox 986 2138 1140 2193; x_wconf 85' lang='lat' dir='ltr'><strong>vobis</strong></span> <span class='ocrx_word' id='word_1_252' title='bbox 1169 2136 1471 2206; x_wconf 90' lang='lat' dir='ltr'><strong>promissus</strong></span> <span class='ocrx_word' id='word_1_253' title='bbox 1519 2131 1586 2187; x_wconf 92' lang='lat' dir='ltr'><strong>ad</strong></span> <span class='ocrx_word' id='word_1_254' title='bbox 1627 2145 1723 2186; x_wconf 89' lang='lat' dir='ltr'><strong>vos</strong></span> <span class='ocrx_word' id='word_1_255' title='bbox 1772 2129 1985 2184; x_wconf 88' lang='lat' dir='ltr'><strong>venerit</strong></span> <span class='ocrx_word' id='word_1_256' title='bbox 2015 2127 2125 2197; x_wconf 92' lang='lat' dir='ltr'><strong>pri-</strong></span> 
     </span>
    </p>
   </div>
   <div class='ocr_carea' id='block_1_37' title="bbox 532 2221 2123 2303">
    <p class='ocr_par' dir='ltr' id='par_1_37' title="bbox 532 2221 2123 2303">
     <span class='ocr_line' id='line_1_37' title="bbox 532 2221 2123 2303; baseline -0.009 -14"><span class='ocrx_word' id='word_1_257' title='bbox 532 2250 703 2300; x_wconf 92' lang='lat' dir='ltr'><strong>mum,</strong></span> <span class='ocrx_word' id='word_1_258' title='bbox 738 2241 793 2288; x_wconf 91' lang='lat' dir='ltr'><strong>et</strong></span> <span class='ocrx_word' id='word_1_259' title='bbox 818 2240 1009 2303; x_wconf 79' lang='lat' dir='ltr'><strong>gentes</strong></span> <span class='ocrx_word' id='word_1_260' title='bbox 1039 2236 1265 2300; x_wconf 83' lang='lat' dir='ltr'><strong>propter</strong></span> <span class='ocrx_word' id='word_1_261' title='bbox 1312 2224 1747 2282; x_wconf 83' lang='lat' dir='ltr'><strong>misericordiam</strong></span> <span class='ocrx_word' id='word_1_262' title='bbox 1779 2221 1876 2277; x_wconf 91' lang='lat' dir='ltr'><strong>Dei</strong></span> <span class='ocrx_word' id='word_1_263' title='bbox 1915 2229 2123 2275; x_wconf 76' lang='lat' dir='ltr'><strong>vocata:</strong></span> 
     </span>
    </p>
   </div>
   <div class='ocr_carea' id='block_1_38' title="bbox 529 2316 1691 2391">
    <p class='ocr_par' dir='ltr' id='par_1_38' title="bbox 529 2316 1691 2391">
     <span class='ocr_line' id='line_1_38' title="bbox 529 2316 1691 2391; baseline -0.01 -9"><span class='ocrx_word' id='word_1_264' title='bbox 529 2328 639 2382; x_wconf 85' lang='lat' dir='ltr'><strong>sint</strong></span> <span class='ocrx_word' id='word_1_265' title='bbox 670 2342 685 2384; x_wconf 86' lang='lat'><strong>:</strong></span> <span class='ocrx_word' id='word_1_266' title='bbox 716 2335 893 2380; x_wconf 89' lang='lat' dir='ltr'><strong>tamen</strong></span> <span class='ocrx_word' id='word_1_267' title='bbox 920 2339 1083 2378; x_wconf 92' lang='lat' dir='ltr'><strong>unum</strong></span> <span class='ocrx_word' id='word_1_268' title='bbox 1112 2336 1310 2391; x_wconf 90' lang='lat' dir='ltr'><strong>corpus</strong></span> <span class='ocrx_word' id='word_1_269' title='bbox 1341 2319 1470 2375; x_wconf 90' lang='lat' dir='ltr'><strong>estis</strong></span> <span class='ocrx_word' id='word_1_270' title='bbox 1493 2316 1691 2372; x_wconf 69' lang='lat' dir='ltr'><strong>effecti.</strong></span> 
     </span>
    </p>
   </div>
   <div class='ocr_carea' id='block_1_39' title="bbox 603 2406 2124 2483">
    <p class='ocr_par' dir='ltr' id='par_1_39' title="bbox 603 2406 2124 2483">
     <span class='ocr_line' id='line_1_39' title="bbox 603 2406 2124 2483; baseline -0.007 -11"><span class='ocrx_word' id='word_1_271' title='bbox 603 2417 752 2472; x_wconf 88' lang='lat' dir='ltr'><strong>Sicut</strong></span> <span class='ocrx_word' id='word_1_272' title='bbox 778 2426 828 2471; x_wconf 87' lang='lat' dir='ltr'><strong>et</strong></span> <span class='ocrx_word' id='word_1_273' title='bbox 863 2414 1097 2470; x_wconf 84' lang='lat' dir='ltr'><strong>Christus</strong></span> <span class='ocrx_word' id='word_1_274' title='bbox 1127 2413 1349 2483; x_wconf 86' lang='lat' dir='ltr'><strong>suscepit</strong></span> <span class='ocrx_word' id='word_1_275' title='bbox 1382 2427 1470 2466; x_wconf 85' lang='lat' dir='ltr'><strong>vos</strong></span> <span class='ocrx_word' id='word_1_276' title='bbox 1502 2411 1554 2463; x_wconf 89' lang='lat' dir='ltr'><strong>in</strong></span> <span class='ocrx_word' id='word_1_277' title='bbox 1584 2408 1832 2463; x_wconf 85' lang='lat' dir='ltr'><strong>honorem</strong></span> <span class='ocrx_word' id='word_1_278' title='bbox 1857 2406 1973 2463; x_wconf 88' lang='lat' dir='ltr'><strong>Dei.</strong></span> <span class='ocrx_word' id='word_1_279' title='bbox 2000 2406 2124 2464; x_wconf 86' lang='lat' dir='ltr'><strong>Sive</strong></span> 
     </span>
    </p>
   </div>
   <div class='ocr_carea' id='block_1_40' title="bbox 532 2501 2051 2583">
    <p class='ocr_par' dir='ltr' id='par_1_40' title="bbox 532 2501 2051 2583">
     <span class='ocr_line' id='line_1_40' title="bbox 532 2501 2051 2583; baseline -0.008 -15"><span class='ocrx_word' id='word_1_280' title='bbox 532 2512 585 2568; x_wconf 90' lang='lat' dir='ltr'><strong>in</strong></span> <span class='ocrx_word' id='word_1_281' title='bbox 608 2511 838 2583; x_wconf 81' lang='lat' dir='ltr'><strong>gloriam</strong></span> <span class='ocrx_word' id='word_1_282' title='bbox 871 2509 1173 2565; x_wconf 88' lang='lat' dir='ltr'><strong>divinitatis</strong></span> <span class='ocrx_word' id='word_1_283' title='bbox 1200 2525 1214 2561; x_wconf 91' lang='lat'><strong>:</strong></span> <span class='ocrx_word' id='word_1_284' title='bbox 1245 2508 1360 2561; x_wconf 89' lang='lat' dir='ltr'><strong>sive</strong></span> <span class='ocrx_word' id='word_1_285' title='bbox 1391 2516 1612 2577; x_wconf 87' lang='lat' dir='ltr'><strong>propter</strong></span> <span class='ocrx_word' id='word_1_286' title='bbox 1638 2504 1902 2560; x_wconf 90' lang='lat' dir='ltr'><strong>honorem</strong></span> <span class='ocrx_word' id='word_1_287' title='bbox 1929 2501 2051 2558; x_wconf 91' lang='lat' dir='ltr'><strong>Dei.</strong></span> 
     </span>
    </p>
   </div>
   <div class='ocr_carea' id='block_1_41' title="bbox 603 2596 2126 2668">
    <p class='ocr_par' dir='ltr' id='par_1_41' title="bbox 603 2596 2126 2668">
     <span class='ocr_line' id='line_1_41' title="bbox 603 2596 2126 2668; baseline -0.005 -10"><span class='ocrx_word' id='word_1_288' title='bbox 603 2605 735 2659; x_wconf 83' lang='lat' dir='ltr'><strong>Dico</strong></span> <span class='ocrx_word' id='word_1_289' title='bbox 765 2604 899 2658; x_wconf 88' lang='lat' dir='ltr'><strong>enim</strong></span> <span class='ocrx_word' id='word_1_290' title='bbox 947 2602 1211 2657; x_wconf 78' lang='lat' dir='ltr'><strong>Christum</strong></span> <span class='ocrx_word' id='word_1_291' title='bbox 1255 2598 1439 2655; x_wconf 88' lang='lat' dir='ltr'><strong>Iesum</strong></span> <span class='ocrx_word' id='word_1_292' title='bbox 1477 2600 1771 2654; x_wconf 86' lang='lat' dir='ltr'><strong>ministrum</strong></span> <span class='ocrx_word' id='word_1_293' title='bbox 1812 2598 1974 2668; x_wconf 78' lang='lat' dir='ltr'><strong>fuisse</strong></span> <span class='ocrx_word' id='word_1_294' title='bbox 2023 2596 2126 2651; x_wconf 92' lang='lat' dir='ltr'><strong>cir-</strong></span> 
     </span>
    </p>
   </div>
   <div class='ocr_carea' id='block_1_42' title="bbox 532 2691 2126 2768">
    <p class='ocr_par' dir='ltr' id='par_1_42' title="bbox 532 2691 2126 2768">
     <span class='ocr_line' id='line_1_42' title="bbox 532 2691 2126 2768; baseline -0.007 -13"><span class='ocrx_word' id='word_1_295' title='bbox 532 2698 879 2764; x_wconf 86' lang='lat' dir='ltr'><strong>cumcisionis,</strong></span> <span class='ocrx_word' id='word_1_296' title='bbox 904 2706 1113 2768; x_wconf 87' lang='lat' dir='ltr'><strong>prapter</strong></span> <span class='ocrx_word' id='word_1_297' title='bbox 1133 2696 1401 2751; x_wconf 82' lang='lat' dir='ltr'><strong>ueritatem</strong></span> <span class='ocrx_word' id='word_1_298' title='bbox 1429 2694 1549 2748; x_wconf 86' lang='lat' dir='ltr'><strong>Dei.</strong></span> <span class='ocrx_word' id='word_1_299' title='bbox 1584 2693 1681 2748; x_wconf 91' lang='lat' dir='ltr'><strong>llic</strong></span> <span class='ocrx_word' id='word_1_300' title='bbox 1707 2691 1969 2756; x_wconf 90' lang='lat' dir='ltr'><strong>ostendit,</strong></span> <span class='ocrx_word' id='word_1_301' title='bbox 1991 2705 2126 2761; x_wconf 90' lang='lat' dir='ltr'><strong>quo-</strong></span> 
     </span>
    </p>
   </div>
   <div class='ocr_carea' id='block_1_43' title="bbox 534 2783 2124 2856">
    <p class='ocr_par' dir='ltr' id='par_1_43' title="bbox 534 2783 2124 2856">
     <span class='ocr_line' id='line_1_43' title="bbox 534 2783 2124 2856; baseline -0.006 -9"><span class='ocrx_word' id='word_1_302' title='bbox 534 2792 676 2848; x_wconf 87' lang='lat' dir='ltr'><strong>niam</strong></span> <span class='ocrx_word' id='word_1_303' title='bbox 700 2789 1000 2846; x_wconf 82' lang='lat' dir='ltr'><strong>seeundum</strong></span> <span class='ocrx_word' id='word_1_304' title='bbox 1027 2804 1248 2844; x_wconf 90' lang='lat' dir='ltr'><strong>carnem</strong></span> <span class='ocrx_word' id='word_1_305' title='bbox 1272 2786 1543 2856; x_wconf 84' lang='lat' dir='ltr'><strong>Christus,</strong></span> <span class='ocrx_word' id='word_1_306' title='bbox 1561 2786 1712 2855; x_wconf 81' lang='lat' dir='ltr'><strong>juxta</strong></span> <span class='ocrx_word' id='word_1_307' title='bbox 1735 2783 2124 2855; x_wconf 88' lang='lat' dir='ltr'><strong>promissiones</strong></span> 
     </span>
    </p>
   </div>
   <div class='ocr_carea' id='block_1_44' title="bbox 534 2878 2128 2960">
    <p class='ocr_par' dir='ltr' id='par_1_44' title="bbox 534 2878 2128 2960">
     <span class='ocr_line' id='line_1_44' title="bbox 534 2878 2128 2960; baseline -0.004 -21"><span class='ocrx_word' id='word_1_308' title='bbox 534 2896 749 2960; x_wconf 79' lang='lat' dir='ltr'><strong>patrum</strong></span> <span class='ocrx_word' id='word_1_309' title='bbox 780 2901 846 2941; x_wconf 80' lang='lat' dir='ltr'><strong>ex</strong></span> <span class='ocrx_word' id='word_1_310' title='bbox 874 2885 1007 2956; x_wconf 88' lang='lat' dir='ltr'><strong>ipsis</strong></span> <span class='ocrx_word' id='word_1_311' title='bbox 1039 2894 1194 2939; x_wconf 88' lang='lat' dir='ltr'><strong>natus</strong></span> <span class='ocrx_word' id='word_1_312' title='bbox 1225 2885 1298 2937; x_wconf 90' lang='lat' dir='ltr'><strong>sit</strong></span> <span class='ocrx_word' id='word_1_313' title='bbox 1331 2900 1344 2937; x_wconf 90' lang='lat'><strong>:</strong></span> <span class='ocrx_word' id='word_1_314' title='bbox 1378 2891 1435 2937; x_wconf 89' lang='lat' dir='ltr'><strong>ut</strong></span> <span class='ocrx_word' id='word_1_315' title='bbox 1466 2892 1741 2952; x_wconf 80' lang='lat' dir='ltr'><strong>prtecepta</strong></span> <span class='ocrx_word' id='word_1_316' title='bbox 1773 2880 1907 2950; x_wconf 89' lang='lat' dir='ltr'><strong>legis</strong></span> <span class='ocrx_word' id='word_1_317' title='bbox 1936 2878 2128 2949; x_wconf 91' lang='lat' dir='ltr'><strong>imple-</strong></span> 
     </span>
    </p>
   </div>
   <div class='ocr_carea' id='block_1_45' title="bbox 533 2974 2127 3041">
    <p class='ocr_par' dir='ltr' id='par_1_45' title="bbox 533 2974 2127 3041">
     <span class='ocr_line' id='line_1_45' title="bbox 533 2974 2127 3041; baseline -0.008 -3"><span class='ocrx_word' id='word_1_318' title='bbox 533 2991 638 3038; x_wconf 90' lang='lat' dir='ltr'><strong>ret.</strong></span> <span class='ocrx_word' id='word_1_319' title='bbox 663 2981 795 3037; x_wconf 87' lang='lat' dir='ltr'><strong>Item</strong></span> <span class='ocrx_word' id='word_1_320' title='bbox 831 2995 937 3035; x_wconf 91' lang='lat' dir='ltr'><strong>non</strong></span> <span class='ocrx_word' id='word_1_321' title='bbox 968 2986 1193 3033; x_wconf 86' lang='lat' dir='ltr'><strong>venerat</strong></span> <span class='ocrx_word' id='word_1_322' title='bbox 1214 2976 1531 3041; x_wconf 88' lang='lat' dir='ltr'><strong>ministrari,</strong></span> <span class='ocrx_word' id='word_1_323' title='bbox 1560 2974 1655 3029; x_wconf 88' lang='lat' dir='ltr'><strong>sed</strong></span> <span class='ocrx_word' id='word_1_324' title='bbox 1687 2974 1999 3028; x_wconf 89' lang='lat' dir='ltr'><strong>ministrare</strong></span> <span class='ocrx_word' id='word_1_325' title='bbox 2025 2989 2038 3025; x_wconf 89' lang='lat'><strong>:</strong></span> <span class='ocrx_word' id='word_1_326' title='bbox 2071 2979 2127 3026; x_wconf 89' lang='lat' dir='ltr'><strong>et</strong></span> 
     </span>
    </p>
   </div>
   <div class='ocr_carea' id='block_1_46' title="bbox 536 3067 1941 3140">
    <p class='ocr_par' dir='ltr' id='par_1_46' title="bbox 536 3067 1941 3140">
     <span class='ocr_line' id='line_1_46' title="bbox 536 3067 1941 3140; baseline -0.009 -8"><span class='ocrx_word' id='word_1_327' title='bbox 536 3076 667 3133; x_wconf 91' lang='lat' dir='ltr'><strong>dare</strong></span> <span class='ocrx_word' id='word_1_328' title='bbox 695 3076 931 3131; x_wconf 86' lang='lat' dir='ltr'><strong>animam</strong></span> <span class='ocrx_word' id='word_1_329' title='bbox 964 3088 1119 3129; x_wconf 91' lang='lat' dir='ltr'><strong>suam</strong></span> <span class='ocrx_word' id='word_1_330' title='bbox 1150 3069 1582 3140; x_wconf 90' lang='lat' dir='ltr'><strong>redemptionem</strong></span> <span class='ocrx_word' id='word_1_331' title='bbox 1611 3083 1711 3140; x_wconf 84' lang='lat' dir='ltr'><strong>pro</strong></span> <span class='ocrx_word' id='word_1_332' title='bbox 1739 3067 1941 3122; x_wconf 90' lang='lat' dir='ltr'><strong>multis.</strong></span> 
     </span>
    </p>
   </div>
   <div class='ocr_carea' id='block_1_47' title="bbox 2228 1855 3783 1929">
    <p class='ocr_par' dir='ltr' id='par_1_47' title="bbox 2228 1855 3783 1929">
     <span class='ocr_line' id='line_1_47' title="bbox 2228 1855 3783 1929; baseline -0.001 -17"><span class='ocrx_word' id='word_1_333' title='bbox 2228 1857 2404 1912; x_wconf 88' lang='lat' dir='ltr'><strong>Immo</strong></span> <span class='ocrx_word' id='word_1_334' title='bbox 2436 1856 2559 1913; x_wconf 91' lang='lat' dir='ltr'><strong>ideo</strong></span> <span class='ocrx_word' id='word_1_335' title='bbox 2600 1856 2771 1929; x_wconf 88' lang='lat' dir='ltr'><strong>magis</strong></span> <span class='ocrx_word' id='word_1_336' title='bbox 2816 1856 3095 1914; x_wconf 86' lang='lat' dir='ltr'><strong>scribendi</strong></span> <span class='ocrx_word' id='word_1_337' title='bbox 3144 1856 3395 1912; x_wconf 90' lang='lat' dir='ltr'><strong>ﬁduciam</strong></span> <span class='ocrx_word' id='word_1_338' title='bbox 3452 1855 3641 1923; x_wconf 81' lang='lat' dir='ltr'><strong>habui,</strong></span> <span class='ocrx_word' id='word_1_339' title='bbox 3679 1858 3783 1927; x_wconf 79' lang='lat' dir='ltr'><strong>quia</strong></span> 
     </span>
    </p>
   </div>
   <div class='ocr_carea' id='block_1_48' title="bbox 2228 1949 3785 2022">
    <p class='ocr_par' dir='ltr' id='par_1_48' title="bbox 2228 1949 3785 2022">
     <span class='ocr_line' id='line_1_48' title="bbox 2228 1949 3785 2022; baseline -0.001 -15"><span class='ocrx_word' id='word_1_340' title='bbox 2228 1951 2353 2007; x_wconf 92' lang='lat' dir='ltr'><strong>novi</strong></span> <span class='ocrx_word' id='word_1_341' title='bbox 2383 1966 2478 2006; x_wconf 91' lang='lat' dir='ltr'><strong>vos</strong></span> <span class='ocrx_word' id='word_1_342' title='bbox 2506 1959 2564 2006; x_wconf 91' lang='lat' dir='ltr'><strong>ut</strong></span> <span class='ocrx_word' id='word_1_343' title='bbox 2596 1952 2909 2022; x_wconf 88' lang='lat' dir='ltr'><strong>prudentes,</strong></span> <span class='ocrx_word' id='word_1_344' title='bbox 2933 1951 3045 2007; x_wconf 88' lang='lat' dir='ltr'><strong>cito</strong></span> <span class='ocrx_word' id='word_1_345' title='bbox 3070 1950 3319 2021; x_wconf 87' lang='lat' dir='ltr'><strong>accipere</strong></span> <span class='ocrx_word' id='word_1_346' title='bbox 3337 1951 3603 2007; x_wconf 85' lang='lat' dir='ltr'><strong>rationem</strong></span> <span class='ocrx_word' id='word_1_347' title='bbox 3628 1967 3640 2004; x_wconf 90' lang='lat'><strong>:</strong></span> <span class='ocrx_word' id='word_1_348' title='bbox 3669 1949 3785 2005; x_wconf 89' lang='lat' dir='ltr'><strong>sicut</strong></span> 
     </span>
    </p>
   </div>
   <div class='ocr_carea' id='block_1_49' title="bbox 2227 2038 3783 2113">
    <p class='ocr_par' dir='ltr' id='par_1_49' title="bbox 2227 2038 3783 2113">
     <span class='ocr_line' id='line_1_49' title="bbox 2227 2038 3783 2113; baseline -0.001 -18"><span class='ocrx_word' id='word_1_349' title='bbox 2227 2042 2489 2113; x_wconf 90' lang='lat' dir='ltr'><strong>scriptum</strong></span> <span class='ocrx_word' id='word_1_350' title='bbox 2520 2050 2605 2097; x_wconf 86' lang='lat' dir='ltr'><strong>est</strong></span> <span class='ocrx_word' id='word_1_351' title='bbox 2634 2058 2648 2095; x_wconf 91' lang='lat'><strong>:</strong></span> <span class='ocrx_word' id='word_1_352' title='bbox 2683 2041 2864 2112; x_wconf 82' lang='lat' dir='ltr'><strong>Argue</strong></span> <span class='ocrx_word' id='word_1_353' title='bbox 2890 2042 3218 2113; x_wconf 87' lang='lat' dir='ltr'><strong>sapientem,</strong></span> <span class='ocrx_word' id='word_1_354' title='bbox 3250 2051 3305 2097; x_wconf 91' lang='lat' dir='ltr'><strong>et</strong></span> <span class='ocrx_word' id='word_1_355' title='bbox 3329 2040 3535 2097; x_wconf 88' lang='lat' dir='ltr'><strong>amabit</strong></span> <span class='ocrx_word' id='word_1_356' title='bbox 3564 2050 3634 2096; x_wconf 92' lang='lat' dir='ltr'><strong>te.</strong></span> <span class='ocrx_word' id='word_1_357' title='bbox 3675 2038 3783 2094; x_wconf 86' lang='lat' dir='ltr'><strong>Item</strong></span> 
     </span>
    </p>
   </div>
   <div class='ocr_carea' id='block_1_50' title="bbox 2229 2135 3787 2209">
    <p class='ocr_par' dir='ltr' id='par_1_50' title="bbox 2229 2135 3787 2209">
     <span class='ocr_line' id='line_1_50' title="bbox 2229 2135 3787 2209; baseline -0.001 -18"><span class='ocrx_word' id='word_1_358' title='bbox 2229 2135 2332 2192; x_wconf 89' lang='lat' dir='ltr'><strong>hoc</strong></span> <span class='ocrx_word' id='word_1_359' title='bbox 2363 2138 2485 2193; x_wconf 89' lang='lat' dir='ltr'><strong>loco</strong></span> <span class='ocrx_word' id='word_1_360' title='bbox 2513 2147 2605 2192; x_wconf 91' lang='lat' dir='ltr'><strong>aut</strong></span> <span class='ocrx_word' id='word_1_361' title='bbox 2650 2136 2943 2191; x_wconf 89' lang='lat' dir='ltr'><strong>humilians</strong></span> <span class='ocrx_word' id='word_1_362' title='bbox 2987 2152 3047 2193; x_wconf 89' lang='lat' dir='ltr'><strong>se</strong></span> <span class='ocrx_word' id='word_1_363' title='bbox 3088 2138 3384 2208; x_wconf 85' lang='lat' dir='ltr'><strong>Apostolus</strong></span> <span class='ocrx_word' id='word_1_364' title='bbox 3411 2137 3644 2209; x_wconf 89' lang='lat' dir='ltr'><strong>loquitur</strong></span> <span class='ocrx_word' id='word_1_365' title='bbox 3675 2154 3688 2193; x_wconf 91' lang='lat'><strong>:</strong></span> <span class='ocrx_word' id='word_1_366' title='bbox 3714 2145 3787 2191; x_wconf 87' lang='lat' dir='ltr'><strong>aut</strong></span> 
     </span>
    </p>
   </div>
   <div class='ocr_carea' id='block_1_51' title="bbox 2226 2228 3784 2303">
    <p class='ocr_par' dir='ltr' id='par_1_51' title="bbox 2226 2228 3784 2303">
     <span class='ocr_line' id='line_1_51' title="bbox 2226 2228 3784 2303; baseline -0.003 -18"><span class='ocrx_word' id='word_1_367' title='bbox 2226 2239 2377 2285; x_wconf 91' lang='lat' dir='ltr'><strong>certe</strong></span> <span class='ocrx_word' id='word_1_368' title='bbox 2397 2230 2651 2300; x_wconf 90' lang='lat' dir='ltr'><strong>quoniam</strong></span> <span class='ocrx_word' id='word_1_369' title='bbox 2685 2228 3014 2286; x_wconf 85' lang='lat' dir='ltr'><strong>habentibus</strong></span> <span class='ocrx_word' id='word_1_370' title='bbox 3039 2230 3151 2302; x_wconf 88' lang='lat' dir='ltr'><strong>jam</strong></span> <span class='ocrx_word' id='word_1_371' title='bbox 3181 2230 3617 2303; x_wconf 84' lang='lat' dir='ltr'><strong>praedicationem</strong></span> <span class='ocrx_word' id='word_1_372' title='bbox 3640 2228 3784 2295; x_wconf 83' lang='lat' dir='ltr'><strong>Petri,</strong></span> 
     </span>
    </p>
   </div>
   <div class='ocr_carea' id='block_1_52' title="bbox 2163 2323 2915 2395">
    <p class='ocr_par' dir='ltr' id='par_1_52' title="bbox 2163 2323 2915 2395">
     <span class='ocr_line' id='line_1_52' title="bbox 2163 2323 2915 2395; baseline -0.001 -17"><span class='ocrx_word' id='word_1_373' title='bbox 2163 2378 2169 2385; x_wconf 85' lang='grc'><em>,</em></span> <span class='ocrx_word' id='word_1_374' title='bbox 2228 2323 2344 2395; x_wconf 91' lang='lat' dir='ltr'><strong>ipse</strong></span> <span class='ocrx_word' id='word_1_375' title='bbox 2372 2324 2569 2379; x_wconf 84' lang='lat' dir='ltr'><strong>audeat</strong></span> <span class='ocrx_word' id='word_1_376' title='bbox 2594 2323 2915 2394; x_wconf 76' lang='lat' dir='ltr'><strong>prtedicarc.</strong></span> 
     </span>
    </p>
   </div>
   <div class='ocr_carea' id='block_1_53' title="bbox 2303 2414 3789 2489">
    <p class='ocr_par' dir='ltr' id='par_1_53' title="bbox 2303 2414 3789 2489">
     <span class='ocr_line' id='line_1_53' title="bbox 2303 2414 3789 2489; baseline -0.002 -17"><span class='ocrx_word' id='word_1_377' title='bbox 2303 2418 2584 2489; x_wconf 86' lang='lat' dir='ltr'><strong>Tamquam</strong></span> <span class='ocrx_word' id='word_1_378' title='bbox 2626 2420 2678 2472; x_wconf 87' lang='lat' dir='ltr'><strong>in</strong></span> <span class='ocrx_word' id='word_1_379' title='bbox 2710 2421 3009 2473; x_wconf 87' lang='lat' dir='ltr'><strong>memoriam</strong></span> <span class='ocrx_word' id='word_1_380' title='bbox 3056 2433 3143 2473; x_wconf 86' lang='lat' dir='ltr'><strong>vos</strong></span> <span class='ocrx_word' id='word_1_381' title='bbox 3190 2418 3464 2473; x_wconf 87' lang='lat' dir='ltr'><strong>reducens.</strong></span> <span class='ocrx_word' id='word_1_382' title='bbox 3510 2414 3789 2473; x_wconf 84' lang='lat' dir='ltr'><strong>Recordaas</strong></span> 
     </span>
    </p>
   </div>
   <div class='ocr_carea' id='block_1_54' title="bbox 2228 2511 3788 2585">
    <p class='ocr_par' dir='ltr' id='par_1_54' title="bbox 2228 2511 3788 2585">
     <span class='ocr_line' id='line_1_54' title="bbox 2228 2511 3788 2585; baseline -0.001 -18"><span class='ocrx_word' id='word_1_383' title='bbox 2228 2527 2328 2568; x_wconf 87' lang='lat' dir='ltr'><strong>vos</strong></span> <span class='ocrx_word' id='word_1_384' title='bbox 2352 2528 2474 2568; x_wconf 88' lang='lat' dir='ltr'><strong>esse</strong></span> <span class='ocrx_word' id='word_1_385' title='bbox 2498 2513 2817 2583; x_wconf 86' lang='lat' dir='ltr'><strong>prudentes,</strong></span> <span class='ocrx_word' id='word_1_386' title='bbox 2846 2514 2967 2571; x_wconf 90' lang='lat' dir='ltr'><strong>sive</strong></span> <span class='ocrx_word' id='word_1_387' title='bbox 2987 2530 3093 2570; x_wconf 90' lang='lat' dir='ltr'><strong>non</strong></span> <span class='ocrx_word' id='word_1_388' title='bbox 3119 2514 3360 2585; x_wconf 87' lang='lat' dir='ltr'><strong>ignaros,</strong></span> <span class='ocrx_word' id='word_1_389' title='bbox 3391 2529 3499 2570; x_wconf 90' lang='lat' dir='ltr'><strong>non</strong></span> <span class='ocrx_word' id='word_1_390' title='bbox 3517 2511 3788 2581; x_wconf 81' lang='lat' dir='ltr'><strong>doceo,sed</strong></span> 
     </span>
    </p>
   </div>
   <div class='ocr_carea' id='block_1_55' title="bbox 2233 2606 2953 2674">
    <p class='ocr_par' dir='ltr' id='par_1_55' title="bbox 2233 2606 2953 2674">
     <span class='ocr_line' id='line_1_55' title="bbox 2233 2606 2953 2674; baseline -0.001 -12"><span class='ocrx_word' id='word_1_391' title='bbox 2233 2620 2580 2674; x_wconf 85' lang='lat' dir='ltr'><strong>commoneo,</strong></span> <span class='ocrx_word' id='word_1_392' title='bbox 2609 2617 2667 2662; x_wconf 92' lang='lat' dir='ltr'><strong>ut</strong></span> <span class='ocrx_word' id='word_1_393' title='bbox 2697 2606 2953 2663; x_wconf 85' lang='lat' dir='ltr'><strong>scientes.</strong></span> 
     </span>
    </p>
   </div>
   <div class='ocr_carea' id='block_1_56' title="bbox 2303 2697 3786 2773">
    <p class='ocr_par' dir='ltr' id='par_1_56' title="bbox 2303 2697 3786 2773">
     <span class='ocr_line' id='line_1_56' title="bbox 2303 2697 3786 2773; baseline -0.002 -19"><span class='ocrx_word' id='word_1_394' title='bbox 2303 2700 2527 2773; x_wconf 89' lang='lat' dir='ltr'><strong>Pr0pter</strong></span> <span class='ocrx_word' id='word_1_395' title='bbox 2562 2703 2816 2773; x_wconf 86' lang='lat' dir='ltr'><strong>gratiam,</strong></span> <span class='ocrx_word' id='word_1_396' title='bbox 2859 2717 2975 2773; x_wconf 80' lang='lat' dir='ltr'><strong>qute</strong></span> <span class='ocrx_word' id='word_1_397' title='bbox 3012 2702 3135 2756; x_wconf 88' lang='lat' dir='ltr'><strong>data</strong></span> <span class='ocrx_word' id='word_1_398' title='bbox 3184 2711 3258 2758; x_wconf 88' lang='lat' dir='ltr'><strong>est</strong></span> <span class='ocrx_word' id='word_1_399' title='bbox 3296 2701 3427 2757; x_wconf 88' lang='lat' dir='ltr'><strong>mihi</strong></span> <span class='ocrx_word' id='word_1_400' title='bbox 3448 2720 3481 2755; x_wconf 88' lang='lat' dir='ltr'><strong>a</strong></span> <span class='ocrx_word' id='word_1_401' title='bbox 3518 2699 3643 2756; x_wconf 88' lang='lat' dir='ltr'><strong>Deo.</strong></span> <span class='ocrx_word' id='word_1_402' title='bbox 3690 2697 3786 2753; x_wconf 79' lang='lat' dir='ltr'><strong>Non</strong></span> 
     </span>
    </p>
   </div>
   <div class='ocr_carea' id='block_1_57' title="bbox 2231 2792 3787 2869">
    <p class='ocr_par' dir='ltr' id='par_1_57' title="bbox 2231 2792 3787 2869">
     <span class='ocr_line' id='line_1_57' title="bbox 2231 2792 3787 2869; baseline -0.002 -21"><span class='ocrx_word' id='word_1_403' title='bbox 2231 2804 2453 2864; x_wconf 90' lang='lat' dir='ltr'><strong>propter</strong></span> <span class='ocrx_word' id='word_1_404' title='bbox 2474 2810 2696 2849; x_wconf 90' lang='lat' dir='ltr'><strong>munera</strong></span> <span class='ocrx_word' id='word_1_405' title='bbox 2728 2794 3066 2869; x_wconf 82' lang='lat' dir='ltr'><strong>terrena,vel</strong></span> <span class='ocrx_word' id='word_1_406' title='bbox 3091 2794 3327 2863; x_wconf 88' lang='lat' dir='ltr'><strong>laudem,</strong></span> <span class='ocrx_word' id='word_1_407' title='bbox 3357 2795 3452 2851; x_wconf 91' lang='lat' dir='ltr'><strong>sed</strong></span> <span class='ocrx_word' id='word_1_408' title='bbox 3482 2803 3539 2849; x_wconf 90' lang='lat' dir='ltr'><strong>ut</strong></span> <span class='ocrx_word' id='word_1_409' title='bbox 3569 2792 3787 2864; x_wconf 86' lang='lat' dir='ltr'><strong>impleam</strong></span> 
     </span>
    </p>
   </div>
   <div class='ocr_carea' id='block_1_58' title="bbox 2230 2886 2901 2957">
    <p class='ocr_par' dir='ltr' id='par_1_58' title="bbox 2230 2886 2901 2957">
     <span class='ocr_line' id='line_1_58' title="bbox 2230 2886 2901 2957; baseline -0.003 -15"><span class='ocrx_word' id='word_1_410' title='bbox 2230 2886 2494 2953; x_wconf 90' lang='lat' dir='ltr'><strong>ofﬁcium,</strong></span> <span class='ocrx_word' id='word_1_411' title='bbox 2522 2887 2665 2957; x_wconf 89' lang='lat' dir='ltr'><strong>quod</strong></span> <span class='ocrx_word' id='word_1_412' title='bbox 2696 2888 2901 2957; x_wconf 88' lang='lat' dir='ltr'><strong>accepi.</strong></span> 
     </span>
    </p>
   </div>
   <div class='ocr_carea' id='block_1_59' title="bbox 2307 2977 3791 3053">
    <p class='ocr_par' dir='ltr' id='par_1_59' title="bbox 2307 2977 3791 3053">
     <span class='ocr_line' id='line_1_59' title="bbox 2307 2977 3791 3053; baseline 0 -20"><span class='ocrx_word' id='word_1_413' title='bbox 2307 2977 2373 3033; x_wconf 90' lang='lat' dir='ltr'><strong>Ut</strong></span> <span class='ocrx_word' id='word_1_414' title='bbox 2403 2980 2501 3032; x_wconf 91' lang='lat' dir='ltr'><strong>sim</strong></span> <span class='ocrx_word' id='word_1_415' title='bbox 2532 2979 2766 3034; x_wconf 84' lang='lat' dir='ltr'><strong>minister</strong></span> <span class='ocrx_word' id='word_1_416' title='bbox 2796 2978 2992 3034; x_wconf 81' lang='lat' dir='ltr'><strong>Christi</strong></span> <span class='ocrx_word' id='word_1_417' title='bbox 3021 2978 3147 3035; x_wconf 89' lang='lat' dir='ltr'><strong>Iesu</strong></span> <span class='ocrx_word' id='word_1_418' title='bbox 3183 2981 3237 3035; x_wconf 89' lang='lat' dir='ltr'><strong>in</strong></span> <span class='ocrx_word' id='word_1_419' title='bbox 3266 2980 3530 3053; x_wconf 87' lang='lat' dir='ltr'><strong>gentibus.</strong></span> <span class='ocrx_word' id='word_1_420' title='bbox 3564 2978 3791 3035; x_wconf 82' lang='lat' dir='ltr'><strong>Serviens</strong></span> 
     </span>
    </p>
   </div>
   <div class='ocr_carea' id='block_1_60' title="bbox 2233 3071 3792 3146">
    <p class='ocr_par' dir='ltr' id='par_1_60' title="bbox 2233 3071 3792 3146">
     <span class='ocr_line' id='line_1_60' title="bbox 2233 3071 3792 3146; baseline 0.001 -20"><span class='ocrx_word' id='word_1_421' title='bbox 2233 3071 2546 3143; x_wconf 85' lang='lat' dir='ltr'><strong>Evangelio,</strong></span> <span class='ocrx_word' id='word_1_422' title='bbox 2580 3072 2683 3129; x_wconf 91' lang='lat' dir='ltr'><strong>hoc</strong></span> <span class='ocrx_word' id='word_1_423' title='bbox 2705 3083 2807 3142; x_wconf 89' lang='lat' dir='ltr'><strong>est,</strong></span> <span class='ocrx_word' id='word_1_424' title='bbox 2843 3088 3106 3131; x_wconf 88' lang='lat' dir='ltr'><strong>revocans</strong></span> <span class='ocrx_word' id='word_1_425' title='bbox 3143 3075 3193 3131; x_wconf 90' lang='lat' dir='ltr'><strong>ei</strong></span> <span class='ocrx_word' id='word_1_426' title='bbox 3229 3088 3421 3131; x_wconf 90' lang='lat' dir='ltr'><strong>servos</strong></span> <span class='ocrx_word' id='word_1_427' title='bbox 3446 3072 3698 3146; x_wconf 89' lang='lat' dir='ltr'><strong>quosdam</strong></span> <span class='ocrx_word' id='word_1_428' title='bbox 3723 3071 3792 3127; x_wconf 88' lang='lat' dir='ltr'><strong>fu-</strong></span> 
     </span>
    </p>
   </div>
   <div class='ocr_carea' id='block_1_61' title="bbox 608 3149 2448 3237">
    <p class='ocr_par' dir='ltr' id='par_1_61' title="bbox 608 3149 2448 3237">
     <span class='ocr_line' id='line_1_61' title="bbox 608 3149 2448 3237; baseline -0.005 -15"><span class='ocrx_word' id='word_1_429' title='bbox 608 3168 690 3222; x_wconf 81' lang='lat' dir='ltr'><strong>Ad</strong></span> <span class='ocrx_word' id='word_1_430' title='bbox 718 3164 1105 3237; x_wconf 80' lang='lat' dir='ltr'><strong>conﬁrmandus</strong></span> <span class='ocrx_word' id='word_1_431' title='bbox 1150 3162 1522 3234; x_wconf 85' lang='lat' dir='ltr'><strong>promissiones</strong></span> <span class='ocrx_word' id='word_1_432' title='bbox 1574 3166 1817 3231; x_wconf 78' lang='lat' dir='ltr'><strong>patrum.</strong></span> <span class='ocrx_word' id='word_1_433' title='bbox 1851 3157 1987 3225; x_wconf 84' lang='lat' dir='ltr'><strong>Quia</strong></span> <span class='ocrx_word' id='word_1_434' title='bbox 2019 3157 2126 3214; x_wconf 90' lang='lat' dir='ltr'><strong>illis</strong></span> <span class='ocrx_word' id='word_1_435' title='bbox 2155 3149 2200 3213; x_wconf 90' lang='lat' dir='ltr'><strong>C</strong></span> <span class='ocrx_word' id='word_1_436' title='bbox 2230 3164 2448 3234; x_wconf 69' lang='lat' dir='ltr'><strong>gitivos.</strong></span> 
     </span>
    </p>
   </div>
   <div class='ocr_carea' id='block_1_62' title="bbox 538 3250 2126 3336">
    <p class='ocr_par' dir='ltr' id='par_1_62' title="bbox 538 3250 2126 3336">
     <span class='ocr_line' id='line_1_62' title="bbox 538 3250 2126 3336; baseline -0.009 -17"><span class='ocrx_word' id='word_1_437' title='bbox 538 3263 868 3336; x_wconf 89' lang='lat' dir='ltr'><strong>promiserat</strong></span> <span class='ocrx_word' id='word_1_438' title='bbox 890 3258 1165 3323; x_wconf 85' lang='lat' dir='ltr'><strong>Christus,</strong></span> <span class='ocrx_word' id='word_1_439' title='bbox 1193 3255 1336 3312; x_wconf 90' lang='lat' dir='ltr'><strong>sicut</strong></span> <span class='ocrx_word' id='word_1_440' title='bbox 1365 3255 1481 3326; x_wconf 90' lang='lat' dir='ltr'><strong>ipse</strong></span> <span class='ocrx_word' id='word_1_441' title='bbox 1512 3254 1643 3309; x_wconf 91' lang='lat' dir='ltr'><strong>dicit</strong></span> <span class='ocrx_word' id='word_1_442' title='bbox 1676 3270 1689 3307; x_wconf 90' lang='lat'>:</span> <span class='ocrx_word' id='word_1_443' title='bbox 1724 3252 1841 3308; x_wconf 87' lang='lat' dir='ltr'><strong>Non</strong></span> <span class='ocrx_word' id='word_1_444' title='bbox 1869 3252 1991 3307; x_wconf 86' lang='lat' dir='ltr'><strong>veni</strong></span> <span class='ocrx_word' id='word_1_445' title='bbox 2023 3250 2126 3305; x_wconf 92' lang='lat' dir='ltr'><strong>nisi</strong></span> 
     </span>
    </p>
   </div>
   <div class='ocr_carea' id='block_1_63' title="bbox 537 3347 1476 3425">
    <p class='ocr_par' dir='ltr' id='par_1_63' title="bbox 537 3347 1476 3425">
     <span class='ocr_line' id='line_1_63' title="bbox 537 3347 1476 3425; baseline -0.012 -14"><span class='ocrx_word' id='word_1_446' title='bbox 537 3356 605 3412; x_wconf 88' lang='lat' dir='ltr'><strong>ad</strong></span> <span class='ocrx_word' id='word_1_447' title='bbox 631 3368 762 3411; x_wconf 90' lang='lat' dir='ltr'><strong>oves</strong></span> <span class='ocrx_word' id='word_1_448' title='bbox 790 3352 1033 3425; x_wconf 88' lang='lat' dir='ltr'><strong>perditas</strong></span> <span class='ocrx_word' id='word_1_449' title='bbox 1061 3350 1254 3408; x_wconf 90' lang='lat' dir='ltr'><strong>domus</strong></span> <span class='ocrx_word' id='word_1_450' title='bbox 1282 3347 1476 3404; x_wconf 84' lang='lat' dir='ltr'><strong>Israel.</strong></span> 
     </span>
    </p>
   </div>
   <div class='ocr_carea' id='block_1_64' title="bbox 608 3437 2123 3513">
    <p class='ocr_par' dir='ltr' id='par_1_64' title="bbox 608 3437 2123 3513">
     <span class='ocr_line' id='line_1_64' title="bbox 608 3437 2123 3513; baseline -0.007 -10"><span class='ocrx_word' id='word_1_451' title='bbox 608 3447 800 3503; x_wconf 79' lang='lat' dir='ltr'><strong>Gentes</strong></span> <span class='ocrx_word' id='word_1_452' title='bbox 839 3457 1012 3501; x_wconf 88' lang='lat' dir='ltr'><strong>autem</strong></span> <span class='ocrx_word' id='word_1_453' title='bbox 1054 3459 1210 3513; x_wconf 88' lang='lat' dir='ltr'><strong>super</strong></span> <span class='ocrx_word' id='word_1_454' title='bbox 1250 3440 1605 3496; x_wconf 86' lang='lat' dir='ltr'><strong>misericordia</strong></span> <span class='ocrx_word' id='word_1_455' title='bbox 1645 3440 1902 3494; x_wconf 86' lang='lat' dir='ltr'><strong>honorare</strong></span> <span class='ocrx_word' id='word_1_456' title='bbox 1936 3437 2123 3493; x_wconf 86' lang='lat' dir='ltr'><strong>Deum.</strong></span> 
     </span>
    </p>
   </div>
   <div class='ocr_carea' id='block_1_65' title="bbox 540 3536 1670 3610">
    <p class='ocr_par' dir='ltr' id='par_1_65' title="bbox 540 3536 1670 3610">
     <span class='ocr_line' id='line_1_65' title="bbox 540 3536 1670 3610; baseline -0.006 -12"><span class='ocrx_word' id='word_1_457' title='bbox 540 3541 639 3598; x_wconf 86' lang='lat' dir='ltr'><strong>Cui</strong></span> <span class='ocrx_word' id='word_1_458' title='bbox 666 3542 810 3597; x_wconf 90' lang='lat' dir='ltr'><strong>enim</strong></span> <span class='ocrx_word' id='word_1_459' title='bbox 836 3540 959 3610; x_wconf 88' lang='lat' dir='ltr'><strong>plus</strong></span> <span class='ocrx_word' id='word_1_460' title='bbox 988 3537 1298 3605; x_wconf 83' lang='lat' dir='ltr'><strong>dimittitur,</strong></span> <span class='ocrx_word' id='word_1_461' title='bbox 1328 3536 1449 3607; x_wconf 89' lang='lat' dir='ltr'><strong>plus</strong></span> <span class='ocrx_word' id='word_1_462' title='bbox 1472 3536 1670 3607; x_wconf 79' lang='lat' dir='ltr'><strong>diligit.</strong></span> 
     </span>
    </p>
   </div>
   <div class='ocr_carea' id='block_1_66' title="bbox 612 3629 2129 3707">
    <p class='ocr_par' dir='ltr' id='par_1_66' title="bbox 612 3629 2129 3707">
     <span class='ocr_line' id='line_1_66' title="bbox 612 3629 2129 3707; baseline -0.007 -14"><span class='ocrx_word' id='word_1_463' title='bbox 612 3636 761 3693; x_wconf 88' lang='lat' dir='ltr'><strong>Sicut</strong></span> <span class='ocrx_word' id='word_1_464' title='bbox 806 3634 1055 3707; x_wconf 83' lang='lat' dir='ltr'><strong>scriptum</strong></span> <span class='ocrx_word' id='word_1_465' title='bbox 1106 3640 1182 3687; x_wconf 86' lang='lat' dir='ltr'><strong>est</strong></span> <span class='ocrx_word' id='word_1_466' title='bbox 1225 3647 1244 3685; x_wconf 89' lang='lat'><strong><em>:</em></strong></span> <span class='ocrx_word' id='word_1_467' title='bbox 1287 3630 1572 3703; x_wconf 87' lang='lat' dir='ltr'><strong>Pr0pterea</strong></span> <span class='ocrx_word' id='word_1_468' title='bbox 1620 3630 1901 3701; x_wconf 82' lang='lat' dir='ltr'><strong>conﬁtebor</strong></span> <span class='ocrx_word' id='word_1_469' title='bbox 1935 3629 2028 3684; x_wconf 89' lang='lat' dir='ltr'><strong>tibi</strong></span> <span class='ocrx_word' id='word_1_470' title='bbox 2075 3629 2129 3683; x_wconf 87' lang='lat' dir='ltr'><strong>in</strong></span> 
     </span>
    </p>
   </div>
   <div class='ocr_carea' id='block_1_67' title="bbox 539 3724 2131 3804">
    <p class='ocr_par' dir='ltr' id='par_1_67' title="bbox 539 3724 2131 3804">
     <span class='ocr_line' id='line_1_67' title="bbox 539 3724 2131 3804; baseline -0.004 -19"><span class='ocrx_word' id='word_1_471' title='bbox 539 3731 793 3804; x_wconf 84' lang='lat' dir='ltr'><strong>gentibus,</strong></span> <span class='ocrx_word' id='word_1_472' title='bbox 818 3729 1061 3795; x_wconf 86' lang='lat' dir='ltr'><strong>Domine,</strong></span> <span class='ocrx_word' id='word_1_473' title='bbox 1085 3737 1132 3783; x_wconf 91' lang='lat' dir='ltr'><strong>et</strong></span> <span class='ocrx_word' id='word_1_474' title='bbox 1161 3728 1359 3782; x_wconf 88' lang='lat' dir='ltr'><strong>nomini</strong></span> <span class='ocrx_word' id='word_1_475' title='bbox 1387 3738 1476 3781; x_wconf 92' lang='lat' dir='ltr'><strong>tuo</strong></span> <span class='ocrx_word' id='word_1_476' title='bbox 1498 3726 1735 3780; x_wconf 87' lang='lat' dir='ltr'><strong>cantabo.</strong></span> <span class='ocrx_word' id='word_1_477' title='bbox 1763 3726 1909 3780; x_wconf 87' lang='lat' dir='ltr'><strong>Tulit</strong></span> <span class='ocrx_word' id='word_1_478' title='bbox 1929 3724 2131 3780; x_wconf 77' lang='lat' dir='ltr'><strong>Judzeis</strong></span> 
     </span>
    </p>
   </div>
   <div class='ocr_carea' id='block_1_68' title="bbox 540 3818 2129 3894">
    <p class='ocr_par' dir='ltr' id='par_1_68' title="bbox 540 3818 2129 3894">
     <span class='ocr_line' id='line_1_68' title="bbox 540 3818 2129 3894; baseline -0.006 -15"><span class='ocrx_word' id='word_1_479' title='bbox 540 3823 931 3894; x_wconf 80' lang='lat' dir='ltr'><strong>arrogantiam,</strong></span> <span class='ocrx_word' id='word_1_480' title='bbox 964 3821 1092 3876; x_wconf 89' lang='lat' dir='ltr'><strong>dmn</strong></span> <span class='ocrx_word' id='word_1_481' title='bbox 1122 3821 1364 3892; x_wconf 87' lang='lat' dir='ltr'><strong>gentium</strong></span> <span class='ocrx_word' id='word_1_482' title='bbox 1400 3820 1629 3874; x_wconf 90' lang='lat' dir='ltr'><strong>salutem</strong></span> <span class='ocrx_word' id='word_1_483' title='bbox 1660 3818 1825 3874; x_wconf 90' lang='lat' dir='ltr'><strong>docet</strong></span> <span class='ocrx_word' id='word_1_484' title='bbox 1852 3832 1976 3873; x_wconf 79' lang='lat' dir='ltr'><strong>esse</strong></span> <span class='ocrx_word' id='word_1_485' title='bbox 1994 3832 2129 3888; x_wconf 83' lang='lat' dir='ltr'><strong>prae-</strong></span> 
     </span>
    </p>
   </div>
   <div class='ocr_carea' id='block_1_69' title="bbox 540 3911 2129 3987">
    <p class='ocr_par' dir='ltr' id='par_1_69' title="bbox 540 3911 2129 3987">
     <span class='ocr_line' id='line_1_69' title="bbox 540 3911 2129 3987; baseline -0.005 -13"><span class='ocrx_word' id='word_1_486' title='bbox 540 3920 744 3975; x_wconf 89' lang='lat' dir='ltr'><strong>dictam</strong></span> <span class='ocrx_word' id='word_1_487' title='bbox 770 3935 784 3970; x_wconf 92' lang='lat'><strong>:</strong></span> <span class='ocrx_word' id='word_1_488' title='bbox 810 3917 1056 3987; x_wconf 88' lang='lat' dir='ltr'><strong>quamvis</strong></span> <span class='ocrx_word' id='word_1_489' title='bbox 1082 3930 1188 3971; x_wconf 92' lang='lat' dir='ltr'><strong>non</strong></span> <span class='ocrx_word' id='word_1_490' title='bbox 1221 3916 1386 3970; x_wconf 86' lang='lat' dir='ltr'><strong>fuerit</strong></span> <span class='ocrx_word' id='word_1_491' title='bbox 1420 3914 1695 3969; x_wconf 89' lang='lat' dir='ltr'><strong>nuntiatus</strong></span> <span class='ocrx_word' id='word_1_492' title='bbox 1723 3913 1839 3982; x_wconf 87' lang='lat' dir='ltr'><strong>ipse</strong></span> <span class='ocrx_word' id='word_1_493' title='bbox 1879 3911 2129 3967; x_wconf 83' lang='lat' dir='ltr'><strong>Christus</strong></span> 
     </span>
    </p>
   </div>
   <div class='ocr_carea' id='block_1_70' title="bbox 539 4007 2130 4083">
    <p class='ocr_par' dir='ltr' id='par_1_70' title="bbox 539 4007 2130 4083">
     <span class='ocr_line' id='line_1_70' title="bbox 539 4007 2130 4083; baseline -0.004 -15"><span class='ocrx_word' id='word_1_494' title='bbox 539 4014 593 4069; x_wconf 91' lang='lat' dir='ltr'><strong>in</strong></span> <span class='ocrx_word' id='word_1_495' title='bbox 630 4011 910 4083; x_wconf 90' lang='lat' dir='ltr'><strong>gentibus.</strong></span> <span class='ocrx_word' id='word_1_496' title='bbox 952 4010 1256 4065; x_wconf 89' lang='lat' dir='ltr'><strong>Confitetur</strong></span> <span class='ocrx_word' id='word_1_497' title='bbox 1284 4024 1379 4064; x_wconf 89' lang='lat' dir='ltr'><strong>eos</strong></span> <span class='ocrx_word' id='word_1_498' title='bbox 1408 4007 1837 4064; x_wconf 89' lang='lat' dir='ltr'><strong>misericordiam</strong></span> <span class='ocrx_word' id='word_1_499' title='bbox 1869 4019 2130 4061; x_wconf 82' lang='lat' dir='ltr'><strong>consecu-</strong></span> 
     </span>
    </p>
   </div>
   <div class='ocr_carea' id='block_1_71' title="bbox 541 4100 1699 4175">
    <p class='ocr_par' dir='ltr' id='par_1_71' title="bbox 541 4100 1699 4175">
     <span class='ocr_line' id='line_1_71' title="bbox 541 4100 1699 4175; baseline -0.005 -14"><span class='ocrx_word' id='word_1_500' title='bbox 541 4114 624 4161; x_wconf 93' lang='lat' dir='ltr'><strong>tos</strong></span> <span class='ocrx_word' id='word_1_501' title='bbox 653 4123 665 4159; x_wconf 90' lang='lat'><strong>:</strong></span> <span class='ocrx_word' id='word_1_502' title='bbox 696 4106 818 4175; x_wconf 89' lang='lat' dir='ltr'><strong>quia</strong></span> <span class='ocrx_word' id='word_1_503' title='bbox 852 4114 908 4160; x_wconf 91' lang='lat' dir='ltr'><strong>et</strong></span> <span class='ocrx_word' id='word_1_504' title='bbox 939 4103 1040 4173; x_wconf 93' lang='lat' dir='ltr'><strong>ipsi</strong></span> <span class='ocrx_word' id='word_1_505' title='bbox 1066 4110 1194 4159; x_wconf 89' lang='lat' dir='ltr'><strong>sunt</strong></span> <span class='ocrx_word' id='word_1_506' title='bbox 1220 4103 1274 4157; x_wconf 91' lang='lat' dir='ltr'><strong>in</strong></span> <span class='ocrx_word' id='word_1_507' title='bbox 1302 4117 1532 4172; x_wconf 89' lang='lat' dir='ltr'><strong>corpore</strong></span> <span class='ocrx_word' id='word_1_508' title='bbox 1561 4100 1699 4172; x_wconf 88' lang='lat' dir='ltr'><strong>ejus.</strong></span> 
     </span>
    </p>
   </div>
   <div class='ocr_carea' id='block_1_72' title="bbox 613 4192 2124 4265">
    <p class='ocr_par' dir='ltr' id='par_1_72' title="bbox 613 4192 2124 4265">
     <span class='ocr_line' id='line_1_72' title="bbox 613 4192 2124 4265; baseline -0.005 -12"><span class='ocrx_word' id='word_1_509' title='bbox 613 4197 681 4253; x_wconf 86' lang='lat' dir='ltr'><strong>Et</strong></span> <span class='ocrx_word' id='word_1_510' title='bbox 709 4200 899 4253; x_wconf 87' lang='lat' dir='ltr'><strong>iterum</strong></span> <span class='ocrx_word' id='word_1_511' title='bbox 927 4198 1050 4251; x_wconf 88' lang='lat' dir='ltr'><strong>dicit</strong></span> <span class='ocrx_word' id='word_1_512' title='bbox 1080 4211 1097 4249; x_wconf 89' lang='lat'><strong><em>:</em></strong></span> <span class='ocrx_word' id='word_1_513' title='bbox 1130 4194 1399 4251; x_wconf 71' lang='lat' dir='ltr'><strong>Lwtamini</strong></span> <span class='ocrx_word' id='word_1_514' title='bbox 1439 4202 1614 4265; x_wconf 88' lang='lat' dir='ltr'><strong>gentes</strong></span> <span class='ocrx_word' id='word_1_515' title='bbox 1654 4210 1771 4249; x_wconf 90' lang='lat' dir='ltr'><strong>cum</strong></span> <span class='ocrx_word' id='word_1_516' title='bbox 1801 4193 1946 4263; x_wconf 89' lang='lat' dir='ltr'><strong>plebe</strong></span> <span class='ocrx_word' id='word_1_517' title='bbox 1990 4192 2124 4264; x_wconf 86' lang='lat' dir='ltr'><strong>ejus.</strong></span> 
     </span>
    </p>
   </div>
   <div class='ocr_carea' id='block_1_73' title="bbox 541 4286 1699 4362">
    <p class='ocr_par' dir='ltr' id='par_1_73' title="bbox 541 4286 1699 4362">
     <span class='ocr_line' id='line_1_73' title="bbox 541 4286 1699 4362; baseline -0.007 -15"><span class='ocrx_word' id='word_1_518' title='bbox 541 4293 641 4360; x_wconf 81' lang='lat' dir='ltr'><strong>Qui</strong></span> <span class='ocrx_word' id='word_1_519' title='bbox 667 4307 787 4347; x_wconf 92' lang='lat' dir='ltr'><strong>cum</strong></span> <span class='ocrx_word' id='word_1_520' title='bbox 812 4290 942 4362; x_wconf 90' lang='lat' dir='ltr'><strong>ipsis</strong></span> <span class='ocrx_word' id='word_1_521' title='bbox 965 4290 1097 4345; x_wconf 92' lang='lat' dir='ltr'><strong>estis</strong></span> <span class='ocrx_word' id='word_1_522' title='bbox 1119 4288 1185 4344; x_wconf 90' lang='lat' dir='ltr'><strong>ad</strong></span> <span class='ocrx_word' id='word_1_523' title='bbox 1208 4288 1440 4343; x_wconf 89' lang='lat' dir='ltr'><strong>salutem</strong></span> <span class='ocrx_word' id='word_1_524' title='bbox 1462 4286 1699 4341; x_wconf 89' lang='lat' dir='ltr'><strong>adducti.</strong></span> 
     </span>
    </p>
   </div>
   <div class='ocr_carea' id='block_1_74' title="bbox 615 4380 2131 4448">
    <p class='ocr_par' dir='ltr' id='par_1_74' title="bbox 615 4380 2131 4448">
     <span class='ocr_line' id='line_1_74' title="bbox 615 4380 2131 4448; baseline -0.003 -9"><span class='ocrx_word' id='word_1_525' title='bbox 615 4384 684 4439; x_wconf 82' lang='lat' dir='ltr'><strong>Et</strong></span> <span class='ocrx_word' id='word_1_526' title='bbox 708 4387 895 4439; x_wconf 86' lang='lat' dir='ltr'><strong>iterum</strong></span> <span class='ocrx_word' id='word_1_527' title='bbox 922 4400 940 4438; x_wconf 91' lang='lat'><strong><em>:</em></strong></span> <span class='ocrx_word' id='word_1_528' title='bbox 968 4382 1202 4437; x_wconf 85' lang='lat' dir='ltr'><strong>Laudate</strong></span> <span class='ocrx_word' id='word_1_529' title='bbox 1227 4397 1403 4435; x_wconf 86' lang='lat' dir='ltr'><strong>omnes</strong></span> <span class='ocrx_word' id='word_1_530' title='bbox 1421 4389 1595 4448; x_wconf 80' lang='lat' dir='ltr'><strong>gentes</strong></span> <span class='ocrx_word' id='word_1_531' title='bbox 1619 4380 1919 4443; x_wconf 84' lang='lat' dir='ltr'><strong>Dominum,</strong></span> <span class='ocrx_word' id='word_1_532' title='bbox 1948 4388 1995 4433; x_wconf 87' lang='lat' dir='ltr'><strong>et</strong></span> <span class='ocrx_word' id='word_1_533' title='bbox 2016 4396 2131 4434; x_wconf 87' lang='lat' dir='ltr'><strong>ma-</strong></span> 
     </span>
    </p>
   </div>
   <div class='ocr_carea' id='block_1_75' title="bbox 528 4470 2133 4549">
    <p class='ocr_par' dir='ltr' id='par_1_75' title="bbox 528 4470 2133 4549">
     <span class='ocr_line' id='line_1_75' title="bbox 528 4470 2133 4549; baseline -0.004 -18"><span class='ocrx_word' id='word_1_534' title='bbox 528 4477 785 4549; x_wconf 19' lang='lat' dir='ltr'><strong>tgniﬁcate</strong></span> <span class='ocrx_word' id='word_1_535' title='bbox 805 4493 921 4532; x_wconf 89' lang='lat' dir='ltr'><strong>eum</strong></span> <span class='ocrx_word' id='word_1_536' title='bbox 947 4492 1121 4531; x_wconf 82' lang='lat' dir='ltr'><strong>omnes</strong></span> <span class='ocrx_word' id='word_1_537' title='bbox 1143 4474 1346 4547; x_wconf 81' lang='lat' dir='ltr'><strong>populi.</strong></span> <span class='ocrx_word' id='word_1_538' title='bbox 1377 4471 1445 4526; x_wconf 82' lang='lat' dir='ltr'><strong>Et</strong></span> <span class='ocrx_word' id='word_1_539' title='bbox 1464 4489 1646 4527; x_wconf 85' lang='lat' dir='ltr'><strong>rursus</strong></span> <span class='ocrx_word' id='word_1_540' title='bbox 1679 4471 1849 4526; x_wconf 85' lang='lat' dir='ltr'><strong>Isaias</strong></span> <span class='ocrx_word' id='word_1_541' title='bbox 1870 4472 1941 4525; x_wconf 89' lang='lat' dir='ltr'><strong>ait</strong></span> <span class='ocrx_word' id='word_1_542' title='bbox 1972 4488 1987 4526; x_wconf 90' lang='lat'><strong>:</strong></span> <span class='ocrx_word' id='word_1_543' title='bbox 2016 4470 2133 4525; x_wconf 86' lang='lat' dir='ltr'><strong>Erit</strong></span> 
     </span>
    </p>
   </div>
   <div class='ocr_carea' id='block_1_76' title="bbox 2306 3255 3792 3331">
    <p class='ocr_par' dir='ltr' id='par_1_76' title="bbox 2306 3255 3792 3331">
     <span class='ocr_line' id='line_1_76' title="bbox 2306 3255 3792 3331; baseline 0.001 -20"><span class='ocrx_word' id='word_1_544' title='bbox 2306 3255 2657 3328; x_wconf 77' lang='lat' dir='ltr'><strong>Sancti/imus</strong></span> <span class='ocrx_word' id='word_1_545' title='bbox 2689 3257 3033 3331; x_wconf 79' lang='lat' dir='ltr'><strong>Erangelium</strong></span> <span class='ocrx_word' id='word_1_546' title='bbox 3086 3258 3203 3314; x_wconf 85' lang='lat' dir='ltr'><strong>Dei.</strong></span> <span class='ocrx_word' id='word_1_547' title='bbox 3254 3259 3372 3315; x_wconf 80' lang='lat' dir='ltr'><strong>Meo</strong></span> <span class='ocrx_word' id='word_1_548' title='bbox 3402 3260 3644 3331; x_wconf 82' lang='lat' dir='ltr'><strong>exemplo</strong></span> <span class='ocrx_word' id='word_1_549' title='bbox 3687 3273 3792 3315; x_wconf 79' lang='lat' dir='ltr'><strong>san-</strong></span> 
     </span>
    </p>
   </div>
   <div class='ocr_carea' id='block_1_77' title="bbox 2232 3351 3794 3422">
    <p class='ocr_par' dir='ltr' id='par_1_77' title="bbox 2232 3351 3794 3422">
     <span class='ocr_line' id='line_1_77' title="bbox 2232 3351 3794 3422; baseline -0.001 -17"><span class='ocrx_word' id='word_1_550' title='bbox 2232 3358 2376 3405; x_wconf 91' lang='lat' dir='ltr'><strong>ctum</strong></span> <span class='ocrx_word' id='word_1_551' title='bbox 2395 3366 2517 3406; x_wconf 89' lang='lat' dir='ltr'><strong>esse</strong></span> <span class='ocrx_word' id='word_1_552' title='bbox 2544 3351 2953 3418; x_wconf 89' lang='lat' dir='ltr'><strong>demonstrans,</strong></span> <span class='ocrx_word' id='word_1_553' title='bbox 2983 3351 3124 3422; x_wconf 92' lang='lat' dir='ltr'><strong>quod</strong></span> <span class='ocrx_word' id='word_1_554' title='bbox 3151 3367 3275 3406; x_wconf 90' lang='lat' dir='ltr'><strong>eum</strong></span> <span class='ocrx_word' id='word_1_555' title='bbox 3301 3360 3455 3407; x_wconf 84' lang='lat' dir='ltr'><strong>tanto</strong></span> <span class='ocrx_word' id='word_1_556' title='bbox 3480 3353 3666 3407; x_wconf 87' lang='lat' dir='ltr'><strong>timore</strong></span> <span class='ocrx_word' id='word_1_557' title='bbox 3692 3364 3794 3421; x_wconf 88' lang='lat' dir='ltr'><strong>pcr-</strong></span> 
     </span>
    </p>
   </div>
   <div class='ocr_carea' id='block_1_78' title="bbox 2234 3441 3791 3515">
    <p class='ocr_par' dir='ltr' id='par_1_78' title="bbox 2234 3441 3791 3515">
     <span class='ocr_line' id='line_1_78' title="bbox 2234 3441 3791 3515; baseline -0.002 -16"><span class='ocrx_word' id='word_1_558' title='bbox 2234 3444 2376 3500; x_wconf 90' lang='lat' dir='ltr'><strong>ﬁcio.</strong></span> <span class='ocrx_word' id='word_1_559' title='bbox 2402 3444 2632 3514; x_wconf 86' lang='lat' dir='ltr'><strong>Quidam</strong></span> <span class='ocrx_word' id='word_1_560' title='bbox 2663 3446 2809 3501; x_wconf 91' lang='lat' dir='ltr'><strong>enim</strong></span> <span class='ocrx_word' id='word_1_561' title='bbox 2841 3455 2901 3500; x_wconf 92' lang='lat' dir='ltr'><strong>nt</strong></span> <span class='ocrx_word' id='word_1_562' title='bbox 2934 3446 3228 3501; x_wconf 89' lang='lat' dir='ltr'><strong>humanum</strong></span> <span class='ocrx_word' id='word_1_563' title='bbox 3254 3451 3641 3513; x_wconf 87' lang='lat' dir='ltr'><strong>contemnunt,</strong></span> <span class='ocrx_word' id='word_1_564' title='bbox 3671 3441 3791 3515; x_wconf 90' lang='lat' dir='ltr'><strong>quod</strong></span> 
     </span>
    </p>
   </div>
   <div class='ocr_carea' id='block_1_79' title="bbox 2233 3533 3792 3610">
    <p class='ocr_par' dir='ltr' id='par_1_79' title="bbox 2233 3533 3792 3610">
     <span class='ocr_line' id='line_1_79' title="bbox 2233 3533 3792 3610; baseline -0.003 -18"><span class='ocrx_word' id='word_1_565' title='bbox 2233 3537 2533 3610; x_wconf 63' lang='lat' dir='ltr'><strong>praedicant</strong></span> <span class='ocrx_word' id='word_1_566' title='bbox 2573 3547 2633 3593; x_wconf 91' lang='lat' dir='ltr'><strong>ut</strong></span> <span class='ocrx_word' id='word_1_567' title='bbox 2660 3538 2904 3593; x_wconf 91' lang='lat' dir='ltr'><strong>divinum</strong></span> <span class='ocrx_word' id='word_1_568' title='bbox 2941 3556 2954 3594; x_wconf 91' lang='lat'><strong>:</strong></span> <span class='ocrx_word' id='word_1_569' title='bbox 2985 3548 3038 3594; x_wconf 91' lang='lat' dir='ltr'><strong>et</strong></span> <span class='ocrx_word' id='word_1_570' title='bbox 3083 3539 3155 3592; x_wconf 87' lang='lat' dir='ltr'><strong>ita</strong></span> <span class='ocrx_word' id='word_1_571' title='bbox 3188 3538 3245 3592; x_wconf 92' lang='lat' dir='ltr'><strong>ﬁt</strong></span> <span class='ocrx_word' id='word_1_572' title='bbox 3280 3546 3339 3592; x_wconf 91' lang='lat' dir='ltr'><strong>ut</strong></span> <span class='ocrx_word' id='word_1_573' title='bbox 3381 3552 3473 3593; x_wconf 90' lang='lat' dir='ltr'><strong>res</strong></span> <span class='ocrx_word' id='word_1_574' title='bbox 3518 3546 3691 3591; x_wconf 84' lang='lat' dir='ltr'><strong>sancta</strong></span> <span class='ocrx_word' id='word_1_575' title='bbox 3730 3533 3792 3589; x_wconf 84' lang='lat' dir='ltr'><strong>vi-</strong></span> 
     </span>
    </p>
   </div>
   <div class='ocr_carea' id='block_1_80' title="bbox 2232 3629 3788 3701">
    <p class='ocr_par' dir='ltr' id='par_1_80' title="bbox 2232 3629 3788 3701">
     <span class='ocr_line' id='line_1_80' title="bbox 2232 3629 3788 3701; baseline -0.004 -14"><span class='ocrx_word' id='word_1_576' title='bbox 2232 3631 2425 3689; x_wconf 88' lang='lat' dir='ltr'><strong>deatur</strong></span> <span class='ocrx_word' id='word_1_577' title='bbox 2452 3648 2574 3688; x_wconf 89' lang='lat' dir='ltr'><strong>esse</strong></span> <span class='ocrx_word' id='word_1_578' title='bbox 2618 3647 2728 3688; x_wconf 91' lang='lat' dir='ltr'><strong>non</strong></span> <span class='ocrx_word' id='word_1_579' title='bbox 2759 3640 2970 3700; x_wconf 88' lang='lat' dir='ltr'><strong>saneta,</strong></span> <span class='ocrx_word' id='word_1_580' title='bbox 3007 3646 3130 3687; x_wconf 92' lang='lat' dir='ltr'><strong>cum</strong></span> <span class='ocrx_word' id='word_1_581' title='bbox 3160 3645 3269 3686; x_wconf 88' lang='lat' dir='ltr'><strong>non</strong></span> <span class='ocrx_word' id='word_1_582' title='bbox 3299 3629 3577 3701; x_wconf 88' lang='lat' dir='ltr'><strong>perﬁcitur</strong></span> <span class='ocrx_word' id='word_1_583' title='bbox 3612 3634 3788 3683; x_wconf 79' lang='lat' dir='ltr'><strong>sancte.</strong></span> 
     </span>
    </p>
   </div>
   <div class='ocr_carea' id='block_1_81' title="bbox 2234 3723 3791 3795">
    <p class='ocr_par' dir='ltr' id='par_1_81' title="bbox 2234 3723 3791 3795">
     <span class='ocr_line' id='line_1_81' title="bbox 2234 3723 3791 3795; baseline -0.005 -14"><span class='ocrx_word' id='word_1_584' title='bbox 2234 3724 2389 3781; x_wconf 87' lang='lat' dir='ltr'><strong>Unde</strong></span> <span class='ocrx_word' id='word_1_585' title='bbox 2419 3725 2618 3781; x_wconf 86' lang='lat' dir='ltr'><strong>dicitur</strong></span> <span class='ocrx_word' id='word_1_586' title='bbox 2644 3742 2656 3778; x_wconf 87' lang='lat'><strong>:</strong></span> <span class='ocrx_word' id='word_1_587' title='bbox 2681 3724 3033 3780; x_wconf 87' lang='lat' dir='ltr'><strong>Sanctiﬁcate</strong></span> <span class='ocrx_word' id='word_1_588' title='bbox 3052 3723 3344 3795; x_wconf 88' lang='lat' dir='ltr'><strong>jejunium,</strong></span> <span class='ocrx_word' id='word_1_589' title='bbox 3379 3723 3431 3779; x_wconf 90' lang='lat' dir='ltr'><strong>id</strong></span> <span class='ocrx_word' id='word_1_590' title='bbox 3452 3732 3557 3791; x_wconf 89' lang='lat' dir='ltr'><strong>est,</strong></span> <span class='ocrx_word' id='word_1_591' title='bbox 3576 3729 3791 3778; x_wconf 85' lang='lat' dir='ltr'><strong>sanctum</strong></span> 
     </span>
    </p>
   </div>
   <div class='ocr_carea' id='block_1_82' title="bbox 2233 3804 3787 3887">
    <p class='ocr_par' dir='ltr' id='par_1_82' title="bbox 2233 3804 3787 3887">
     <span class='ocr_line' id='line_1_82' title="bbox 2233 3804 3787 3887; baseline -0.002 -12"><span class='ocrx_word' id='word_1_592' title='bbox 2233 3819 2419 3887; x_wconf 87' lang='lat' dir='ltr'><strong>facite,</strong></span> <span class='ocrx_word' id='word_1_593' title='bbox 2449 3821 2563 3877; x_wconf 85' lang='lat' dir='ltr'><strong>sive</strong></span> <span class='ocrx_word' id='word_1_594' title='bbox 2594 3828 2919 3876; x_wconf 89' lang='lat' dir='ltr'><strong>monstrate.</strong></span> <span class='ocrx_word' id='word_1_595' title='bbox 3440 3814 3443 3815; x_wconf 52' lang='grc'><strong><em>⁷</em></strong></span> <span class='ocrx_word' id='word_1_596' title='bbox 3718 3804 3787 3815; x_wconf 40' lang='grc' dir='ltr'><em>Ἠ</em></span> 
     </span>
    </p>
   </div>
   <div class='ocr_carea' id='block_1_83' title="bbox 2311 3907 3791 3986">
    <p class='ocr_par' dir='ltr' id='par_1_83' title="bbox 2311 3907 3791 3986">
     <span class='ocr_line' id='line_1_83' title="bbox 2311 3907 3791 3986; baseline -0.007 -17"><span class='ocrx_word' id='word_1_597' title='bbox 2311 3913 2379 3969; x_wconf 90' lang='lat' dir='ltr'><strong>Ut</strong></span> <span class='ocrx_word' id='word_1_598' title='bbox 2408 3914 2499 3983; x_wconf 79' lang='lat' dir='ltr'><strong>ﬁat</strong></span> <span class='ocrx_word' id='word_1_599' title='bbox 2528 3912 2720 3968; x_wconf 89' lang='lat' dir='ltr'><strong>oblatio</strong></span> <span class='ocrx_word' id='word_1_600' title='bbox 2750 3913 2983 3986; x_wconf 86' lang='lat' dir='ltr'><strong>gentium</strong></span> <span class='ocrx_word' id='word_1_601' title='bbox 3025 3922 3240 3983; x_wconf 88' lang='lat' dir='ltr'><strong>accepta</strong></span> <span class='ocrx_word' id='word_1_602' title='bbox 3263 3955 3279 3980; x_wconf 96' lang='lat'><strong>,</strong></span> <span class='ocrx_word' id='word_1_603' title='bbox 3328 3920 3377 3968; x_wconf 89' lang='lat' dir='ltr'><strong>et</strong></span> <span class='ocrx_word' id='word_1_604' title='bbox 3404 3911 3720 3981; x_wconf 76' lang='lat' dir='ltr'><strong>sanctiﬁcata</strong></span> <span class='ocrx_word' id='word_1_605' title='bbox 3750 3907 3791 3959; x_wconf 78' lang='lat' dir='ltr'><strong>in</strong></span> 
     </span>
    </p>
   </div>
   <div class='ocr_carea' id='block_1_84' title="bbox 2237 4004 3792 4079">
    <p class='ocr_par' dir='ltr' id='par_1_84' title="bbox 2237 4004 3792 4079">
     <span class='ocr_line' id='line_1_84' title="bbox 2237 4004 3792 4079; baseline -0.005 -17"><span class='ocrx_word' id='word_1_606' title='bbox 2237 4006 2442 4078; x_wconf 86' lang='lat' dir='ltr'><strong>Spiritu</strong></span> <span class='ocrx_word' id='word_1_607' title='bbox 2469 4018 2672 4063; x_wconf 84' lang='lat' dir='ltr'><strong>sancto.</strong></span> <span class='ocrx_word' id='word_1_608' title='bbox 2708 4006 2777 4063; x_wconf 91' lang='lat' dir='ltr'><strong>Ut</strong></span> <span class='ocrx_word' id='word_1_609' title='bbox 2820 4007 3075 4079; x_wconf 80' lang='lat' dir='ltr'><strong>exemplo</strong></span> <span class='ocrx_word' id='word_1_610' title='bbox 3118 4022 3241 4064; x_wconf 91' lang='lat' dir='ltr'><strong>meo</strong></span> <span class='ocrx_word' id='word_1_611' title='bbox 3281 4015 3477 4079; x_wconf 89' lang='lat' dir='ltr'><strong>gentes</strong></span> <span class='ocrx_word' id='word_1_612' title='bbox 3522 4004 3792 4062; x_wconf 83' lang='lat' dir='ltr'><strong>efﬁciantur</strong></span> 
     </span>
    </p>
   </div>
   <div class='ocr_carea' id='block_1_85' title="bbox 2236 4097 3790 4172">
    <p class='ocr_par' dir='ltr' id='par_1_85' title="bbox 2236 4097 3790 4172">
     <span class='ocr_line' id='line_1_85' title="bbox 2236 4097 3790 4172; baseline -0.005 -18"><span class='ocrx_word' id='word_1_613' title='bbox 2236 4100 2416 4157; x_wconf 86' lang='lat' dir='ltr'><strong>hostia</strong></span> <span class='ocrx_word' id='word_1_614' title='bbox 2458 4103 2567 4156; x_wconf 91' lang='lat' dir='ltr'><strong>Deo</strong></span> <span class='ocrx_word' id='word_1_615' title='bbox 2597 4111 2842 4172; x_wconf 88' lang='lat' dir='ltr'><strong>accepta,</strong></span> <span class='ocrx_word' id='word_1_616' title='bbox 2877 4116 2985 4157; x_wconf 91' lang='lat' dir='ltr'><strong>non</strong></span> <span class='ocrx_word' id='word_1_617' title='bbox 3018 4101 3125 4172; x_wconf 88' lang='lat' dir='ltr'><strong>igni</strong></span> <span class='ocrx_word' id='word_1_618' title='bbox 3164 4100 3504 4156; x_wconf 87' lang='lat' dir='ltr'><strong>sanctiﬁcata</strong></span> <span class='ocrx_word' id='word_1_619' title='bbox 3531 4140 3546 4165; x_wconf 96' lang='lat'><strong>,</strong></span> <span class='ocrx_word' id='word_1_620' title='bbox 3584 4097 3665 4151; x_wconf 88' lang='lat' dir='ltr'><strong>vel</strong></span> <span class='ocrx_word' id='word_1_621' title='bbox 3692 4107 3790 4149; x_wconf 86' lang='lat' dir='ltr'><strong>sus-</strong></span> 
     </span>
    </p>
   </div>
   <div class='ocr_carea' id='block_1_86' title="bbox 2234 4186 3791 4265">
    <p class='ocr_par' dir='ltr' id='par_1_86' title="bbox 2234 4186 3791 4265">
     <span class='ocr_line' id='line_1_86' title="bbox 2234 4186 3791 4265; baseline -0.006 -14"><span class='ocrx_word' id='word_1_622' title='bbox 2234 4203 2416 4265; x_wconf 81' lang='lat' dir='ltr'><strong>cepta,</strong></span> <span class='ocrx_word' id='word_1_623' title='bbox 2447 4195 2540 4250; x_wconf 90' lang='lat' dir='ltr'><strong>sed</strong></span> <span class='ocrx_word' id='word_1_624' title='bbox 2572 4194 2781 4265; x_wconf 82' lang='lat' dir='ltr'><strong>Spiritu</strong></span> <span class='ocrx_word' id='word_1_625' title='bbox 2803 4205 2994 4251; x_wconf 88' lang='lat' dir='ltr'><strong>sancto</strong></span> <span class='ocrx_word' id='word_1_626' title='bbox 3029 4210 3042 4248; x_wconf 92' lang='lat'>:</span> <span class='ocrx_word' id='word_1_627' title='bbox 3077 4194 3218 4250; x_wconf 91' lang='lat' dir='ltr'><strong>sicut</strong></span> <span class='ocrx_word' id='word_1_628' title='bbox 3243 4193 3511 4264; x_wconf 89' lang='lat' dir='ltr'><strong>scriptum</strong></span> <span class='ocrx_word' id='word_1_629' title='bbox 3537 4201 3617 4247; x_wconf 90' lang='lat' dir='ltr'><strong>est</strong></span> <span class='ocrx_word' id='word_1_630' title='bbox 3644 4208 3655 4242; x_wconf 90' lang='lat'><strong>:</strong></span> <span class='ocrx_word' id='word_1_631' title='bbox 3684 4186 3791 4254; x_wconf 72' lang='lat' dir='ltr'><strong>Qui:</strong></span> 
     </span>
    </p>
   </div>
   <div class='ocr_carea' id='block_1_87' title="bbox 2236 4278 3794 4360">
    <p class='ocr_par' dir='ltr' id='par_1_87' title="bbox 2236 4278 3794 4360">
     <span class='ocr_line' id='line_1_87' title="bbox 2236 4278 3794 4360; baseline -0.008 -17"><span class='ocrx_word' id='word_1_632' title='bbox 2236 4288 2379 4343; x_wconf 89' lang='lat' dir='ltr'><strong>sedit</strong></span> <span class='ocrx_word' id='word_1_633' title='bbox 2409 4303 2572 4359; x_wconf 91' lang='lat' dir='ltr'><strong>super</strong></span> <span class='ocrx_word' id='word_1_634' title='bbox 2603 4288 2894 4360; x_wconf 79' lang='lat' dir='ltr'><strong>Apostolus</strong></span> <span class='ocrx_word' id='word_1_635' title='bbox 2929 4287 3082 4359; x_wconf 89' lang='lat' dir='ltr'><strong>quasi</strong></span> <span class='ocrx_word' id='word_1_636' title='bbox 3125 4285 3285 4358; x_wconf 89' lang='lat' dir='ltr'><strong>ignis,</strong></span> <span class='ocrx_word' id='word_1_637' title='bbox 3327 4294 3381 4342; x_wconf 90' lang='lat' dir='ltr'><strong>et</strong></span> <span class='ocrx_word' id='word_1_638' title='bbox 3425 4286 3558 4340; x_wconf 77' lang='lat' dir='ltr'><strong>visa:</strong></span> <span class='ocrx_word' id='word_1_639' title='bbox 3585 4291 3699 4339; x_wconf 91' lang='lat' dir='ltr'><strong>sunt</strong></span> <span class='ocrx_word' id='word_1_640' title='bbox 3728 4278 3794 4333; x_wconf 87' lang='lat' dir='ltr'><strong>eis</strong></span> 
     </span>
    </p>
   </div>
   <div class='ocr_carea' id='block_1_88' title="bbox 2241 4377 2646 4451">
    <p class='ocr_par' dir='ltr' id='par_1_88' title="bbox 2241 4377 2646 4451">
     <span class='ocr_line' id='line_1_88' title="bbox 2241 4377 2646 4451; baseline 0 -18"><span class='ocrx_word' id='word_1_641' title='bbox 2241 4377 2405 4434; x_wconf 76' lang='lat' dir='ltr'><strong>varia:</strong></span> <span class='ocrx_word' id='word_1_642' title='bbox 2431 4380 2646 4451; x_wconf 67' lang='lat' dir='ltr'><strong>lingua}.</strong></span> 
     </span>
    </p>
   </div>
   <div class='ocr_carea' id='block_1_89' title="bbox 2314 4465 3793 4548">
    <p class='ocr_par' dir='ltr' id='par_1_89' title="bbox 2314 4465 3793 4548">
     <span class='ocr_line' id='line_1_89' title="bbox 2314 4465 3793 4548; baseline -0.005 -21"><span class='ocrx_word' id='word_1_643' title='bbox 2314 4471 2491 4528; x_wconf 80' lang='lat' dir='ltr'><strong>Habeo</strong></span> <span class='ocrx_word' id='word_1_644' title='bbox 2520 4473 2680 4545; x_wconf 86' lang='lat' dir='ltr'><strong>igitur</strong></span> <span class='ocrx_word' id='word_1_645' title='bbox 2701 4475 2923 4548; x_wconf 86' lang='lat' dir='ltr'><strong>gloriam</strong></span> <span class='ocrx_word' id='word_1_646' title='bbox 2950 4474 3007 4528; x_wconf 86' lang='lat' dir='ltr'><strong>in</strong></span> <span class='ocrx_word' id='word_1_647' title='bbox 3033 4473 3239 4530; x_wconf 84' lang='lat' dir='ltr'><strong>Christo</strong></span> <span class='ocrx_word' id='word_1_648' title='bbox 3267 4472 3395 4529; x_wconf 87' lang='lat' dir='ltr'><strong>Iesu</strong></span> <span class='ocrx_word' id='word_1_649' title='bbox 3423 4473 3492 4527; x_wconf 87' lang='lat' dir='ltr'><strong>ad</strong></span> <span class='ocrx_word' id='word_1_650' title='bbox 3520 4469 3694 4527; x_wconf 81' lang='lat' dir='ltr'><strong>Deum.</strong></span> <span class='ocrx_word' id='word_1_651' title='bbox 3713 4465 3793 4535; x_wconf 80' lang='lat' dir='ltr'><strong>Qui</strong></span> 
     </span>
    </p>
   </div>
   <div class='ocr_carea' id='block_1_90' title="bbox 543 4548 3793 4640">
    <p class='ocr_par' dir='ltr' id='par_1_90' title="bbox 543 4548 3793 4640">
     <span class='ocr_line' id='line_1_90' title="bbox 543 4548 3793 4640; baseline -0.002 -17"><span class='ocrx_word' id='word_1_652' title='bbox 543 4548 697 4624; x_wconf 72' lang='lat' dir='ltr'><strong>radix</strong></span> <span class='ocrx_word' id='word_1_653' title='bbox 716 4567 882 4625; x_wconf 87' lang='lat' dir='ltr'><strong>Iesse.</strong></span> <span class='ocrx_word' id='word_1_654' title='bbox 907 4568 1063 4625; x_wconf 83' lang='lat' dir='ltr'><strong>Iesse</strong></span> <span class='ocrx_word' id='word_1_655' title='bbox 1090 4580 1242 4640; x_wconf 89' lang='lat' dir='ltr'><strong>pater</strong></span> <span class='ocrx_word' id='word_1_656' title='bbox 1269 4567 1366 4621; x_wconf 89' lang='lat' dir='ltr'><strong>fuit</strong></span> <span class='ocrx_word' id='word_1_657' title='bbox 1399 4565 1566 4621; x_wconf 88' lang='lat' dir='ltr'><strong>David</strong></span> <span class='ocrx_word' id='word_1_658' title='bbox 1585 4606 1599 4632; x_wconf 91' lang='lat'><strong>,</strong></span> <span class='ocrx_word' id='word_1_659' title='bbox 1632 4565 1700 4621; x_wconf 89' lang='lat' dir='ltr'><strong>de</strong></span> <span class='ocrx_word' id='word_1_660' title='bbox 1722 4565 1876 4635; x_wconf 88' lang='lat' dir='ltr'><strong>cujus</strong></span> <span class='ocrx_word' id='word_1_661' title='bbox 1898 4564 2129 4633; x_wconf 86' lang='lat' dir='ltr'><strong>semine,</strong></span> <span class='ocrx_word' id='word_1_662' title='bbox 2158 4548 2210 4610; x_wconf 83' lang='grc' dir='ltr'><strong>Ῑ)</strong></span> <span class='ocrx_word' id='word_1_663' title='bbox 2237 4565 2525 4637; x_wconf 88' lang='lat' dir='ltr'><strong>gloriatur,</strong></span> <span class='ocrx_word' id='word_1_664' title='bbox 2565 4567 2619 4621; x_wconf 91' lang='lat' dir='ltr'><strong>in</strong></span> <span class='ocrx_word' id='word_1_665' title='bbox 2646 4567 2879 4622; x_wconf 89' lang='lat' dir='ltr'><strong>Domino</strong></span> <span class='ocrx_word' id='word_1_666' title='bbox 2903 4568 3189 4639; x_wconf 85' lang='lat' dir='ltr'><strong>glorietur.</strong></span> <span class='ocrx_word' id='word_1_667' title='bbox 3215 4566 3459 4623; x_wconf 88' lang='lat' dir='ltr'><strong>Gloriam</strong></span> <span class='ocrx_word' id='word_1_668' title='bbox 3498 4566 3665 4621; x_wconf 86' lang='lat' dir='ltr'><strong>habeo</strong></span> <span class='ocrx_word' id='word_1_669' title='bbox 3684 4558 3793 4633; x_wconf 85' lang='lat' dir='ltr'><strong>apud</strong></span> 
     </span>
    </p>
   </div>
   <div class='ocr_carea' id='block_1_91' title="bbox 544 4658 1517 4725">
    <p class='ocr_par' dir='ltr' id='par_1_91' title="bbox 544 4658 1517 4725">
     <span class='ocr_line' id='line_1_91' title="bbox 544 4658 1517 4725; baseline -0.003 -7"><span class='ocrx_word' id='word_1_670' title='bbox 544 4662 597 4718; x_wconf 89' lang='lat' dir='ltr'><strong>id</strong></span> <span class='ocrx_word' id='word_1_671' title='bbox 623 4670 707 4718; x_wconf 90' lang='lat' dir='ltr'><strong>cst</strong></span> <span class='ocrx_word' id='word_1_672' title='bbox 731 4660 918 4725; x_wconf 81' lang='lat' dir='ltr'><strong>Maria,</strong></span> <span class='ocrx_word' id='word_1_673' title='bbox 946 4672 1104 4715; x_wconf 88' lang='lat' dir='ltr'><strong>natus</strong></span> <span class='ocrx_word' id='word_1_674' title='bbox 1135 4670 1221 4716; x_wconf 89' lang='lat' dir='ltr'><strong>est</strong></span> <span class='ocrx_word' id='word_1_675' title='bbox 1247 4658 1517 4715; x_wconf 90' lang='lat' dir='ltr'><strong>Christus.</strong></span> 
     </span>
    </p>
   </div>
   <div class='ocr_carea' id='block_1_92' title="bbox 617 4753 2133 4826">
    <p class='ocr_par' dir='ltr' id='par_1_92' title="bbox 617 4753 2133 4826">
     <span class='ocr_line' id='line_1_92' title="bbox 617 4753 2133 4826; baseline -0.003 -17"><span class='ocrx_word' id='word_1_676' title='bbox 617 4754 687 4809; x_wconf 84' lang='lat' dir='ltr'><strong>Et</strong></span> <span class='ocrx_word' id='word_1_677' title='bbox 715 4756 805 4825; x_wconf 85' lang='lat' dir='ltr'><strong>qui</strong></span> <span class='ocrx_word' id='word_1_678' title='bbox 834 4764 1079 4825; x_wconf 71' lang='lat' dir='ltr'><strong>exsurgat</strong></span> <span class='ocrx_word' id='word_1_679' title='bbox 1106 4768 1279 4824; x_wconf 88' lang='lat' dir='ltr'><strong>regere</strong></span> <span class='ocrx_word' id='word_1_680' title='bbox 1316 4762 1509 4826; x_wconf 86' lang='lat' dir='ltr'><strong>gentes,</strong></span> <span class='ocrx_word' id='word_1_681' title='bbox 1542 4753 1594 4807; x_wconf 90' lang='lat' dir='ltr'><strong>in</strong></span> <span class='ocrx_word' id='word_1_682' title='bbox 1616 4767 1732 4807; x_wconf 90' lang='lat' dir='ltr'><strong>eum</strong></span> <span class='ocrx_word' id='word_1_683' title='bbox 1763 4762 1937 4824; x_wconf 86' lang='lat' dir='ltr'><strong>gentes</strong></span> <span class='ocrx_word' id='word_1_684' title='bbox 1958 4768 2133 4823; x_wconf 87' lang='lat' dir='ltr'><strong>spera-</strong></span> 
     </span>
    </p>
   </div>
   <div class='ocr_carea' id='block_1_93' title="bbox 546 4845 2135 4920">
    <p class='ocr_par' dir='ltr' id='par_1_93' title="bbox 546 4845 2135 4920">
     <span class='ocr_line' id='line_1_93' title="bbox 546 4845 2135 4920; baseline -0.004 -13"><span class='ocrx_word' id='word_1_685' title='bbox 546 4854 690 4907; x_wconf 88' lang='lat' dir='ltr'><strong>bunt.</strong></span> <span class='ocrx_word' id='word_1_686' title='bbox 722 4848 839 4905; x_wconf 87' lang='lat' dir='ltr'><strong>Non</strong></span> <span class='ocrx_word' id='word_1_687' title='bbox 866 4848 934 4904; x_wconf 92' lang='lat' dir='ltr'><strong>de</strong></span> <span class='ocrx_word' id='word_1_688' title='bbox 956 4845 1245 4920; x_wconf 88' lang='lat' dir='ltr'><strong>proselytis</strong></span> <span class='ocrx_word' id='word_1_689' title='bbox 1271 4845 1486 4915; x_wconf 89' lang='lat' dir='ltr'><strong>asserit,</strong></span> <span class='ocrx_word' id='word_1_690' title='bbox 1514 4845 1610 4900; x_wconf 89' lang='lat' dir='ltr'><strong>sed</strong></span> <span class='ocrx_word' id='word_1_691' title='bbox 1634 4855 1688 4901; x_wconf 84' lang='lat' dir='ltr'><strong>et</strong></span> <span class='ocrx_word' id='word_1_692' title='bbox 1709 4845 1841 4900; x_wconf 87' lang='lat' dir='ltr'><strong>illud</strong></span> <span class='ocrx_word' id='word_1_693' title='bbox 1866 4845 1993 4901; x_wconf 89' lang='lat' dir='ltr'><strong>huic</strong></span> <span class='ocrx_word' id='word_1_694' title='bbox 2016 4846 2135 4900; x_wconf 93' lang='lat' dir='ltr'><strong>loco</strong></span> 
     </span>
    </p>
   </div>
   <div class='ocr_carea' id='block_1_94' title="bbox 547 4935 2134 5008">
    <p class='ocr_par' dir='ltr' id='par_1_94' title="bbox 547 4935 2134 5008">
     <span class='ocr_line' id='line_1_94' title="bbox 547 4935 2134 5008; baseline -0.007 -8"><span class='ocrx_word' id='word_1_695' title='bbox 547 4944 725 5000; x_wconf 85' lang='lat' dir='ltr'><strong>simile</strong></span> <span class='ocrx_word' id='word_1_696' title='bbox 756 4950 839 4998; x_wconf 89' lang='lat' dir='ltr'><strong>est</strong></span> <span class='ocrx_word' id='word_1_697' title='bbox 872 4957 885 4996; x_wconf 88' lang='lat'><strong>:</strong></span> <span class='ocrx_word' id='word_1_698' title='bbox 920 4940 1035 4995; x_wconf 84' lang='lat' dir='ltr'><strong>Non</strong></span> <span class='ocrx_word' id='word_1_699' title='bbox 1065 4936 1279 4993; x_wconf 84' lang='lat' dir='ltr'><strong>deﬁciet</strong></span> <span class='ocrx_word' id='word_1_700' title='bbox 1310 4939 1563 5008; x_wconf 88' lang='lat' dir='ltr'><strong>princeps</strong></span> <span class='ocrx_word' id='word_1_701' title='bbox 1594 4953 1656 4992; x_wconf 79' lang='lat' dir='ltr'><strong>ex</strong></span> <span class='ocrx_word' id='word_1_702' title='bbox 1688 4936 1824 4992; x_wconf 84' lang='lat' dir='ltr'><strong>Iuda</strong></span> <span class='ocrx_word' id='word_1_703' title='bbox 1844 4978 1857 5003; x_wconf 92' lang='lat'><strong>,</strong></span> <span class='ocrx_word' id='word_1_704' title='bbox 1886 4952 1986 4990; x_wconf 91' lang='lat' dir='ltr'><strong>nec</strong></span> <span class='ocrx_word' id='word_1_705' title='bbox 2028 4935 2134 4991; x_wconf 76' lang='lat' dir='ltr'><strong>dux</strong></span> 
     </span>
    </p>
   </div>
   <div class='ocr_carea' id='block_1_95' title="bbox 549 5030 2133 5104">
    <p class='ocr_par' dir='ltr' id='par_1_95' title="bbox 549 5030 2133 5104">
     <span class='ocr_line' id='line_1_95' title="bbox 549 5030 2133 5104; baseline -0.006 -11"><span class='ocrx_word' id='word_1_706' title='bbox 549 5040 616 5095; x_wconf 83' lang='lat' dir='ltr'><strong>de</strong></span> <span class='ocrx_word' id='word_1_707' title='bbox 644 5036 937 5093; x_wconf 80' lang='lat' dir='ltr'><strong>femoribus</strong></span> <span class='ocrx_word' id='word_1_708' title='bbox 968 5033 1110 5104; x_wconf 88' lang='lat' dir='ltr'><strong>ejus.</strong></span> <span class='ocrx_word' id='word_1_709' title='bbox 1142 5030 1296 5087; x_wconf 90' lang='lat' dir='ltr'><strong>Unde</strong></span> <span class='ocrx_word' id='word_1_710' title='bbox 1335 5031 1593 5102; x_wconf 89' lang='lat' dir='ltr'><strong>probatur</strong></span> <span class='ocrx_word' id='word_1_711' title='bbox 1624 5045 1753 5085; x_wconf 92' lang='lat' dir='ltr'><strong>vere</strong></span> <span class='ocrx_word' id='word_1_712' title='bbox 1775 5030 1887 5100; x_wconf 87' lang='lat' dir='ltr'><strong>jam</strong></span> <span class='ocrx_word' id='word_1_713' title='bbox 1918 5030 2133 5085; x_wconf 87' lang='lat' dir='ltr'><strong>venisse</strong></span> 
     </span>
    </p>
   </div>
   <div class='ocr_carea' id='block_1_96' title="bbox 547 5122 2135 5199">
    <p class='ocr_par' dir='ltr' id='par_1_96' title="bbox 547 5122 2135 5199">
     <span class='ocr_line' id='line_1_96' title="bbox 547 5122 2135 5199; baseline -0.004 -13"><span class='ocrx_word' id='word_1_714' title='bbox 547 5132 847 5198; x_wconf 85' lang='lat' dir='ltr'><strong>Christum,</strong></span> <span class='ocrx_word' id='word_1_715' title='bbox 901 5129 955 5184; x_wconf 94' lang='lat' dir='ltr'><strong>in</strong></span> <span class='ocrx_word' id='word_1_716' title='bbox 1007 5141 1114 5199; x_wconf 94' lang='lat' dir='ltr'><strong>quo</strong></span> <span class='ocrx_word' id='word_1_717' title='bbox 1163 5139 1353 5182; x_wconf 91' lang='lat' dir='ltr'><strong>omnes</strong></span> <span class='ocrx_word' id='word_1_718' title='bbox 1398 5132 1588 5195; x_wconf 87' lang='lat' dir='ltr'><strong>gentes</strong></span> <span class='ocrx_word' id='word_1_719' title='bbox 1636 5138 1859 5195; x_wconf 88' lang='lat' dir='ltr'><strong>sperare</strong></span> <span class='ocrx_word' id='word_1_720' title='bbox 1905 5122 2135 5179; x_wconf 87' lang='lat' dir='ltr'><strong>manife-</strong></span> 
     </span>
    </p>
   </div>
   <div class='ocr_carea' id='block_1_97' title="bbox 548 5231 817 5278">
    <p class='ocr_par' dir='ltr' id='par_1_97' title="bbox 548 5231 817 5278">
     <span class='ocr_line' id='line_1_97' title="bbox 548 5231 817 5278; baseline -0.004 -1"><span class='ocrx_word' id='word_1_721' title='bbox 548 5232 691 5277; x_wconf 87' lang='lat' dir='ltr'><strong>stum</strong></span> <span class='ocrx_word' id='word_1_722' title='bbox 714 5231 817 5278; x_wconf 88' lang='lat' dir='ltr'><strong>est.</strong></span> 
     </span>
    </p>
   </div>
   <div class='ocr_carea' id='block_1_98' title="bbox 623 5307 2135 5385">
    <p class='ocr_par' dir='ltr' id='par_1_98' title="bbox 623 5307 2135 5385">
     <span class='ocr_line' id='line_1_98' title="bbox 623 5307 2135 5385; baseline -0.002 -17"><span class='ocrx_word' id='word_1_723' title='bbox 623 5313 763 5369; x_wconf 87' lang='lat' dir='ltr'><strong>Deus</strong></span> <span class='ocrx_word' id='word_1_724' title='bbox 812 5324 985 5370; x_wconf 90' lang='lat' dir='ltr'><strong>autem</strong></span> <span class='ocrx_word' id='word_1_725' title='bbox 1030 5316 1161 5385; x_wconf 88' lang='lat' dir='ltr'><strong>spei.</strong></span> <span class='ocrx_word' id='word_1_726' title='bbox 1207 5312 1265 5371; x_wconf 88' lang='lat' dir='ltr'><strong>In</strong></span> <span class='ocrx_word' id='word_1_727' title='bbox 1304 5326 1412 5385; x_wconf 90' lang='lat' dir='ltr'><strong>quo</strong></span> <span class='ocrx_word' id='word_1_728' title='bbox 1456 5326 1645 5369; x_wconf 92' lang='lat' dir='ltr'><strong>omnes</strong></span> <span class='ocrx_word' id='word_1_729' title='bbox 1676 5324 1998 5381; x_wconf 88' lang='lat' dir='ltr'><strong>speramus:</strong></span> <span class='ocrx_word' id='word_1_730' title='bbox 2031 5307 2135 5365; x_wconf 89' lang='lat' dir='ltr'><strong>hoc</strong></span> 
     </span>
    </p>
   </div>
   <div class='ocr_carea' id='block_1_99' title="bbox 550 5401 2136 5476">
    <p class='ocr_par' dir='ltr' id='par_1_99' title="bbox 550 5401 2136 5476">
     <span class='ocr_line' id='line_1_99' title="bbox 550 5401 2136 5476; baseline -0.005 -15"><span class='ocrx_word' id='word_1_731' title='bbox 550 5406 786 5463; x_wconf 87' lang='lat' dir='ltr'><strong>ostendit</strong></span> <span class='ocrx_word' id='word_1_732' title='bbox 814 5406 1090 5476; x_wconf 91' lang='lat' dir='ltr'><strong>quomodo</strong></span> <span class='ocrx_word' id='word_1_733' title='bbox 1121 5408 1261 5463; x_wconf 87' lang='lat' dir='ltr'><strong>Deus</strong></span> <span class='ocrx_word' id='word_1_734' title='bbox 1292 5406 1499 5475; x_wconf 88' lang='lat' dir='ltr'><strong>absque</strong></span> <span class='ocrx_word' id='word_1_735' title='bbox 1521 5404 1720 5458; x_wconf 89' lang='lat' dir='ltr'><strong>virtute</strong></span> <span class='ocrx_word' id='word_1_736' title='bbox 1744 5401 1979 5472; x_wconf 87' lang='lat' dir='ltr'><strong>Spiritus</strong></span> <span class='ocrx_word' id='word_1_737' title='bbox 2010 5416 2136 5455; x_wconf 86' lang='lat' dir='ltr'><strong>san-</strong></span> 
     </span>
    </p>
   </div>
   <div class='ocr_carea' id='block_1_100' title="bbox 549 5495 2140 5571">
    <p class='ocr_par' dir='ltr' id='par_1_100' title="bbox 549 5495 2140 5571">
     <span class='ocr_line' id='line_1_100' title="bbox 549 5495 2140 5571; baseline -0.008 -12"><span class='ocrx_word' id='word_1_738' title='bbox 549 5503 645 5570; x_wconf 89' lang='lat' dir='ltr'><strong>eti,</strong></span> <span class='ocrx_word' id='word_1_739' title='bbox 681 5516 785 5557; x_wconf 92' lang='lat' dir='ltr'><strong>non</strong></span> <span class='ocrx_word' id='word_1_740' title='bbox 815 5499 987 5569; x_wconf 86' lang='lat' dir='ltr'><strong>replet</strong></span> <span class='ocrx_word' id='word_1_741' title='bbox 1015 5498 1314 5571; x_wconf 90' lang='lat' dir='ltr'><strong>aliquando</strong></span> <span class='ocrx_word' id='word_1_742' title='bbox 1342 5497 1620 5555; x_wconf 88' lang='lat' dir='ltr'><strong>nationem</strong></span> <span class='ocrx_word' id='word_1_743' title='bbox 1644 5496 1849 5567; x_wconf 87' lang='lat' dir='ltr'><strong>gratia,</strong></span> <span class='ocrx_word' id='word_1_744' title='bbox 1882 5495 2140 5566; x_wconf 86' lang='lat' dir='ltr'><strong>quoniam</strong></span> 
     </span>
    </p>
   </div>
   <div class='ocr_carea' id='block_1_101' title="bbox 552 5590 1834 5663">
    <p class='ocr_par' dir='ltr' id='par_1_101' title="bbox 552 5590 1834 5663">
     <span class='ocr_line' id='line_1_101' title="bbox 552 5590 1834 5663; baseline -0.005 -12"><span class='ocrx_word' id='word_1_745' title='bbox 552 5610 715 5651; x_wconf 90' lang='lat' dir='ltr'><strong>unum</strong></span> <span class='ocrx_word' id='word_1_746' title='bbox 740 5593 940 5649; x_wconf 92' lang='lat' dir='ltr'><strong>donum</strong></span> <span class='ocrx_word' id='word_1_747' title='bbox 972 5604 1055 5647; x_wconf 91' lang='lat' dir='ltr'><strong>est</strong></span> <span class='ocrx_word' id='word_1_748' title='bbox 1086 5593 1264 5649; x_wconf 84' lang='lat' dir='ltr'><strong>Patris</strong></span> <span class='ocrx_word' id='word_1_749' title='bbox 1293 5601 1350 5650; x_wconf 90' lang='lat' dir='ltr'><strong>et</strong></span> <span class='ocrx_word' id='word_1_750' title='bbox 1376 5590 1612 5663; x_wconf 90' lang='lat' dir='ltr'><strong>Spiritus</strong></span> <span class='ocrx_word' id='word_1_751' title='bbox 1642 5591 1834 5645; x_wconf 89' lang='lat' dir='ltr'><strong>sancti.</strong></span> 
     </span>
    </p>
   </div>
   <div class='ocr_carea' id='block_1_102' title="bbox 621 5680 2143 5759">
    <p class='ocr_par' dir='ltr' id='par_1_102' title="bbox 621 5680 2143 5759">
     <span class='ocr_line' id='line_1_102' title="bbox 621 5680 2143 5759; baseline -0.003 -17"><span class='ocrx_word' id='word_1_752' title='bbox 621 5687 837 5759; x_wconf 75' lang='lat' dir='ltr'><strong>Repleat</strong></span> <span class='ocrx_word' id='word_1_753' title='bbox 862 5702 948 5741; x_wconf 89' lang='lat' dir='ltr'><strong>vos</strong></span> <span class='ocrx_word' id='word_1_754' title='bbox 976 5688 1116 5740; x_wconf 90' lang='lat' dir='ltr'><strong>omni</strong></span> <span class='ocrx_word' id='word_1_755' title='bbox 1150 5686 1344 5757; x_wconf 88' lang='lat' dir='ltr'><strong>gaudio</strong></span> <span class='ocrx_word' id='word_1_756' title='bbox 1368 5694 1415 5740; x_wconf 90' lang='lat' dir='ltr'><strong>et</strong></span> <span class='ocrx_word' id='word_1_757' title='bbox 1442 5700 1591 5758; x_wconf 87' lang='lat' dir='ltr'><strong>pace.</strong></span> <span class='ocrx_word' id='word_1_758' title='bbox 1625 5681 1737 5737; x_wconf 81' lang='lat' dir='ltr'><strong>Pax</strong></span> <span class='ocrx_word' id='word_1_759' title='bbox 1778 5680 2039 5750; x_wconf 86' lang='lat' dir='ltr'><strong>ﬁdelium,</strong></span> <span class='ocrx_word' id='word_1_760' title='bbox 2089 5682 2143 5738; x_wconf 88' lang='lat' dir='ltr'><strong>in</strong></span> 
     </span>
    </p>
   </div>
   <div class='ocr_carea' id='block_1_103' title="bbox 551 5774 2141 5855">
    <p class='ocr_par' dir='ltr' id='par_1_103' title="bbox 551 5774 2141 5855">
     <span class='ocr_line' id='line_1_103' title="bbox 551 5774 2141 5855; baseline 0 -20"><span class='ocrx_word' id='word_1_761' title='bbox 551 5794 647 5855; x_wconf 88' lang='lat' dir='ltr'><strong>spe</strong></span> <span class='ocrx_word' id='word_1_762' title='bbox 671 5778 834 5838; x_wconf 86' lang='lat' dir='ltr'><strong>debet</strong></span> <span class='ocrx_word' id='word_1_763' title='bbox 858 5793 979 5838; x_wconf 89' lang='lat' dir='ltr'><strong>esse</strong></span> <span class='ocrx_word' id='word_1_764' title='bbox 1005 5777 1207 5838; x_wconf 86' lang='lat' dir='ltr'><strong>futura.</strong></span> <span class='ocrx_word' id='word_1_765' title='bbox 1228 5778 1296 5840; x_wconf 85' lang='lat' dir='ltr'><strong>Et</strong></span> <span class='ocrx_word' id='word_1_766' title='bbox 1316 5778 1391 5837; x_wconf 88' lang='lat' dir='ltr'><strong>ibi</strong></span> <span class='ocrx_word' id='word_1_767' title='bbox 1420 5792 1581 5836; x_wconf 91' lang='lat' dir='ltr'><strong>omne</strong></span> <span class='ocrx_word' id='word_1_768' title='bbox 1609 5774 1890 5852; x_wconf 87' lang='lat' dir='ltr'><strong>gaudium,</strong></span> <span class='ocrx_word' id='word_1_769' title='bbox 1918 5776 2007 5834; x_wconf 87' lang='lat' dir='ltr'><strong>ubi</strong></span> <span class='ocrx_word' id='word_1_770' title='bbox 2039 5791 2141 5850; x_wconf 82' lang='lat' dir='ltr'><strong>pax</strong></span> 
     </span>
    </p>
   </div>
   <div class='ocr_carea' id='block_1_104' title="bbox 2238 4658 3649 4732">
    <p class='ocr_par' dir='ltr' id='par_1_104' title="bbox 2238 4658 3649 4732">
     <span class='ocr_line' id='line_1_104' title="bbox 2238 4658 3649 4732; baseline -0.003 -17"><span class='ocrx_word' id='word_1_771' title='bbox 2238 4660 2427 4729; x_wconf 89' lang='lat' dir='ltr'><strong>Deum,</strong></span> <span class='ocrx_word' id='word_1_772' title='bbox 2464 4660 2584 4716; x_wconf 90' lang='lat' dir='ltr'><strong>licet</strong></span> <span class='ocrx_word' id='word_1_773' title='bbox 2610 4660 2750 4732; x_wconf 90' lang='lat' dir='ltr'><strong>apud</strong></span> <span class='ocrx_word' id='word_1_774' title='bbox 2775 4660 3023 4716; x_wconf 90' lang='lat' dir='ltr'><strong>homines</strong></span> <span class='ocrx_word' id='word_1_775' title='bbox 3053 4660 3285 4715; x_wconf 90' lang='lat' dir='ltr'><strong>infamer</strong></span> <span class='ocrx_word' id='word_1_776' title='bbox 3307 4668 3362 4715; x_wconf 92' lang='lat' dir='ltr'><strong>et</strong></span> <span class='ocrx_word' id='word_1_777' title='bbox 3393 4658 3649 4715; x_wconf 89' lang='lat' dir='ltr'><strong>maculer.</strong></span> 
     </span>
    </p>
   </div>
   <div class='ocr_carea' id='block_1_105' title="bbox 2311 4750 3796 4823">
    <p class='ocr_par' dir='ltr' id='par_1_105' title="bbox 2311 4750 3796 4823">
     <span class='ocr_line' id='line_1_105' title="bbox 2311 4750 3796 4823; baseline -0.003 -18"><span class='ocrx_word' id='word_1_778' title='bbox 2311 4750 2432 4805; x_wconf 90' lang='lat' dir='ltr'><strong>Non</strong></span> <span class='ocrx_word' id='word_1_779' title='bbox 2470 4751 2606 4805; x_wconf 88' lang='lat' dir='ltr'><strong>enim</strong></span> <span class='ocrx_word' id='word_1_780' title='bbox 2641 4752 2803 4807; x_wconf 87' lang='lat' dir='ltr'><strong>audeo</strong></span> <span class='ocrx_word' id='word_1_781' title='bbox 2840 4751 3039 4823; x_wconf 83' lang='lat' dir='ltr'><strong>aliquid</strong></span> <span class='ocrx_word' id='word_1_782' title='bbox 3074 4750 3216 4822; x_wconf 85' lang='lat' dir='ltr'><strong>loqui</strong></span> <span class='ocrx_word' id='word_1_783' title='bbox 3250 4767 3446 4818; x_wconf 88' lang='lat' dir='ltr'><strong>eorum,</strong></span> <span class='ocrx_word' id='word_1_784' title='bbox 3484 4764 3599 4821; x_wconf 72' lang='lat' dir='ltr'><strong>qua:</strong></span> <span class='ocrx_word' id='word_1_785' title='bbox 3628 4762 3709 4820; x_wconf 79' lang='lat' dir='ltr'><strong>per</strong></span> <span class='ocrx_word' id='word_1_786' title='bbox 3735 4757 3796 4796; x_wconf 79' lang='grc' dir='ltr'><strong>ηιε</strong></span> 
     </span>
    </p>
   </div>
   <div class='ocr_carea' id='block_1_106' title="bbox 2239 4835 3797 4915">
    <p class='ocr_par' dir='ltr' id='par_1_106' title="bbox 2239 4835 3797 4915">
     <span class='ocr_line' id='line_1_106' title="bbox 2239 4835 3797 4915; baseline -0.008 -18"><span class='ocrx_word' id='word_1_787' title='bbox 2239 4843 2399 4914; x_wconf 77' lang='lat' dir='ltr'><strong>efﬁcit</strong></span> <span class='ocrx_word' id='word_1_788' title='bbox 2436 4841 2703 4909; x_wconf 87' lang='lat' dir='ltr'><strong>Christus,</strong></span> <span class='ocrx_word' id='word_1_789' title='bbox 2734 4844 2787 4897; x_wconf 90' lang='lat' dir='ltr'><strong>in</strong></span> <span class='ocrx_word' id='word_1_790' title='bbox 2821 4843 3161 4898; x_wconf 87' lang='lat' dir='ltr'><strong>obedientiam</strong></span> <span class='ocrx_word' id='word_1_791' title='bbox 3190 4844 3443 4915; x_wconf 88' lang='lat' dir='ltr'><strong>gentium.</strong></span> <span class='ocrx_word' id='word_1_792' title='bbox 3478 4843 3572 4897; x_wconf 84' lang='lat' dir='ltr'><strong>llic</strong></span> <span class='ocrx_word' id='word_1_793' title='bbox 3596 4835 3797 4896; x_wconf 87' lang='lat' dir='ltr'><strong>ostendit</strong></span> 
     </span>
    </p>
   </div>
   <div class='ocr_carea' id='block_1_107' title="bbox 2241 4934 3798 5006">
    <p class='ocr_par' dir='ltr' id='par_1_107' title="bbox 2241 4934 3798 5006">
     <span class='ocr_line' id='line_1_107' title="bbox 2241 4934 3798 5006; baseline -0.006 -15"><span class='ocrx_word' id='word_1_794' title='bbox 2241 4934 2442 4991; x_wconf 91' lang='lat' dir='ltr'><strong>Christi</strong></span> <span class='ocrx_word' id='word_1_795' title='bbox 2484 4943 2541 4991; x_wconf 91' lang='lat' dir='ltr'><strong>et</strong></span> <span class='ocrx_word' id='word_1_796' title='bbox 2578 4934 2816 5006; x_wconf 89' lang='lat' dir='ltr'><strong>Spiritus</strong></span> <span class='ocrx_word' id='word_1_797' title='bbox 2853 4937 3049 5003; x_wconf 80' lang='lat' dir='ltr'><strong>sancti,</strong></span> <span class='ocrx_word' id='word_1_798' title='bbox 3083 4952 3245 4991; x_wconf 91' lang='lat' dir='ltr'><strong>unam</strong></span> <span class='ocrx_word' id='word_1_799' title='bbox 3275 4951 3399 4992; x_wconf 90' lang='lat' dir='ltr'><strong>esse</strong></span> <span class='ocrx_word' id='word_1_800' title='bbox 3428 4934 3712 5006; x_wconf 81' lang='lat' dir='ltr'><strong>potentiam</strong></span> <span class='ocrx_word' id='word_1_801' title='bbox 3736 4937 3798 4982; x_wconf 83' lang='lat' dir='ltr'><strong>at-</strong></span> 
     </span>
    </p>
   </div>
   <div class='ocr_carea' id='block_1_108' title="bbox 2244 5028 3796 5101">
    <p class='ocr_par' dir='ltr' id='par_1_108' title="bbox 2244 5028 3796 5101">
     <span class='ocr_line' id='line_1_108' title="bbox 2244 5028 3796 5101; baseline -0.003 -19"><span class='ocrx_word' id='word_1_802' title='bbox 2244 5044 2349 5100; x_wconf 90' lang='lat' dir='ltr'><strong>que</strong></span> <span class='ocrx_word' id='word_1_803' title='bbox 2378 5030 2657 5086; x_wconf 87' lang='lat' dir='ltr'><strong>virtutem.</strong></span> <span class='ocrx_word' id='word_1_804' title='bbox 2683 5028 2817 5085; x_wconf 91' lang='lat' dir='ltr'><strong>ltem</strong></span> <span class='ocrx_word' id='word_1_805' title='bbox 2845 5046 2951 5085; x_wconf 91' lang='lat' dir='ltr'><strong>non</strong></span> <span class='ocrx_word' id='word_1_806' title='bbox 2980 5044 3146 5085; x_wconf 89' lang='lat' dir='ltr'><strong>ausus</strong></span> <span class='ocrx_word' id='word_1_807' title='bbox 3171 5046 3291 5085; x_wconf 89' lang='lat' dir='ltr'><strong>sum</strong></span> <span class='ocrx_word' id='word_1_808' title='bbox 3320 5029 3521 5101; x_wconf 90' lang='lat' dir='ltr'><strong>aliquid</strong></span> <span class='ocrx_word' id='word_1_809' title='bbox 3547 5028 3715 5085; x_wconf 90' lang='lat' dir='ltr'><strong>dicere</strong></span> <span class='ocrx_word' id='word_1_810' title='bbox 3731 5034 3796 5077; x_wconf 84' lang='lat' dir='ltr'><strong>tne</strong></span> 
     </span>
    </p>
   </div>
   <div class='ocr_carea' id='block_1_109' title="bbox 2245 5122 3796 5195">
    <p class='ocr_par' dir='ltr' id='par_1_109' title="bbox 2245 5122 3796 5195">
     <span class='ocr_line' id='line_1_109' title="bbox 2245 5122 3796 5195; baseline -0.003 -16"><span class='ocrx_word' id='word_1_811' title='bbox 2245 5122 2297 5179; x_wconf 83' lang='lat' dir='ltr'><strong>in</strong></span> <span class='ocrx_word' id='word_1_812' title='bbox 2329 5122 2415 5179; x_wconf 92' lang='lat' dir='ltr'><strong>his</strong></span> <span class='ocrx_word' id='word_1_813' title='bbox 2446 5122 2727 5179; x_wconf 84' lang='lat' dir='ltr'><strong>dumtaxat</strong></span> <span class='ocrx_word' id='word_1_814' title='bbox 2754 5122 2916 5180; x_wconf 89' lang='lat' dir='ltr'><strong>rebus</strong></span> <span class='ocrx_word' id='word_1_815' title='bbox 2945 5123 3166 5195; x_wconf 89' lang='lat' dir='ltr'><strong>propria</strong></span> <span class='ocrx_word' id='word_1_816' title='bbox 3187 5122 3391 5179; x_wconf 86' lang='lat' dir='ltr'><strong>virtute</strong></span> <span class='ocrx_word' id='word_1_817' title='bbox 3415 5122 3629 5190; x_wconf 89' lang='lat' dir='ltr'><strong>fecisse,</strong></span> <span class='ocrx_word' id='word_1_818' title='bbox 3652 5128 3796 5175; x_wconf 83' lang='lat' dir='ltr'><strong>etnon</strong></span> 
     </span>
    </p>
   </div>
   <div class='ocr_carea' id='block_1_110' title="bbox 2244 5218 3351 5289">
    <p class='ocr_par' dir='ltr' id='par_1_110' title="bbox 2244 5218 3351 5289">
     <span class='ocr_line' id='line_1_110' title="bbox 2244 5218 3351 5289; baseline -0.002 -14"><span class='ocrx_word' id='word_1_819' title='bbox 2244 5218 2424 5275; x_wconf 89' lang='lat' dir='ltr'><strong>omnia</strong></span> <span class='ocrx_word' id='word_1_820' title='bbox 2452 5233 2550 5289; x_wconf 93' lang='lat' dir='ltr'><strong>per</strong></span> <span class='ocrx_word' id='word_1_821' title='bbox 2577 5232 2664 5273; x_wconf 91' lang='lat' dir='ltr'><strong>me</strong></span> <span class='ocrx_word' id='word_1_822' title='bbox 2690 5232 2812 5273; x_wconf 90' lang='lat' dir='ltr'><strong>esse</strong></span> <span class='ocrx_word' id='word_1_823' title='bbox 2842 5218 3015 5275; x_wconf 91' lang='lat' dir='ltr'><strong>Deum</strong></span> <span class='ocrx_word' id='word_1_824' title='bbox 3044 5227 3351 5289; x_wconf 89' lang='lat' dir='ltr'><strong>operatum.</strong></span> 
     </span>
    </p>
   </div>
   <div class='ocr_carea' id='block_1_111' title="bbox 2317 5302 3802 5384">
    <p class='ocr_par' dir='ltr' id='par_1_111' title="bbox 2317 5302 3802 5384">
     <span class='ocr_line' id='line_1_111' title="bbox 2317 5302 3802 5384; baseline -0.008 -17"><span class='ocrx_word' id='word_1_825' title='bbox 2317 5312 2385 5369; x_wconf 87' lang='lat' dir='ltr'><strong>In</strong></span> <span class='ocrx_word' id='word_1_826' title='bbox 2416 5313 2567 5367; x_wconf 82' lang='lat' dir='ltr'><strong>verbo</strong></span> <span class='ocrx_word' id='word_1_827' title='bbox 2605 5320 2651 5367; x_wconf 89' lang='lat' dir='ltr'><strong>et</strong></span> <span class='ocrx_word' id='word_1_828' title='bbox 2683 5312 2855 5383; x_wconf 78' lang='lat' dir='ltr'><strong>factis,</strong></span> <span class='ocrx_word' id='word_1_829' title='bbox 2883 5314 2936 5366; x_wconf 88' lang='lat' dir='ltr'><strong>in</strong></span> <span class='ocrx_word' id='word_1_830' title='bbox 2966 5314 3153 5367; x_wconf 89' lang='lat' dir='ltr'><strong>virtute</strong></span> <span class='ocrx_word' id='word_1_831' title='bbox 3180 5313 3468 5384; x_wconf 86' lang='lat' dir='ltr'><strong>signorum,</strong></span> <span class='ocrx_word' id='word_1_832' title='bbox 3496 5317 3545 5365; x_wconf 90' lang='lat' dir='ltr'><strong>et</strong></span> <span class='ocrx_word' id='word_1_833' title='bbox 3574 5302 3802 5382; x_wconf 82' lang='lat' dir='ltr'><strong>prodigio-</strong></span> 
     </span>
    </p>
   </div>
   <div class='ocr_carea' id='block_1_112' title="bbox 2247 5392 3801 5477">
    <p class='ocr_par' dir='ltr' id='par_1_112' title="bbox 2247 5392 3801 5477">
     <span class='ocr_line' id='line_1_112' title="bbox 2247 5392 3801 5477; baseline -0.004 -16"><span class='ocrx_word' id='word_1_834' title='bbox 2247 5424 2385 5462; x_wconf 89' lang='lat' dir='ltr'><strong>rum.</strong></span> <span class='ocrx_word' id='word_1_835' title='bbox 2416 5406 2531 5460; x_wconf 85' lang='lat' dir='ltr'><strong>Hoc</strong></span> <span class='ocrx_word' id='word_1_836' title='bbox 2558 5413 2641 5461; x_wconf 91' lang='lat' dir='ltr'><strong>est</strong></span> <span class='ocrx_word' id='word_1_837' title='bbox 2666 5404 2911 5460; x_wconf 89' lang='lat' dir='ltr'><strong>doctrina</strong></span> <span class='ocrx_word' id='word_1_838' title='bbox 2939 5415 2993 5461; x_wconf 91' lang='lat' dir='ltr'><strong>et</strong></span> <span class='ocrx_word' id='word_1_839' title='bbox 3019 5406 3209 5477; x_wconf 86' lang='lat' dir='ltr'><strong>signis.</strong></span> <span class='ocrx_word' id='word_1_840' title='bbox 3242 5404 3359 5461; x_wconf 86' lang='lat' dir='ltr'><strong>Non</strong></span> <span class='ocrx_word' id='word_1_841' title='bbox 3388 5405 3534 5460; x_wconf 89' lang='lat' dir='ltr'><strong>enim</strong></span> <span class='ocrx_word' id='word_1_842' title='bbox 3566 5402 3633 5458; x_wconf 85' lang='lat' dir='ltr'><strong>de</strong></span> <span class='ocrx_word' id='word_1_843' title='bbox 3657 5392 3801 5469; x_wconf 57' lang='lat' dir='ltr'><strong>operi&#39;</strong></span> 
     </span>
    </p>
   </div>
   <div class='ocr_carea' id='block_1_113' title="bbox 2246 5496 3393 5569">
    <p class='ocr_par' dir='ltr' id='par_1_113' title="bbox 2246 5496 3393 5569">
     <span class='ocr_line' id='line_1_113' title="bbox 2246 5496 3393 5569; baseline -0.002 -14"><span class='ocrx_word' id='word_1_844' title='bbox 2246 5500 2346 5555; x_wconf 87' lang='lat' dir='ltr'><strong>bus</strong></span> <span class='ocrx_word' id='word_1_845' title='bbox 2374 5497 2482 5566; x_wconf 89' lang='lat' dir='ltr'><strong>hic,</strong></span> <span class='ocrx_word' id='word_1_846' title='bbox 2514 5496 2607 5552; x_wconf 91' lang='lat' dir='ltr'><strong>sed</strong></span> <span class='ocrx_word' id='word_1_847' title='bbox 2638 5496 2704 5552; x_wconf 89' lang='lat' dir='ltr'><strong>de</strong></span> <span class='ocrx_word' id='word_1_848' title='bbox 2734 5497 3025 5553; x_wconf 88' lang='lat' dir='ltr'><strong>virtutibus</strong></span> <span class='ocrx_word' id='word_1_849' title='bbox 3055 5498 3393 5569; x_wconf 87' lang='lat' dir='ltr'><strong>loquebatur.</strong></span> 
     </span>
    </p>
   </div>
   <div class='ocr_carea' id='block_1_114' title="bbox 2320 5585 3801 5660">
    <p class='ocr_par' dir='ltr' id='par_1_114' title="bbox 2320 5585 3801 5660">
     <span class='ocr_line' id='line_1_114' title="bbox 2320 5585 3801 5660; baseline -0.002 -16"><span class='ocrx_word' id='word_1_850' title='bbox 2320 5588 2385 5645; x_wconf 89' lang='lat' dir='ltr'><strong>In</strong></span> <span class='ocrx_word' id='word_1_851' title='bbox 2414 5590 2600 5644; x_wconf 81' lang='lat' dir='ltr'><strong>virtute</strong></span> <span class='ocrx_word' id='word_1_852' title='bbox 2635 5589 2873 5660; x_wconf 86' lang='lat' dir='ltr'><strong>Spiritus</strong></span> <span class='ocrx_word' id='word_1_853' title='bbox 2901 5592 3089 5647; x_wconf 87' lang='lat' dir='ltr'><strong>sancti.</strong></span> <span class='ocrx_word' id='word_1_854' title='bbox 3122 5589 3295 5647; x_wconf 86' lang='lat' dir='ltr'><strong>Unam</strong></span> <span class='ocrx_word' id='word_1_855' title='bbox 3328 5603 3449 5647; x_wconf 88' lang='lat' dir='ltr'><strong>esse</strong></span> <span class='ocrx_word' id='word_1_856' title='bbox 3475 5588 3715 5643; x_wconf 84' lang='lat' dir='ltr'><strong>virtutem</strong></span> <span class='ocrx_word' id='word_1_857' title='bbox 3739 5585 3801 5633; x_wconf 68' lang='lat' dir='ltr'><strong>ll‘</strong></span> 
     </span>
    </p>
   </div>
   <div class='ocr_carea' id='block_1_115' title="bbox 2247 5684 2698 5756">
    <p class='ocr_par' dir='ltr' id='par_1_115' title="bbox 2247 5684 2698 5756">
     <span class='ocr_line' id='line_1_115' title="bbox 2247 5684 2698 5756; baseline -0.009 -15"><span class='ocrx_word' id='word_1_858' title='bbox 2247 5699 2353 5756; x_wconf 91' lang='lat' dir='ltr'><strong>que</strong></span> <span class='ocrx_word' id='word_1_859' title='bbox 2380 5684 2698 5755; x_wconf 90' lang='lat' dir='ltr'><strong>potentiam.</strong></span> 
     </span>
    </p>
   </div>
   <div class='ocr_carea' id='block_1_116' title="bbox 2323 5762 3909 5855">
    <p class='ocr_par' dir='ltr' id='par_1_116' title="bbox 2323 5762 3909 5855">
     <span class='ocr_line' id='line_1_116' title="bbox 2323 5762 3909 5855; baseline 0.006 -22"><span class='ocrx_word' id='word_1_860' title='bbox 2323 5775 2410 5833; x_wconf 87' lang='lat' dir='ltr'><strong>Ita</strong></span> <span class='ocrx_word' id='word_1_861' title='bbox 2436 5784 2491 5833; x_wconf 92' lang='lat' dir='ltr'><strong>ut</strong></span> <span class='ocrx_word' id='word_1_862' title='bbox 2523 5778 2587 5833; x_wconf 89' lang='lat' dir='ltr'><strong>ab</strong></span> <span class='ocrx_word' id='word_1_863' title='bbox 2624 5774 2913 5836; x_wconf 84' lang='lat' dir='ltr'><strong>Ierusalem</strong></span> <span class='ocrx_word' id='word_1_864' title='bbox 2951 5788 3040 5852; x_wconf 80' lang='lat' dir='ltr'><strong>per</strong></span> <span class='ocrx_word' id='word_1_865' title='bbox 3071 5776 3343 5838; x_wconf 84' lang='lat' dir='ltr'><strong>circuitum</strong></span> <span class='ocrx_word' id='word_1_866' title='bbox 3370 5792 3540 5855; x_wconf 81' lang='lat' dir='ltr'><strong>usque</strong></span> <span class='ocrx_word' id='word_1_867' title='bbox 3564 5774 3633 5829; x_wconf 82' lang='lat' dir='ltr'><strong>ad</strong></span> <span class='ocrx_word' id='word_1_868' title='bbox 3657 5762 3804 5839; x_wconf 60' lang='lat' dir='ltr'><strong>ll‘tl’l‘</strong></span> 
     </span>
    </p>
   </div>
  </div>
