3970 6304
216 363 318 425 715

854 358 1415 433 {COMMENTARIUS
1451 360 1522 421 1N
1559 359 1951 423 EPISTULAM
1989 363 2083 421 AD
2121 324 2481 425 nemos.
2524 360 2678 420 car.
2718 360 2863 421 xvr.

3404 358 3513 419 7M

210 499 329 537 cum
362 479 661 553 repleverim
702 476 1044 554 Euangelium
1085 479 1300 539 Christi.
1332 481 1596 554 Repletur
1625 481 1805 539 Evan-
1829 485 1887 547 Α
1981 481 2126 537 Nam
2149 483 2195 537 si
2212 480 2576 554 spiritualium
2600 496 2782 536 eorum
2803 476 3084 549 participes
3105 474 3231 549 facti
3249 484 3371 532 sunt
3390 492 3515 549 gen-

208 577 433 649 gelium,
465 590 589 631 cum
621 576 782 633 etiam
810 584 1000 648 gentes
1024 576 1276 632 credunt.

280 669 374 725 Sic
409 679 582 724 autem
618 668 897 742 prwdicavi
936 667 1281 742 Evangelium
1303 668 1421 740 hoc,
1451 685 1556 725 non
1596 668 1685 724 ubi
1714 685 1806 725 no-

203 763 431 818 minatus
466 771 540 818 est
568 761 801 819 Christus
831 779 850 819 :
880 779 943 817 ne
970 780 1126 832 super
1153 764 1378 819 alienum
1408 764 1805 835 fundamentum

210 853 554 923 trdiﬁcarem.
599 852 714 910 Non
755 855 963 921 omnis,
1003 855 1096 923 qui
1131 868 1296 925 super
1332 854 1569 910 alienum
1610 854 1807 909 funda-

204 958 450 1003 mentum
473 946 735 1014 aediﬁcat,
766 947 912 1003 male
936 947 1086 1018 facit,
1116 944 1213 1004 sed
1242 947 1289 1002 si
1326 946 1559 1003 ediﬁcet
1582 962 1800 1015 aurum,

209 1052 265 1099 et
301 1050 528 1099 caetera.
570 1042 671 1098 Hic
704 1042 1195 1113 pseudoapostolos
1223 1042 1416 1113 tangit,
1459 1045 1550 1111 qui
1585 1057 1804 1113 semper

201 1136 267 1192 ad
295 1152 422 1205 eos,
451 1136 543 1205 qui
567 1138 677 1205 jam
708 1134 1080 1203 crediderant,
1120 1136 1289 1203 ibant,
1330 1144 1387 1191 et
1410 1150 1705 1206 numquam
1732 1134 1803 1191 ad

200 1241 397 1304 gentes
421 1250 435 1287 :
463 1231 591 1302 quia
612 1246 719 1287 non
746 1237 994 1301 poterant
1013 1230 1244 1286 virtutes
1265 1228 1505 1300 operari.
1532 1230 1601 1285 Et
1620 1238 1804 1285 osten—

200 1328 277 1382 dit
300 1325 545 1397 perfecte
567 1339 627 1379 se
648 1324 949 1391 laborasse,
972 1323 1065 1395 qui
1090 1332 1148 1380 et
1166 1322 1576 1379 fundamentum
1599 1322 1801 1392 posuit,

202 1427 254 1474 ct
279 1417 579 1473 aedificium
603 1415 989 1488 superstruxit.
1184 1480 1189 1485 ξ
1774 1478 1777 1483 ⁴

269 1512 383 1570 Sed
408 1512 545 1566 sicut
570 1511 823 1581 scriptum
851 1519 944 1566 est.
974 1510 1032 1565 In
1062 1508 1223 1567 Isaia.
1255 1508 1508 1567 Ostendit
1536 1525 1695 1567 suum
1722 1508 1802 1566 1a-

199 1605 414 1672 borem,
441 1605 555 1675 jam
585 1614 711 1660 ante
735 1603 906 1662 fuisse
933 1604 1275 1676 praedictum.

270 1701 543 1768 Quoniam
584 1700 770 1771 quibus
808 1716 915 1754 non
948 1708 1022 1755 est
1052 1701 1419 1755 annuntiatum
1447 1699 1513 1753 de
1546 1715 1629 1766 eo,
1656 1696 1800 1751 vide-

200 1793 347 1862 bunt,
383 1800 430 1847 et
453 1793 544 1858 qui
569 1807 678 1847 non
705 1792 985 1846 audierunt
1015 1793 1081 1846 de
1105 1809 1188 1861 eo,
1210 1791 1522 1863 intelligent.
1549 1790 1802 1846 Ostendi-

1906 576 2041 647 tiles,
2074 576 2259 631 debent
2288 585 2339 630 et
2366 576 2423 629 in
2452 573 2754 629 carnalibus
2784 572 3085 627 ministrare
3119 572 3215 651 eis.
3244 569 3379 636 Quia
3405 569 3509 625 do-

1904 678 2091 725 ctores
2131 684 2198 726 ex
2241 668 2377 739 ipsis
2412 667 2709 733 habebant,
2738 675 2794 722 et
2832 665 2966 721 socii
3003 664 3130 720 facti
3171 664 3386 719 fuerant
3415 676 3509 717 ra-

1905 760 2066 829 dicis,
2111 768 2168 817 et
2204 758 2553 831 pinguedinis
2597 759 2758 814 oliva:
2797 776 2812 813 :
2860 756 3095 828 ideoque
3135 755 3510 827 unusquisque

1905 852 1961 909 in
1991 868 2098 924 quo
2125 853 2385 921 abundat,
2416 851 2580 907 debet
2617 850 2776 906 alteri
2803 851 3101 921 impertire.

1979 944 2099 1000 Hoc
2129 943 2293 1017 igitur
2335 959 2455 997 cum
2496 946 2935 1009 consummavero,
2977 948 3027 995 et
3062 940 3394 1013 assignavero
3435 941 3511 994 eis

1908 1042 2138 1112 fructum
2157 1038 2317 1107 hunc,
2344 1054 2436 1107 per
2459 1052 2546 1091 vos
2568 1036 2869 1105 proﬁciscar
2888 1036 2942 1089 in
2970 1034 3306 1105 Hispaniam.
3330 1035 3388 1092 Si
3409 1050 3510 1091 vos

1905 1132 2048 1191 bene
2075 1130 2466 1198 exhibueritis,
2501 1129 2800 1188 abundabit
2824 1129 2980 1185 nobis
3009 1129 3150 1185 bona
3175 1128 3424 1185 doctrina
3453 1131 3510 1185 in

1905 1242 2005 1283 vos
2040 1244 2053 1281 :
2082 1226 2206 1298 quia
2236 1234 2499 1295 quantum
2543 1222 2762 1292 proficit
2788 1219 3112 1289 discipulus,
3147 1229 3351 1276 tantum
3383 1235 3508 1291 pro-

1905 1329 2135 1376 vocatur
2164 1318 2233 1373 ad
2258 1316 2564 1373 docendum
2608 1324 2664 1371 et
2699 1315 2910 1369 doctor.
2946 1311 3099 1369 Sicut
3126 1312 3251 1369 alibi
3282 1312 3358 1367 ait
3392 1330 3404 1366 :
3436 1312 3510 1368 Os

1908 1422 2153 1470 nostrum
2181 1420 2330 1481 patet
2357 1409 2427 1465 ad
2456 1422 2578 1475 vos,
2610 1423 2644 1463 ο
2671 1405 2962 1463 Corinthii.
2995 1406 3141 1473 Sive,
3169 1406 3508 1462 abundanter

1907 1505 2248 1563 benedicitur
2276 1506 2330 1561 in
2361 1502 2600 1558 adventu
2628 1515 2751 1556 meo
2782 1500 3037 1555 Christus
3064 1498 3119 1553 in
3147 1497 3327 1553 vobis.

1981 1600 2107 1657 Scio
2134 1608 2305 1653 autem
2329 1596 2579 1668 quoniam
2611 1595 2822 1649 ueniens
2851 1592 2921 1646 ad
2952 1608 3072 1659 vos,
3105 1592 3161 1646 in
3192 1592 3515 1648 abundantia

1908 1693 2277 1750 benedictionis
2311 1691 2503 1749 Christi
2540 1691 2761 1746 veniam.
2794 1688 2991 1746 Sciens
3030 1686 3347 1756 Apostolus,
3380 1702 3517 1758 quo-

1908 1788 2054 1843 niam
2084 1794 2305 1856 propter
2334 1784 2778 1855 prmdicationem
2809 1778 3015 1837 Christi
3044 1778 3276 1835 Romam
3301 1780 3516 1835 vinctus

200 1896 290 1943 tur
316 1886 572 1943 Christus
598 1887 654 1942 in
681 1885 980 1957 Apostolis,
1008 1896 1061 1942 et
1094 1896 1190 1967 per
1209 1888 1439 1942 virtutes
1462 1900 1585 1956 quae
1609 1885 1663 1940 in
1685 1884 1803 1954 ejus
1832 1887 1885 1948 B
1911 1881 2196 1939 ducendus
2222 1888 2362 1946 erat,
2391 1880 2444 1934 in
2470 1877 2796 1933 abundantia
2825 1873 3229 1931 benedictionis
3257 1873 3519 1967 praedicat

204 1981 426 2036 nomine
450 1978 677 2035 ﬁebant.

280 2074 502 2145 PrOpter
524 2074 664 2144 quod
688 2082 738 2128 et
762 2072 1083 2144 impediebar
1110 2071 1393 2143 plurimum
1412 2072 1583 2128 venire
1603 2071 1673 2126 ad
1692 2086 1801 2129 vos.

207 2168 471 2242 Exposuit
498 2168 632 2224 illud
657 2168 806 2240 quod
834 2169 890 2224 in
924 2169 1106 2239 capite
1134 2167 1368 2223 dixerat.

268 2265 344 2321 Et
380 2264 670 2338 prohibitus
699 2281 815 2320 sum
842 2280 1006 2335 usque
1031 2263 1225 2320 adhuc.
1257 2264 1415 2321 Nunc
1441 2281 1559 2322 vero
1588 2262 1803 2319 ulterius

210 2358 377 2413 locum
408 2373 516 2412 non
538 2356 726 2412 habens
751 2356 805 2411 in
832 2356 913 2411 his
938 2357 1255 2431 regionibus.
1280 2356 1384 2413 Ubi
1401 2356 1511 2427 jam
1540 2355 1641 2412 toti
1662 2354 1805 2411 ﬁrmi

206 2459 350 2519 sunt,
372 2463 597 2506 causam
620 2463 680 2507 se
700 2458 864 2521 negat
882 2449 1087 2505 habere
1107 2449 1348 2521 ponendi
1368 2448 1802 2505 fundamentum.

273 2542 633 2614 Cupiditatem
669 2551 841 2597 autem
887 2542 1079 2598 habens
1109 2540 1342 2597 veniendi
1369 2541 1439 2595 ad
1465 2556 1572 2596 vos.
1605 2540 1808 2595 Notan-

206 2636 336 2694 dum
376 2652 501 2694 esse
538 2637 891 2709 cupiditatem
931 2637 1096 2692 etiam
1129 2637 1326 2693 bonam
1359 2654 1372 2689 :
1420 2634 1590 2701 sicut',
1636 2632 1808 2704 Cupio

214 2728 464 2799 dissolvi,
488 2738 693 2785 etesse
714 2742 836 2784 cum
864 2728 1107 2784 Christo.
1139 2729 1207 2784 Et
1232 2747 1244 2784 :
1267 2727 1598 2798 Concupivit
1619 2725 1801 2781 anima

216 2842 335 2885 mea
367 2827 676 2885 desiderare
698 2808 1118 2898 iustiﬁcationes
1146 2835 1290 2883 tuas.
1702 2895 1706 2899 _

289 2921 381 2978 Ea:
397 2923 572 2978 multis
589 2926 706 2997 jam
734 2921 1136 2993 praecedentibus
1164 2922 1336 2977 annis.
1363 2920 1548 2990 Qualis
1573 2919 1812 2977 necessi-

209 3021 290 3073 tas
318 3013 490 3071 fuerit
514 3013 771 3083 ostendit,
796 3030 917 3086 qua:
943 3014 1095 3070 illum
1123 3016 1311 3071 multis
1332 3014 1606 3072 detineret
1628 3015 1809 3070 annis.

275 3106 413 3162 Cum
454 3107 510 3161 in
556 3105 873 3180 Hispaniam
911 3107 1173 3180 proficisci
1212 3123 1442 3180 coepero,
1485 3124 1634 3181 spero
1672 3107 1815 3179 quod

205 3202 514 3274 prateriens
540 3200 742 3256 videam
770 3216 880 3257 vos.
913 3199 1103 3257 Utrum
1127 3201 1184 3257 in
1212 3201 1473 3275 Hispania
1500 3202 1691 3271 fuerit,
1723 3201 1812 3258 in-

205 3305 425 3352 certum
456 3293 711 3351 habetur.

271 3388 353 3444 Et
394 3405 427 3443 a
468 3389 608 3445 vobis
644 3390 871 3457 deducor
899 3388 1049 3459 illuc,
1077 3391 1122 3446 si
1150 3389 1294 3445 vobis
1320 3390 1549 3462 primum
1575 3405 1637 3445 ea:
1664 3399 1813 3462 parte

208 3481 407 3552 {rnitus
433 3480 603 3552 fuero.
633 3481 771 3552 Quia
799 3483 871 3538 ita
897 3498 998 3540 vos
1019 3481 1310 3550 exhibetis,
1339 3490 1527 3539 utnec
1550 3483 1692 3554 apud
1718 3496 1815 3537 vos

204 3577 394 3635 locum
420 3586 516 3633 aut
544 3579 928 3634 necessitatem
956 3577 1187 3635 habeam
1217 3577 1419 3634 diutius
1448 3576 1763 3635 remorandi
1795 3595 1814 3632 :

209 3682 267 3731 et
296 3672 435 3729 ideo
464 3686 533 3728 ex
557 3680 714 3743 parte
742 3672 849 3727 illis
878 3670 1045 3729 fuisse
1084 3671 1214 3729 dicit
1246 3689 1260 3727 :
1294 3671 1422 3743 quia
1450 3686 1557 3727 non
1587 3671 1817 3729 credere

206 3766 552 3839 indigebant,
592 3766 689 3823 sed
730 3766 1108 3823 tantummodo
1145 3764 1482 3823 confirmari.
1526 3765 1654 3823 Sive
1691 3765 1815 3822 ideo

213 3876 280 3917 ex
306 3869 471 3933 parte
498 3876 515 3917 :
544 3859 671 3932 quia
698 3860 847 3917 nulla
863 3859 1193 3933 magnitudo
1220 3860 1481 3933 temporis
1502 3859 1663 3917 faciat
1685 3859 1816 3916 cha—

213 3954 454 4010 ritatem.

291 4043 455 4101 Nunc
484 4046 649 4117 igitur
676 4044 977 4118 proﬁciscar
1000 4048 1055 4103 in
1078 4048 1388 4105 Jerusalem.
1420 4046 1534 4105 Hoc
1560 4045 1696 4105 mihi
1723 4059 1815 4103 re-

210 4146 321 4195 stat
353 4138 619 4210 deinceps
646 4147 706 4195 ut
734 4141 966 4196 veniam.

277 4233 595 4290 Hinislrare
620 4235 831 4290 sanctis.
864 4236 1054 4293 Sancti
1083 4246 1239 4294 erant
1266 4235 1323 4292 in
1352 4236 1652 4294 Jerusalem
1674 4276 1690 4305 ,
1720 4236 1815 4307 qui

204 4327 473 4384 omnibus
508 4327 950 4400 suisxdistractis,
979 4339 1035 4387 et
1069 4340 1195 4387 ante
1235 4331 1620 4402 Apostolorum
1650 4328 1819 4401 pedes

204 4421 512 4493 depositis,
554 4420 812 4490 orationi,
843 4423 1089 4495 lectioni,
1122 4425 1493 4496 doctrinaeque
1530 4422 1815 4483 vacabant.

204 4514 424 4585 Quales
465 4525 645 4572 autem
687 4516 912 4585 fuerint,
952 4532 1019 4575 ex
1063 4518 1166 4575 hoc
1206 4519 1573 4591 cognoscitur,
1613 4528 1673 4574 ut
1700 4517 1820 4588 ipse

198 4608 516 4680 Apostolus
543 4624 642 4681 per
670 4624 730 4666 se
754 4610 861 4667 illis
890 4622 1147 4683 pergeret
1175 4612 1511 4680 ministrare,
1535 4620 1593 4670 et
1620 4610 1820 4684 quibus

1910 1989 1975 2032 se
2002 1988 2126 2030 esse
2161 1982 2468 2028 venturum.
2501 1970 2600 2026 Vel
2630 1978 2811 2035 certe,
2843 1968 3101 2038 quoniam
3130 1967 3382 2023 conscius
3410 1966 3518 2023 sibi

1908 2075 2058 2136 erat,
2100 2064 2455 2122 nihilominus
2494 2062 2701 2119 habere
2745 2076 2807 2118 se
2841 2060 3073 2132 gratiam
3113 2060 3183 2117 ab
3208 2059 3514 2131 aliisiApo-

1907 2158 2092 2216 stolis.

1988 2248 2214 2303 Obsecro
2234 2262 2357 2320 ergo
2374 2262 2484 2316 vos,
2510 2246 2722 2316 fratres,
2746 2258 2833 2314 per
2855 2242 3140 2298 Dominum
3157 2251 3393 2299 nostrum
3421 2242 3520 2298 Je—
3568 2218 3571 2225 λ

1911 2360 2029 2401 sum
2065 2341 2348 2397 Christum.
2395 2340 2571 2410 Rogat
2611 2346 2671 2393 ut
2703 2350 2803 2408 pro
2838 2350 2905 2393 eo
2943 2345 3056 2391 tota
3091 2336 3359 2392 instanter
3394 2344 3523 2392 oret

1914 2438 2163 2496 Ecclesia
2193 2455 2208 2491 :
2240 2435 2367 2507 quia
2396 2433 2553 2491 novit
2580 2432 2809 2488 multum
2840 2430 3027 2487 valere
3054 2443 3253 2501 preces
3281 2429 3337 2485 in
3364 2443 3523 2484 com-

1915 2532 2067 2591 muni
2098 2530 2417 2587 multorum.
2442 2527 2648 2584 Jacobo
2668 2526 2812 2582 enim
2841 2525 3043 2591 occiso,
3068 2526 3267 2583 Petrus
3291 2523 3524 2580 fratrum

1915 2626 2172 2700 precibus
2193 2623 2263 2680 de
2282 2637 2506 2679 carcere
2527 2621 2788 2677 liberatur
2811 2636 2825 2673 :
2851 2619 2943 2688 qui
2969 2632 3078 2673 non
3101 2625 3210 2673 tam
3235 2617 3337 2684 illi,
3358 2632 3524 2689 quam

1917 2718 2024 2776 sibi
2056 2712 2380 2774 beneﬁcium
2410 2713 2805 2785 prmstiterunt,
2837 2709 3054 2767 scilicet
3079 2716 3140 2765 ut
3164 2709 3283 2781 ejus
3312 2710 3527 2781 possint

1917 2811 2166 2868 doctrina
2196 2808 2423 2864 ﬁrmari.

1993 2903 2064 2959 Et
2097 2919 2189 2976 per
2221 2900 2528 2958 charitatem
2560 2900 2729 2955 sancti
2756 2898 2992 2970 Spiritus
3025 2915 3045 2955 :
3073 2909 3131 2955 ut
3157 2899 3416 2970 adjuvetis
3441 2916 3527 2955 me

1917 3001 1977 3056 in
1999 2997 2321 3055 orationibus
2340 2996 2520 3052 vestris
2546 3012 2640 3068 pro
2662 3011 2742 3050 me
2760 2994 2830 3050 ad
2849 2992 3037 3050 Deum.
3052 2994 3359 3067 Spiritualis
3377 2994 3525 3053 enim

1921 3092 2161 3151 cbaritas
2185 3091 2341 3158 facit,
2368 3097 2429 3145 ut
2460 3104 2557 3161 pro
2582 3088 2816 3145 invicem
2846 3089 3108 3146 exoretis.

2001 3188 2072 3245 Ut
2101 3186 2289 3242 liberer
2316 3184 2381 3240 ab
2401 3183 2734 3255 infidelibus,
2763 3183 2855 3255 qui
2883 3192 3005 3239 sunt
3031 3184 3085 3236 in
3108 3182 3301 3238 Judwa
3327 3198 3347 3239 :
3371 3191 3421 3237 et
3441 3182 3533 3237 ob-

1835 3279 1889 3344 C
1923 3283 2091 3356 sequii
2128 3283 2231 3337 mei
2259 3280 2450 3338 oblatio
2488 3287 2700 3351 accepta
2746 3278 2840 3348 ﬁat
2885 3278 2943 3332 in
2981 3276 3277 3333 Jerusalem
3314 3278 3531 3336 sanctis.

1922 3377 2056 3435 Sive
2090 3384 2151 3431 ut
2189 3388 2382 3432 omnes
2412 3372 2640 3429 credant
2670 3387 2686 3426 :
2714 3370 2833 3428 sive
2874 3369 3131 3427 fidelibus
3158 3369 3481 3427 ministrans
3510 3388 3528 3425 :

1922 3469 1983 3526 in
2010 3482 2203 3526 manus
2230 3466 2535 3524 inﬁdelium
2564 3479 2675 3521 non
2705 3463 3005 3532 incurram,
3029 3477 3101 3519 ne
3118 3461 3188 3519 ad
3212 3476 3314 3519 vos
3332 3462 3526 3521 venire

1923 3576 2036 3619 non
2064 3560 2292 3634 possim.

2004 3652 2072 3710 Ut
2095 3652 2294 3708 ueniam
2315 3651 2383 3706 ad
2408 3667 2495 3707 vos
2515 3651 2571 3706 in
2604 3648 2800 3723 gaudio
2833 3664 2925 3720 per
2962 3645 3279 3703 uoluntatem
3314 3643 3531 3713 Deifet

1924 3747 2203 3821 refrigerer
2232 3744 2515 3801 vobiscum.
2546 3742 2699 3799 Tune
2724 3741 2781 3798 in
2804 3741 3004 3814 gaudio
3030 3741 3273 3810 veniam,
3302 3740 3348 3795 si
3372 3738 3530 3797 obla-

1926 3840 2009 3899 tio
2034 3853 2156 3896 mea
2182 3839 2252 3894 ab
2278 3836 2361 3894 eis
2386 3844 2609 3908 accepta
2635 3833 2815 3903 fuerit,
2839 3843 2896 3891 et
2921 3847 3148 3890 securus
3172 3830 3401 3888 verbum
3430 3829 3529 3887 Dei

1924 3931 2297 3991 abundantius
2319 3931 2532 4003 loquar.
2556 3927 2800 3985 Tristitia
2821 3926 2966 3985 enim
2985 3924 3154 3983 animi
3174 3923 3409 3982 multum
3430 3923 3525 3979 im-

1927 4025 2082 4098 pedit
2106 4023 2175 4081 ad
2196 4022 2518 4080 doctrinam.

2007 4116 2150 4175 Deus
2188 4127 2361 4174 autem
2397 4116 2541 4187 pacis
2580 4115 2649 4170 sit
2686 4129 2806 4169 cum
2844 4112 3080 4169 omnibus
3119 4110 3297 4179 vobis,
3340 4109 3527 4165 Amen.

1935 4211 2086 4269 Deus
2116 4211 2268 4283 pacis
2300 4225 2411 4266 non
2448 4208 2555 4265 nisi
2583 4208 2636 4263 in
2669 4206 2912 4279 paciﬁcis
2944 4214 3049 4264 est.
3080 4205 3313 4262 Pulchre
3341 4214 3527 4263 autem

1930 4306 2131 4375 ﬁnivit,
2165 4304 2377 4363 duobus
2404 4303 2622 4376 p0pulis
2648 4301 2703 4358 in
2743 4299 3093 4360 concordiam
3121 4298 3413 4358 revocatis.

2529 4469 2758 4529 CAPUT
2794 4469 2937 4527 XVI.

2002 4611 2323 4671 Commendo
2368 4616 2540 4665 autem
2579 4607 2720 4662 vobis
2764 4604 2994 4665 Phwben
3033 4620 3260 4663 sororem
3280 4614 3535 4664 nostram.

200 4701 555 4761 oblationem
592 4718 747 4759 suam
786 4717 910 4760 esse
950 4714 1103 4774 optat
1139 4715 1415 4777 acceptam
1455 4724 1469 4761 :
1512 4705 1566 4762 id
1607 4683 1721 4776 est,
1760 4713 1822 4763 ut
1852 4683 1909 4747 D
1933 4704 2055 4768 iam
2101 4708 2257 4779 quasi
2287 4705 2446 4761 finito
2487 4710 2639 4759 textu
2670 4700 2947 4772 Epistolas,
2978 4708 3040 4756 ut
3068 4701 3234 4770 solet,
3260 4717 3540 4761 commen-

197 4810 330 4851 eam
366 4793 658 4866 dignentur
683 4796 1274 4867 accipere,"ostendens
1300 4799 1402 4855 hoc
1425 4813 1534 4856 non
1559 4806 1669 4855 tam
1692 4814 1824 4871 pro-

200 4888 381 4953 desse
408 4887 824 4959 accipientibus,
858 4906 1018 4960 quam
1048 4891 1324 4963 dantibus.
1351 4892 1466 4949 Hoc
1485 4903 1675 4950 contra
1697 4894 1820 4952 illos

198 4981 374 5047 facit,
402 4980 493 5051 qui
520 4980 750 5050 gloriam
781 4981 1129 5052 perfectionis
1156 4983 1494 5055 impugnant.

278 5074 659 5130 Probaverunt
688 5077 822 5131 enim
852 5075 1166 5134 Macedonia
1194 5089 1242 5135 et
1269 5078 1465 5135 Achaia
1493 5082 1820 5139 collationem

198 5171 455 5241 aliquam
471 5170 660 5241 facere.
677 5171 1050 5230 Probavcrunt
1072 5176 1176 5232 hoc
1195 5177 1297 5233 sibi
1321 5177 1452 5234 utile
1478 5177 1619 5246 fore,
1642 5182 1689 5236 si
1713 5181 1829 5237 col-

200 5264 483 5321 lationem
515 5264 752 5335 aliquam
784 5276 1095 5337 sumptuum
1126 5267 1371 5327 facerent
1389 5271 1611 5328 sanctis.

281 5358 363 5415 In
391 5375 646 5431 pauperes
674 5372 993 5431 sanctorum,
1021 5366 1111 5437 qui
1136 5375 1256 5421 sunt
1277 5367 1329 5421 in
1355 5362 1664 5423 Jerusalem.
1689 5366 1824 5423 Pla-

201 5454 329 5510 cuit
364 5454 501 5508 enim
530 5455 623 5509 eis.
649 5454 785 5523 Quia
815 5468 1037 5528 propter
1065 5470 1382 5517 sanctorum
1412 5461 1826 5520 aedificationem

198 5561 349 5605 esse
386 5561 656 5618 pauperes
686 5549 995 5607 voluerunt.
1040 5551 1169 5609 Sive
1199 5553 1525 5625 simpliciter
1555 5571 1827 5628 pauperes

201 5646 539 5697 sanctorum
569 5641 836 5712 intellige.

289 5730 371 5786 Et
399 5732 653 5788 debitores
686 5747 805 5789 sunt
835 5750 1033 5792 eorum.
1057 5736 1319 5811 Exemplo
1350 5754 1537 5799 eorum
1569 5751 1841 5814 provocat.

202 5823 504 5882 Romanos
536 5824 607 5881 ad
632 5826 811 5883 simile
839 5842 999 5900 opus,
1024 5831 1317 5890 ostendens
1342 5833 1445 5893 hoc
1465 5832 1574 5895 illis
1598 5852 1707 5895 non
1728 5838 1843 5896 ima

202 5914 432 5980 merito
456 5920 753 5992 placuisse.

663 6016 946 6085 Panos.
982 6019 1195 6087 XXX.

1936 4804 2179 4863 dationis
2207 4799 2441 4873 gratiam
2475 4796 2664 4853 subter
2690 4794 2970 4851 annexuit.
2996 4792 3133 4851 Item
3160 4795 3251 4851 hic
3275 4804 3543 4853 monstrat

1934 4894 2267 4969 Apostolus,
2301 4907 2411 4947 non
2439 4886 2973 4959 accipiendam,aut
3007 4887 3323 4960 eligendam
3348 4903 3542 4959 perso-

1936 5002 2067 5046 nam
2094 5002 2216 5044 esse
2245 4986 2371 5053 viri,
2395 4984 2484 5040 vel
2509 4981 2752 5052 feminae,
2776 4980 2997 5053 quando
3020 4982 3280 5037 Romanis
3302 4996 3401 5052 per
3423 4996 3545 5037 mu-

1935 5083 2131 5141 lierem
2165 5080 2248 5152 (ut
2274 5075 2473 5147 fertur)
2510 5074 2725 5137 litteras
2766 5073 2954 5131 mittit.
2984 5072 3044 5129 In
3085 5071 3275 5130 eadem
3300 5071 3549 5145 Epistola

1938 5176 2069 5231 aliis
2099 5171 2318 5229 feminis
2346 5168 2566 5224 mandat
2592 5167 2846 5224 salutem.

2022 5270 2154 5340 ’Qute
2169 5277 2241 5325 est
2265 5268 2319 5322 in
2334 5264 2619 5321 ministerio
2640 5261 2910 5340 Ecclesiae,
2925 5274 3039 5331 qua:
3060 5268 3135 5314 est
3154 5260 3209 5315 in
3230 5258 3547 5321 Cenchra’is.

1940 5336 2108 5426 Sicut
2131 5362 2294 5419 etiam
2340 5372 2484 5414 nunc
2524 5355 2581 5411 in
2609 5336 2979 5411 orientalibus
3008 5350 3337 5411 diaconissze
3365 5356 3422 5410 in
3450 5369 3551 5412 suo

1943 5475 2084 5517 sexu
2121 5455 2432 5511 ministrare
2460 5450 2714 5506 videntur
2740 5448 2795 5503 in
2828 5447 3098 5517 baptismo
3117 5491 3132 5516 ,
3164 5448 3277 5505 sive
3307 5448 3363 5504 in
3392 5449 3553 5504 mini-

1948 5552 2126 5609 ‘sterio
2154 5548 2335 5615 verbi,
2366 5546 2491 5617 quia
2521 5544 2774 5616 privatim
2807 5539 3057 5599 docuisse
3088 5542 3316 5598 feminas
3344 5545 3559 5600 inveni-

1951 5664 2109 5715 mus,
2145 5645 2284 5701 sicut
2314 5640 2614 5698 Priscillam
2634 5682 2647 5705 ,
2679 5637 2835 5707 cujus
2861 5638 2945 5691 vir
2974 5637 3167 5708 Aquila
3199 5639 3520 5695 vocabatur.

2034 5739 2102 5798 Ut
2126 5756 2238 5794 eam
2268 5733 2567 5804 suscipiatis
2606 5731 2661 5784 in
2688 5727 2912 5785 Domino
2936 5730 3092 5803 digne
3120 5731 3335 5799 sanctis,
3364 5740 3411 5784 et
3432 5732 3565 5787 assi-

1954 5834 2107 5891 statis
2129 5832 2175 5887 ei
2196 5831 2250 5885 in
2277 5840 2599 5901 quocumque
2620 5824 2825 5895 negotio
2846 5822 3001 5876 uestri
3024 5823 3327 5894 indiguerit.
3357 5822 3568 5879 Etenim

1956 5930 2078 6002 nam“
2108 5940 2310 6000 quoque
2356 5918 2552 5978 assistit
2589 5915 2764 5978 multis
2795 5928 2839 5977 cl
2868 5916 2995 5972 mihi
3038 5917 3163 5985 ipsi.
3198 5915 3271 5977 ϋι
3298 5917 3571 5992 adiuvetis

3001 6008 3087 6077 23

1826 6124 1926 6142 w‘
