3970 6304
476 334 585 390 715

1506 324 1570 384 s.
1613 298 1997 383 atcnosvul
2030 324 2323 387 OPERDM
2364 323 2729 387 MANTISSA.

3705 329 3797 385 ἳιϐ

478 464 627 514 eam,
670 448 785 504 sive
823 453 1135 515 sumptuum
1179 440 1394 513 opibus,
1439 440 1556 497 sive
1594 441 1795 499 solatio
1829 460 1840 495 :
1871 442 1995 513 quia
2026 442 2161 504 etA
2184 441 2324 505 nias,
2349 440 2663 507 etsabbats,
2688 447 2743 497 et
2761 445 2989 497 steteras
3008 438 3197 505 iet-ias,
3224 438 3451 496 ventris
3468 443 3652 512 gratia
3677 461 3796 514 irar-

480 542 599 609 ipsa
635 539 890 606 quamdiu
924 537 1131 601 habuit,
1156 535 1348 605 plures
1376 533 1602 604 adjuvit.

557 632 801 687 Salutate
848 628 1086 684 Priscum
1118 635 1171 682 et
1216 627 1462 698 Aquilam
1486 666 1502 694 ,
1546 628 1811 701 adjutores
1848 644 1988 682 meos
2026 627 2084 682 in

480 724 691 780 Christo
726 721 874 778 Iesu.
907 722 1010 792 Qui
1047 720 1426 777 conformasse
1452 736 1515 776 se
1540 720 1802 791 Apostolo
1830 720 2085 777 dicantur

484 821 536 872 in
582 817 689 873 lide
732 832 747 869 :
791 830 931 887 quos
973 825 1030 871 et
1066 815 1189 872 ideo
1227 814 1514 884 adjutores
1550 815 1819 885 appellat,
1865 814 1988 882 quia
2030 814 2082 868 in

483 924 654 979 opere
690 908 1085 976 doctrinarum,
1115 907 1210 963 ubi
1247 910 1365 978 ipse
1394 905 1696 972 laborabat,
1725 915 1783 960 et
1813 905 1905 961 isti
1929 904 2087 975 juve-

481 1010 634 1059 runt.

561 1096 669 1163 Qui
688 1106 784 1168 pro
803 1097 979 1151 anima
996 1112 1117 1149 mea
1130 1108 1253 1151 suas
1280 1095 1496 1150 ceruices
1521 1102 1934 1166 supposuerunt:
1949 1092 2080 1159 Qui-

481 1192 573 1245 bus
602 1206 707 1245 non
729 1192 898 1245 solum
919 1207 1010 1262 ego
1040 1190 1237 1262 gratias
1266 1205 1384 1262 ago.
1416 1187 1507 1242 sed
1539 1197 1587 1241 et
1610 1194 1809 1241 cuncta:
1832 1183 2084 1241 Ecclesia:

485 1284 742 1353 gentium.
758 1282 1046 1339 Probando
1064 1299 1243 1337 meam
1264 1281 1589 1348 doctrinam,
1613 1296 1673 1334 se
1694 1280 1937 1350 periculo
1955 1280 2085 1334 sub-

481 1379 755 1447 iecerunt,
790 1386 1008 1447 pr'Opter
1033 1377 1179 1448 quod
1220 1375 1331 1431 illis
1366 1389 1556 1431 omnes
1597 1373 1854 1443 Ecclesia
1881 1373 2085 1444 gratias

484 1480 652 1541 agunt
685 1489 698 1523 :
729 1471 853 1541 quia
886 1486 980 1539 per
1004 1470 1127 1525 illos
1155 1484 1258 1539 ego
1282 1477 1530 1524 servatus
1551 1482 1695 1522 sum.

560 1561 626 1616 Et
656 1563 993 1616 domesticam
1028 1560 1319 1616 Ecclesium
1348 1575 1555 1614 eorum.
1582 1556 1833 1613 Ostendit
1859 1570 2086 1627 congre-

478 1656 757 1725 gationem
791 1656 1031 1710 ﬁdelium
1054 1698 1069 1719 ,
1103 1655 1404 1711 Ecclesium
1436 1651 1725 1708 nominari.

556 1749 803 1805 Salutate
831 1747 1138 1820 Epwnetum
1168 1748 1417 1803 dilectum
1438 1748 1566 1802 mihi
1598 1764 1616 1801 .'
1647 1748 1736 1818 qui
1761 1755 1836 1803 est
1861 1747 2084 1820 primiti-

2189 534 2464 597 dicabant,
2495 533 2873 591 dissentientes
2894 534 2962 590 ab
2985 534 3289 603 apostolica
3312 534 3603 607 doctrina,
3628 548 3682 594 et
3703 538 3797 596 ira—

2188 632 2363 688 tribus
2396 630 2714 689 oll'endicula
2743 641 3131 703 prmparsntes.

2262 723 2327 779 Et
2357 741 2447 796 per
2475 723 2653 779 dulces
2692 738 2977 791 sermones,
3019 735 3064 779 et
3114 723 3526 780 benedictiones
3566 725 3795 783 seducunt

2186 816 2350 871 corda
2390 817 2753 872 innocentium.
2811 814 2915 871 Per
2955 814 3341 871 blandimenta
3375 825 3439 870 et
3470 816 3789 875 adulationes

2188 919 2408 979 compto
2437 922 2689 964 sermone
2713 907 3064 975 compositas.

2269 1001 2451 1056 Vestra
2487 1001 2624 1055 enim
2665 998 2954 1055 obedientia
2990 999 3047 1053 in
3083 1001 3229 1054 omni
3258 1001 3386 1056 loco
3421 1000 3663 1073 ditulgata
3686 1015 3775 1060 est.

2190 1096 2247 1153 Si
2276 1096 2385 1151 illis
2414 1092 2675 1151 obedistis
2704 1093 2897 1163 quibus
2929 1109 3034 1149 non
3072 1093 3355 1151 debuistis
3394 1113 3411 1150 :
3452 1108 3621 1166 quanto
3659 1115 3770 1155 ma-

2184 1190 2272 1261 gis
2307 1188 2465 1245 nobis
2508 1187 2726 1246 obedire
2768 1188 3012 1245 debetis!
3042 1188 3179 1261 Nam
3212 1201 3268 1244 et
3300 1189 3383 1244 illi
3420 1204 3669 1261 propterea
3696 1194 3758 1249 ad

2189 1298 2286 1337 vos
2310 1281 2735 1351 venerunt,quia
2760 1281 3006 1337 sciebant
3029 1297 3127 1337 vos
3151 1298 3250 1352 per
3272 1283 3642 1342 obedientiam
3659 1289 3757 1344 sitn-

2188 1379 2381 1449 plicem
2411 1377 2518 1431 cito
2548 1392 2709 1446 posse
2746 1376 2954 1432 seduci.

2180 1470 2181 1475 “
2256 1468 2471 1525 Gaudeo
2494 1470 2655 1539 igitur
2692 1470 2746 1524 in
2781 1470 2920 1525 vobis
2951 1485 2970 1523 :
2994 1470 3087 1525 sed
3118 1472 3235 1528 volo
3276 1489 3372 1528 vos
3402 1478 3661 1542 sapientes
3685 1495 3774 1532 esse

2187 1563 2241 1617 in
2270 1564 2423 1628 bono,
2456 1571 2503 1615 et
2530 1562 2793 1628 simplices
2816 1562 2873 1617 in
2900 1562 3059 1618 malo.
3086 1564 3233 1622 Deus
3261 1575 3445 1623 autem
3471 1573 3611 1640 pacis
3632 1583 3784 1627 conte-

2184 1668 2265 1713 rat
2303 1656 2555 1713 Satanam
2594 1655 2684 1712 sub
2720 1656 2947 1727 pedibus
2968 1660 3150 1715 uestris
3178 1662 3457 1721 uelociter.
3485 1662 3671 1721 Gratia
3693 1666 3786 1721 Do-

2185 1752 2314 1806 mini
2352 1751 2515 1805 nostri
2552 1747 2679 1805 Iesu
2717 1748 2910 1805 Christi
2933 1751 3221 1807 uobiscum.
3254 1753 3481 1813 Salutat
3506 1774 3597 1812 sos
3626 1757 3785 1813 Timo-

477 1862 570 1899 vas
605 1844 853 1900 Ecclesia!
881 1844 1019 1899 Asia:
1044 1846 1098 1898 in
1132 1844 1336 1900 Christo
1362 1841 1512 1900 Jssu.
1544 1842 1788 1899 Salutate
1819 1842 2043 1897 Mariam
2063 1882 2077 1907 ,
2108 1843 2157 1906 B
2186 1842 2354 1912 thetis,
2379 1842 2589 1912 adjator
2612 1857 2775 1906 meas,
2800 1852 2845 1896 et
2876 1841 3095 1907 Lucius,
3122 1855 3173 1901 et
3196 1842 3395 1915 Iason,
3426 1859 3479 1903 et
3508 1848 3786 1922 Sosipater,

479 1958 597 2009 qua!
631 1940 860 1995 inultum
901 1938 1159 1994 laborauit
1186 1939 1242 1993 in
1272 1937 1436 1993 vobis.
1469 1936 1783 1992 Primitivus
1829 1935 2086 1991 Ecclesia:

481 2036 647 2100 Asire,
676 2035 810 2088 istos
848 2047 1039 2087 omnes
1082 2045 1218 2103 quos
1248 2030 1474 2097 salutat,
1507 2029 1859 2099 intelligimus
1887 2043 1953 2084 ex
1988 2042 2085 2084 no-

480 2127 722 2181 minibus
761 2125 923 2180 luisse
961 2124 1277 2195 peregrinos
1324 2141 1337 2180 :
1378 2139 1477 2194 per
1515 2139 1746 2193 quorum
1778 2124 2083 2193 exemplum

474 2229 642 2289 atque
681 2218 1024 2283 doctrinam,
1066 2232 1176 2272 non
1218 2215 1453 2272 absurde
1491 2216 1871 2273 existimamus
1902 2214 2087 2271 credi-

475 2312 624 2365 disse
667 2314 962 2365 Romanos.

549 2404 796 2461 Salutate
830 2404 1187 2458 Andronicum
1213 2409 1261 2455 et
1286 2399 1503 2454 Iuniam
1530 2410 1795 2472 cognatos,
1824 2409 1874 2454 et
1899 2415 2086 2453 conca-

470 2500 644 2565 ‘ptivos
673 2512 813 2549 meos
846 2511 865 2549 :
889 2496 979 2565 qui
1009 2502 1127 2548 sunt
1156 2493 1353 2547 nobiles
1380 2494 1435 2545 in
1475 2494 1742 2564 apostolis,
1781 2494 1873 2563 qui
1897 2503 1947 2547 et
1966 2504 2084 2549 ante

472 2600 556 2644 me
578 2592 799 2659 fuerunt
820 2590 879 2643 in
906 2586 1113 2643 Christo
1146 2586 1300 2642 Jesu.
1344 2588 1583 2644 Salutate
1612 2586 1953 2660 Ampliatum,
1997 2590 2083 2643 ἆ-

477 2683 815 2737 lectissimum
852 2682 982 2736 mihi
1018 2682 1073 2735 in
1104 2679 1351 2735 Domino.
1395 2680 1637 2736 Salutate
1666 2679 1955 2748 Urbanum,
1986 2682 2085 2736 ad-

468 2777 703 2847 jutorem
731 2784 963 2828 nostrum
992 2774 1045 2828 in
1068 2772 1273 2828 Christo
1294 2771 1420 2828 Jesu
1442 2790 1460 2827 :
1488 2784 1537 2828 et
1561 2774 1813 2845 Stachyn,
1836 2773 2084 2828 dilectum

473 2880 663 2921 meum.
696 2865 942 2922 Salutate
973 2864 1209 2937 Apellen,
1241 2866 1462 2938 probum
1499 2867 1553 2920 in
1583 2865 1809 2921 Christo.
1845 2864 2085 2921 Salutate

476 2974 584 3025 eos,
601 2958 691 3029 qui
711 2969 833 3011 sunt
853 2975 915 3014 ea:
934 2958 1219 3012 Aristobuli
1241 2959 1415 3011 domo.
1442 2957 1687 3013 Salutate
1709 2958 2078 3025 Herodionem,

478 3058 757 3119 cognatum
802 3065 995 3102 meum.
1041 3048 1286 3104 Salutate
1328 3066 1415 3103 eos
1451 3050 1542 3121 qui
1578 3061 1699 3104 sunt
1738 3066 1802 3104 ea:
1850 3049 2084 3106 Narcisii

474 3139 656 3206 domo,
698 3140 786 3209 qui
818 3149 940 3193 sunt
974 3139 1032 3192 in
1068 3135 1314 3195 Domino.
1360 3139 1602 3196 Salutate
1638 3139 2003 3211 Triphamam,
2032 3152 2080 3199 et

2186 1935 2394 2005 cognati
2434 1934 2554 1987 mei.
2588 1933 2772 1989 Saluto
2800 1950 2886 1988 vos
2925 1951 3019 2004 ego
3053 1934 3291 2001 Tertius,
3325 1941 3419 2009 qui
3447 1943 3642 2012 scripsi
3670 1943 3781 2011 Epi-

2184 2029 2369 2085 stulam
2410 2029 2585 2096 hanc,
2610 2030 2665 2084 iu
2698 2029 2943 2086 Domino.
2984 2030 3197 2089 Salutat
3234 2050 3329 2093 vos
3373 2034 3575 2103 Caius,
3624 2038 3785 2109 hospes

2185 2137 2351 2186 meus,
2376 2132 2423 2176 et
2452 2122 2689 2175 universa
2718 2121 2968 2176 Ecclesia.
2996 2122 3135 2189 Quia
3166 2123 3310 2181 bona
3338 2136 3424 2181 est
3458 2129 3787 2197 obedieulis,

2188 2213 2284 2269 sed
2326 2213 2373 2269 si
2413 2212 2748 2268 rationabilis
2791 2212 2863 2269 sit
2905 2232 2920 2267 :
2965 2223 3020 2270 et
3058 2208 3349 2273 ideo'volo
3394 2232 3498 2277 vos
3524 2220 3795 2290 sapientes

2185 2322 2307 2365 esse
2361 2305 2413 2363 in
2464 2306 2637 2375 bono,
2678 2314 2744 2362 ut
2793 2308 2995 2363 malum
3040 2310 3380 2378 nescientes,
3422 2313 3530 2368 sub
3571 2313 3798 2382 pedibus

2187 2399 2510 2456 innocentia:
2538 2398 2821 2468 deportatis
2849 2398 3147 2457 inimicum.
3174 2400 3252 2457 ιω
3281 2403 3427 2459 enim
3458 2403 3627 2461 dedit
3656 2406 3801 2461 nobis

2184 2492 2445 2549 Dominus
2474 2498 2793 2561 potestatem
2821 2490 3068 2549 calcandi
3093 2508 3259 2564 super
3278 2497 3609 2565 scorpiones
3646 2510 3801 2566 atque

2181 2594 2485 2654 Serpentes,
2525 2594 2579 2641 et
2620 2599 2834 2642 omnem
2876 2584 3140 2645 virtutem
3182 2588 3388 2647 inimici
3421 2606 3435 2643 :
3464 2588 3524 2645 id
3567 2601 3693 2661 est,
3736 2608 3802 2649 ne

2183 2680 2344 2737 nobis
2373 2679 2690 2752 praevaleat,
2720 2689 2773 2737 et
2801 2680 3058 2736 omnibus
3084 2695 3251 2751 super
3279 2698 3399 2737 eum
3426 2684 3721 2743 membris
3747 2687 3800 2743 li-

2182 2770 2331 2826 beris
2357 2786 2420 2826 ac
2444 2771 2635 2826 solutis
2667 2770 2944 2828 ambulare
2976 2772 3272 2842 possimus.

2257 2864 2467 2921 Salutat
2504 2880 2592 2917 vos
2622 2863 2839 2919 Erastus
2869 2865 3108 2920 arcarius
3149 2867 3369 2923 civitatis
3392 2884 3411 2923 .'
3450 2886 3507 2924 et
3554 2870 3805 2937 Quartus

2182 2944 2500 3029 fraterfllic
2539 2956 2808 3012 arcarium
2852 2972 2921 3014 ex
2965 2959 3186 3015 arcario
3217 2958 3385 3017 dicit:
3414 2960 3562 3017 sicut
3592 2976 3808 3035 gentes

2183 3051 2474 3109 credentes
2506 3064 2571 3105 ex
2602 3050 2855 3121 gentibus
2882 3064 3027 3121 saepe
3055 3052 3290 3121 vocavit,
3319 3053 3639 3123 secundum
3672 3073 3810 3113 con-

2183 3144 2525 3201 suetudinem
2550 3143 2709 3215 legis,
2736 3161 2857 3213 qua:
2887 3144 3123 3215 Abigail,
3154 3162 3375 3203 uxorem
3399 3147 3583 3204 Nabal
3614 3154 3810 3209 adhuc

478 3231 826 3303 Tryphosam,
854 3246 970 3303 qua!
999 3230 1239 3291 laborant
1266 3233 1322 3286 in
1348 3231 1592 3289 Domino.
1627 3224 1870 3290 salutate
1894 3233 2079 3290 ‘Porsi-
2105 3233 2151 3297 C
2181 3238 2435 3309 appellat,
2487 3253 2608 3293 cum
2652 3239 2764 3308 jam
2812 3238 2904 3293 illo
2936 3252 3154 3295 mortuo
3182 3242 3237 3296 in
3276 3241 3439 3299 David
3488 3248 3805 3309 matrimo-

479 3324 597 3380 tlem
638 3323 1019 3390 charissimam,
1058 3338 1175 3395 qtae
1214 3324 1435 3385 multum
1475 3326 1801 3384 laboravitin
1829 3325 2076 3385 Domino.

476 3417 720 3475 Salutate
759 3417 977 3489 Rufum,
1017 3419 1233 3474 electum
1270 3420 1323 3474 in
1346 3417 1577 3475 Domino
1603 3436 1624 3475 :
1652 3432 1698 3475 et
1718 3432 1941 3477 'matrem
1968 3424 2080 3492 ejus

480 3522 529 3564 et
558 3526 745 3564 meam.
778 3509 991 3576 (litate,
1019 3527 1128 3566 non
1174 3521 1330 3581 partu
1376 3520 1603 3567 matrem
1633 3514 1886 3571 salutate.
1919 3512 1983 3571 Hi
2010 3529 2079 3569 ex

476 3602 886 3659 Judmiseraut
906 3644 921 3669 ,
951 3612 1007 3658 et
1051 3606 1179 3675 quia
1208 3605 1370 3663 simul
1396 3621 1520 3661 cum
1550 3606 1717 3662 Paulo
1744 3608 1955 3664 inerant
1986 3609 2077 3662 tri-

468 3694 646 3750 nbulati
669 3734 684 3759 ,
728 3708 830 3750 nec
862 3694 1037 3751 territi
1076 3712 1097 3749 τ
1138 3695 1271 3752 ideo
1315 3696 1528 3753 nobiles
1558 3699 1659 3753 hoc
1689 3700 1885 3754 inurito
1912 3698 2079 3754 habe—

476 3789 706 3852 bantur,
730 3788 825 3858 qui
848 3788 920 3845 ad
949 3789 1251 3859 proiectum
1276 3789 1649 3848 Romanorum
1676 3791 1823 3848 inter
1849 3800 2078 3851 caeteros

474 3880 700 3937 fuerant
742 3882 1024 3950 destinati,
1070 3886 1271 3954 quique
1313 3885 1528 3953 prium
1554 3884 1725 3943 Paulo
1755 3884 2073 3956 credidisse,

479 3976 651 4044 ipsius
680 3974 992 4031 testimonio
1025 3974 1356 4033 referuntur.

553 4066 792 4124 Salutate
822 4070 1180 4139 Asynoritum,
1205 4067 1569 4140 Phlegontem,
1596 4069 1866 4136 Hennam,
1890 4068 2079 4125 Patro-

479 4162 617 4228 bam,
660 4160 924 4226 Hermen,
958 4172 1007 4217 et
1042 4164 1129 4232 qui
1166 4179 1283 4216 cum
1313 4163 1384 4219 eis
1426 4174 1545 4218 sunt
1586 4165 1797 4234 fratres.
1832 4164 2077 4219 Salutate

476 4257 816 4326 Philologam
857 4264 905 4311 et
941 4254 1164 4324 Juliam,
1206 4256 1441 4313 Neream
1485 4268 1533 4312 et
1578 4275 1806 4317 sororem
1848 4258 1985 4327 ejus,
2030 4268 2078 4310 et

479 4349 840 4420 Olympiadem
875 4363 895 4404 :
921 4360 967 4403 et
998 4365 1172 4403 omnes
1204 4351 1291 4418 qui
1323 4366 1438 4403 cum
1466 4351 1539 4404 eis
1569 4360 1693 4404 sunt
1718 4362 1941 4404 sanctos.
1968 4351 2077 4405 Sun

474 4443 865 4511 exempla-nos
905 4443 1067 4498 docet
1106 4443 1299 4513 quales
1325 4443 1531 4497 ainicns
1571 4443 1864 4498 debeamus
1895 4442 1949 4497 in
1983 4459 2079 4496 no-

474 4534 604 4590 stris
626 4535 821 4591 litteris
861 4536 1097 4597 salutare
1126 4554 1141 4589 :
1166 4552 1280 4593 non
1320 4535 1517 4593 divites
1560 4536 1775 4603 Sit-culi,
1808 4535 2078 4591 facultati-

2184 3334 2333 3389 nium
2361 3333 2667 3389 transisset.

2255 3423 2437 3479 Gratia
2464 3423 2675 3479 Domini
2708 3424 2870 3481 nostri
2896 3421 3028 3481 Iesu
3056 3424 3249 3482 Christi
3277 3444 3391 3488 cum
3418 3432 3675 3487 omnibus
3708 3451 3805 3495 eo-

2184 3519 2280 3575 bis.
2315 3518 2499 3573 Amen.
2534 3518 2660 3575 liazc
2688 3529 2772 3575 est
2798 3517 3135 3591 subscriptio
3162 3536 3352 3581 manus
3374 3521 3483 3593 ejus
3514 3525 3573 3578 in
3606 3530 3803 3583 omni-

2182 3613 2287 3669 bus
2314 3611 2595 3683 Epistolis,
2626 3621 2689 3671 ut
2732 3613 2783 3673 in
2812 3628 2876 3669 ea
2906 3615 3071 3673 etiam
3103 3628 3452 3677 commonent
3489 3616 3791 3681 beneﬁcia

2181 3696 2409 3767 Christi.

2253 3797 2321 3854 Ei
2340 3808 2516 3857 autem
2536 3802 2624 3872 qui
2649 3811 2827 3875 potens
2847 3810 2927 3857 est
2948 3819 3036 3859 vos
3054 3804 3375 3875 conﬁrmare.
3394 3803 3578 3876 Signis
3604 3818 3806 3887 atque

2181 3892 2465 3949 doctrinis.
2497 3895 2631 3950 ltem
2671 3895 2759 3950 hic
2790 3896 2965 3950 Patris
3011 3913 3302 3964 personam
3347 3909 3637 3958 monstrat.
3684 3904 3809 3963 De—

2179 3984 2447 4045 scendens
2477 3994 2659 4042 autem
2690 3985 2841 4056 dicit,
2877 3985 3279 4047 manifestatum
3310 3988 3446 4047 hunc
3481 4005 3588 4060 per
3627 3992 3803 4053 seri-

2181 4087 2368 4145 pturas
2400 4075 2740 4147 propheticas
2765 4077 3059 4133 secundum
3091 4079 3374 4153 imperium
3405 4084 3599 4138 aeterni
3642 4085 3759 4145 Dei
3789 4106 3805 4146 :

2181 4170 2440 4241 Spiritum
2470 4180 2717 4241 sanctum
2760 4172 3052 4243 signiﬁcat.
3085 4172 3220 4229 item
3262 4173 3455 4229 infert:
3481 4172 3811 4248 Cognitum

2181 4273 2265 4317 est
2295 4263 2396 4317 soli
2426 4263 2653 4334 sapienti
2687 4264 2797 4319 Deo
2827 4281 2923 4335 per
2946 4266 3224 4325 CliriStum
3248 4266 3449 4334 losum,
3483 4272 3572 4325 cui
3611 4273 3808 4342 gloria

2178 4355 2235 4409 in
2269 4356 2483 4411 saecula.
2520 4357 2630 4413 lloc
2658 4355 2779 4412 loco
2813 4357 3027 4413 Patrem
3062 4368 3117 4414 et
3146 4359 3343 4419 Filium
3376 4362 3687 4422 manifeste
3722 4367 3811 4422 lo-

2181 4449 2385 4519 quitur.
2413 4448 2566 4517 Quod
2594 4460 2777 4506 autem
2797 4449 2932 4533 dicit
2957 4468 2969 4504 :
2996 4450 3280 4523 Cognitum
3304 4464 3388 4510 est
3409 4454 3510 4509 soli
3541 4460 3810 4528 sapienti

2185 4545 2333 4599 Deo:
2362 4543 2415 4599 in
2446 4544 2719 4603 communi
2746 4559 2996 4613 munere,
3046 4547 3290 4618 mystcrii
3322 4546 3605 4621 signiﬁcat
3634 4554 3817 4611 trini-

472 4628 597 4695 bus,
642 4627 725 4680 vel
764 4627 1121 4697 dignitatibus
1164 4629 1464 4687 honoratos
1496 4648 1507 4684 :
1542 4628 1640 4686 sed
1678 4629 1852 4700 gratia
1881 4644 1944 4685 ac
1972 4630 2077 4685 [ide
2101 4634 2156 4695 D
2184 4644 2369 4689 tatem.

472 4716 815 4785 locupletes.;

545 4810 784 4864 Salutate
812 4810 1030 4867 invicem
1058 4813 1111 4866 in
1132 4814 1311 4870 osculo
1336 4825 1541 4871 sancto.
1572 4816 1819 4873 Salutant
1850 4832 1936 4872 vos
1960 4833 2072 4870 ont-

468 4920 557 4958 nes
604 4902 849 4957 Ecclesia:
894 4901 1109 4959 Christi.
1158 4908 1274 4963 Non
1325 4910 1472 4975 licte,
1509 4909 1590 4966 vel
1625 4909 1878 4979 subdole,
1911 4911 2073 4979 quale

464 5001 635 5055 Jndas
674 5000 890 5057 tradidit
930 5000 1219 5057 Salvatori.
1265 5003 1391 5059 Ideo
1430 5005 1577 5061 enim
1611 5006 1665 5061 in
1698 5005 1940 5060 Ecclesia
1971 5021 2070 5077 pax

468 5092 646 5158 primo
692 5093 1046 5146 annuntiatur
1088 5109 1101 5145 :
1148 5104 1206 5149 ut
1251 5095 1504 5151 ostendat
1551 5112 1612 5152 se
1655 5112 1778 5155 cum
1822 5088 2072 5151 omnibus

2248 4726 2414 4783 Juxta
2452 4728 2792 4802 Evangelium
2839 4747 3028 4796 meum,
3079 4742 3126 4788 et
3172 4734 3595 4805 prwdicationem
3665 4739 3812 4809 Iesu

2180 4821 2393 4879 Christi.
2425 4822 2493 4880 Ut
2531 4824 2609 4877 sic
2649 4824 2861 4889 vivatis,
2908 4826 3185 4896 quomodo
3215 4844 3318 4901 ego
3348 4828 3552 4887 Christi
3590 4848 3816 4894 exem-

2180 4919 2290 4989 plo,
2323 4927 2378 4972 et
2405 4920 2727 4974 auctoritate
2747 4921 3001 4989 gentibus
3031 4923 3346 4992 praedicavi.

2255 5010 2554 5065 Secundum
2581 5012 2943 5068 reuelationem
2970 5016 3221 5087 mysterii.
3249 5016 3565 5089 Mysterium
3593 5021 3684 5083 de
3707 5043 3822 5083 vo.

2181 5104 2393 5158 ratione
2416 5103 2790 5159 universarum
2818 5107 3061 5177 gentium
3089 5111 3140 5163 in
3168 5109 3314 5181 Lege
3340 5111 3431 5169 diu
3478 5114 3681 5175 fuerat
3708 5135 3825 5179 oc-

2181 5198 2466 5264 collatum,
2518 5196 2660 5269 quod
2693 5214 2833 5255 nunc
2877 5214 2975 5271 per
3002 5201 3229 5261 Paulum
3259 5204 3539 5263 evidenter
3562 5219 3827 5277 pateta—

2180 5299 2326 5347 ctum
2358 5300 2441 5346 est
2466 5289 2814 5361 Evangelium
2848 5294 2897 5347 in
2929 5291 3149 5353 Christo
3179 5312 3276 5367 per
3303 5299 3615 5357 testimonia
3658 5305 3829 5365 Pro-

2180 5384 2510 5452 phetarum:
2564 5384 2687 5457 quia
2736 5389 2982 5458 quamvis
3013 5389 3081 5445 dc
3125 5391 3378 5461 gentibus
3417 5402 3545 5451 ante
3599 5402 3829 5459 Inqu

2179 5476 2443 5533 dixisset:
2478 5489 2657 5534 tamen
2707 5481 2980 5552 quomodo
3009 5494 3064 5541 et
3106 5484 3159 5539 in
3207 5484 3422 5542 Christo
3462 5502 3644 5549 unum
3710 5498 3833 5553 (ie.

2175 5579 2327 5638 rent,
2358 5581 2413 5626 et
2436 5570 2640 5639 Judaei,
2671 5588 2831 5628 nemo
2878 5582 2985 5629 tam
3018 5588 3204 5647 aperte
3233 5588 3585 5649 cOgnoverat.
3640 5584 3828 5646 Exi-

2174 5664 2395 5718 stimare
2426 5666 2570 5719 enim
2594 5678 2849 5736 poterant
2868 5669 3131 5739 quosdam
3158 5670 3227 5728 ad
3249 5671 3407 5729 fidem
3435 5673 3589 5743 quasi
3614 5690 3831 5748 pros-

2180 5756 2354 5833 clytos
2386 5756 2774 5816 admittendos.

2243 5846 2581 5923 Temporibus
2611 5854 2815 5912 cateruis
2842 5856 3007 5928 taciti,
3039 5858 3175 5930 quod
3197 5875 3334 5918 nunc
3356 5864 3706 5939 patefactum
3730 5883 3835 5941 at

465 5198 588 5236 esse
644 5185 967 5253 paciﬁcum,
1020 5187 1110 5257 qui
1163 5187 1381 5257 corpori
1433 5188 1940 5244 communicaturus
1990 5200 2074 5244 est

467 5276 692 5332 Christi.

538 5370 687 5443 Rogo
708 5381 879 5427 autent
897 5390 1003 5444 vos,
1029 5374 1242 5445 fratres,
1264 5381 1319 5431 ut
1341 5373 1614 5430 observetis
1635 5391 1740 5442 eos,
1766 5376 1852 5448 qui
1874 5375 2074 5431 dissen-

456 5469 650 5533 siones,
677 5477 723 5522 et
741 5467 1053 5535 offendicula
1077 5482 1267 5547 prtcter
1291 5471 1608 5539 doctrinam,
1640 5488 1797 5545 quam
1816 5490 1901 5526 ros
1924 5472 2065 5525 didi-

454 5563 617 5628 cistis,
650 5565 866 5632 faciunt,
900 5574 950 5619 et
971 5565 1222 5623 declinato
1250 5565 1313 5619 ab
1343 5563 1472 5621 illis.
1500 5564 1887 5637 Hujuscemodi
1918 5568 2061 5621 enim

454 5651 657 5708 Christo
702 5654 924 5709 Domino
963 5667 1143 5712 nostro
1185 5675 1289 5713 non
1325 5660 1590 5723 serviunt,
1622 5660 1712 5711 sed
1751 5677 1843 5713 suo
1875 5662 2059 5715 vetztri.

453 5746 532 5799 De
562 5748 667 5803 illis
696 5749 847 5815 dicit,
872 5752 965 5823 qui
1010 5766 1077 5809 ex
1107 5752 1528 5812 circumcisione
1566 5753 1660 5810 illo
1684 5765 1928 5826 tempore
1968 5770 2064 5810 ve-

447 5851 670 5913 nerunt,
698 5844 907 5917 ieiunia
937 5856 994 5908 et
1020 5847 1405 5908 abstinentiam
1436 5850 1809 5923 destruentes,
1840 5866 2057 5910 ncome-

1010 6006 1035 6035 δ
