  <div class='ocr_page' id='page_1' title='image "/cluster/home/n/w/nwhite01/storage/ocr_20150623/30/hvd.32044096580535/368.png"; bbox 0 0 3970 6304; ppageno 0'>
   <div class='ocr_carea' id='block_1_1' title="bbox 192 291 338 400">
    <p class='ocr_par' dir='ltr' id='par_1_1' title="bbox 192 291 338 400">
     <span class='ocr_line' id='line_1_1' title="bbox 192 291 338 400; baseline 0.007 -1"><span class='ocrx_word' id='word_1_1' title='bbox 192 291 209 303; x_wconf 39' lang='grc' dir='ltr'><strong><em>ο</em></strong></span> <span class='ocrx_word' id='word_1_2' title='bbox 234 341 338 400; x_wconf 71' lang='grc'><strong>717</strong></span> 
     </span>
    </p>
   </div>
   <div class='ocr_carea' id='block_1_2' title="bbox 812 343 2899 405">
    <p class='ocr_par' dir='ltr' id='par_1_2' title="bbox 812 343 2899 405">
     <span class='ocr_line' id='line_1_2' title="bbox 812 343 2899 405; baseline 0.001 -4"><span class='ocrx_word' id='word_1_3' title='bbox 812 374 813 377; x_wconf 56' lang='grc' dir='ltr'><strong>η</strong></span> <span class='ocrx_word' id='word_1_4' title='bbox 870 343 1418 404; x_wconf 79' lang='lat' dir='ltr'><strong>COMMENTARIUS</strong></span> <span class='ocrx_word' id='word_1_5' title='bbox 1457 344 1525 402; x_wconf 87' lang='lat' dir='ltr'><strong>IN</strong></span> <span class='ocrx_word' id='word_1_6' title='bbox 1563 344 1953 405; x_wconf 79' lang='lat' dir='ltr'><strong>EPISTOLAM</strong></span> <span class='ocrx_word' id='word_1_7' title='bbox 1992 347 2015 404; x_wconf 85' lang='grc' dir='ltr'>Ι</span> <span class='ocrx_word' id='word_1_8' title='bbox 2061 346 2165 405; x_wconf 87' lang='lat' dir='ltr'><strong>AD</strong></span> <span class='ocrx_word' id='word_1_9' title='bbox 2191 345 2622 405; x_wconf 81' lang='lat' dir='ltr'><strong>CORINTIIIOS.</strong></span> <span class='ocrx_word' id='word_1_10' title='bbox 2659 346 2816 405; x_wconf 86' lang='lat' dir='ltr'><strong>CAP.</strong></span> <span class='ocrx_word' id='word_1_11' title='bbox 2857 346 2899 404; x_wconf 89' lang='lat' dir='ltr'><strong>I.</strong></span> 
     </span>
    </p>
   </div>
   <div class='ocr_carea' id='block_1_3' title="bbox 3334 349 3530 407">
    <p class='ocr_par' dir='ltr' id='par_1_3' title="bbox 3334 349 3530 407">
     <span class='ocr_line' id='line_1_3' title="bbox 3334 349 3530 407; baseline 0.005 -2"><span class='ocrx_word' id='word_1_12' title='bbox 3334 352 3353 369; x_wconf 79' lang='lat'><strong><em>‘</em></strong></span> <span class='ocrx_word' id='word_1_13' title='bbox 3424 349 3530 407; x_wconf 71' lang='lat'><strong>718</strong></span> 
     </span>
    </p>
   </div>
   <div class='ocr_carea' id='block_1_4' title="bbox 226 460 3530 535">
    <p class='ocr_par' dir='ltr' id='par_1_4' title="bbox 226 460 3530 535">
     <span class='ocr_line' id='line_1_4' title="bbox 226 460 3530 535; baseline 0 -18"><span class='ocrx_word' id='word_1_14' title='bbox 226 472 326 534; x_wconf 66' lang='lat' dir='ltr'><strong>per</strong></span> <span class='ocrx_word' id='word_1_15' title='bbox 350 462 655 534; x_wconf 80' lang='lat' dir='ltr'><strong>Scripturas</strong></span> <span class='ocrx_word' id='word_1_16' title='bbox 677 460 1082 532; x_wconf 78' lang='lat' dir='ltr'><strong>Prophetarum.</strong></span> <span class='ocrx_word' id='word_1_17' title='bbox 1100 464 1445 521; x_wconf 82' lang='lat' dir='ltr'><strong>Descendens</strong></span> <span class='ocrx_word' id='word_1_18' title='bbox 1463 472 1644 519; x_wconf 89' lang='lat' dir='ltr'><strong>autem</strong></span> <span class='ocrx_word' id='word_1_19' title='bbox 1676 463 1831 531; x_wconf 87' lang='lat' dir='ltr'><strong>dicit,</strong></span> <span class='ocrx_word' id='word_1_20' title='bbox 1861 466 1915 525; x_wconf 77' lang='grc' dir='ltr'><strong>Α</strong></span> <span class='ocrx_word' id='word_1_21' title='bbox 1942 463 2089 524; x_wconf 87' lang='lat' dir='ltr'><strong>boui,</strong></span> <span class='ocrx_word' id='word_1_22' title='bbox 2128 464 2207 517; x_wconf 86' lang='lat' dir='ltr'><strong>vel</strong></span> <span class='ocrx_word' id='word_1_23' title='bbox 2242 465 2519 529; x_wconf 75' lang='lat' dir='ltr'><strong>Sapientes</strong></span> <span class='ocrx_word' id='word_1_24' title='bbox 2547 478 2670 519; x_wconf 88' lang='lat' dir='ltr'><strong>esse</strong></span> <span class='ocrx_word' id='word_1_25' title='bbox 2704 476 2998 535; x_wconf 85' lang='lat' dir='ltr'><strong>possumus</strong></span> <span class='ocrx_word' id='word_1_26' title='bbox 3022 478 3038 517; x_wconf 88' lang='lat'><strong>:</strong></span> <span class='ocrx_word' id='word_1_27' title='bbox 3074 462 3164 519; x_wconf 90' lang='lat' dir='ltr'><strong>ille</strong></span> <span class='ocrx_word' id='word_1_28' title='bbox 3190 471 3403 530; x_wconf 76' lang='lat' dir='ltr'><strong>natura.</strong></span> <span class='ocrx_word' id='word_1_29' title='bbox 3432 464 3530 520; x_wconf 87' lang='lat' dir='ltr'><strong>Cui</strong></span> 
     </span>
    </p>
   </div>
   <div class='ocr_carea' id='block_1_5' title="bbox 223 557 848 628">
    <p class='ocr_par' dir='ltr' id='par_1_5' title="bbox 223 557 848 628">
     <span class='ocr_line' id='line_1_5' title="bbox 223 557 848 628; baseline 0 -18"><span class='ocrx_word' id='word_1_30' title='bbox 223 557 356 628; x_wconf 86' lang='lat' dir='ltr'><strong>quid</strong></span> <span class='ocrx_word' id='word_1_31' title='bbox 385 566 468 612; x_wconf 82' lang='lat' dir='ltr'><strong>est</strong></span> <span class='ocrx_word' id='word_1_32' title='bbox 497 560 848 625; x_wconf 76' lang='lat' dir='ltr'><strong>patefactum.</strong></span> 
     </span>
    </p>
   </div>
   <div class='ocr_carea' id='block_1_6' title="bbox 301 651 1827 723">
    <p class='ocr_par' dir='ltr' id='par_1_6' title="bbox 301 651 1827 723">
     <span class='ocr_line' id='line_1_6' title="bbox 301 651 1827 723; baseline 0.001 -17"><span class='ocrx_word' id='word_1_33' title='bbox 301 652 607 706; x_wconf 83' lang='lat' dir='ltr'><strong>Secundum</strong></span> <span class='ocrx_word' id='word_1_34' title='bbox 644 660 959 723; x_wconf 74' lang='lat' dir='ltr'><strong>pracepttmt</strong></span> <span class='ocrx_word' id='word_1_35' title='bbox 996 653 1183 710; x_wconf 70' lang='lat' dir='ltr'><strong>aeterni</strong></span> <span class='ocrx_word' id='word_1_36' title='bbox 1209 651 1328 708; x_wconf 82' lang='lat' dir='ltr'><strong>Dei.</strong></span> <span class='ocrx_word' id='word_1_37' title='bbox 1362 652 1628 723; x_wconf 69' lang='lat' dir='ltr'><strong>Praecepit</strong></span> <span class='ocrx_word' id='word_1_38' title='bbox 1665 653 1827 717; x_wconf 87' lang='lat' dir='ltr'><strong>Deus,</strong></span> 
     </span>
    </p>
   </div>
   <div class='ocr_carea' id='block_1_7' title="bbox 219 746 1829 818">
    <p class='ocr_par' dir='ltr' id='par_1_7' title="bbox 219 746 1829 818">
     <span class='ocr_line' id='line_1_7' title="bbox 219 746 1829 818; baseline 0.004 -22"><span class='ocrx_word' id='word_1_39' title='bbox 219 754 287 797; x_wconf 84' lang='lat' dir='ltr'><strong>ut</strong></span> <span class='ocrx_word' id='word_1_40' title='bbox 316 760 512 801; x_wconf 88' lang='lat' dir='ltr'><strong>omnes</strong></span> <span class='ocrx_word' id='word_1_41' title='bbox 538 756 730 816; x_wconf 80' lang='lat' dir='ltr'><strong>gentes</strong></span> <span class='ocrx_word' id='word_1_42' title='bbox 752 746 1035 813; x_wconf 90' lang='lat' dir='ltr'><strong>obediant,</strong></span> <span class='ocrx_word' id='word_1_43' title='bbox 1058 755 1114 801; x_wconf 90' lang='lat' dir='ltr'><strong>et</strong></span> <span class='ocrx_word' id='word_1_44' title='bbox 1141 746 1313 803; x_wconf 86' lang='lat' dir='ltr'><strong>Deum</strong></span> <span class='ocrx_word' id='word_1_45' title='bbox 1338 754 1661 818; x_wconf 89' lang='lat' dir='ltr'><strong>agnoscant,</strong></span> <span class='ocrx_word' id='word_1_46' title='bbox 1686 746 1829 818; x_wconf 90' lang='lat' dir='ltr'><strong>quod</strong></span> 
     </span>
    </p>
   </div>
   <div class='ocr_carea' id='block_1_8' title="bbox 214 834 1829 909">
    <p class='ocr_par' dir='ltr' id='par_1_8' title="bbox 214 834 1829 909">
     <span class='ocr_line' id='line_1_8' title="bbox 214 834 1829 909; baseline 0.004 -20"><span class='ocrx_word' id='word_1_47' title='bbox 214 834 473 891; x_wconf 73' lang='lat' dir='ltr'><strong>fututrum</strong></span> <span class='ocrx_word' id='word_1_48' title='bbox 503 836 837 909; x_wconf 80' lang='lat' dir='ltr'><strong>quandoque</strong></span> <span class='ocrx_word' id='word_1_49' title='bbox 864 837 1013 894; x_wconf 90' lang='lat' dir='ltr'><strong>solus</strong></span> <span class='ocrx_word' id='word_1_50' title='bbox 1037 846 1165 894; x_wconf 90' lang='lat' dir='ltr'><strong>ante</strong></span> <span class='ocrx_word' id='word_1_51' title='bbox 1184 838 1414 905; x_wconf 87' lang='lat' dir='ltr'><strong>sciebat,</strong></span> <span class='ocrx_word' id='word_1_52' title='bbox 1442 836 1535 909; x_wconf 90' lang='lat' dir='ltr'><strong>qui</strong></span> <span class='ocrx_word' id='word_1_53' title='bbox 1556 838 1706 895; x_wconf 88' lang='lat' dir='ltr'><strong>solus</strong></span> <span class='ocrx_word' id='word_1_54' title='bbox 1728 853 1829 895; x_wconf 89' lang='lat' dir='ltr'><strong>na-</strong></span> 
     </span>
    </p>
   </div>
   <div class='ocr_carea' id='block_1_9' title="bbox 209 929 1834 1001">
    <p class='ocr_par' dir='ltr' id='par_1_9' title="bbox 209 929 1834 1001">
     <span class='ocr_line' id='line_1_9' title="bbox 209 929 1834 1001; baseline 0 -16"><span class='ocrx_word' id='word_1_55' title='bbox 209 930 479 987; x_wconf 72' lang='lat' dir='ltr'><strong>turaliter</strong></span> <span class='ocrx_word' id='word_1_56' title='bbox 507 929 747 1001; x_wconf 75' lang='lat' dir='ltr'><strong>sapiens,</strong></span> <span class='ocrx_word' id='word_1_57' title='bbox 780 930 926 987; x_wconf 89' lang='lat' dir='ltr'><strong>sicut</strong></span> <span class='ocrx_word' id='word_1_58' title='bbox 971 931 1293 991; x_wconf 82' lang='lat' dir='ltr'><strong>naturaliter</strong></span> <span class='ocrx_word' id='word_1_59' title='bbox 1332 931 1549 987; x_wconf 84' lang='lat' dir='ltr'><strong>bonus:</strong></span> <span class='ocrx_word' id='word_1_60' title='bbox 1582 946 1704 988; x_wconf 90' lang='lat' dir='ltr'><strong>cum</strong></span> <span class='ocrx_word' id='word_1_61' title='bbox 1752 941 1834 986; x_wconf 93' lang='lat' dir='ltr'><strong>ta-</strong></span> 
     </span>
    </p>
   </div>
   <div class='ocr_carea' id='block_1_10' title="bbox 214 1020 1833 1090">
    <p class='ocr_par' dir='ltr' id='par_1_10' title="bbox 214 1020 1833 1090">
     <span class='ocr_line' id='line_1_10' title="bbox 214 1020 1833 1090; baseline 0.001 -13"><span class='ocrx_word' id='word_1_62' title='bbox 214 1036 379 1090; x_wconf 85' lang='lat' dir='ltr'><strong>men,</strong></span> <span class='ocrx_word' id='word_1_63' title='bbox 420 1027 479 1079; x_wconf 90' lang='lat' dir='ltr'><strong>et</strong></span> <span class='ocrx_word' id='word_1_64' title='bbox 508 1020 673 1078; x_wconf 88' lang='lat' dir='ltr'><strong>homo</strong></span> <span class='ocrx_word' id='word_1_65' title='bbox 703 1020 923 1079; x_wconf 84' lang='lat' dir='ltr'><strong>dicatur</strong></span> <span class='ocrx_word' id='word_1_66' title='bbox 959 1020 1161 1087; x_wconf 81' lang='lat' dir='ltr'><strong>bonus,</strong></span> <span class='ocrx_word' id='word_1_67' title='bbox 1208 1020 1307 1080; x_wconf 89' lang='lat' dir='ltr'><strong>sed</strong></span> <span class='ocrx_word' id='word_1_68' title='bbox 1352 1034 1453 1078; x_wconf 88' lang='lat' dir='ltr'><strong>nos</strong></span> <span class='ocrx_word' id='word_1_69' title='bbox 1481 1021 1833 1085; x_wconf 73' lang='lat' dir='ltr'><strong>institutione</strong></span> 
     </span>
    </p>
   </div>
   <div class='ocr_carea' id='block_1_11' title="bbox 1938 552 3531 626">
    <p class='ocr_par' dir='ltr' id='par_1_11' title="bbox 1938 552 3531 626">
     <span class='ocr_line' id='line_1_11' title="bbox 1938 552 3531 626; baseline 0.001 -16"><span class='ocrx_word' id='word_1_70' title='bbox 1938 571 2038 626; x_wconf 91' lang='lat' dir='ltr'><strong>per</strong></span> <span class='ocrx_word' id='word_1_71' title='bbox 2064 553 2247 609; x_wconf 86' lang='lat' dir='ltr'><strong>Jesum</strong></span> <span class='ocrx_word' id='word_1_72' title='bbox 2276 552 2552 610; x_wconf 88' lang='lat' dir='ltr'><strong>Christum</strong></span> <span class='ocrx_word' id='word_1_73' title='bbox 2584 556 2755 626; x_wconf 83' lang='lat' dir='ltr'><strong>gloria</strong></span> <span class='ocrx_word' id='word_1_74' title='bbox 2792 568 2849 611; x_wconf 89' lang='lat' dir='ltr'><strong>et</strong></span> <span class='ocrx_word' id='word_1_75' title='bbox 2886 555 3066 611; x_wconf 88' lang='lat' dir='ltr'><strong>honor</strong></span> <span class='ocrx_word' id='word_1_76' title='bbox 3096 555 3150 610; x_wconf 89' lang='lat' dir='ltr'><strong>in</strong></span> <span class='ocrx_word' id='word_1_77' title='bbox 3197 557 3399 612; x_wconf 73' lang='lat' dir='ltr'><strong>Stccula</strong></span> <span class='ocrx_word' id='word_1_78' title='bbox 3429 572 3531 612; x_wconf 81' lang='lat' dir='ltr'><strong>stc-</strong></span> 
     </span>
    </p>
   </div>
   <div class='ocr_carea' id='block_1_12' title="bbox 1931 649 2199 705">
    <p class='ocr_par' dir='ltr' id='par_1_12' title="bbox 1931 649 2199 705">
     <span class='ocr_line' id='line_1_12' title="bbox 1931 649 2199 705; baseline -0.011 0"><span class='ocrx_word' id='word_1_79' title='bbox 1931 649 2199 705; x_wconf 90' lang='lat' dir='ltr'><strong>culorum.</strong></span> 
     </span>
    </p>
   </div>
   <div class='ocr_carea' id='block_1_13' title="bbox 2006 741 3522 815">
    <p class='ocr_par' dir='ltr' id='par_1_13' title="bbox 2006 741 3522 815">
     <span class='ocr_line' id='line_1_13' title="bbox 2006 741 3522 815; baseline 0.002 -19"><span class='ocrx_word' id='word_1_80' title='bbox 2006 742 2087 796; x_wconf 82' lang='lat' dir='ltr'><strong>Ad</strong></span> <span class='ocrx_word' id='word_1_81' title='bbox 2116 741 2460 798; x_wconf 86' lang='lat' dir='ltr'><strong>obeditionem</strong></span> <span class='ocrx_word' id='word_1_82' title='bbox 2486 743 2605 814; x_wconf 73' lang='lat' dir='ltr'><strong>ﬁdei</strong></span> <span class='ocrx_word' id='word_1_83' title='bbox 2632 742 2689 798; x_wconf 88' lang='lat' dir='ltr'><strong>in</strong></span> <span class='ocrx_word' id='word_1_84' title='bbox 2730 744 2929 799; x_wconf 86' lang='lat' dir='ltr'><strong>cunctis</strong></span> <span class='ocrx_word' id='word_1_85' title='bbox 2962 744 3219 815; x_wconf 79' lang='lat' dir='ltr'><strong>gentibus.</strong></span> <span class='ocrx_word' id='word_1_86' title='bbox 3258 743 3522 815; x_wconf 77' lang='lat' dir='ltr'><strong>Spiritum</strong></span> 
     </span>
    </p>
   </div>
   <div class='ocr_carea' id='block_1_14' title="bbox 1932 835 2898 906">
    <p class='ocr_par' dir='ltr' id='par_1_14' title="bbox 1932 835 2898 906">
     <span class='ocr_line' id='line_1_14' title="bbox 1932 835 2898 906; baseline 0 -14"><span class='ocrx_word' id='word_1_87' title='bbox 1932 844 2182 895; x_wconf 85' lang='lat' dir='ltr'><strong>sanctum</strong></span> <span class='ocrx_word' id='word_1_88' title='bbox 2208 835 2499 906; x_wconf 86' lang='lat' dir='ltr'><strong>signiticat.</strong></span> <span class='ocrx_word' id='word_1_89' title='bbox 2531 836 2664 892; x_wconf 90' lang='lat' dir='ltr'><strong>Item</strong></span> <span class='ocrx_word' id='word_1_90' title='bbox 2697 836 2898 892; x_wconf 74' lang='lat' dir='ltr'><strong>infert:</strong></span> 
     </span>
    </p>
   </div>
   <div class='ocr_carea' id='block_1_15' title="bbox 2006 926 3527 999">
    <p class='ocr_par' dir='ltr' id='par_1_15' title="bbox 2006 926 3527 999">
     <span class='ocr_line' id='line_1_15' title="bbox 2006 926 3527 999; baseline 0.001 -15"><span class='ocrx_word' id='word_1_91' title='bbox 2006 926 2210 999; x_wconf 88' lang='lat' dir='ltr'><strong>Cogniti</strong></span> <span class='ocrx_word' id='word_1_92' title='bbox 2237 927 2335 981; x_wconf 87' lang='lat' dir='ltr'><strong>soli</strong></span> <span class='ocrx_word' id='word_1_93' title='bbox 2361 928 2588 997; x_wconf 80' lang='lat' dir='ltr'><strong>sapienti</strong></span> <span class='ocrx_word' id='word_1_94' title='bbox 2620 927 2727 983; x_wconf 87' lang='lat' dir='ltr'><strong>Deo</strong></span> <span class='ocrx_word' id='word_1_95' title='bbox 2757 946 2848 999; x_wconf 85' lang='lat' dir='ltr'><strong>per</strong></span> <span class='ocrx_word' id='word_1_96' title='bbox 2878 929 3060 985; x_wconf 87' lang='lat' dir='ltr'><strong>Jesum</strong></span> <span class='ocrx_word' id='word_1_97' title='bbox 3086 930 3354 987; x_wconf 73' lang='lat' dir='ltr'><strong>Christum</strong></span> <span class='ocrx_word' id='word_1_98' title='bbox 3381 948 3401 989; x_wconf 91' lang='lat'><strong>:</strong></span> <span class='ocrx_word' id='word_1_99' title='bbox 3427 930 3527 988; x_wconf 86' lang='lat' dir='ltr'><strong>Cui</strong></span> 
     </span>
    </p>
   </div>
   <div class='ocr_carea' id='block_1_16' title="bbox 1936 1020 3238 1093">
    <p class='ocr_par' dir='ltr' id='par_1_16' title="bbox 1936 1020 3238 1093">
     <span class='ocr_line' id='line_1_16' title="bbox 1936 1020 3238 1093; baseline 0.005 -18"><span class='ocrx_word' id='word_1_100' title='bbox 1936 1020 2106 1076; x_wconf 78' lang='lat' dir='ltr'><strong>honor</strong></span> <span class='ocrx_word' id='word_1_101' title='bbox 2134 1028 2184 1075; x_wconf 86' lang='lat' dir='ltr'><strong>ct</strong></span> <span class='ocrx_word' id='word_1_102' title='bbox 2208 1020 2461 1093; x_wconf 58' lang='lat' dir='ltr'><strong>gloriatin</strong></span> <span class='ocrx_word' id='word_1_103' title='bbox 2482 1021 2675 1077; x_wconf 65' lang='lat' dir='ltr'><strong>saecula</strong></span> <span class='ocrx_word' id='word_1_104' title='bbox 2700 1023 3027 1078; x_wconf 67' lang='lat' dir='ltr'><strong>saeculorum.</strong></span> <span class='ocrx_word' id='word_1_105' title='bbox 3056 1024 3238 1081; x_wconf 80' lang='lat' dir='ltr'><strong>Amen.</strong></span> 
     </span>
    </p>
   </div>
   <div class='ocr_carea' id='block_1_17' title="bbox 209 1171 3508 1197">
    <p class='ocr_par' dir='ltr' id='par_1_17' title="bbox 209 1171 3508 1197">
     <span class='ocr_line' id='line_1_17' title="bbox 209 1171 3508 1197; baseline 0.002 -10"><span class='ocrx_word' id='word_1_106' title='bbox 209 1171 3508 1197; x_wconf 60' lang='lat' dir='ltr'><strong>Mm</strong></span> 
     </span>
    </p>
   </div>
   <div class='ocr_carea' id='block_1_18' title="bbox 634 1308 1816 1404">
    <p class='ocr_par' dir='ltr' id='par_1_18' title="bbox 634 1310 1816 1399">
     <span class='ocr_line' id='line_1_18' title="bbox 634 1310 1816 1399; baseline -0.002 -2"><span class='ocrx_word' id='word_1_107' title='bbox 634 1314 760 1397; x_wconf 84' lang='lat' dir='ltr'><strong>IN</strong></span> <span class='ocrx_word' id='word_1_108' title='bbox 833 1310 1309 1398; x_wconf 78' lang='grc' dir='ltr'><strong>ΡΡιΙΜΑΜ</strong></span> <span class='ocrx_word' id='word_1_109' title='bbox 1384 1312 1816 1399; x_wconf 88' lang='lat' dir='ltr'><strong>EPISTO]</strong></span> 
     </span>
    </p>
   </div>
   <div class='ocr_carea' id='block_1_19' title="bbox 1935 1308 3119 1404">
    <p class='ocr_par' dir='ltr' id='par_1_19' title="bbox 1935 1308 3119 1404">
     <span class='ocr_line' id='line_1_19' title="bbox 1935 1308 3119 1404; baseline 0.006 -9"><span class='ocrx_word' id='word_1_110' title='bbox 1935 1311 2047 1395; x_wconf 70' lang='lat' dir='ltr'><strong>.M</strong></span> <span class='ocrx_word' id='word_1_111' title='bbox 2120 1310 2281 1396; x_wconf 88' lang='lat' dir='ltr'><strong>AD</strong></span> <span class='ocrx_word' id='word_1_112' title='bbox 2357 1308 3119 1404; x_wconf 79' lang='lat' dir='ltr'><strong>CORINTHIOS.</strong></span> 
     </span>
    </p>
   </div>
   <div class='ocr_carea' id='block_1_20' title="bbox 740 1594 1306 1655">
    <p class='ocr_par' dir='ltr' id='par_1_20' title="bbox 740 1594 1306 1655">
     <span class='ocr_line' id='line_1_20' title="bbox 740 1594 1306 1655; baseline 0 -4"><span class='ocrx_word' id='word_1_113' title='bbox 740 1594 971 1652; x_wconf 80' lang='lat' dir='ltr'><strong>CAPUT</strong></span> <span class='ocrx_word' id='word_1_114' title='bbox 1010 1595 1306 1655; x_wconf 70' lang='lat' dir='ltr'><strong>PRIMUM.</strong></span> 
     </span>
    </p>
   </div>
   <div class='ocr_carea' id='block_1_21' title="bbox 298 1684 1822 1761">
    <p class='ocr_par' dir='ltr' id='par_1_21' title="bbox 298 1684 1822 1761">
     <span class='ocr_line' id='line_1_21' title="bbox 298 1684 1822 1761; baseline 0.005 -22"><span class='ocrx_word' id='word_1_115' title='bbox 298 1684 529 1741; x_wconf 79' lang='lat' dir='ltr'><strong>Paulus.</strong></span> <span class='ocrx_word' id='word_1_116' title='bbox 559 1686 784 1757; x_wconf 85' lang='lat' dir='ltr'><strong>Paulus,</strong></span> <span class='ocrx_word' id='word_1_117' title='bbox 814 1689 959 1760; x_wconf 90' lang='lat' dir='ltr'><strong>quod</strong></span> <span class='ocrx_word' id='word_1_118' title='bbox 992 1706 1190 1746; x_wconf 80' lang='lat' dir='ltr'><strong>nomen</strong></span> <span class='ocrx_word' id='word_1_119' title='bbox 1223 1690 1493 1761; x_wconf 68' lang='lat' dir='ltr'><strong>praeponit</strong></span> <span class='ocrx_word' id='word_1_120' title='bbox 1518 1690 1574 1746; x_wconf 87' lang='lat' dir='ltr'><strong>in</strong></span> <span class='ocrx_word' id='word_1_121' title='bbox 1604 1690 1822 1761; x_wconf 86' lang='lat' dir='ltr'><strong>Episto-</strong></span> 
     </span>
    </p>
   </div>
   <div class='ocr_carea' id='block_1_22' title="bbox 2006 1593 3527 1668">
    <p class='ocr_par' dir='ltr' id='par_1_22' title="bbox 2006 1593 3527 1668">
     <span class='ocr_line' id='line_1_22' title="bbox 2006 1593 3527 1668; baseline 0.003 -21"><span class='ocrx_word' id='word_1_122' title='bbox 2006 1593 2144 1661; x_wconf 82' lang='lat' dir='ltr'><strong>Quia</strong></span> <span class='ocrx_word' id='word_1_123' title='bbox 2171 1594 2223 1648; x_wconf 89' lang='lat' dir='ltr'><strong>in</strong></span> <span class='ocrx_word' id='word_1_124' title='bbox 2254 1595 2493 1653; x_wconf 83' lang='lat' dir='ltr'><strong>omnibus</strong></span> <span class='ocrx_word' id='word_1_125' title='bbox 2517 1597 2701 1653; x_wconf 83' lang='lat' dir='ltr'><strong>diuites</strong></span> <span class='ocrx_word' id='word_1_126' title='bbox 2730 1598 2858 1668; x_wconf 80' lang='lat' dir='ltr'><strong>facti</strong></span> <span class='ocrx_word' id='word_1_127' title='bbox 2880 1600 3002 1654; x_wconf 84' lang='lat' dir='ltr'><strong>estis</strong></span> <span class='ocrx_word' id='word_1_128' title='bbox 3031 1597 3087 1654; x_wconf 87' lang='lat' dir='ltr'><strong>in</strong></span> <span class='ocrx_word' id='word_1_129' title='bbox 3118 1597 3227 1655; x_wconf 84' lang='lat' dir='ltr'><strong>illo.</strong></span> <span class='ocrx_word' id='word_1_130' title='bbox 3266 1598 3320 1655; x_wconf 89' lang='lat' dir='ltr'><strong>In</strong></span> <span class='ocrx_word' id='word_1_131' title='bbox 3347 1600 3527 1657; x_wconf 82' lang='lat' dir='ltr'><strong>omni-</strong></span> 
     </span>
    </p>
   </div>
   <div class='ocr_carea' id='block_1_23' title="bbox 1928 1681 3529 1759">
    <p class='ocr_par' dir='ltr' id='par_1_23' title="bbox 1928 1681 3529 1759">
     <span class='ocr_line' id='line_1_23' title="bbox 1928 1681 3529 1759; baseline 0.004 -20"><span class='ocrx_word' id='word_1_132' title='bbox 1928 1681 2032 1739; x_wconf 80' lang='lat' dir='ltr'><strong>bus</strong></span> <span class='ocrx_word' id='word_1_133' title='bbox 2056 1684 2368 1752; x_wconf 85' lang='lat' dir='ltr'><strong>virtutibus,</strong></span> <span class='ocrx_word' id='word_1_134' title='bbox 2400 1703 2496 1758; x_wconf 89' lang='lat' dir='ltr'><strong>per</strong></span> <span class='ocrx_word' id='word_1_135' title='bbox 2523 1688 2870 1757; x_wconf 83' lang='lat' dir='ltr'><strong>sapientiam,</strong></span> <span class='ocrx_word' id='word_1_136' title='bbox 2904 1704 3027 1758; x_wconf 72' lang='lat' dir='ltr'><strong>qua:</strong></span> <span class='ocrx_word' id='word_1_137' title='bbox 3067 1692 3274 1747; x_wconf 87' lang='lat' dir='ltr'><strong>amicos</strong></span> <span class='ocrx_word' id='word_1_138' title='bbox 3306 1692 3420 1759; x_wconf 88' lang='lat' dir='ltr'><strong>Dei,</strong></span> <span class='ocrx_word' id='word_1_139' title='bbox 3474 1702 3529 1745; x_wconf 87' lang='lat' dir='ltr'><strong>et</strong></span> 
     </span>
    </p>
   </div>
   <div class='ocr_carea' id='block_1_24' title="bbox 208 1771 3531 1855">
    <p class='ocr_par' dir='ltr' id='par_1_24' title="bbox 208 1771 3531 1855">
     <span class='ocr_line' id='line_1_24' title="bbox 208 1771 3531 1855; baseline 0.002 -22"><span class='ocrx_word' id='word_1_140' title='bbox 208 1781 307 1847; x_wconf 85' lang='lat' dir='ltr'><strong>lis,</strong></span> <span class='ocrx_word' id='word_1_141' title='bbox 334 1780 683 1837; x_wconf 70' lang='lat' dir='ltr'><strong>auctoritatis</strong></span> <span class='ocrx_word' id='word_1_142' title='bbox 702 1782 835 1839; x_wconf 15' lang='lat' dir='ltr'><strong>Iesse</strong></span> <span class='ocrx_word' id='word_1_143' title='bbox 862 1785 1224 1841; x_wconf 84' lang='lat' dir='ltr'><strong>noscendum.</strong></span> <span class='ocrx_word' id='word_1_144' title='bbox 1250 1785 1380 1842; x_wconf 80' lang='lat' dir='ltr'><strong>Item</strong></span> <span class='ocrx_word' id='word_1_145' title='bbox 1409 1787 1567 1843; x_wconf 70' lang='lat' dir='ltr'><strong>aliter</strong></span> <span class='ocrx_word' id='word_1_146' title='bbox 1588 1806 1599 1838; x_wconf 87' lang='lat'><strong>:</strong></span> <span class='ocrx_word' id='word_1_147' title='bbox 1623 1786 1823 1841; x_wconf 80' lang='lat' dir='ltr'><strong>Paulus</strong></span> <span class='ocrx_word' id='word_1_148' title='bbox 1852 1771 1899 1834; x_wconf 77' lang='grc' dir='ltr'><strong>Β</strong></span> <span class='ocrx_word' id='word_1_149' title='bbox 1927 1775 2229 1846; x_wconf 83' lang='lat' dir='ltr'><strong>PrOpbetas</strong></span> <span class='ocrx_word' id='word_1_150' title='bbox 2251 1781 2554 1836; x_wconf 80' lang='lat' dir='ltr'><strong>constituit.</strong></span> <span class='ocrx_word' id='word_1_151' title='bbox 2578 1780 2711 1837; x_wconf 89' lang='lat' dir='ltr'><strong>Item</strong></span> <span class='ocrx_word' id='word_1_152' title='bbox 2734 1781 2892 1836; x_wconf 79' lang='lat' dir='ltr'><strong>aliter</strong></span> <span class='ocrx_word' id='word_1_153' title='bbox 2920 1801 2932 1835; x_wconf 91' lang='lat'><strong>:</strong></span> <span class='ocrx_word' id='word_1_154' title='bbox 2964 1782 3081 1837; x_wconf 90' lang='lat' dir='ltr'><strong>IIoc</strong></span> <span class='ocrx_word' id='word_1_155' title='bbox 3106 1783 3358 1853; x_wconf 86' lang='lat' dir='ltr'><strong>dicendo,</strong></span> <span class='ocrx_word' id='word_1_156' title='bbox 3387 1783 3531 1855; x_wconf 78' lang='lat' dir='ltr'><strong>Apo-</strong></span> 
     </span>
    </p>
   </div>
   <div class='ocr_carea' id='block_1_25' title="bbox 204 1874 1815 1947">
    <p class='ocr_par' dir='ltr' id='par_1_25' title="bbox 204 1874 1815 1947">
     <span class='ocr_line' id='line_1_25' title="bbox 204 1874 1815 1947; baseline 0.003 -19"><span class='ocrx_word' id='word_1_157' title='bbox 204 1874 885 1942; x_wconf 70' lang='lat' dir='ltr'><strong>apostolus,&#39;connectens</strong></span> <span class='ocrx_word' id='word_1_158' title='bbox 920 1877 979 1933; x_wconf 85' lang='lat' dir='ltr'><strong>in</strong></span> <span class='ocrx_word' id='word_1_159' title='bbox 1017 1878 1257 1947; x_wconf 82' lang='lat' dir='ltr'><strong>Epistula</strong></span> <span class='ocrx_word' id='word_1_160' title='bbox 1299 1878 1530 1934; x_wconf 86' lang='lat' dir='ltr'><strong>lratrum</strong></span> <span class='ocrx_word' id='word_1_161' title='bbox 1575 1878 1815 1942; x_wconf 85' lang='lat' dir='ltr'><strong>nomine.</strong></span> 
     </span>
    </p>
   </div>
   <div class='ocr_carea' id='block_1_26' title="bbox 222 1967 1818 2042">
    <p class='ocr_par' dir='ltr' id='par_1_26' title="bbox 222 1967 1818 2042">
     <span class='ocr_line' id='line_1_26' title="bbox 222 1967 1818 2042; baseline 0.003 -20"><span class='ocrx_word' id='word_1_162' title='bbox 222 1968 316 2023; x_wconf 78' lang='lat' dir='ltr'><strong>vel</strong></span> <span class='ocrx_word' id='word_1_163' title='bbox 354 1967 721 2026; x_wconf 84' lang='lat' dir='ltr'><strong>humilitatem</strong></span> <span class='ocrx_word' id='word_1_164' title='bbox 760 1985 913 2025; x_wconf 87' lang='lat' dir='ltr'><strong>suam</strong></span> <span class='ocrx_word' id='word_1_165' title='bbox 946 1971 1241 2042; x_wconf 78' lang='lat' dir='ltr'><strong>signiﬁcat,</strong></span> <span class='ocrx_word' id='word_1_166' title='bbox 1289 1972 1378 2028; x_wconf 87' lang='lat' dir='ltr'><strong>vel</strong></span> <span class='ocrx_word' id='word_1_167' title='bbox 1407 1983 1818 2042; x_wconf 87' lang='lat' dir='ltr'><strong>eooperatorem</strong></span> 
     </span>
    </p>
   </div>
   <div class='ocr_carea' id='block_1_27' title="bbox 219 2062 1571 2133">
    <p class='ocr_par' dir='ltr' id='par_1_27' title="bbox 219 2062 1571 2133">
     <span class='ocr_line' id='line_1_27' title="bbox 219 2062 1571 2133; baseline 0.001 -16"><span class='ocrx_word' id='word_1_168' title='bbox 219 2076 349 2117; x_wconf 80' lang='lat' dir='ltr'><strong>esse</strong></span> <span class='ocrx_word' id='word_1_169' title='bbox 375 2076 493 2116; x_wconf 89' lang='lat' dir='ltr'><strong>eum</strong></span> <span class='ocrx_word' id='word_1_170' title='bbox 522 2062 843 2130; x_wconf 64' lang='lat' dir='ltr'><strong>apostolicae</strong></span> <span class='ocrx_word' id='word_1_171' title='bbox 871 2063 1283 2133; x_wconf 64' lang='lat' dir='ltr'><strong>praedicationis</strong></span> <span class='ocrx_word' id='word_1_172' title='bbox 1309 2064 1571 2121; x_wconf 86' lang='lat' dir='ltr'><strong>ostendit.</strong></span> 
     </span>
    </p>
   </div>
   <div class='ocr_carea' id='block_1_28' title="bbox 302 2152 1816 2228">
    <p class='ocr_par' dir='ltr' id='par_1_28' title="bbox 302 2152 1816 2228">
     <span class='ocr_line' id='line_1_28' title="bbox 302 2152 1816 2228; baseline 0.001 -20"><span class='ocrx_word' id='word_1_173' title='bbox 302 2152 521 2209; x_wconf 71' lang='lat' dir='ltr'><strong>Vocatus</strong></span> <span class='ocrx_word' id='word_1_174' title='bbox 550 2153 829 2226; x_wconf 70' lang='lat' dir='ltr'><strong>Apostolus</strong></span> <span class='ocrx_word' id='word_1_175' title='bbox 860 2154 989 2210; x_wconf 79' lang='lat' dir='ltr'><strong>Iesu</strong></span> <span class='ocrx_word' id='word_1_176' title='bbox 1010 2155 1229 2224; x_wconf 81' lang='lat' dir='ltr'><strong>Christi,</strong></span> <span class='ocrx_word' id='word_1_177' title='bbox 1248 2174 1342 2228; x_wconf 80' lang='lat' dir='ltr'><strong>per</strong></span> <span class='ocrx_word' id='word_1_178' title='bbox 1359 2157 1677 2216; x_wconf 78' lang='lat' dir='ltr'><strong>voluntatem</strong></span> <span class='ocrx_word' id='word_1_179' title='bbox 1700 2154 1816 2211; x_wconf 87' lang='lat' dir='ltr'><strong>Dei.</strong></span> 
     </span>
    </p>
   </div>
   <div class='ocr_carea' id='block_1_29' title="bbox 218 2244 1822 2320">
    <p class='ocr_par' dir='ltr' id='par_1_29' title="bbox 218 2244 1822 2320">
     <span class='ocr_line' id='line_1_29' title="bbox 218 2244 1822 2320; baseline 0.003 -20"><span class='ocrx_word' id='word_1_180' title='bbox 218 2244 517 2301; x_wconf 83' lang='lat' dir='ltr'><strong>Voluntate</strong></span> <span class='ocrx_word' id='word_1_181' title='bbox 547 2246 645 2303; x_wconf 90' lang='lat' dir='ltr'><strong>Dei</strong></span> <span class='ocrx_word' id='word_1_182' title='bbox 689 2256 916 2303; x_wconf 85' lang='lat' dir='ltr'><strong>vocatur</strong></span> <span class='ocrx_word' id='word_1_183' title='bbox 947 2249 1179 2320; x_wconf 85' lang='lat' dir='ltr'><strong>quisque</strong></span> <span class='ocrx_word' id='word_1_184' title='bbox 1222 2250 1292 2306; x_wconf 88' lang='lat' dir='ltr'><strong>ad</strong></span> <span class='ocrx_word' id='word_1_185' title='bbox 1340 2248 1526 2317; x_wconf 75' lang='lat' dir='ltr'><strong>tidem,</strong></span> <span class='ocrx_word' id='word_1_186' title='bbox 1576 2249 1674 2305; x_wconf 85' lang='lat' dir='ltr'><strong>sed</strong></span> <span class='ocrx_word' id='word_1_187' title='bbox 1722 2265 1822 2305; x_wconf 91' lang='lat' dir='ltr'><strong>sua</strong></span> 
     </span>
    </p>
   </div>
   <div class='ocr_carea' id='block_1_30' title="bbox 213 2337 1818 2407">
    <p class='ocr_par' dir='ltr' id='par_1_30' title="bbox 213 2337 1818 2407">
     <span class='ocr_line' id='line_1_30' title="bbox 213 2337 1818 2407; baseline 0.005 -18"><span class='ocrx_word' id='word_1_188' title='bbox 213 2351 442 2407; x_wconf 87' lang='lat' dir='ltr'><strong>sponte,</strong></span> <span class='ocrx_word' id='word_1_189' title='bbox 475 2348 530 2393; x_wconf 87' lang='lat' dir='ltr'><strong>et</strong></span> <span class='ocrx_word' id='word_1_190' title='bbox 558 2352 657 2393; x_wconf 89' lang='lat' dir='ltr'><strong>suo</strong></span> <span class='ocrx_word' id='word_1_191' title='bbox 684 2337 911 2395; x_wconf 88' lang='lat' dir='ltr'><strong>arbitrio</strong></span> <span class='ocrx_word' id='word_1_192' title='bbox 941 2340 1117 2395; x_wconf 81' lang='lat' dir='ltr'><strong>credit</strong></span> <span class='ocrx_word' id='word_1_193' title='bbox 1143 2357 1157 2395; x_wconf 88' lang='lat'><strong>:</strong></span> <span class='ocrx_word' id='word_1_194' title='bbox 1189 2341 1335 2397; x_wconf 84' lang='lat' dir='ltr'><strong>sicut</strong></span> <span class='ocrx_word' id='word_1_195' title='bbox 1361 2342 1439 2397; x_wconf 85' lang='lat' dir='ltr'><strong>ait</strong></span> <span class='ocrx_word' id='word_1_196' title='bbox 1466 2342 1521 2397; x_wconf 81' lang='lat' dir='ltr'><strong>in</strong></span> <span class='ocrx_word' id='word_1_197' title='bbox 1551 2340 1818 2399; x_wconf 81' lang='lat' dir='ltr'><strong>Actibus:</strong></span> 
     </span>
    </p>
   </div>
   <div class='ocr_carea' id='block_1_31' title="bbox 213 2430 1282 2489">
    <p class='ocr_par' dir='ltr' id='par_1_31' title="bbox 213 2430 1282 2489">
     <span class='ocr_line' id='line_1_31' title="bbox 213 2430 1282 2489; baseline 0.002 -2"><span class='ocrx_word' id='word_1_198' title='bbox 213 2448 321 2487; x_wconf 86' lang='lat' dir='ltr'><strong>non</strong></span> <span class='ocrx_word' id='word_1_199' title='bbox 357 2430 435 2486; x_wconf 81' lang='lat' dir='ltr'><strong>fui</strong></span> <span class='ocrx_word' id='word_1_200' title='bbox 472 2431 783 2488; x_wconf 87' lang='lat' dir='ltr'><strong>incredulus</strong></span> <span class='ocrx_word' id='word_1_201' title='bbox 814 2434 1030 2489; x_wconf 68' lang='lat' dir='ltr'><strong>caeleSIi</strong></span> <span class='ocrx_word' id='word_1_202' title='bbox 1060 2435 1282 2489; x_wconf 87' lang='lat' dir='ltr'><strong>visioni.</strong></span> 
     </span>
    </p>
   </div>
   <div class='ocr_carea' id='block_1_32' title="bbox 282 2490 1829 2598">
    <p class='ocr_par' dir='ltr' id='par_1_32' title="bbox 282 2490 1829 2598">
     <span class='ocr_line' id='line_1_32' title="bbox 282 2490 1829 2598; baseline 0.003 -21"><span class='ocrx_word' id='word_1_203' title='bbox 282 2522 361 2577; x_wconf 85' lang='lat' dir='ltr'><strong>Et</strong></span> <span class='ocrx_word' id='word_1_204' title='bbox 407 2524 719 2586; x_wconf 82' lang='lat' dir='ltr'><strong>Sosthcncs.</strong></span> <span class='ocrx_word' id='word_1_205' title='bbox 748 2531 910 2597; x_wconf 80' lang='lat' dir='ltr'><strong>frater</strong></span> <span class='ocrx_word' id='word_1_206' title='bbox 937 2524 1189 2582; x_wconf 73' lang='lat' dir='ltr'><strong>Ecclesia:</strong></span> <span class='ocrx_word' id='word_1_207' title='bbox 1228 2527 1348 2583; x_wconf 86' lang='lat' dir='ltr'><strong>Dei.</strong></span> <span class='ocrx_word' id='word_1_208' title='bbox 1380 2528 1591 2595; x_wconf 83' lang='lat' dir='ltr'><strong>Frater,</strong></span> <span class='ocrx_word' id='word_1_209' title='bbox 1625 2490 1829 2598; x_wconf 77' lang='lat' dir='ltr'><strong>inquit,</strong></span> 
     </span>
    </p>
   </div>
   <div class='ocr_carea' id='block_1_33' title="bbox 214 2616 1821 2685">
    <p class='ocr_par' dir='ltr' id='par_1_33' title="bbox 214 2616 1821 2685">
     <span class='ocr_line' id='line_1_33' title="bbox 214 2616 1821 2685; baseline 0.001 -13"><span class='ocrx_word' id='word_1_210' title='bbox 214 2632 328 2672; x_wconf 82' lang='lat' dir='ltr'><strong>non</strong></span> <span class='ocrx_word' id='word_1_211' title='bbox 358 2618 658 2685; x_wconf 81' lang='lat' dir='ltr'><strong>apostolus.</strong></span> <span class='ocrx_word' id='word_1_212' title='bbox 701 2616 857 2672; x_wconf 81' lang='lat' dir='ltr'><strong>Hunc</strong></span> <span class='ocrx_word' id='word_1_213' title='bbox 886 2630 1067 2673; x_wconf 87' lang='lat' dir='ltr'><strong>autem</strong></span> <span class='ocrx_word' id='word_1_214' title='bbox 1101 2619 1309 2675; x_wconf 88' lang='lat' dir='ltr'><strong>idcirco</strong></span> <span class='ocrx_word' id='word_1_215' title='bbox 1351 2634 1540 2678; x_wconf 87' lang='lat' dir='ltr'><strong>secum</strong></span> <span class='ocrx_word' id='word_1_216' title='bbox 1572 2620 1821 2675; x_wconf 85' lang='lat' dir='ltr'><strong>scriben-</strong></span> 
     </span>
    </p>
   </div>
   <div class='ocr_carea' id='block_1_34' title="bbox 220 2708 1825 2781">
    <p class='ocr_par' dir='ltr' id='par_1_34' title="bbox 220 2708 1825 2781">
     <span class='ocr_line' id='line_1_34' title="bbox 220 2708 1825 2781; baseline 0.002 -20"><span class='ocrx_word' id='word_1_217' title='bbox 220 2717 343 2762; x_wconf 80' lang='lat' dir='ltr'><strong>tem</strong></span> <span class='ocrx_word' id='word_1_218' title='bbox 386 2708 628 2764; x_wconf 86' lang='lat' dir='ltr'><strong>inducit:</strong></span> <span class='ocrx_word' id='word_1_219' title='bbox 661 2710 789 2780; x_wconf 88' lang='lat' dir='ltr'><strong>quia</strong></span> <span class='ocrx_word' id='word_1_220' title='bbox 825 2724 892 2765; x_wconf 81' lang='lat' dir='ltr'><strong>ex</strong></span> <span class='ocrx_word' id='word_1_221' title='bbox 934 2711 1070 2781; x_wconf 85' lang='lat' dir='ltr'><strong>ipsis</strong></span> <span class='ocrx_word' id='word_1_222' title='bbox 1116 2710 1308 2766; x_wconf 90' lang='lat' dir='ltr'><strong>doctor</strong></span> <span class='ocrx_word' id='word_1_223' title='bbox 1350 2719 1463 2777; x_wconf 83' lang='lat' dir='ltr'><strong>est,</strong></span> <span class='ocrx_word' id='word_1_224' title='bbox 1494 2721 1550 2768; x_wconf 92' lang='lat' dir='ltr'><strong>et</strong></span> <span class='ocrx_word' id='word_1_225' title='bbox 1594 2726 1695 2781; x_wconf 90' lang='lat' dir='ltr'><strong>pro</strong></span> <span class='ocrx_word' id='word_1_226' title='bbox 1738 2709 1825 2765; x_wconf 88' lang='lat' dir='ltr'><strong>bis</strong></span> 
     </span>
    </p>
   </div>
   <div class='ocr_carea' id='block_1_35' title="bbox 222 2800 1708 2871">
    <p class='ocr_par' dir='ltr' id='par_1_35' title="bbox 222 2800 1708 2871">
     <span class='ocr_line' id='line_1_35' title="bbox 222 2800 1708 2871; baseline 0.003 -15"><span class='ocrx_word' id='word_1_227' title='bbox 222 2800 388 2856; x_wconf 75' lang='lat' dir='ltr'><strong>valde</strong></span> <span class='ocrx_word' id='word_1_228' title='bbox 414 2800 705 2858; x_wconf 80' lang='lat' dir='ltr'><strong>sollicitus.</strong></span> <span class='ocrx_word' id='word_1_229' title='bbox 1704 2867 1708 2871; x_wconf 50' lang='grc'><strong><em>,</em></strong></span> 
     </span>
    </p>
   </div>
   <div class='ocr_carea' id='block_1_36' title="bbox 296 2891 1822 2967">
    <p class='ocr_par' dir='ltr' id='par_1_36' title="bbox 296 2891 1822 2967">
     <span class='ocr_line' id='line_1_36' title="bbox 296 2891 1822 2967; baseline 0.005 -23"><span class='ocrx_word' id='word_1_230' title='bbox 296 2892 425 2959; x_wconf 72' lang='lat' dir='ltr'><strong>Quae</strong></span> <span class='ocrx_word' id='word_1_231' title='bbox 453 2903 526 2948; x_wconf 90' lang='lat' dir='ltr'><strong>est</strong></span> <span class='ocrx_word' id='word_1_232' title='bbox 555 2891 814 2948; x_wconf 83' lang='lat' dir='ltr'><strong>Corinthi.</strong></span> <span class='ocrx_word' id='word_1_233' title='bbox 846 2893 1116 2964; x_wconf 87' lang='lat' dir='ltr'><strong>Ostendit,</strong></span> <span class='ocrx_word' id='word_1_234' title='bbox 1145 2896 1237 2967; x_wconf 82' lang='lat' dir='ltr'><strong>qui</strong></span> <span class='ocrx_word' id='word_1_235' title='bbox 1267 2904 1397 2954; x_wconf 85' lang='lat' dir='ltr'><strong>sunt</strong></span> <span class='ocrx_word' id='word_1_236' title='bbox 1424 2895 1672 2953; x_wconf 81' lang='lat' dir='ltr'><strong>Ecclesia</strong></span> <span class='ocrx_word' id='word_1_237' title='bbox 1702 2894 1822 2961; x_wconf 85' lang='lat' dir='ltr'><strong>Dei,</strong></span> 
     </span>
    </p>
   </div>
   <div class='ocr_carea' id='block_1_37' title="bbox 211 2983 1824 3057">
    <p class='ocr_par' dir='ltr' id='par_1_37' title="bbox 211 2983 1824 3057">
     <span class='ocr_line' id='line_1_37' title="bbox 211 2983 1824 3057; baseline 0 -18"><span class='ocrx_word' id='word_1_238' title='bbox 211 2983 391 3039; x_wconf 86' lang='lat' dir='ltr'><strong>sancti</strong></span> <span class='ocrx_word' id='word_1_239' title='bbox 433 2984 644 3041; x_wconf 85' lang='lat' dir='ltr'><strong>scilicet</strong></span> <span class='ocrx_word' id='word_1_240' title='bbox 674 2994 730 3041; x_wconf 87' lang='lat' dir='ltr'><strong>et</strong></span> <span class='ocrx_word' id='word_1_241' title='bbox 780 2986 1114 3043; x_wconf 84' lang='lat' dir='ltr'><strong>immaculati</strong></span> <span class='ocrx_word' id='word_1_242' title='bbox 1142 3005 1155 3041; x_wconf 85' lang='lat'><strong>:</strong></span> <span class='ocrx_word' id='word_1_243' title='bbox 1188 2986 1313 3057; x_wconf 80' lang='lat' dir='ltr'><strong>quis</strong></span> <span class='ocrx_word' id='word_1_244' title='bbox 1366 2986 1608 3043; x_wconf 84' lang='lat' dir='ltr'><strong>Ecclesia</strong></span> <span class='ocrx_word' id='word_1_245' title='bbox 1649 3000 1824 3056; x_wconf 88' lang='lat' dir='ltr'><strong>neque</strong></span> 
     </span>
    </p>
   </div>
   <div class='ocr_carea' id='block_1_38' title="bbox 208 3076 1827 3151">
    <p class='ocr_par' dir='ltr' id='par_1_38' title="bbox 208 3076 1827 3151">
     <span class='ocr_line' id='line_1_38' title="bbox 208 3076 1827 3151; baseline 0.001 -18"><span class='ocrx_word' id='word_1_246' title='bbox 208 3076 489 3133; x_wconf 70' lang='lat' dir='ltr'><strong>naenlam</strong></span> <span class='ocrx_word' id='word_1_247' title='bbox 522 3076 710 3141; x_wconf 82' lang='lat' dir='ltr'><strong>habet,</strong></span> <span class='ocrx_word' id='word_1_248' title='bbox 766 3092 946 3150; x_wconf 88' lang='lat' dir='ltr'><strong>neque</strong></span> <span class='ocrx_word' id='word_1_249' title='bbox 992 3095 1204 3151; x_wconf 87' lang='lat' dir='ltr'><strong>rugam,</strong></span> <span class='ocrx_word' id='word_1_250' title='bbox 1234 3092 1287 3135; x_wconf 93' lang='lat' dir='ltr'><strong>et</strong></span> <span class='ocrx_word' id='word_1_251' title='bbox 1338 3079 1464 3137; x_wconf 87' lang='lat' dir='ltr'><strong>ideo</strong></span> <span class='ocrx_word' id='word_1_252' title='bbox 1512 3078 1599 3136; x_wconf 82' lang='lat' dir='ltr'><strong>Itis</strong></span> <span class='ocrx_word' id='word_1_253' title='bbox 1636 3078 1827 3135; x_wconf 82' lang='lat' dir='ltr'><strong>scribit</strong></span> 
     </span>
    </p>
   </div>
   <div class='ocr_carea' id='block_1_39' title="bbox 1926 1872 3531 1944">
    <p class='ocr_par' dir='ltr' id='par_1_39' title="bbox 1926 1872 3531 1944">
     <span class='ocr_line' id='line_1_39' title="bbox 1926 1872 3531 1944; baseline 0.002 -19"><span class='ocrx_word' id='word_1_254' title='bbox 1926 1872 2101 1928; x_wconf 82' lang='lat' dir='ltr'><strong>Staius</strong></span> <span class='ocrx_word' id='word_1_255' title='bbox 2130 1872 2371 1928; x_wconf 81' lang='lat' dir='ltr'><strong>ostendit</strong></span> <span class='ocrx_word' id='word_1_256' title='bbox 2397 1888 2516 1938; x_wconf 87' lang='lat' dir='ltr'><strong>eos,</strong></span> <span class='ocrx_word' id='word_1_257' title='bbox 2544 1875 2760 1944; x_wconf 86' lang='lat' dir='ltr'><strong>quando</strong></span> <span class='ocrx_word' id='word_1_258' title='bbox 2789 1874 2855 1929; x_wconf 90' lang='lat' dir='ltr'><strong>ad</strong></span> <span class='ocrx_word' id='word_1_259' title='bbox 2881 1874 3037 1930; x_wconf 79' lang='lat' dir='ltr'><strong>tidem</strong></span> <span class='ocrx_word' id='word_1_260' title='bbox 3062 1874 3260 1931; x_wconf 85' lang='lat' dir='ltr'><strong>Christi</strong></span> <span class='ocrx_word' id='word_1_261' title='bbox 3284 1891 3531 1932; x_wconf 70' lang='lat' dir='ltr'><strong>accesse-</strong></span> 
     </span>
    </p>
   </div>
   <div class='ocr_carea' id='block_1_40' title="bbox 1922 1964 3526 2035">
    <p class='ocr_par' dir='ltr' id='par_1_40' title="bbox 1922 1964 3526 2035">
     <span class='ocr_line' id='line_1_40' title="bbox 1922 1964 3526 2035; baseline 0.004 -16"><span class='ocrx_word' id='word_1_262' title='bbox 1922 1972 2089 2032; x_wconf 86' lang='lat' dir='ltr'><strong>runt,</strong></span> <span class='ocrx_word' id='word_1_263' title='bbox 2143 1965 2291 2019; x_wconf 90' lang='lat' dir='ltr'><strong>omni</strong></span> <span class='ocrx_word' id='word_1_264' title='bbox 2335 1964 2505 2035; x_wconf 84' lang='lat' dir='ltr'><strong>gratia</strong></span> <span class='ocrx_word' id='word_1_265' title='bbox 2552 1976 2680 2021; x_wconf 89' lang='lat' dir='ltr'><strong>tunc</strong></span> <span class='ocrx_word' id='word_1_266' title='bbox 2728 1965 2967 2021; x_wconf 89' lang='lat' dir='ltr'><strong>ditatos:</strong></span> <span class='ocrx_word' id='word_1_267' title='bbox 3002 1982 3147 2024; x_wconf 79' lang='lat' dir='ltr'><strong>iiuitc</strong></span> <span class='ocrx_word' id='word_1_268' title='bbox 3183 1980 3369 2025; x_wconf 80' lang='lat' dir='ltr'><strong>autem</strong></span> <span class='ocrx_word' id='word_1_269' title='bbox 3417 1986 3526 2033; x_wconf 81' lang='lat' dir='ltr'><strong>non</strong></span> 
     </span>
    </p>
   </div>
   <div class='ocr_carea' id='block_1_41' title="bbox 1916 2055 3531 2145">
    <p class='ocr_par' dir='ltr' id='par_1_41' title="bbox 1916 2055 3531 2145">
     <span class='ocr_line' id='line_1_41' title="bbox 1916 2055 3531 2145; baseline 0.004 -36"><span class='ocrx_word' id='word_1_270' title='bbox 1916 2055 2078 2126; x_wconf 75' lang='lat' dir='ltr'><strong>juxta</strong></span> <span class='ocrx_word' id='word_1_271' title='bbox 2103 2056 2262 2114; x_wconf 83' lang='lat' dir='ltr'><strong>ﬁdem</strong></span> <span class='ocrx_word' id='word_1_272' title='bbox 2285 2066 2700 2127; x_wconf 74' lang='lat' dir='ltr'><strong>conversantes,</strong></span> <span class='ocrx_word' id='word_1_273' title='bbox 2723 2058 3094 2145; x_wconf 78' lang='lat' dir='ltr'><strong>vacuefactam</strong></span> <span class='ocrx_word' id='word_1_274' title='bbox 3120 2069 3393 2117; x_wconf 87' lang='lat' dir='ltr'><strong>monstrat</strong></span> <span class='ocrx_word' id='word_1_275' title='bbox 3412 2076 3531 2134; x_wconf 85' lang='lat' dir='ltr'><strong>gra-</strong></span> 
     </span>
    </p>
   </div>
   <div class='ocr_carea' id='block_1_42' title="bbox 1921 2150 3305 2236">
    <p class='ocr_par' dir='ltr' id='par_1_42' title="bbox 1921 2150 3305 2236">
     <span class='ocr_line' id='line_1_42' title="bbox 1921 2150 3305 2236; baseline -0.001 -31"><span class='ocrx_word' id='word_1_276' title='bbox 1921 2150 2075 2214; x_wconf 86' lang='lat' dir='ltr'><strong>tiam,</strong></span> <span class='ocrx_word' id='word_1_277' title='bbox 2108 2164 2275 2221; x_wconf 89' lang='lat' dir='ltr'><strong>quam</strong></span> <span class='ocrx_word' id='word_1_278' title='bbox 2311 2158 2698 2221; x_wconf 86' lang='lat' dir='ltr'><strong>perceperunt.</strong></span> <span class='ocrx_word' id='word_1_279' title='bbox 3286 2200 3305 2236; x_wconf 57' lang='grc' dir='ltr'><em>Ι</em></span> 
     </span>
    </p>
   </div>
   <div class='ocr_carea' id='block_1_43' title="bbox 2000 2239 3523 2313">
    <p class='ocr_par' dir='ltr' id='par_1_43' title="bbox 2000 2239 3523 2313">
     <span class='ocr_line' id='line_1_43' title="bbox 2000 2239 3523 2313; baseline 0.003 -17"><span class='ocrx_word' id='word_1_280' title='bbox 2000 2239 2068 2296; x_wconf 83' lang='lat' dir='ltr'><strong>In</strong></span> <span class='ocrx_word' id='word_1_281' title='bbox 2098 2242 2235 2297; x_wconf 83' lang='lat' dir='ltr'><strong>omni</strong></span> <span class='ocrx_word' id='word_1_282' title='bbox 2260 2243 2410 2297; x_wconf 80' lang='lat' dir='ltr'><strong>uerbo</strong></span> <span class='ocrx_word' id='word_1_283' title='bbox 2439 2243 2563 2298; x_wconf 86' lang='lat' dir='ltr'><strong>etin</strong></span> <span class='ocrx_word' id='word_1_284' title='bbox 2594 2244 2736 2299; x_wconf 87' lang='lat' dir='ltr'><strong>omni</strong></span> <span class='ocrx_word' id='word_1_285' title='bbox 2767 2243 3004 2299; x_wconf 83' lang='lat' dir='ltr'><strong>scientia.</strong></span> <span class='ocrx_word' id='word_1_286' title='bbox 3033 2242 3093 2305; x_wconf 79' lang='lat' dir='ltr'><strong>Id</strong></span> <span class='ocrx_word' id='word_1_287' title='bbox 3124 2252 3230 2313; x_wconf 89' lang='lat' dir='ltr'><strong>est,</strong></span> <span class='ocrx_word' id='word_1_288' title='bbox 3277 2260 3386 2301; x_wconf 91' lang='lat' dir='ltr'><strong>non</strong></span> <span class='ocrx_word' id='word_1_289' title='bbox 3413 2254 3523 2307; x_wconf 79' lang='lat' dir='ltr'><strong>tam</strong></span> 
     </span>
    </p>
   </div>
   <div class='ocr_carea' id='block_1_44' title="bbox 1922 2334 2865 2405">
    <p class='ocr_par' dir='ltr' id='par_1_44' title="bbox 1922 2334 2865 2405">
     <span class='ocr_line' id='line_1_44' title="bbox 1922 2334 2865 2405; baseline -0.004 -14"><span class='ocrx_word' id='word_1_290' title='bbox 1922 2334 2051 2391; x_wconf 87' lang='lat' dir='ltr'><strong>novi</strong></span> <span class='ocrx_word' id='word_1_291' title='bbox 2082 2348 2245 2405; x_wconf 90' lang='lat' dir='ltr'><strong>quam</strong></span> <span class='ocrx_word' id='word_1_292' title='bbox 2275 2334 2475 2391; x_wconf 87' lang='lat' dir='ltr'><strong>veteris</strong></span> <span class='ocrx_word' id='word_1_293' title='bbox 2506 2334 2865 2392; x_wconf 88' lang='lat' dir='ltr'><strong>Testamenti.</strong></span> 
     </span>
    </p>
   </div>
   <div class='ocr_carea' id='block_1_45' title="bbox 1996 2424 3522 2503">
    <p class='ocr_par' dir='ltr' id='par_1_45' title="bbox 1996 2424 3522 2503">
     <span class='ocr_line' id='line_1_45' title="bbox 1996 2424 3522 2503; baseline 0.002 -23"><span class='ocrx_word' id='word_1_294' title='bbox 1996 2425 2143 2481; x_wconf 86' lang='lat' dir='ltr'><strong>Sicut</strong></span> <span class='ocrx_word' id='word_1_295' title='bbox 2168 2424 2520 2480; x_wconf 82' lang='lat' dir='ltr'><strong>testimonium</strong></span> <span class='ocrx_word' id='word_1_296' title='bbox 2544 2424 2740 2482; x_wconf 82' lang='lat' dir='ltr'><strong>Christi</strong></span> <span class='ocrx_word' id='word_1_297' title='bbox 2766 2427 3141 2503; x_wconf 80' lang='lat' dir='ltr'><strong>con/innatum</strong></span> <span class='ocrx_word' id='word_1_298' title='bbox 3188 2437 3260 2483; x_wconf 83' lang='lat' dir='ltr'><strong>est</strong></span> <span class='ocrx_word' id='word_1_299' title='bbox 3285 2429 3339 2482; x_wconf 88' lang='lat' dir='ltr'><strong>in</strong></span> <span class='ocrx_word' id='word_1_300' title='bbox 3364 2428 3522 2485; x_wconf 83' lang='lat' dir='ltr'><strong>vobis.</strong></span> 
     </span>
    </p>
   </div>
   <div class='ocr_carea' id='block_1_46' title="bbox 1923 2515 3521 2593">
    <p class='ocr_par' dir='ltr' id='par_1_46' title="bbox 1923 2515 3521 2593">
     <span class='ocr_line' id='line_1_46' title="bbox 1923 2515 3521 2593; baseline 0.002 -21"><span class='ocrx_word' id='word_1_301' title='bbox 1923 2515 2320 2572; x_wconf 82' lang='lat' dir='ltr'><strong>Testimonium</strong></span> <span class='ocrx_word' id='word_1_302' title='bbox 2346 2535 2456 2591; x_wconf 91' lang='lat' dir='ltr'><strong>quo</strong></span> <span class='ocrx_word' id='word_1_303' title='bbox 2479 2518 2554 2574; x_wconf 86' lang='lat' dir='ltr'><strong>ait</strong></span> <span class='ocrx_word' id='word_1_304' title='bbox 2587 2537 2597 2573; x_wconf 92' lang='lat'><strong>:</strong></span> <span class='ocrx_word' id='word_1_305' title='bbox 2627 2518 2817 2575; x_wconf 87' lang='lat' dir='ltr'><strong>Omnis</strong></span> <span class='ocrx_word' id='word_1_306' title='bbox 2842 2518 3019 2574; x_wconf 88' lang='lat' dir='ltr'><strong>scriba</strong></span> <span class='ocrx_word' id='word_1_307' title='bbox 3051 2520 3243 2577; x_wconf 90' lang='lat' dir='ltr'><strong>doctus</strong></span> <span class='ocrx_word' id='word_1_308' title='bbox 3272 2521 3323 2575; x_wconf 91' lang='lat' dir='ltr'><strong>in</strong></span> <span class='ocrx_word' id='word_1_309' title='bbox 3354 2536 3521 2593; x_wconf 86' lang='lat' dir='ltr'><strong>regno</strong></span> 
     </span>
    </p>
   </div>
   <div class='ocr_carea' id='block_1_47' title="bbox 1920 2609 3526 2683">
    <p class='ocr_par' dir='ltr' id='par_1_47' title="bbox 1920 2609 3526 2683">
     <span class='ocr_line' id='line_1_47' title="bbox 1920 2609 3526 2683; baseline -0.001 -16"><span class='ocrx_word' id='word_1_310' title='bbox 1920 2610 2191 2667; x_wconf 64' lang='lat' dir='ltr'><strong>calorum</strong></span> <span class='ocrx_word' id='word_1_311' title='bbox 2221 2612 2414 2667; x_wconf 86' lang='lat' dir='ltr'><strong>similis</strong></span> <span class='ocrx_word' id='word_1_312' title='bbox 2444 2621 2528 2668; x_wconf 90' lang='lat' dir='ltr'><strong>est</strong></span> <span class='ocrx_word' id='word_1_313' title='bbox 2557 2609 2762 2669; x_wconf 88' lang='lat' dir='ltr'><strong>homini</strong></span> <span class='ocrx_word' id='word_1_314' title='bbox 2808 2611 3212 2681; x_wconf 82' lang='lat' dir='ltr'><strong>patrifamilias,</strong></span> <span class='ocrx_word' id='word_1_315' title='bbox 3257 2614 3347 2683; x_wconf 90' lang='lat' dir='ltr'><strong>qui</strong></span> <span class='ocrx_word' id='word_1_316' title='bbox 3400 2628 3526 2683; x_wconf 87' lang='lat' dir='ltr'><strong>pro-</strong></span> 
     </span>
    </p>
   </div>
   <div class='ocr_carea' id='block_1_48' title="bbox 1922 2702 3021 2759">
    <p class='ocr_par' dir='ltr' id='par_1_48' title="bbox 1922 2702 3021 2759">
     <span class='ocr_line' id='line_1_48' title="bbox 1922 2702 3021 2759; baseline 0.003 -3"><span class='ocrx_word' id='word_1_317' title='bbox 1922 2702 2029 2759; x_wconf 82' lang='lat' dir='ltr'><strong>tert</strong></span> <span class='ocrx_word' id='word_1_318' title='bbox 2050 2704 2115 2759; x_wconf 87' lang='lat' dir='ltr'><strong>de</strong></span> <span class='ocrx_word' id='word_1_319' title='bbox 2149 2703 2407 2759; x_wconf 79' lang='lat' dir='ltr'><strong>thesauro</strong></span> <span class='ocrx_word' id='word_1_320' title='bbox 2436 2718 2535 2759; x_wconf 92' lang='lat' dir='ltr'><strong>suo</strong></span> <span class='ocrx_word' id='word_1_321' title='bbox 2562 2718 2700 2759; x_wconf 89' lang='lat' dir='ltr'><strong>nova</strong></span> <span class='ocrx_word' id='word_1_322' title='bbox 2728 2712 2783 2757; x_wconf 83' lang='lat' dir='ltr'><strong>et</strong></span> <span class='ocrx_word' id='word_1_323' title='bbox 2814 2713 3021 2759; x_wconf 78' lang='lat' dir='ltr'><strong>vetera.</strong></span> 
     </span>
    </p>
   </div>
   <div class='ocr_carea' id='block_1_49' title="bbox 1997 2792 3522 2867">
    <p class='ocr_par' dir='ltr' id='par_1_49' title="bbox 1997 2792 3522 2867">
     <span class='ocr_line' id='line_1_49' title="bbox 1997 2792 3522 2867; baseline 0.002 -19"><span class='ocrx_word' id='word_1_324' title='bbox 1997 2792 2086 2848; x_wconf 85' lang='lat' dir='ltr'><strong>Ita</strong></span> <span class='ocrx_word' id='word_1_325' title='bbox 2115 2804 2169 2849; x_wconf 85' lang='lat' dir='ltr'><strong>ut</strong></span> <span class='ocrx_word' id='word_1_326' title='bbox 2200 2795 2331 2849; x_wconf 88' lang='lat' dir='ltr'><strong>nihil</strong></span> <span class='ocrx_word' id='word_1_327' title='bbox 2355 2797 2496 2852; x_wconf 78' lang='lat' dir='ltr'><strong>vobis</strong></span> <span class='ocrx_word' id='word_1_328' title='bbox 2520 2798 2650 2853; x_wconf 80' lang='lat' dir='ltr'><strong>desit</strong></span> <span class='ocrx_word' id='word_1_329' title='bbox 2675 2797 2727 2850; x_wconf 87' lang='lat' dir='ltr'><strong>in</strong></span> <span class='ocrx_word' id='word_1_330' title='bbox 2757 2796 2871 2851; x_wconf 79' lang='lat' dir='ltr'><strong>ulla</strong></span> <span class='ocrx_word' id='word_1_331' title='bbox 2897 2798 3087 2867; x_wconf 86' lang='lat' dir='ltr'><strong>gratia.</strong></span> <span class='ocrx_word' id='word_1_332' title='bbox 3121 2797 3280 2855; x_wconf 84' lang='lat' dir='ltr'><strong>Unde</strong></span> <span class='ocrx_word' id='word_1_333' title='bbox 3317 2801 3393 2855; x_wconf 86' lang='lat' dir='ltr'><strong>ait</strong></span> <span class='ocrx_word' id='word_1_334' title='bbox 3420 2800 3522 2855; x_wconf 85' lang='lat' dir='ltr'><strong>Sa-</strong></span> 
     </span>
    </p>
   </div>
   <div class='ocr_carea' id='block_1_50' title="bbox 1925 2885 3519 2961">
    <p class='ocr_par' dir='ltr' id='par_1_50' title="bbox 1925 2885 3519 2961">
     <span class='ocr_line' id='line_1_50' title="bbox 1925 2885 3519 2961; baseline 0.001 -17"><span class='ocrx_word' id='word_1_335' title='bbox 1925 2886 2109 2944; x_wconf 88' lang='lat' dir='ltr'><strong>lomon</strong></span> <span class='ocrx_word' id='word_1_336' title='bbox 2138 2904 2151 2942; x_wconf 90' lang='lat'><strong>:</strong></span> <span class='ocrx_word' id='word_1_337' title='bbox 2184 2885 2461 2945; x_wconf 77' lang='lat' dir='ltr'><strong>Venerunt</strong></span> <span class='ocrx_word' id='word_1_338' title='bbox 2491 2888 2626 2946; x_wconf 88' lang='lat' dir='ltr'><strong>mihi</strong></span> <span class='ocrx_word' id='word_1_339' title='bbox 2652 2888 2831 2945; x_wconf 88' lang='lat' dir='ltr'><strong>omnia</strong></span> <span class='ocrx_word' id='word_1_340' title='bbox 2862 2889 3003 2945; x_wconf 90' lang='lat' dir='ltr'><strong>bona</strong></span> <span class='ocrx_word' id='word_1_341' title='bbox 3033 2891 3236 2961; x_wconf 89' lang='lat' dir='ltr'><strong>pariter</strong></span> <span class='ocrx_word' id='word_1_342' title='bbox 3264 2907 3386 2947; x_wconf 89' lang='lat' dir='ltr'><strong>cum</strong></span> <span class='ocrx_word' id='word_1_343' title='bbox 3406 2891 3519 2959; x_wconf 89' lang='lat' dir='ltr'><strong>illa,</strong></span> 
     </span>
    </p>
   </div>
   <div class='ocr_carea' id='block_1_51' title="bbox 1927 2975 2584 3049">
    <p class='ocr_par' dir='ltr' id='par_1_51' title="bbox 1927 2975 2584 3049">
     <span class='ocr_line' id='line_1_51' title="bbox 1927 2975 2584 3049; baseline -0.003 -16"><span class='ocrx_word' id='word_1_344' title='bbox 1927 2975 1979 3033; x_wconf 89' lang='lat' dir='ltr'><strong>id</strong></span> <span class='ocrx_word' id='word_1_345' title='bbox 2010 2985 2115 3042; x_wconf 87' lang='lat' dir='ltr'><strong>est,</strong></span> <span class='ocrx_word' id='word_1_346' title='bbox 2145 2991 2267 3034; x_wconf 92' lang='lat' dir='ltr'><strong>cum</strong></span> <span class='ocrx_word' id='word_1_347' title='bbox 2295 2978 2584 3049; x_wconf 83' lang='lat' dir='ltr'><strong>sapientia.</strong></span> 
     </span>
    </p>
   </div>
   <div class='ocr_carea' id='block_1_52' title="bbox 1999 3070 3521 3145">
    <p class='ocr_par' dir='ltr' id='par_1_52' title="bbox 1999 3070 3521 3145">
     <span class='ocr_line' id='line_1_52' title="bbox 1999 3070 3521 3145; baseline 0.005 -21"><span class='ocrx_word' id='word_1_348' title='bbox 1999 3070 2427 3145; x_wconf 74' lang='lat' dir='ltr'><strong>Exspectantibus</strong></span> <span class='ocrx_word' id='word_1_349' title='bbox 2480 3072 2848 3129; x_wconf 79' lang='lat' dir='ltr'><strong>reuelationem</strong></span> <span class='ocrx_word' id='word_1_350' title='bbox 2908 3072 3123 3131; x_wconf 85' lang='lat' dir='ltr'><strong>Domini</strong></span> <span class='ocrx_word' id='word_1_351' title='bbox 3176 3077 3339 3133; x_wconf 82' lang='lat' dir='ltr'><strong>nostri</strong></span> <span class='ocrx_word' id='word_1_352' title='bbox 3390 3076 3521 3133; x_wconf 78' lang='lat' dir='ltr'><strong>Iesu</strong></span> 
     </span>
    </p>
   </div>
   <div class='ocr_carea' id='block_1_53' title="bbox 206 3161 3514 3241">
    <p class='ocr_par' dir='ltr' id='par_1_53' title="bbox 206 3161 3514 3241">
     <span class='ocr_line' id='line_1_53' title="bbox 206 3161 3514 3241; baseline 0.001 -22"><span class='ocrx_word' id='word_1_353' title='bbox 206 3168 309 3237; x_wconf 77' lang='lat' dir='ltr'><strong>qui</strong></span> <span class='ocrx_word' id='word_1_354' title='bbox 342 3170 610 3239; x_wconf 80' lang='lat' dir='ltr'><strong>integram</strong></span> <span class='ocrx_word' id='word_1_355' title='bbox 645 3168 821 3226; x_wconf 82' lang='lat' dir='ltr'><strong>adhuc</strong></span> <span class='ocrx_word' id='word_1_356' title='bbox 851 3172 1165 3239; x_wconf 67' lang='lat' dir='ltr'><strong>servabam,</strong></span> <span class='ocrx_word' id='word_1_357' title='bbox 1193 3188 1306 3229; x_wconf 77' lang='lat' dir='ltr'><strong>non</strong></span> <span class='ocrx_word' id='word_1_358' title='bbox 1334 3173 1427 3241; x_wconf 75' lang='lat' dir='ltr'><strong>qui</strong></span> <span class='ocrx_word' id='word_1_359' title='bbox 1470 3170 1823 3241; x_wconf 75' lang='lat' dir='ltr'><strong>perdiderunt</strong></span> <span class='ocrx_word' id='word_1_360' title='bbox 1849 3162 1895 3229; x_wconf 93' lang='lat' dir='ltr'><strong>C</strong></span> <span class='ocrx_word' id='word_1_361' title='bbox 1925 3161 2143 3219; x_wconf 81' lang='lat' dir='ltr'><strong>Christi.</strong></span> <span class='ocrx_word' id='word_1_362' title='bbox 2176 3162 2274 3219; x_wconf 92' lang='lat' dir='ltr'><strong>Ille</strong></span> <span class='ocrx_word' id='word_1_363' title='bbox 2298 3178 2424 3219; x_wconf 84' lang='lat' dir='ltr'><strong>vere</strong></span> <span class='ocrx_word' id='word_1_364' title='bbox 2451 3174 2731 3235; x_wconf 80' lang='lat' dir='ltr'><strong>exspectat</strong></span> <span class='ocrx_word' id='word_1_365' title='bbox 2758 3165 3050 3222; x_wconf 84' lang='lat' dir='ltr'><strong>adventum</strong></span> <span class='ocrx_word' id='word_1_366' title='bbox 3078 3166 3302 3233; x_wconf 86' lang='lat' dir='ltr'><strong>Christi,</strong></span> <span class='ocrx_word' id='word_1_367' title='bbox 3337 3170 3426 3241; x_wconf 89' lang='lat' dir='ltr'><strong>qui</strong></span> <span class='ocrx_word' id='word_1_368' title='bbox 3461 3170 3514 3223; x_wconf 91' lang='lat' dir='ltr'><strong>in</strong></span> 
     </span>
    </p>
   </div>
   <div class='ocr_carea' id='block_1_54' title="bbox 205 3262 1820 3331">
    <p class='ocr_par' dir='ltr' id='par_1_54' title="bbox 205 3262 1820 3331">
     <span class='ocr_line' id='line_1_54' title="bbox 205 3262 1820 3331; baseline 0.002 -14"><span class='ocrx_word' id='word_1_369' title='bbox 205 3262 590 3319; x_wconf 78' lang='lat' dir='ltr'><strong>sanctitatem.</strong></span> <span class='ocrx_word' id='word_1_370' title='bbox 620 3262 753 3323; x_wconf 78' lang='lat' dir='ltr'><strong>Nam</strong></span> <span class='ocrx_word' id='word_1_371' title='bbox 788 3265 920 3320; x_wconf 82' lang='lat' dir='ltr'><strong>istos</strong></span> <span class='ocrx_word' id='word_1_372' title='bbox 950 3266 1180 3323; x_wconf 84' lang='lat' dir='ltr'><strong>honorat</strong></span> <span class='ocrx_word' id='word_1_373' title='bbox 1222 3266 1437 3331; x_wconf 85' lang='lat' dir='ltr'><strong>litteris,</strong></span> <span class='ocrx_word' id='word_1_374' title='bbox 1469 3266 1590 3321; x_wconf 86' lang='lat' dir='ltr'><strong>illos</strong></span> <span class='ocrx_word' id='word_1_375' title='bbox 1631 3277 1820 3321; x_wconf 90' lang='lat' dir='ltr'><strong>aucto-</strong></span> 
     </span>
    </p>
   </div>
   <div class='ocr_carea' id='block_1_55' title="bbox 204 3357 783 3411">
    <p class='ocr_par' dir='ltr' id='par_1_55' title="bbox 204 3357 783 3411">
     <span class='ocr_line' id='line_1_55' title="bbox 204 3357 783 3411; baseline 0 0"><span class='ocrx_word' id='word_1_376' title='bbox 204 3359 383 3411; x_wconf 81' lang='lat' dir='ltr'><strong>ritate</strong></span> <span class='ocrx_word' id='word_1_377' title='bbox 414 3357 783 3411; x_wconf 82' lang='lat' dir='ltr'><strong>commendat.</strong></span> 
     </span>
    </p>
   </div>
   <div class='ocr_carea' id='block_1_56' title="bbox 292 3446 1820 3519">
    <p class='ocr_par' dir='ltr' id='par_1_56' title="bbox 292 3446 1820 3519">
     <span class='ocr_line' id='line_1_56' title="bbox 292 3446 1820 3519; baseline 0.001 -15"><span class='ocrx_word' id='word_1_378' title='bbox 292 3447 654 3519; x_wconf 74' lang='lat' dir='ltr'><strong>Sanctificatis</strong></span> <span class='ocrx_word' id='word_1_379' title='bbox 681 3450 739 3507; x_wconf 87' lang='lat' dir='ltr'><strong>in</strong></span> <span class='ocrx_word' id='word_1_380' title='bbox 781 3447 987 3507; x_wconf 77' lang='lat' dir='ltr'><strong>Christo</strong></span> <span class='ocrx_word' id='word_1_381' title='bbox 1023 3446 1173 3518; x_wconf 71' lang='lat' dir='ltr'><strong>Iesu,</strong></span> <span class='ocrx_word' id='word_1_382' title='bbox 1217 3452 1412 3508; x_wconf 81' lang='lat' dir='ltr'><strong>vocatis</strong></span> <span class='ocrx_word' id='word_1_383' title='bbox 1450 3453 1664 3508; x_wconf 77' lang='lat' dir='ltr'><strong>sanctis.</strong></span> <span class='ocrx_word' id='word_1_384' title='bbox 1713 3450 1820 3506; x_wconf 88' lang='lat' dir='ltr'><strong>Per</strong></span> 
     </span>
    </p>
   </div>
   <div class='ocr_carea' id='block_1_57' title="bbox 200 3541 1815 3616">
    <p class='ocr_par' dir='ltr' id='par_1_57' title="bbox 200 3541 1815 3616">
     <span class='ocr_line' id='line_1_57' title="bbox 200 3541 1815 3616; baseline 0.001 -19"><span class='ocrx_word' id='word_1_385' title='bbox 200 3541 525 3610; x_wconf 67' lang='lat' dir='ltr'><strong>baptismum</strong></span> <span class='ocrx_word' id='word_1_386' title='bbox 554 3543 913 3610; x_wconf 76' lang='lat' dir='ltr'><strong>smtiﬁcatis.</strong></span> <span class='ocrx_word' id='word_1_387' title='bbox 940 3541 1069 3605; x_wconf 80' lang='lat' dir='ltr'><strong>Cum</strong></span> <span class='ocrx_word' id='word_1_388' title='bbox 1090 3544 1322 3605; x_wconf 65' lang='lat' dir='ltr'><strong>omnibus</strong></span> <span class='ocrx_word' id='word_1_389' title='bbox 1334 3548 1427 3616; x_wconf 83' lang='lat' dir='ltr'><strong>qui</strong></span> <span class='ocrx_word' id='word_1_390' title='bbox 1454 3545 1697 3601; x_wconf 80' lang='lat' dir='ltr'><strong>invocant</strong></span> <span class='ocrx_word' id='word_1_391' title='bbox 1720 3561 1815 3599; x_wconf 86' lang='lat' dir='ltr'><strong>no-</strong></span> 
     </span>
    </p>
   </div>
   <div class='ocr_carea' id='block_1_58' title="bbox 198 3631 1817 3704">
    <p class='ocr_par' dir='ltr' id='par_1_58' title="bbox 198 3631 1817 3704">
     <span class='ocr_line' id='line_1_58' title="bbox 198 3631 1817 3704; baseline 0.002 -17"><span class='ocrx_word' id='word_1_392' title='bbox 198 3650 323 3687; x_wconf 71' lang='lat' dir='ltr'><strong>men</strong></span> <span class='ocrx_word' id='word_1_393' title='bbox 348 3631 566 3687; x_wconf 72' lang='lat' dir='ltr'><strong>Domini</strong></span> <span class='ocrx_word' id='word_1_394' title='bbox 588 3631 721 3689; x_wconf 68' lang='lat' dir='ltr'><strong>Iesu</strong></span> <span class='ocrx_word' id='word_1_395' title='bbox 746 3632 960 3689; x_wconf 82' lang='lat' dir='ltr'><strong>Christi.</strong></span> <span class='ocrx_word' id='word_1_396' title='bbox 989 3634 1221 3704; x_wconf 81' lang='lat' dir='ltr'><strong>Proprie</strong></span> <span class='ocrx_word' id='word_1_397' title='bbox 1250 3636 1597 3693; x_wconf 86' lang='lat' dir='ltr'><strong>sacerdotum</strong></span> <span class='ocrx_word' id='word_1_398' title='bbox 1627 3645 1714 3691; x_wconf 90' lang='lat' dir='ltr'><strong>est</strong></span> <span class='ocrx_word' id='word_1_399' title='bbox 1734 3636 1817 3692; x_wconf 89' lang='lat' dir='ltr'><strong>iu-</strong></span> 
     </span>
    </p>
   </div>
   <div class='ocr_carea' id='block_1_59' title="bbox 200 3726 1817 3795">
    <p class='ocr_par' dir='ltr' id='par_1_59' title="bbox 200 3726 1817 3795">
     <span class='ocr_line' id='line_1_59' title="bbox 200 3726 1817 3795; baseline 0.001 -12"><span class='ocrx_word' id='word_1_400' title='bbox 200 3742 412 3783; x_wconf 78' lang='lat' dir='ltr'><strong>vocare</strong></span> <span class='ocrx_word' id='word_1_401' title='bbox 464 3726 796 3785; x_wconf 86' lang='lat' dir='ltr'><strong>Dominum:</strong></span> <span class='ocrx_word' id='word_1_402' title='bbox 835 3727 1046 3795; x_wconf 85' lang='lat' dir='ltr'><strong>Quibus</strong></span> <span class='ocrx_word' id='word_1_403' title='bbox 1090 3729 1326 3785; x_wconf 90' lang='lat' dir='ltr'><strong>dicitur:</strong></span> <span class='ocrx_word' id='word_1_404' title='bbox 1370 3729 1463 3785; x_wconf 88' lang='lat' dir='ltr'><strong>Sic</strong></span> <span class='ocrx_word' id='word_1_405' title='bbox 1512 3728 1817 3787; x_wconf 85' lang='lat' dir='ltr'><strong>benedicite</strong></span> 
     </span>
    </p>
   </div>
   <div class='ocr_carea' id='block_1_60' title="bbox 210 3821 1819 3893">
    <p class='ocr_par' dir='ltr' id='par_1_60' title="bbox 210 3821 1819 3893">
     <span class='ocr_line' id='line_1_60' title="bbox 210 3821 1819 3893; baseline 0.001 -16"><span class='ocrx_word' id='word_1_406' title='bbox 210 3822 342 3877; x_wconf 70' lang='lat' dir='ltr'><strong>[iliis</strong></span> <span class='ocrx_word' id='word_1_407' title='bbox 366 3821 555 3890; x_wconf 77' lang='lat' dir='ltr'><strong>Israel,</strong></span> <span class='ocrx_word' id='word_1_408' title='bbox 595 3822 919 3878; x_wconf 81' lang='lat' dir='ltr'><strong>invocantes</strong></span> <span class='ocrx_word' id='word_1_409' title='bbox 949 3836 1149 3881; x_wconf 83' lang='lat' dir='ltr'><strong>nomen</strong></span> <span class='ocrx_word' id='word_1_410' title='bbox 1178 3838 1359 3879; x_wconf 85' lang='lat' dir='ltr'><strong>meum</strong></span> <span class='ocrx_word' id='word_1_411' title='bbox 1383 3836 1548 3893; x_wconf 87' lang='lat' dir='ltr'><strong>super</strong></span> <span class='ocrx_word' id='word_1_412' title='bbox 1576 3823 1719 3878; x_wconf 86' lang='lat' dir='ltr'><strong>illos.</strong></span> <span class='ocrx_word' id='word_1_413' title='bbox 1748 3821 1819 3878; x_wconf 86' lang='lat' dir='ltr'><strong>Et</strong></span> 
     </span>
    </p>
   </div>
   <div class='ocr_carea' id='block_1_61' title="bbox 210 3913 1817 3986">
    <p class='ocr_par' dir='ltr' id='par_1_61' title="bbox 210 3913 1817 3986">
     <span class='ocr_line' id='line_1_61' title="bbox 210 3913 1817 3986; baseline 0.001 -15"><span class='ocrx_word' id='word_1_414' title='bbox 210 3913 503 3973; x_wconf 74' lang='lat' dir='ltr'><strong>Psalmisla</strong></span> <span class='ocrx_word' id='word_1_415' title='bbox 532 3915 710 3981; x_wconf 72' lang='lat' dir='ltr'><strong>dicit:</strong></span> <span class='ocrx_word' id='word_1_416' title='bbox 746 3916 812 3973; x_wconf 85' lang='lat' dir='ltr'><strong>Et</strong></span> <span class='ocrx_word' id='word_1_417' title='bbox 837 3914 1063 3979; x_wconf 78' lang='lat' dir='ltr'><strong>Samuel</strong></span> <span class='ocrx_word' id='word_1_418' title='bbox 1116 3916 1260 3973; x_wconf 89' lang='lat' dir='ltr'><strong>inter</strong></span> <span class='ocrx_word' id='word_1_419' title='bbox 1302 3930 1401 3975; x_wconf 85' lang='lat' dir='ltr'><strong>eos</strong></span> <span class='ocrx_word' id='word_1_420' title='bbox 1427 3916 1521 3986; x_wconf 86' lang='lat' dir='ltr'><strong>qui</strong></span> <span class='ocrx_word' id='word_1_421' title='bbox 1564 3915 1817 3973; x_wconf 87' lang='lat' dir='ltr'><strong>invocant</strong></span> 
     </span>
    </p>
   </div>
   <div class='ocr_carea' id='block_1_62' title="bbox 204 4008 1813 4081">
    <p class='ocr_par' dir='ltr' id='par_1_62' title="bbox 204 4008 1813 4081">
     <span class='ocr_line' id='line_1_62' title="bbox 204 4008 1813 4081; baseline 0 -18"><span class='ocrx_word' id='word_1_422' title='bbox 204 4023 412 4064; x_wconf 80' lang='lat' dir='ltr'><strong>nomen</strong></span> <span class='ocrx_word' id='word_1_423' title='bbox 462 4009 601 4077; x_wconf 81' lang='lat' dir='ltr'><strong>ejus.</strong></span> <span class='ocrx_word' id='word_1_424' title='bbox 635 4010 807 4077; x_wconf 82' lang='lat' dir='ltr'><strong>Quem</strong></span> <span class='ocrx_word' id='word_1_425' title='bbox 840 4008 1180 4065; x_wconf 88' lang='lat' dir='ltr'><strong>sacerdotem</strong></span> <span class='ocrx_word' id='word_1_426' title='bbox 1224 4009 1394 4069; x_wconf 78' lang='lat' dir='ltr'><strong>fuisse</strong></span> <span class='ocrx_word' id='word_1_427' title='bbox 1433 4009 1521 4065; x_wconf 86' lang='lat' dir='ltr'><strong>illa</strong></span> <span class='ocrx_word' id='word_1_428' title='bbox 1566 4024 1654 4065; x_wconf 86' lang='lat' dir='ltr'><strong>res</strong></span> <span class='ocrx_word' id='word_1_429' title='bbox 1684 4025 1813 4081; x_wconf 90' lang='lat' dir='ltr'><strong>pro-</strong></span> 
     </span>
    </p>
   </div>
   <div class='ocr_carea' id='block_1_63' title="bbox 196 4099 1810 4171">
    <p class='ocr_par' dir='ltr' id='par_1_63' title="bbox 196 4099 1810 4171">
     <span class='ocr_line' id='line_1_63' title="bbox 196 4099 1810 4171; baseline -0.001 -13"><span class='ocrx_word' id='word_1_430' title='bbox 196 4100 307 4159; x_wconf 75' lang='lat' dir='ltr'><strong>bat</strong></span> <span class='ocrx_word' id='word_1_431' title='bbox 332 4119 346 4155; x_wconf 88' lang='lat'><strong>:</strong></span> <span class='ocrx_word' id='word_1_432' title='bbox 380 4101 506 4171; x_wconf 83' lang='lat' dir='ltr'><strong>quia</strong></span> <span class='ocrx_word' id='word_1_433' title='bbox 534 4110 587 4155; x_wconf 90' lang='lat' dir='ltr'><strong>et</strong></span> <span class='ocrx_word' id='word_1_434' title='bbox 608 4100 877 4157; x_wconf 87' lang='lat' dir='ltr'><strong>sacerdoti</strong></span> <span class='ocrx_word' id='word_1_435' title='bbox 907 4102 1190 4165; x_wconf 85' lang='lat' dir='ltr'><strong>successit,</strong></span> <span class='ocrx_word' id='word_1_436' title='bbox 1216 4108 1270 4154; x_wconf 87' lang='lat' dir='ltr'><strong>et</strong></span> <span class='ocrx_word' id='word_1_437' title='bbox 1294 4100 1499 4157; x_wconf 87' lang='lat' dir='ltr'><strong>hostias</strong></span> <span class='ocrx_word' id='word_1_438' title='bbox 1526 4099 1810 4157; x_wconf 73' lang='lat' dir='ltr'><strong>ot‘l’erebat.</strong></span> 
     </span>
    </p>
   </div>
   <div class='ocr_carea' id='block_1_64' title="bbox 200 4193 1813 4266">
    <p class='ocr_par' dir='ltr' id='par_1_64' title="bbox 200 4193 1813 4266">
     <span class='ocr_line' id='line_1_64' title="bbox 200 4193 1813 4266; baseline -0.002 -15"><span class='ocrx_word' id='word_1_439' title='bbox 200 4195 289 4251; x_wconf 89' lang='lat' dir='ltr'><strong>De</strong></span> <span class='ocrx_word' id='word_1_440' title='bbox 316 4209 424 4266; x_wconf 92' lang='lat' dir='ltr'><strong>quo</strong></span> <span class='ocrx_word' id='word_1_441' title='bbox 455 4194 616 4249; x_wconf 82' lang='lat' dir='ltr'><strong>etiam</strong></span> <span class='ocrx_word' id='word_1_442' title='bbox 644 4195 959 4250; x_wconf 84' lang='lat' dir='ltr'><strong>secundum</strong></span> <span class='ocrx_word' id='word_1_443' title='bbox 984 4193 1269 4250; x_wconf 88' lang='lat' dir='ltr'><strong>historiam</strong></span> <span class='ocrx_word' id='word_1_444' title='bbox 1300 4195 1505 4251; x_wconf 89' lang='lat' dir='ltr'><strong>dictum</strong></span> <span class='ocrx_word' id='word_1_445' title='bbox 1535 4201 1617 4251; x_wconf 87' lang='lat' dir='ltr'><strong>est</strong></span> <span class='ocrx_word' id='word_1_446' title='bbox 1638 4211 1653 4247; x_wconf 91' lang='lat'><strong>:</strong></span> <span class='ocrx_word' id='word_1_447' title='bbox 1678 4194 1813 4253; x_wconf 83' lang='lat' dir='ltr'><strong>Sus-</strong></span> 
     </span>
    </p>
   </div>
   <div class='ocr_carea' id='block_1_65' title="bbox 194 4287 1812 4357">
    <p class='ocr_par' dir='ltr' id='par_1_65' title="bbox 194 4287 1812 4357">
     <span class='ocr_line' id='line_1_65' title="bbox 194 4287 1812 4357; baseline -0.002 -11"><span class='ocrx_word' id='word_1_448' title='bbox 194 4287 397 4346; x_wconf 81' lang='lat' dir='ltr'><strong>citabo</strong></span> <span class='ocrx_word' id='word_1_449' title='bbox 435 4288 565 4344; x_wconf 87' lang='lat' dir='ltr'><strong>mihi</strong></span> <span class='ocrx_word' id='word_1_450' title='bbox 599 4287 941 4344; x_wconf 81' lang='lat' dir='ltr'><strong>sacerdotem</strong></span> <span class='ocrx_word' id='word_1_451' title='bbox 977 4288 1215 4343; x_wconf 73' lang='lat' dir='ltr'><strong>fidelem.</strong></span> <span class='ocrx_word' id='word_1_452' title='bbox 1250 4287 1378 4356; x_wconf 86' lang='lat' dir='ltr'><strong>Qui,</strong></span> <span class='ocrx_word' id='word_1_453' title='bbox 1409 4289 1660 4357; x_wconf 86' lang='lat' dir='ltr'><strong>quamvis</strong></span> <span class='ocrx_word' id='word_1_454' title='bbox 1705 4304 1812 4343; x_wconf 91' lang='lat' dir='ltr'><strong>non</strong></span> 
     </span>
    </p>
   </div>
   <div class='ocr_carea' id='block_1_66' title="bbox 196 4378 1811 4451">
    <p class='ocr_par' dir='ltr' id='par_1_66' title="bbox 196 4378 1811 4451">
     <span class='ocr_line' id='line_1_66' title="bbox 196 4378 1811 4451; baseline -0.002 -14"><span class='ocrx_word' id='word_1_455' title='bbox 196 4381 287 4437; x_wconf 68' lang='lat' dir='ltr'><strong>sit</strong></span> <span class='ocrx_word' id='word_1_456' title='bbox 330 4395 398 4435; x_wconf 76' lang='lat' dir='ltr'><strong>ex</strong></span> <span class='ocrx_word' id='word_1_457' title='bbox 440 4394 643 4451; x_wconf 88' lang='lat' dir='ltr'><strong>genere</strong></span> <span class='ocrx_word' id='word_1_458' title='bbox 674 4381 880 4444; x_wconf 88' lang='lat' dir='ltr'><strong>Aaron,</strong></span> <span class='ocrx_word' id='word_1_459' title='bbox 929 4389 1114 4436; x_wconf 90' lang='lat' dir='ltr'><strong>tamen</strong></span> <span class='ocrx_word' id='word_1_460' title='bbox 1163 4378 1232 4435; x_wconf 91' lang='lat' dir='ltr'><strong>de</strong></span> <span class='ocrx_word' id='word_1_461' title='bbox 1262 4380 1404 4435; x_wconf 88' lang='lat' dir='ltr'><strong>tribu</strong></span> <span class='ocrx_word' id='word_1_462' title='bbox 1436 4379 1565 4435; x_wconf 84' lang='lat' dir='ltr'><strong>Levi</strong></span> <span class='ocrx_word' id='word_1_463' title='bbox 1606 4395 1728 4437; x_wconf 87' lang='lat' dir='ltr'><strong>esse</strong></span> <span class='ocrx_word' id='word_1_464' title='bbox 1760 4381 1811 4434; x_wconf 92' lang='lat' dir='ltr'><strong>in</strong></span> 
     </span>
    </p>
   </div>
   <div class='ocr_carea' id='block_1_67' title="bbox 194 4470 1807 4544">
    <p class='ocr_par' dir='ltr' id='par_1_67' title="bbox 194 4470 1807 4544">
     <span class='ocr_line' id='line_1_67' title="bbox 194 4470 1807 4544; baseline -0.004 -14"><span class='ocrx_word' id='word_1_465' title='bbox 194 4472 673 4542; x_wconf 83' lang='lat' dir='ltr'><strong>Paralipomenon</strong></span> <span class='ocrx_word' id='word_1_466' title='bbox 720 4472 917 4544; x_wconf 83' lang='lat' dir='ltr'><strong>legitur</strong></span> <span class='ocrx_word' id='word_1_467' title='bbox 947 4490 961 4526; x_wconf 89' lang='lat'><strong>:</strong></span> <span class='ocrx_word' id='word_1_468' title='bbox 990 4474 1119 4544; x_wconf 86' lang='lat' dir='ltr'><strong>quia</strong></span> <span class='ocrx_word' id='word_1_469' title='bbox 1148 4470 1267 4541; x_wconf 88' lang='lat' dir='ltr'><strong>ipse</strong></span> <span class='ocrx_word' id='word_1_470' title='bbox 1318 4471 1461 4528; x_wconf 88' lang='lat' dir='ltr'><strong>hunc</strong></span> <span class='ocrx_word' id='word_1_471' title='bbox 1507 4472 1807 4539; x_wconf 88' lang='lat' dir='ltr'><strong>constituit,</strong></span> 
     </span>
    </p>
   </div>
   <div class='ocr_carea' id='block_1_68' title="bbox 1921 3257 3519 3328">
    <p class='ocr_par' dir='ltr' id='par_1_68' title="bbox 1921 3257 3519 3328">
     <span class='ocr_line' id='line_1_68' title="bbox 1921 3257 3519 3328; baseline 0.008 -21"><span class='ocrx_word' id='word_1_472' title='bbox 1921 3257 2175 3311; x_wconf 85' lang='lat' dir='ltr'><strong>omnibus</strong></span> <span class='ocrx_word' id='word_1_473' title='bbox 2226 3271 2558 3328; x_wconf 68' lang='lat' dir='ltr'><strong>praeparatus</strong></span> <span class='ocrx_word' id='word_1_474' title='bbox 2602 3269 2705 3319; x_wconf 85' lang='lat' dir='ltr'><strong>est.</strong></span> <span class='ocrx_word' id='word_1_475' title='bbox 2750 3259 3028 3318; x_wconf 81' lang='lat' dir='ltr'><strong>Revelatio</strong></span> <span class='ocrx_word' id='word_1_476' title='bbox 3084 3272 3270 3320; x_wconf 87' lang='lat' dir='ltr'><strong>autem</strong></span> <span class='ocrx_word' id='word_1_477' title='bbox 3322 3264 3519 3319; x_wconf 87' lang='lat' dir='ltr'><strong>dicitur</strong></span> 
     </span>
    </p>
   </div>
   <div class='ocr_carea' id='block_1_69' title="bbox 1917 3347 3517 3423">
    <p class='ocr_par' dir='ltr' id='par_1_69' title="bbox 1917 3347 3517 3423">
     <span class='ocr_line' id='line_1_69' title="bbox 1917 3347 3517 3423; baseline 0.004 -19"><span class='ocrx_word' id='word_1_478' title='bbox 1917 3347 2134 3405; x_wconf 87' lang='lat' dir='ltr'><strong>Domini</strong></span> <span class='ocrx_word' id='word_1_479' title='bbox 2171 3350 2481 3408; x_wconf 86' lang='lat' dir='ltr'><strong>adventus:</strong></span> <span class='ocrx_word' id='word_1_480' title='bbox 2514 3350 2635 3423; x_wconf 87' lang='lat' dir='ltr'><strong>quia</strong></span> <span class='ocrx_word' id='word_1_481' title='bbox 2683 3351 2847 3411; x_wconf 84' lang='lat' dir='ltr'><strong>modo</strong></span> <span class='ocrx_word' id='word_1_482' title='bbox 2893 3367 2924 3407; x_wconf 89' lang='lat' dir='ltr'><strong>a</strong></span> <span class='ocrx_word' id='word_1_483' title='bbox 2972 3353 3130 3411; x_wconf 88' lang='lat' dir='ltr'><strong>nobis</strong></span> <span class='ocrx_word' id='word_1_484' title='bbox 3191 3356 3517 3412; x_wconf 84' lang='lat' dir='ltr'><strong>abscondita</strong></span> 
     </span>
    </p>
   </div>
   <div class='ocr_carea' id='block_1_70' title="bbox 1917 3452 2022 3499">
    <p class='ocr_par' dir='ltr' id='par_1_70' title="bbox 1917 3452 2022 3499">
     <span class='ocr_line' id='line_1_70' title="bbox 1917 3452 2022 3499; baseline -0.019 0"><span class='ocrx_word' id='word_1_485' title='bbox 1917 3452 2022 3499; x_wconf 90' lang='lat' dir='ltr'><strong>est.</strong></span> 
     </span>
    </p>
   </div>
   <div class='ocr_carea' id='block_1_71' title="bbox 1992 3537 3517 3611">
    <p class='ocr_par' dir='ltr' id='par_1_71' title="bbox 1992 3537 3517 3611">
     <span class='ocr_line' id='line_1_71' title="bbox 1992 3537 3517 3611; baseline 0.003 -18"><span class='ocrx_word' id='word_1_486' title='bbox 1992 3537 2094 3606; x_wconf 84' lang='lat' dir='ltr'><strong>Qui</strong></span> <span class='ocrx_word' id='word_1_487' title='bbox 2120 3546 2169 3595; x_wconf 83' lang='lat' dir='ltr'><strong>et</strong></span> <span class='ocrx_word' id='word_1_488' title='bbox 2198 3538 2525 3611; x_wconf 80' lang='lat' dir='ltr'><strong>conﬁrmabit</strong></span> <span class='ocrx_word' id='word_1_489' title='bbox 2554 3554 2642 3595; x_wconf 87' lang='lat' dir='ltr'><strong>vos</strong></span> <span class='ocrx_word' id='word_1_490' title='bbox 2670 3555 2833 3610; x_wconf 84' lang='lat' dir='ltr'><strong>usque</strong></span> <span class='ocrx_word' id='word_1_491' title='bbox 2863 3541 2917 3596; x_wconf 87' lang='lat' dir='ltr'><strong>in</strong></span> <span class='ocrx_word' id='word_1_492' title='bbox 2955 3540 3112 3611; x_wconf 67' lang='lat' dir='ltr'><strong>ﬁnem</strong></span> <span class='ocrx_word' id='word_1_493' title='bbox 3140 3543 3250 3597; x_wconf 82' lang='lat' dir='ltr'><strong>sine</strong></span> <span class='ocrx_word' id='word_1_494' title='bbox 3280 3542 3517 3609; x_wconf 79' lang='lat' dir='ltr'><strong>crimine,</strong></span> 
     </span>
    </p>
   </div>
   <div class='ocr_carea' id='block_1_72' title="bbox 1915 3628 3509 3693">
    <p class='ocr_par' dir='ltr' id='par_1_72' title="bbox 1915 3628 3509 3693">
     <span class='ocr_line' id='line_1_72' title="bbox 1915 3628 3509 3693; baseline 0.004 -10"><span class='ocrx_word' id='word_1_495' title='bbox 1915 3629 1971 3684; x_wconf 88' lang='lat' dir='ltr'><strong>in</strong></span> <span class='ocrx_word' id='word_1_496' title='bbox 2001 3630 2085 3684; x_wconf 84' lang='lat' dir='ltr'><strong>die</strong></span> <span class='ocrx_word' id='word_1_497' title='bbox 2134 3630 2383 3685; x_wconf 74' lang='lat' dir='ltr'><strong>adventus</strong></span> <span class='ocrx_word' id='word_1_498' title='bbox 2410 3628 2624 3693; x_wconf 82' lang='lat' dir='ltr'><strong>Domini</strong></span> <span class='ocrx_word' id='word_1_499' title='bbox 2654 3634 2818 3689; x_wconf 80' lang='lat' dir='ltr'><strong>nostri</strong></span> <span class='ocrx_word' id='word_1_500' title='bbox 2848 3631 2979 3690; x_wconf 81' lang='lat' dir='ltr'><strong>Iesu</strong></span> <span class='ocrx_word' id='word_1_501' title='bbox 3010 3633 3229 3690; x_wconf 76' lang='lat' dir='ltr'><strong>Christi.</strong></span> <span class='ocrx_word' id='word_1_502' title='bbox 3264 3634 3369 3692; x_wconf 89' lang='lat' dir='ltr'><strong>Per</strong></span> <span class='ocrx_word' id='word_1_503' title='bbox 3405 3638 3509 3690; x_wconf 89' lang='lat' dir='ltr'><strong>do-</strong></span> 
     </span>
    </p>
   </div>
   <div class='ocr_carea' id='block_1_73' title="bbox 1915 3721 3501 3791">
    <p class='ocr_par' dir='ltr' id='par_1_73' title="bbox 1915 3721 3501 3791">
     <span class='ocr_line' id='line_1_73' title="bbox 1915 3721 3501 3791; baseline 0.002 -13"><span class='ocrx_word' id='word_1_504' title='bbox 1915 3721 2170 3791; x_wconf 85' lang='lat' dir='ltr'><strong>ctrinam,</strong></span> <span class='ocrx_word' id='word_1_505' title='bbox 2193 3722 2337 3779; x_wconf 90' lang='lat' dir='ltr'><strong>sicut</strong></span> <span class='ocrx_word' id='word_1_506' title='bbox 2361 3723 2613 3782; x_wconf 84' lang='lat' dir='ltr'><strong>aitDavid</strong></span> <span class='ocrx_word' id='word_1_507' title='bbox 2639 3724 2950 3783; x_wconf 81' lang='lat' dir='ltr'><strong>:Conﬁrma</strong></span> <span class='ocrx_word' id='word_1_508' title='bbox 2974 3742 3061 3783; x_wconf 92' lang='lat' dir='ltr'><strong>me</strong></span> <span class='ocrx_word' id='word_1_509' title='bbox 3087 3727 3144 3783; x_wconf 91' lang='lat' dir='ltr'><strong>in</strong></span> <span class='ocrx_word' id='word_1_510' title='bbox 3166 3728 3349 3784; x_wconf 86' lang='lat' dir='ltr'><strong>verbis</strong></span> <span class='ocrx_word' id='word_1_511' title='bbox 3374 3730 3501 3785; x_wconf 88' lang='lat' dir='ltr'><strong>tuis.</strong></span> 
     </span>
    </p>
   </div>
   <div class='ocr_carea' id='block_1_74' title="bbox 1916 3817 3511 3894">
    <p class='ocr_par' dir='ltr' id='par_1_74' title="bbox 1916 3817 3511 3894">
     <span class='ocr_line' id='line_1_74' title="bbox 1916 3817 3511 3894; baseline 0.003 -21"><span class='ocrx_word' id='word_1_512' title='bbox 1916 3817 1987 3874; x_wconf 83' lang='lat' dir='ltr'><strong>Et</strong></span> <span class='ocrx_word' id='word_1_513' title='bbox 2013 3819 2206 3875; x_wconf 86' lang='lat' dir='ltr'><strong>iterum</strong></span> <span class='ocrx_word' id='word_1_514' title='bbox 2242 3835 2256 3872; x_wconf 89' lang='lat'><strong>:</strong></span> <span class='ocrx_word' id='word_1_515' title='bbox 2299 3817 2411 3877; x_wconf 78' lang='lat' dir='ltr'><strong>Pax</strong></span> <span class='ocrx_word' id='word_1_516' title='bbox 2443 3820 2609 3874; x_wconf 90' lang='lat' dir='ltr'><strong>multa</strong></span> <span class='ocrx_word' id='word_1_517' title='bbox 2638 3819 2989 3891; x_wconf 82' lang='lat' dir='ltr'><strong>diligentibus</strong></span> <span class='ocrx_word' id='word_1_518' title='bbox 3031 3823 3204 3894; x_wconf 87' lang='lat' dir='ltr'><strong>legem</strong></span> <span class='ocrx_word' id='word_1_519' title='bbox 3240 3832 3411 3885; x_wconf 85' lang='lat' dir='ltr'><strong>tuam,</strong></span> <span class='ocrx_word' id='word_1_520' title='bbox 3454 3830 3511 3878; x_wconf 90' lang='lat' dir='ltr'><strong>et</strong></span> 
     </span>
    </p>
   </div>
   <div class='ocr_carea' id='block_1_75' title="bbox 1916 3910 3508 3987">
    <p class='ocr_par' dir='ltr' id='par_1_75' title="bbox 1916 3910 3508 3987">
     <span class='ocr_line' id='line_1_75' title="bbox 1916 3910 3508 3987; baseline 0.001 -20"><span class='ocrx_word' id='word_1_521' title='bbox 1916 3926 2026 3967; x_wconf 91' lang='lat' dir='ltr'><strong>non</strong></span> <span class='ocrx_word' id='word_1_522' title='bbox 2055 3921 2138 3968; x_wconf 84' lang='lat' dir='ltr'><strong>est</strong></span> <span class='ocrx_word' id='word_1_523' title='bbox 2162 3910 2275 3967; x_wconf 88' lang='lat' dir='ltr'><strong>illis</strong></span> <span class='ocrx_word' id='word_1_524' title='bbox 2302 3911 2638 3967; x_wconf 87' lang='lat' dir='ltr'><strong>scandalum.</strong></span> <span class='ocrx_word' id='word_1_525' title='bbox 2672 3910 2808 3967; x_wconf 89' lang='lat' dir='ltr'><strong>Item</strong></span> <span class='ocrx_word' id='word_1_526' title='bbox 2840 3912 2997 3967; x_wconf 84' lang='lat' dir='ltr'><strong>aliter</strong></span> <span class='ocrx_word' id='word_1_527' title='bbox 3023 3932 3037 3969; x_wconf 90' lang='lat'><strong>:</strong></span> <span class='ocrx_word' id='word_1_528' title='bbox 3069 3912 3208 3969; x_wconf 82' lang='lat' dir='ltr'><strong>Orat</strong></span> <span class='ocrx_word' id='word_1_529' title='bbox 3235 3930 3332 3985; x_wconf 87' lang='lat' dir='ltr'><strong>pro</strong></span> <span class='ocrx_word' id='word_1_530' title='bbox 3356 3914 3508 3987; x_wconf 86' lang='lat' dir='ltr'><strong>ipsis,</strong></span> 
     </span>
    </p>
   </div>
   <div class='ocr_carea' id='block_1_76' title="bbox 1916 4005 3513 4079">
    <p class='ocr_par' dir='ltr' id='par_1_76' title="bbox 1916 4005 3513 4079">
     <span class='ocr_line' id='line_1_76' title="bbox 1916 4005 3513 4079; baseline 0.003 -16"><span class='ocrx_word' id='word_1_531' title='bbox 1916 4014 1980 4063; x_wconf 88' lang='lat' dir='ltr'><strong>ut</strong></span> <span class='ocrx_word' id='word_1_532' title='bbox 2003 4022 2175 4078; x_wconf 86' lang='lat' dir='ltr'><strong>usque</strong></span> <span class='ocrx_word' id='word_1_533' title='bbox 2198 4005 2266 4065; x_wconf 81' lang='lat' dir='ltr'><strong>ad</strong></span> <span class='ocrx_word' id='word_1_534' title='bbox 2295 4006 2455 4063; x_wconf 82' lang='lat' dir='ltr'><strong>linem</strong></span> <span class='ocrx_word' id='word_1_535' title='bbox 2481 4006 2607 4062; x_wconf 71' lang='lat' dir='ltr'><strong>vita:</strong></span> <span class='ocrx_word' id='word_1_536' title='bbox 2631 4022 2743 4061; x_wconf 73' lang='lat' dir='ltr'><strong>sum</strong></span> <span class='ocrx_word' id='word_1_537' title='bbox 2784 4007 3293 4079; x_wconf 78' lang='lat' dir='ltr'><strong>irreprehensibiles</strong></span> <span class='ocrx_word' id='word_1_538' title='bbox 3334 4010 3389 4067; x_wconf 86' lang='lat' dir='ltr'><strong>iu</strong></span> <span class='ocrx_word' id='word_1_539' title='bbox 3416 4009 3513 4066; x_wconf 79' lang='lat' dir='ltr'><strong>ad-</strong></span> 
     </span>
    </p>
   </div>
   <div class='ocr_carea' id='block_1_77' title="bbox 1914 4096 3385 4169">
    <p class='ocr_par' dir='ltr' id='par_1_77' title="bbox 1914 4096 3385 4169">
     <span class='ocr_line' id='line_1_77' title="bbox 1914 4096 3385 4169; baseline 0.002 -18"><span class='ocrx_word' id='word_1_540' title='bbox 1914 4110 2136 4154; x_wconf 84' lang='lat' dir='ltr'><strong>ventum</strong></span> <span class='ocrx_word' id='word_1_541' title='bbox 2162 4097 2378 4154; x_wconf 88' lang='lat' dir='ltr'><strong>Domini</strong></span> <span class='ocrx_word' id='word_1_542' title='bbox 2411 4098 2587 4154; x_wconf 84' lang='lat' dir='ltr'><strong>nostri</strong></span> <span class='ocrx_word' id='word_1_543' title='bbox 2611 4096 2741 4154; x_wconf 80' lang='lat' dir='ltr'><strong>Jesu</strong></span> <span class='ocrx_word' id='word_1_544' title='bbox 2772 4098 2977 4157; x_wconf 83' lang='lat' dir='ltr'><strong>Christi</strong></span> <span class='ocrx_word' id='word_1_545' title='bbox 3010 4112 3385 4169; x_wconf 83' lang='lat' dir='ltr'><strong>permaneant.</strong></span> 
     </span>
    </p>
   </div>
   <div class='ocr_carea' id='block_1_78' title="bbox 1988 4188 3509 4260">
    <p class='ocr_par' dir='ltr' id='par_1_78' title="bbox 1988 4188 3509 4260">
     <span class='ocr_line' id='line_1_78' title="bbox 1988 4188 3509 4260; baseline 0.005 -18"><span class='ocrx_word' id='word_1_546' title='bbox 1988 4188 2190 4243; x_wconf 85' lang='lat' dir='ltr'><strong>Fidelis</strong></span> <span class='ocrx_word' id='word_1_547' title='bbox 2223 4189 2383 4256; x_wconf 85' lang='lat' dir='ltr'><strong>Deus,</strong></span> <span class='ocrx_word' id='word_1_548' title='bbox 2427 4206 2517 4259; x_wconf 84' lang='lat' dir='ltr'><strong>per</strong></span> <span class='ocrx_word' id='word_1_549' title='bbox 2546 4206 2697 4260; x_wconf 84' lang='lat' dir='ltr'><strong>quem</strong></span> <span class='ocrx_word' id='word_1_550' title='bbox 2735 4193 2903 4247; x_wconf 78' lang='lat' dir='ltr'><strong>vocati</strong></span> <span class='ocrx_word' id='word_1_551' title='bbox 2949 4193 3071 4249; x_wconf 87' lang='lat' dir='ltr'><strong>estis</strong></span> <span class='ocrx_word' id='word_1_552' title='bbox 3114 4193 3165 4248; x_wconf 84' lang='lat' dir='ltr'><strong>in</strong></span> <span class='ocrx_word' id='word_1_553' title='bbox 3212 4196 3509 4251; x_wconf 84' lang='lat' dir='ltr'><strong>societatem</strong></span> 
     </span>
    </p>
   </div>
   <div class='ocr_carea' id='block_1_79' title="bbox 1915 4278 3507 4356">
    <p class='ocr_par' dir='ltr' id='par_1_79' title="bbox 1915 4278 3507 4356">
     <span class='ocr_line' id='line_1_79' title="bbox 1915 4278 3507 4356; baseline 0.003 -19"><span class='ocrx_word' id='word_1_554' title='bbox 1915 4278 2048 4337; x_wconf 83' lang='lat' dir='ltr'><strong>Filii</strong></span> <span class='ocrx_word' id='word_1_555' title='bbox 2076 4286 2190 4356; x_wconf 84' lang='lat' dir='ltr'><strong>ejus</strong></span> <span class='ocrx_word' id='word_1_556' title='bbox 2228 4282 2441 4353; x_wconf 86' lang='lat' dir='ltr'><strong>Christi,</strong></span> <span class='ocrx_word' id='word_1_557' title='bbox 2487 4281 2701 4339; x_wconf 84' lang='lat' dir='ltr'><strong>Domini</strong></span> <span class='ocrx_word' id='word_1_558' title='bbox 2747 4286 2937 4341; x_wconf 71' lang='lat' dir='ltr'><strong>nostri.</strong></span> <span class='ocrx_word' id='word_1_559' title='bbox 2979 4285 3149 4355; x_wconf 84' lang='lat' dir='ltr'><strong>Quam</strong></span> <span class='ocrx_word' id='word_1_560' title='bbox 3190 4288 3507 4343; x_wconf 80' lang='lat' dir='ltr'><strong>sacietatem</strong></span> 
     </span>
    </p>
   </div>
   <div class='ocr_carea' id='block_1_80' title="bbox 1914 4374 3509 4448">
    <p class='ocr_par' dir='ltr' id='par_1_80' title="bbox 1914 4374 3509 4448">
     <span class='ocr_line' id='line_1_80' title="bbox 1914 4374 3509 4448; baseline 0.003 -18"><span class='ocrx_word' id='word_1_561' title='bbox 1914 4374 2159 4431; x_wconf 88' lang='lat' dir='ltr'><strong>Joannes</strong></span> <span class='ocrx_word' id='word_1_562' title='bbox 2187 4376 2433 4445; x_wconf 78' lang='lat' dir='ltr'><strong>exponit,</strong></span> <span class='ocrx_word' id='word_1_563' title='bbox 2463 4375 2651 4433; x_wconf 88' lang='lat' dir='ltr'><strong>dicens</strong></span> <span class='ocrx_word' id='word_1_564' title='bbox 2677 4394 2691 4432; x_wconf 90' lang='lat'><strong>:</strong></span> <span class='ocrx_word' id='word_1_565' title='bbox 2722 4376 2991 4447; x_wconf 83' lang='lat' dir='ltr'><strong>Quoniam</strong></span> <span class='ocrx_word' id='word_1_566' title='bbox 3024 4378 3165 4433; x_wconf 85' lang='lat' dir='ltr'><strong>Deus</strong></span> <span class='ocrx_word' id='word_1_567' title='bbox 3189 4378 3279 4435; x_wconf 81' lang='lat' dir='ltr'><strong>lux</strong></span> <span class='ocrx_word' id='word_1_568' title='bbox 3312 4390 3415 4448; x_wconf 88' lang='lat' dir='ltr'><strong>est,</strong></span> <span class='ocrx_word' id='word_1_569' title='bbox 3452 4388 3509 4438; x_wconf 88' lang='lat' dir='ltr'><strong>et</strong></span> 
     </span>
    </p>
   </div>
   <div class='ocr_carea' id='block_1_81' title="bbox 1916 4468 3505 4547">
    <p class='ocr_par' dir='ltr' id='par_1_81' title="bbox 1916 4468 3505 4547">
     <span class='ocr_line' id='line_1_81' title="bbox 1916 4468 3505 4547; baseline 0.006 -24"><span class='ocrx_word' id='word_1_570' title='bbox 1916 4468 2155 4525; x_wconf 71' lang='lat' dir='ltr'><strong>tenebrte</strong></span> <span class='ocrx_word' id='word_1_571' title='bbox 2187 4469 2241 4524; x_wconf 88' lang='lat' dir='ltr'><strong>in</strong></span> <span class='ocrx_word' id='word_1_572' title='bbox 2267 4482 2335 4525; x_wconf 91' lang='lat' dir='ltr'><strong>eo</strong></span> <span class='ocrx_word' id='word_1_573' title='bbox 2364 4483 2472 4525; x_wconf 90' lang='lat' dir='ltr'><strong>non</strong></span> <span class='ocrx_word' id='word_1_574' title='bbox 2499 4480 2627 4525; x_wconf 91' lang='lat' dir='ltr'><strong>sunt</strong></span> <span class='ocrx_word' id='word_1_575' title='bbox 2652 4471 2795 4525; x_wconf 60' lang='lat' dir='ltr'><strong>uitat.</strong></span> <span class='ocrx_word' id='word_1_576' title='bbox 2826 4470 2884 4526; x_wconf 89' lang='lat' dir='ltr'><strong>Si</strong></span> <span class='ocrx_word' id='word_1_577' title='bbox 2916 4471 3219 4529; x_wconf 80' lang='lat' dir='ltr'><strong>dixerimus</strong></span> <span class='ocrx_word' id='word_1_578' title='bbox 3245 4477 3371 4547; x_wconf 83' lang='lat' dir='ltr'><strong>quia</strong></span> <span class='ocrx_word' id='word_1_579' title='bbox 3412 4491 3505 4532; x_wconf 49' lang='lat' dir='ltr'><strong>so.</strong></span> 
     </span>
    </p>
   </div>
   <div class='ocr_carea' id='block_1_82' title="bbox 190 4554 3507 4639">
    <p class='ocr_par' dir='ltr' id='par_1_82' title="bbox 190 4554 3507 4639">
     <span class='ocr_line' id='line_1_82' title="bbox 190 4554 3507 4639; baseline 0.002 -20"><span class='ocrx_word' id='word_1_580' title='bbox 190 4566 299 4639; x_wconf 77' lang='lat' dir='ltr'><strong>qui</strong></span> <span class='ocrx_word' id='word_1_581' title='bbox 334 4575 388 4620; x_wconf 90' lang='lat' dir='ltr'><strong>ct</strong></span> <span class='ocrx_word' id='word_1_582' title='bbox 419 4566 587 4622; x_wconf 86' lang='lat' dir='ltr'><strong>illum.</strong></span> <span class='ocrx_word' id='word_1_583' title='bbox 638 4564 715 4620; x_wconf 89' lang='lat' dir='ltr'><strong>Ita</strong></span> <span class='ocrx_word' id='word_1_584' title='bbox 746 4566 889 4620; x_wconf 92' lang='lat' dir='ltr'><strong>enim</strong></span> <span class='ocrx_word' id='word_1_585' title='bbox 920 4564 1104 4620; x_wconf 86' lang='lat' dir='ltr'><strong>Aaron</strong></span> <span class='ocrx_word' id='word_1_586' title='bbox 1134 4564 1320 4636; x_wconf 89' lang='lat' dir='ltr'><strong>elegit,</strong></span> <span class='ocrx_word' id='word_1_587' title='bbox 1369 4575 1427 4620; x_wconf 94' lang='lat' dir='ltr'><strong>ut</strong></span> <span class='ocrx_word' id='word_1_588' title='bbox 1456 4566 1592 4621; x_wconf 90' lang='lat' dir='ltr'><strong>alios</strong></span> <span class='ocrx_word' id='word_1_589' title='bbox 1621 4573 1809 4637; x_wconf 88' lang='lat' dir='ltr'><strong>postea</strong></span> <span class='ocrx_word' id='word_1_590' title='bbox 1838 4554 1892 4621; x_wconf 88' lang='grc' dir='ltr'><strong>Ι)</strong></span> <span class='ocrx_word' id='word_1_591' title='bbox 1915 4561 2171 4625; x_wconf 87' lang='lat' dir='ltr'><strong>cietatem</strong></span> <span class='ocrx_word' id='word_1_592' title='bbox 2203 4562 2469 4619; x_wconf 83' lang='lat' dir='ltr'><strong>habemus</strong></span> <span class='ocrx_word' id='word_1_593' title='bbox 2517 4579 2639 4617; x_wconf 86' lang='lat' dir='ltr'><strong>cum</strong></span> <span class='ocrx_word' id='word_1_594' title='bbox 2670 4578 2761 4631; x_wconf 83' lang='lat' dir='ltr'><strong>eo,</strong></span> <span class='ocrx_word' id='word_1_595' title='bbox 2791 4574 2845 4619; x_wconf 88' lang='lat' dir='ltr'><strong>et</strong></span> <span class='ocrx_word' id='word_1_596' title='bbox 2890 4566 2944 4620; x_wconf 89' lang='lat' dir='ltr'><strong>in</strong></span> <span class='ocrx_word' id='word_1_597' title='bbox 2990 4566 3230 4623; x_wconf 87' lang='lat' dir='ltr'><strong>tenebris</strong></span> <span class='ocrx_word' id='word_1_598' title='bbox 3262 4568 3507 4624; x_wconf 87' lang='lat' dir='ltr'><strong>ambula-</strong></span> 
     </span>
    </p>
   </div>
   <div class='ocr_carea' id='block_1_83' title="bbox 188 4654 1237 4735">
    <p class='ocr_par' dir='ltr' id='par_1_83' title="bbox 188 4654 1237 4735">
     <span class='ocr_line' id='line_1_83' title="bbox 188 4654 1237 4735; baseline -0.003 -16"><span class='ocrx_word' id='word_1_599' title='bbox 188 4659 448 4735; x_wconf 74' lang='lat' dir='ltr'><strong>eiigendi</strong></span> <span class='ocrx_word' id='word_1_600' title='bbox 481 4678 587 4715; x_wconf 85' lang='lat' dir='ltr'><strong>non</strong></span> <span class='ocrx_word' id='word_1_601' title='bbox 617 4654 863 4715; x_wconf 87' lang='lat' dir='ltr'><strong>amiserit</strong></span> <span class='ocrx_word' id='word_1_602' title='bbox 884 4669 1237 4732; x_wconf 88' lang='lat' dir='ltr'><strong>potestatem.</strong></span> 
     </span>
    </p>
   </div>
   <div class='ocr_carea' id='block_1_84' title="bbox 281 4752 1811 4822">
    <p class='ocr_par' dir='ltr' id='par_1_84' title="bbox 281 4752 1811 4822">
     <span class='ocr_line' id='line_1_84' title="bbox 281 4752 1811 4822; baseline 0.001 -15"><span class='ocrx_word' id='word_1_603' title='bbox 281 4753 350 4807; x_wconf 81' lang='lat' dir='ltr'><strong>In</strong></span> <span class='ocrx_word' id='word_1_604' title='bbox 379 4755 515 4807; x_wconf 87' lang='lat' dir='ltr'><strong>omni</strong></span> <span class='ocrx_word' id='word_1_605' title='bbox 535 4755 646 4807; x_wconf 83' lang='lat' dir='ltr'><strong>loco</strong></span> <span class='ocrx_word' id='word_1_606' title='bbox 676 4754 909 4818; x_wconf 86' lang='lat' dir='ltr'><strong>ipsorum</strong></span> <span class='ocrx_word' id='word_1_607' title='bbox 932 4762 980 4807; x_wconf 89' lang='lat' dir='ltr'><strong>et</strong></span> <span class='ocrx_word' id='word_1_608' title='bbox 1013 4764 1208 4807; x_wconf 87' lang='lat' dir='ltr'><strong>nostro.</strong></span> <span class='ocrx_word' id='word_1_609' title='bbox 1243 4753 1380 4822; x_wconf 84' lang='lat' dir='ltr'><strong>Quia</strong></span> <span class='ocrx_word' id='word_1_610' title='bbox 1408 4752 1722 4815; x_wconf 76' lang='lat' dir='ltr'><strong>sacerdotes</strong></span> <span class='ocrx_word' id='word_1_611' title='bbox 1753 4764 1811 4810; x_wconf 89' lang='lat' dir='ltr'><strong>et</strong></span> 
     </span>
    </p>
   </div>
   <div class='ocr_carea' id='block_1_85' title="bbox 186 4845 1804 4917">
    <p class='ocr_par' dir='ltr' id='par_1_85' title="bbox 186 4845 1804 4917">
     <span class='ocr_line' id='line_1_85' title="bbox 186 4845 1804 4917; baseline -0.001 -14"><span class='ocrx_word' id='word_1_612' title='bbox 186 4862 331 4916; x_wconf 80' lang='lat' dir='ltr'><strong>suo,</strong></span> <span class='ocrx_word' id='word_1_613' title='bbox 364 4856 420 4901; x_wconf 89' lang='lat' dir='ltr'><strong>et</strong></span> <span class='ocrx_word' id='word_1_614' title='bbox 448 4845 836 4917; x_wconf 74' lang='lat' dir='ltr'><strong>Apostolorum</strong></span> <span class='ocrx_word' id='word_1_615' title='bbox 866 4846 987 4901; x_wconf 90' lang='lat' dir='ltr'><strong>Ioco</strong></span> <span class='ocrx_word' id='word_1_616' title='bbox 1024 4845 1340 4916; x_wconf 78' lang='lat' dir='ltr'><strong>funguntur.</strong></span> <span class='ocrx_word' id='word_1_617' title='bbox 1384 4846 1614 4915; x_wconf 64' lang='lat' dir='ltr'><strong>Proitter</strong></span> <span class='ocrx_word' id='word_1_618' title='bbox 1657 4845 1804 4916; x_wconf 87' lang='lat' dir='ltr'><strong>quod</strong></span> 
     </span>
    </p>
   </div>
   <div class='ocr_carea' id='block_1_86' title="bbox 186 4938 1806 5009">
    <p class='ocr_par' dir='ltr' id='par_1_86' title="bbox 186 4938 1806 5009">
     <span class='ocr_line' id='line_1_86' title="bbox 186 4938 1806 5009; baseline 0 -14"><span class='ocrx_word' id='word_1_619' title='bbox 186 4942 375 4995; x_wconf 77' lang='lat' dir='ltr'><strong>etiam</strong></span> <span class='ocrx_word' id='word_1_620' title='bbox 410 4940 768 4994; x_wconf 71' lang='lat' dir='ltr'><strong>ticclesiarnm</strong></span> <span class='ocrx_word' id='word_1_621' title='bbox 791 4938 1021 5009; x_wconf 88' lang='lat' dir='ltr'><strong>apostoli</strong></span> <span class='ocrx_word' id='word_1_622' title='bbox 1044 4941 1419 4995; x_wconf 87' lang='lat' dir='ltr'><strong>nominantur.</strong></span> <span class='ocrx_word' id='word_1_623' title='bbox 1454 4939 1583 4995; x_wconf 87' lang='lat' dir='ltr'><strong>Item</strong></span> <span class='ocrx_word' id='word_1_624' title='bbox 1612 4939 1806 4997; x_wconf 84' lang='lat' dir='ltr'><strong>aliter:</strong></span> 
     </span>
    </p>
   </div>
   <div class='ocr_carea' id='block_1_87' title="bbox 186 5032 1808 5105">
    <p class='ocr_par' dir='ltr' id='par_1_87' title="bbox 186 5032 1808 5105">
     <span class='ocr_line' id='line_1_87' title="bbox 186 5032 1808 5105; baseline -0.002 -10"><span class='ocrx_word' id='word_1_625' title='bbox 186 5035 497 5095; x_wconf 73' lang='lat' dir='ltr'><strong>Universis</strong></span> <span class='ocrx_word' id='word_1_626' title='bbox 546 5032 807 5093; x_wconf 80' lang='lat' dir='ltr'><strong>Ecclesiis</strong></span> <span class='ocrx_word' id='word_1_627' title='bbox 858 5034 1153 5105; x_wconf 77' lang='lat' dir='ltr'><strong>provincia:</strong></span> <span class='ocrx_word' id='word_1_628' title='bbox 1195 5033 1418 5094; x_wconf 73' lang='lat' dir='ltr'><strong>Achaiae</strong></span> <span class='ocrx_word' id='word_1_629' title='bbox 1465 5036 1704 5093; x_wconf 87' lang='lat' dir='ltr'><strong>ostendit</strong></span> <span class='ocrx_word' id='word_1_630' title='bbox 1747 5050 1808 5092; x_wconf 89' lang='lat' dir='ltr'><strong>se</strong></span> 
     </span>
    </p>
   </div>
   <div class='ocr_carea' id='block_1_88' title="bbox 182 5129 824 5189">
    <p class='ocr_par' dir='ltr' id='par_1_88' title="bbox 182 5129 824 5189">
     <span class='ocr_line' id='line_1_88' title="bbox 182 5129 824 5189; baseline -0.009 0"><span class='ocrx_word' id='word_1_631' title='bbox 182 5133 307 5189; x_wconf 68' lang='lat' dir='ltr'><strong>has</strong></span> <span class='ocrx_word' id='word_1_632' title='bbox 336 5130 554 5187; x_wconf 88' lang='lat' dir='ltr'><strong>litteras</strong></span> <span class='ocrx_word' id='word_1_633' title='bbox 588 5129 824 5185; x_wconf 89' lang='lat' dir='ltr'><strong>mittere.</strong></span> 
     </span>
    </p>
   </div>
   <div class='ocr_carea' id='block_1_89' title="bbox 276 5221 1805 5295">
    <p class='ocr_par' dir='ltr' id='par_1_89' title="bbox 276 5221 1805 5295">
     <span class='ocr_line' id='line_1_89' title="bbox 276 5221 1805 5295; baseline 0.002 -20"><span class='ocrx_word' id='word_1_634' title='bbox 276 5224 464 5281; x_wconf 82' lang='lat' dir='ltr'><strong>Gratia</strong></span> <span class='ocrx_word' id='word_1_635' title='bbox 494 5224 656 5290; x_wconf 82' lang='lat' dir='ltr'><strong>vobis,</strong></span> <span class='ocrx_word' id='word_1_636' title='bbox 685 5232 732 5277; x_wconf 90' lang='lat' dir='ltr'><strong>et</strong></span> <span class='ocrx_word' id='word_1_637' title='bbox 750 5239 850 5295; x_wconf 78' lang='lat' dir='ltr'><strong>pax</strong></span> <span class='ocrx_word' id='word_1_638' title='bbox 874 5239 905 5276; x_wconf 92' lang='lat' dir='ltr'><strong>a</strong></span> <span class='ocrx_word' id='word_1_639' title='bbox 932 5221 1041 5279; x_wconf 86' lang='lat' dir='ltr'><strong>Deo</strong></span> <span class='ocrx_word' id='word_1_640' title='bbox 1076 5222 1235 5279; x_wconf 86' lang='lat' dir='ltr'><strong>Patre</strong></span> <span class='ocrx_word' id='word_1_641' title='bbox 1269 5233 1471 5292; x_wconf 80' lang='lat' dir='ltr'><strong>nostro,</strong></span> <span class='ocrx_word' id='word_1_642' title='bbox 1502 5234 1549 5281; x_wconf 79' lang='lat' dir='ltr'><strong>et</strong></span> <span class='ocrx_word' id='word_1_643' title='bbox 1577 5222 1805 5281; x_wconf 86' lang='lat' dir='ltr'><strong>Domino</strong></span> 
     </span>
    </p>
   </div>
   <div class='ocr_carea' id='block_1_90' title="bbox 186 5316 1803 5390">
    <p class='ocr_par' dir='ltr' id='par_1_90' title="bbox 186 5316 1803 5390">
     <span class='ocr_line' id='line_1_90' title="bbox 186 5316 1803 5390; baseline -0.002 -13"><span class='ocrx_word' id='word_1_644' title='bbox 186 5318 333 5377; x_wconf 62' lang='lat' dir='ltr'><strong>Iesu</strong></span> <span class='ocrx_word' id='word_1_645' title='bbox 364 5316 590 5373; x_wconf 82' lang='lat' dir='ltr'><strong>Christo.</strong></span> <span class='ocrx_word' id='word_1_646' title='bbox 622 5316 731 5371; x_wconf 80' lang='lat' dir='ltr'><strong>Pax</strong></span> <span class='ocrx_word' id='word_1_647' title='bbox 759 5316 986 5389; x_wconf 82' lang='lat' dir='ltr'><strong>gratiam</strong></span> <span class='ocrx_word' id='word_1_648' title='bbox 1016 5326 1226 5383; x_wconf 83' lang='lat' dir='ltr'><strong>servat,</strong></span> <span class='ocrx_word' id='word_1_649' title='bbox 1254 5334 1416 5390; x_wconf 81' lang='lat' dir='ltr'><strong>quam</strong></span> <span class='ocrx_word' id='word_1_650' title='bbox 1453 5316 1669 5388; x_wconf 76' lang='lat' dir='ltr'><strong>quidam</strong></span> <span class='ocrx_word' id='word_1_651' title='bbox 1704 5316 1803 5373; x_wconf 84' lang='lat' dir='ltr'><strong>ha-</strong></span> 
     </span>
    </p>
   </div>
   <div class='ocr_carea' id='block_1_91' title="bbox 200 5410 661 5468">
    <p class='ocr_par' dir='ltr' id='par_1_91' title="bbox 200 5410 661 5468">
     <span class='ocr_line' id='line_1_91' title="bbox 200 5410 661 5468; baseline -0.004 0"><span class='ocrx_word' id='word_1_652' title='bbox 200 5414 352 5468; x_wconf 65' lang='lat' dir='ltr'><strong>ltere</strong></span> <span class='ocrx_word' id='word_1_653' title='bbox 382 5410 661 5467; x_wconf 84' lang='lat' dir='ltr'><strong>nolebant.</strong></span> 
     </span>
    </p>
   </div>
   <div class='ocr_carea' id='block_1_92' title="bbox 274 5502 1806 5584">
    <p class='ocr_par' dir='ltr' id='par_1_92' title="bbox 274 5502 1806 5584">
     <span class='ocr_line' id='line_1_92' title="bbox 274 5502 1806 5584; baseline -0.001 -25"><span class='ocrx_word' id='word_1_654' title='bbox 274 5503 493 5559; x_wconf 80' lang='lat' dir='ltr'><strong>Gratias</strong></span> <span class='ocrx_word' id='word_1_655' title='bbox 523 5520 621 5575; x_wconf 85' lang='lat' dir='ltr'><strong>ago</strong></span> <span class='ocrx_word' id='word_1_656' title='bbox 664 5502 772 5559; x_wconf 87' lang='lat' dir='ltr'><strong>Deo</strong></span> <span class='ocrx_word' id='word_1_657' title='bbox 813 5520 924 5559; x_wconf 89' lang='lat' dir='ltr'><strong>meo</strong></span> <span class='ocrx_word' id='word_1_658' title='bbox 955 5518 1153 5576; x_wconf 82' lang='lat' dir='ltr'><strong>semper</strong></span> <span class='ocrx_word' id='word_1_659' title='bbox 1200 5521 1296 5579; x_wconf 81' lang='lat' dir='ltr'><strong>pro</strong></span> <span class='ocrx_word' id='word_1_660' title='bbox 1342 5504 1503 5569; x_wconf 70' lang='lat' dir='ltr'><strong>vobis,</strong></span> <span class='ocrx_word' id='word_1_661' title='bbox 1532 5503 1589 5559; x_wconf 86' lang='lat' dir='ltr'><strong>in</strong></span> <span class='ocrx_word' id='word_1_662' title='bbox 1634 5504 1806 5584; x_wconf 75' lang='lat' dir='ltr'><strong>gratia</strong></span> 
     </span>
    </p>
   </div>
   <div class='ocr_carea' id='block_1_93' title="bbox 190 5594 1805 5661">
    <p class='ocr_par' dir='ltr' id='par_1_93' title="bbox 190 5594 1805 5661">
     <span class='ocr_line' id='line_1_93' title="bbox 190 5594 1805 5661; baseline -0.002 -7"><span class='ocrx_word' id='word_1_663' title='bbox 190 5596 328 5659; x_wconf 83' lang='lat' dir='ltr'><strong>Dei,</strong></span> <span class='ocrx_word' id='word_1_664' title='bbox 356 5611 469 5661; x_wconf 77' lang='lat' dir='ltr'><strong>qua:</strong></span> <span class='ocrx_word' id='word_1_665' title='bbox 496 5596 619 5649; x_wconf 86' lang='lat' dir='ltr'><strong>data</strong></span> <span class='ocrx_word' id='word_1_666' title='bbox 647 5606 721 5649; x_wconf 84' lang='lat' dir='ltr'><strong>est</strong></span> <span class='ocrx_word' id='word_1_667' title='bbox 750 5595 889 5651; x_wconf 78' lang='lat' dir='ltr'><strong>vobis</strong></span> <span class='ocrx_word' id='word_1_668' title='bbox 919 5596 969 5650; x_wconf 81' lang='lat' dir='ltr'><strong>in</strong></span> <span class='ocrx_word' id='word_1_669' title='bbox 1003 5594 1205 5650; x_wconf 83' lang='lat' dir='ltr'><strong>Christo</strong></span> <span class='ocrx_word' id='word_1_670' title='bbox 1243 5594 1388 5653; x_wconf 76' lang='lat' dir='ltr'><strong>Iesu.</strong></span> <span class='ocrx_word' id='word_1_671' title='bbox 1432 5597 1671 5653; x_wconf 89' lang='lat' dir='ltr'><strong>Primum</strong></span> <span class='ocrx_word' id='word_1_672' title='bbox 1715 5611 1805 5651; x_wconf 85' lang='lat' dir='ltr'><strong>so-</strong></span> 
     </span>
    </p>
   </div>
   <div class='ocr_carea' id='block_1_94' title="bbox 186 5688 1803 5759">
    <p class='ocr_par' dir='ltr' id='par_1_94' title="bbox 186 5688 1803 5759">
     <span class='ocr_line' id='line_1_94' title="bbox 186 5688 1803 5759; baseline -0.004 -13"><span class='ocrx_word' id='word_1_673' title='bbox 186 5692 304 5747; x_wconf 84' lang='lat' dir='ltr'><strong>lito</strong></span> <span class='ocrx_word' id='word_1_674' title='bbox 339 5688 609 5744; x_wconf 85' lang='lat' dir='ltr'><strong>laudando</strong></span> <span class='ocrx_word' id='word_1_675' title='bbox 634 5699 894 5758; x_wconf 80' lang='lat' dir='ltr'><strong>provocat</strong></span> <span class='ocrx_word' id='word_1_676' title='bbox 923 5690 986 5743; x_wconf 88' lang='lat' dir='ltr'><strong>ad</strong></span> <span class='ocrx_word' id='word_1_677' title='bbox 1018 5688 1339 5758; x_wconf 82' lang='lat' dir='ltr'><strong>profectum,</strong></span> <span class='ocrx_word' id='word_1_678' title='bbox 1371 5697 1424 5745; x_wconf 88' lang='lat' dir='ltr'><strong>et</strong></span> <span class='ocrx_word' id='word_1_679' title='bbox 1447 5690 1577 5745; x_wconf 86' lang='lat' dir='ltr'><strong>dicit</strong></span> <span class='ocrx_word' id='word_1_680' title='bbox 1604 5705 1662 5744; x_wconf 87' lang='lat' dir='ltr'><strong>se</strong></span> <span class='ocrx_word' id='word_1_681' title='bbox 1686 5692 1803 5759; x_wconf 85' lang='lat' dir='ltr'><strong>qui-</strong></span> 
     </span>
    </p>
   </div>
   <div class='ocr_carea' id='block_1_95' title="bbox 187 5780 1806 5859">
    <p class='ocr_par' dir='ltr' id='par_1_95' title="bbox 187 5780 1806 5859">
     <span class='ocr_line' id='line_1_95' title="bbox 187 5780 1806 5859; baseline -0.003 -17"><span class='ocrx_word' id='word_1_682' title='bbox 187 5786 331 5842; x_wconf 80' lang='lat' dir='ltr'><strong>dem</strong></span> <span class='ocrx_word' id='word_1_683' title='bbox 365 5783 599 5859; x_wconf 76' lang='lat' dir='ltr'><strong>gaudere</strong></span> <span class='ocrx_word' id='word_1_684' title='bbox 624 5781 691 5839; x_wconf 87' lang='lat' dir='ltr'><strong>de</strong></span> <span class='ocrx_word' id='word_1_685' title='bbox 724 5798 910 5837; x_wconf 90' lang='lat' dir='ltr'><strong>eorum</strong></span> <span class='ocrx_word' id='word_1_686' title='bbox 949 5780 1172 5837; x_wconf 80' lang='lat' dir='ltr'><strong>scicntia</strong></span> <span class='ocrx_word' id='word_1_687' title='bbox 1202 5799 1216 5835; x_wconf 88' lang='lat'><strong>:</strong></span> <span class='ocrx_word' id='word_1_688' title='bbox 1246 5782 1339 5838; x_wconf 90' lang='lat' dir='ltr'><strong>scd</strong></span> <span class='ocrx_word' id='word_1_689' title='bbox 1371 5785 1509 5839; x_wconf 88' lang='lat' dir='ltr'><strong>scire</strong></span> <span class='ocrx_word' id='word_1_690' title='bbox 1542 5784 1661 5838; x_wconf 86' lang='lat' dir='ltr'><strong>illos</strong></span> <span class='ocrx_word' id='word_1_691' title='bbox 1709 5782 1806 5839; x_wconf 87' lang='lat' dir='ltr'><strong>de-</strong></span> 
     </span>
    </p>
   </div>
   <div class='ocr_carea' id='block_1_96' title="bbox 189 5874 1801 5951">
    <p class='ocr_par' dir='ltr' id='par_1_96' title="bbox 189 5874 1801 5951">
     <span class='ocr_line' id='line_1_96' title="bbox 189 5874 1801 5951; baseline 0.001 -17"><span class='ocrx_word' id='word_1_692' title='bbox 189 5876 364 5943; x_wconf 80' lang='lat' dir='ltr'><strong>bere,</strong></span> <span class='ocrx_word' id='word_1_693' title='bbox 390 5875 516 5946; x_wconf 87' lang='lat' dir='ltr'><strong>quia</strong></span> <span class='ocrx_word' id='word_1_694' title='bbox 539 5890 663 5935; x_wconf 83' lang='lat' dir='ltr'><strong>vera</strong></span> <span class='ocrx_word' id='word_1_695' title='bbox 694 5874 960 5949; x_wconf 82' lang='lat' dir='ltr'><strong>sapientia</strong></span> <span class='ocrx_word' id='word_1_696' title='bbox 984 5889 1095 5933; x_wconf 87' lang='lat' dir='ltr'><strong>non</strong></span> <span class='ocrx_word' id='word_1_697' title='bbox 1124 5874 1301 5946; x_wconf 83' lang='lat' dir='ltr'><strong>inﬂat,</strong></span> <span class='ocrx_word' id='word_1_698' title='bbox 1330 5889 1507 5951; x_wconf 83' lang='lat' dir='ltr'><strong>neque</strong></span> <span class='ocrx_word' id='word_1_699' title='bbox 1530 5875 1801 5943; x_wconf 81' lang='lat' dir='ltr'><strong>dissentit.</strong></span> 
     </span>
    </p>
   </div>
   <div class='ocr_carea' id='block_1_97' title="bbox 1913 4653 3504 4722">
    <p class='ocr_par' dir='ltr' id='par_1_97' title="bbox 1913 4653 3504 4722">
     <span class='ocr_line' id='line_1_97' title="bbox 1913 4653 3504 4722; baseline 0.004 -11"><span class='ocrx_word' id='word_1_700' title='bbox 1913 4668 2058 4722; x_wconf 84' lang='lat' dir='ltr'><strong>tuus,</strong></span> <span class='ocrx_word' id='word_1_701' title='bbox 2090 4653 2405 4711; x_wconf 88' lang='lat' dir='ltr'><strong>mentimur.</strong></span> <span class='ocrx_word' id='word_1_702' title='bbox 2448 4654 2515 4711; x_wconf 82' lang='lat' dir='ltr'><strong>Et</strong></span> <span class='ocrx_word' id='word_1_703' title='bbox 2558 4654 2759 4712; x_wconf 85' lang='lat' dir='ltr'><strong>Paulus</strong></span> <span class='ocrx_word' id='word_1_704' title='bbox 2802 4656 2915 4710; x_wconf 88' lang='lat' dir='ltr'><strong>ait:</strong></span> <span class='ocrx_word' id='word_1_705' title='bbox 2950 4655 3009 4714; x_wconf 89' lang='lat' dir='ltr'><strong>Si</strong></span> <span class='ocrx_word' id='word_1_706' title='bbox 3048 4661 3375 4717; x_wconf 75' lang='lat' dir='ltr'><strong>cominottui</strong></span> <span class='ocrx_word' id='word_1_707' title='bbox 3412 4676 3504 4717; x_wconf 89' lang='lat' dir='ltr'><strong>su-</strong></span> 
     </span>
    </p>
   </div>
   <div class='ocr_carea' id='block_1_98' title="bbox 1911 4750 3501 4828">
    <p class='ocr_par' dir='ltr' id='par_1_98' title="bbox 1911 4750 3501 4828">
     <span class='ocr_line' id='line_1_98' title="bbox 1911 4750 3501 4828; baseline 0.006 -23"><span class='ocrx_word' id='word_1_708' title='bbox 1911 4765 2071 4805; x_wconf 89' lang='lat' dir='ltr'><strong>mus:</strong></span> <span class='ocrx_word' id='word_1_709' title='bbox 2102 4760 2159 4805; x_wconf 92' lang='lat' dir='ltr'><strong>et</strong></span> <span class='ocrx_word' id='word_1_710' title='bbox 2188 4750 2583 4808; x_wconf 84' lang='lat' dir='ltr'><strong>convivemus:</strong></span> <span class='ocrx_word' id='word_1_711' title='bbox 2611 4753 2658 4806; x_wconf 90' lang='lat' dir='ltr'><strong>si</strong></span> <span class='ocrx_word' id='word_1_712' title='bbox 2689 4752 3049 4819; x_wconf 86' lang='lat' dir='ltr'><strong>sustinemus,</strong></span> <span class='ocrx_word' id='word_1_713' title='bbox 3096 4768 3154 4815; x_wconf 84' lang='lat' dir='ltr'><strong>et</strong></span> <span class='ocrx_word' id='word_1_714' title='bbox 3200 4773 3501 4828; x_wconf 86' lang='lat' dir='ltr'><strong>conregna-</strong></span> 
     </span>
    </p>
   </div>
   <div class='ocr_carea' id='block_1_99' title="bbox 1908 4841 3504 4923">
    <p class='ocr_par' dir='ltr' id='par_1_99' title="bbox 1908 4841 3504 4923">
     <span class='ocr_line' id='line_1_99' title="bbox 1908 4841 3504 4923; baseline 0.004 -23"><span class='ocrx_word' id='word_1_715' title='bbox 1908 4841 2110 4900; x_wconf 85' lang='lat' dir='ltr'><strong>himus.</strong></span> <span class='ocrx_word' id='word_1_716' title='bbox 2144 4843 2241 4900; x_wconf 92' lang='lat' dir='ltr'><strong>IIic</strong></span> <span class='ocrx_word' id='word_1_717' title='bbox 2275 4844 2423 4901; x_wconf 86' lang='lat' dir='ltr'><strong>locus</strong></span> <span class='ocrx_word' id='word_1_718' title='bbox 2454 4857 2646 4902; x_wconf 88' lang='lat' dir='ltr'><strong>contra</strong></span> <span class='ocrx_word' id='word_1_719' title='bbox 2677 4846 2909 4903; x_wconf 88' lang='lat' dir='ltr'><strong>Arianos</strong></span> <span class='ocrx_word' id='word_1_720' title='bbox 2950 4849 3111 4915; x_wconf 83' lang='lat' dir='ltr'><strong>facit,</strong></span> <span class='ocrx_word' id='word_1_721' title='bbox 3157 4853 3247 4923; x_wconf 88' lang='lat' dir='ltr'><strong>qui</strong></span> <span class='ocrx_word' id='word_1_722' title='bbox 3298 4854 3355 4907; x_wconf 92' lang='lat' dir='ltr'><strong>in</strong></span> <span class='ocrx_word' id='word_1_723' title='bbox 3403 4853 3504 4911; x_wconf 82' lang='lat' dir='ltr'><strong>hoc</strong></span> 
     </span>
    </p>
   </div>
   <div class='ocr_carea' id='block_1_100' title="bbox 1910 4937 3497 5016">
    <p class='ocr_par' dir='ltr' id='par_1_100' title="bbox 1910 4937 3497 5016">
     <span class='ocr_line' id='line_1_100' title="bbox 1910 4937 3497 5016; baseline 0.006 -24"><span class='ocrx_word' id='word_1_724' title='bbox 1910 4937 2175 4993; x_wconf 89' lang='lat' dir='ltr'><strong>minorem</strong></span> <span class='ocrx_word' id='word_1_725' title='bbox 2204 4952 2325 4992; x_wconf 90' lang='lat' dir='ltr'><strong>esse</strong></span> <span class='ocrx_word' id='word_1_726' title='bbox 2350 4938 2550 4993; x_wconf 89' lang='lat' dir='ltr'><strong>Filium</strong></span> <span class='ocrx_word' id='word_1_727' title='bbox 2585 4940 2794 5009; x_wconf 85' lang='lat' dir='ltr'><strong>volunt,</strong></span> <span class='ocrx_word' id='word_1_728' title='bbox 2842 4958 2953 5014; x_wconf 89' lang='lat' dir='ltr'><strong>quo</strong></span> <span class='ocrx_word' id='word_1_729' title='bbox 2984 4960 3081 5015; x_wconf 87' lang='lat' dir='ltr'><strong>per</strong></span> <span class='ocrx_word' id='word_1_730' title='bbox 3111 4944 3287 5016; x_wconf 90' lang='lat' dir='ltr'><strong>ipsum</strong></span> <span class='ocrx_word' id='word_1_731' title='bbox 3318 4948 3497 5005; x_wconf 87' lang='lat' dir='ltr'><strong>omnia</strong></span> 
     </span>
    </p>
   </div>
   <div class='ocr_carea' id='block_1_101' title="bbox 1907 5027 3491 5100">
    <p class='ocr_par' dir='ltr' id='par_1_101' title="bbox 1907 5027 3491 5100">
     <span class='ocr_line' id='line_1_101' title="bbox 1907 5027 3491 5100; baseline 0.005 -16"><span class='ocrx_word' id='word_1_732' title='bbox 1907 5027 2048 5085; x_wconf 76' lang='lat' dir='ltr'><strong>facta</strong></span> <span class='ocrx_word' id='word_1_733' title='bbox 2081 5028 2411 5100; x_wconf 85' lang='lat' dir='ltr'><strong>referuntur,</strong></span> <span class='ocrx_word' id='word_1_734' title='bbox 2444 5046 2565 5087; x_wconf 92' lang='lat' dir='ltr'><strong>cum</strong></span> <span class='ocrx_word' id='word_1_735' title='bbox 2609 5032 2710 5089; x_wconf 87' lang='lat' dir='ltr'><strong>hoc</strong></span> <span class='ocrx_word' id='word_1_736' title='bbox 2750 5039 2911 5089; x_wconf 87' lang='lat' dir='ltr'><strong>etiam</strong></span> <span class='ocrx_word' id='word_1_737' title='bbox 2947 5037 3001 5090; x_wconf 88' lang='lat' dir='ltr'><strong>in</strong></span> <span class='ocrx_word' id='word_1_738' title='bbox 3046 5034 3259 5091; x_wconf 87' lang='lat' dir='ltr'><strong>Patrem</strong></span> <span class='ocrx_word' id='word_1_739' title='bbox 3290 5037 3491 5093; x_wconf 84' lang='lat' dir='ltr'><strong>cadat:</strong></span> 
     </span>
    </p>
   </div>
   <div class='ocr_carea' id='block_1_102' title="bbox 1907 5124 3490 5201">
    <p class='ocr_par' dir='ltr' id='par_1_102' title="bbox 1907 5124 3490 5201">
     <span class='ocr_line' id='line_1_102' title="bbox 1907 5124 3490 5201; baseline 0.007 -22"><span class='ocrx_word' id='word_1_740' title='bbox 1907 5137 2007 5196; x_wconf 87' lang='lat' dir='ltr'><strong>per</strong></span> <span class='ocrx_word' id='word_1_741' title='bbox 2038 5140 2200 5195; x_wconf 89' lang='lat' dir='ltr'><strong>quem</strong></span> <span class='ocrx_word' id='word_1_742' title='bbox 2228 5124 2281 5180; x_wconf 91' lang='lat' dir='ltr'><strong>in</strong></span> <span class='ocrx_word' id='word_1_743' title='bbox 2324 5126 2642 5183; x_wconf 85' lang='lat' dir='ltr'><strong>societatem</strong></span> <span class='ocrx_word' id='word_1_744' title='bbox 2693 5126 2819 5187; x_wconf 88' lang='lat' dir='ltr'><strong>Filii</strong></span> <span class='ocrx_word' id='word_1_745' title='bbox 2849 5128 2967 5201; x_wconf 82' lang='lat' dir='ltr'><strong>ejus</strong></span> <span class='ocrx_word' id='word_1_746' title='bbox 2998 5130 3285 5185; x_wconf 88' lang='lat' dir='ltr'><strong>credentes</strong></span> <span class='ocrx_word' id='word_1_747' title='bbox 3312 5141 3490 5191; x_wconf 88' lang='lat' dir='ltr'><strong>vocat.</strong></span> 
     </span>
    </p>
   </div>
   <div class='ocr_carea' id='block_1_103' title="bbox 1906 5215 3491 5292">
    <p class='ocr_par' dir='ltr' id='par_1_103' title="bbox 1906 5215 3491 5292">
     <span class='ocr_line' id='line_1_103' title="bbox 1906 5215 3491 5292; baseline 0.005 -17"><span class='ocrx_word' id='word_1_748' title='bbox 1906 5215 2041 5276; x_wconf 88' lang='lat' dir='ltr'><strong>Item</strong></span> <span class='ocrx_word' id='word_1_749' title='bbox 2072 5219 2257 5275; x_wconf 89' lang='lat' dir='ltr'><strong>aliter:</strong></span> <span class='ocrx_word' id='word_1_750' title='bbox 2291 5218 2406 5274; x_wconf 87' lang='lat' dir='ltr'><strong>Iloc</strong></span> <span class='ocrx_word' id='word_1_751' title='bbox 2427 5230 2613 5276; x_wconf 88' lang='lat' dir='ltr'><strong>contra</strong></span> <span class='ocrx_word' id='word_1_752' title='bbox 2638 5220 2868 5276; x_wconf 88' lang='lat' dir='ltr'><strong>Arianos</strong></span> <span class='ocrx_word' id='word_1_753' title='bbox 2893 5222 3049 5286; x_wconf 88' lang='lat' dir='ltr'><strong>valet,</strong></span> <span class='ocrx_word' id='word_1_754' title='bbox 3074 5221 3163 5292; x_wconf 91' lang='lat' dir='ltr'><strong>qui</strong></span> <span class='ocrx_word' id='word_1_755' title='bbox 3185 5224 3491 5282; x_wconf 87' lang='lat' dir='ltr'><strong>ministrum</strong></span> 
     </span>
    </p>
   </div>
   <div class='ocr_carea' id='block_1_104' title="bbox 1908 5312 3495 5386">
    <p class='ocr_par' dir='ltr' id='par_1_104' title="bbox 1908 5312 3495 5386">
     <span class='ocr_line' id='line_1_104' title="bbox 1908 5312 3495 5386; baseline 0.004 -17"><span class='ocrx_word' id='word_1_756' title='bbox 1908 5323 2303 5385; x_wconf 59' lang='lat' dir='ltr'><strong>praeceptorum</strong></span> <span class='ocrx_word' id='word_1_757' title='bbox 2332 5314 2505 5369; x_wconf 90' lang='lat' dir='ltr'><strong>Patris</strong></span> <span class='ocrx_word' id='word_1_758' title='bbox 2560 5312 2752 5369; x_wconf 69' lang='lat' dir='ltr'><strong>Filium</strong></span> <span class='ocrx_word' id='word_1_759' title='bbox 2779 5314 2963 5369; x_wconf 88' lang='lat' dir='ltr'><strong>dicunt</strong></span> <span class='ocrx_word' id='word_1_760' title='bbox 3002 5329 3017 5370; x_wconf 91' lang='lat'><strong>:</strong></span> <span class='ocrx_word' id='word_1_761' title='bbox 3056 5317 3309 5386; x_wconf 91' lang='lat' dir='ltr'><strong>quoniam</strong></span> <span class='ocrx_word' id='word_1_762' title='bbox 3356 5322 3495 5376; x_wconf 88' lang='lat' dir='ltr'><strong>scri-</strong></span> 
     </span>
    </p>
   </div>
   <div class='ocr_carea' id='block_1_105' title="bbox 1905 5406 3488 5479">
    <p class='ocr_par' dir='ltr' id='par_1_105' title="bbox 1905 5406 3488 5479">
     <span class='ocr_line' id='line_1_105' title="bbox 1905 5406 3488 5479; baseline 0.004 -16"><span class='ocrx_word' id='word_1_763' title='bbox 1905 5416 2056 5477; x_wconf 84' lang='lat' dir='ltr'><strong>ptum</strong></span> <span class='ocrx_word' id='word_1_764' title='bbox 2086 5416 2171 5463; x_wconf 87' lang='lat' dir='ltr'><strong>est</strong></span> <span class='ocrx_word' id='word_1_765' title='bbox 2196 5423 2212 5462; x_wconf 89' lang='lat'><strong>:</strong></span> <span class='ocrx_word' id='word_1_766' title='bbox 2242 5406 2435 5465; x_wconf 89' lang='lat' dir='ltr'><strong>Omnia</strong></span> <span class='ocrx_word' id='word_1_767' title='bbox 2480 5422 2576 5478; x_wconf 83' lang='lat' dir='ltr'><strong>per</strong></span> <span class='ocrx_word' id='word_1_768' title='bbox 2606 5408 2781 5479; x_wconf 87' lang='lat' dir='ltr'><strong>ipsum</strong></span> <span class='ocrx_word' id='word_1_769' title='bbox 2810 5408 2950 5463; x_wconf 82' lang='lat' dir='ltr'><strong>facta</strong></span> <span class='ocrx_word' id='word_1_770' title='bbox 2993 5417 3139 5464; x_wconf 88' lang='lat' dir='ltr'><strong>sunt.</strong></span> <span class='ocrx_word' id='word_1_771' title='bbox 3169 5409 3268 5467; x_wconf 78' lang='lat' dir='ltr'><strong>ilic</strong></span> <span class='ocrx_word' id='word_1_772' title='bbox 3306 5423 3488 5470; x_wconf 86' lang='lat' dir='ltr'><strong>autem</strong></span> 
     </span>
    </p>
   </div>
   <div class='ocr_carea' id='block_1_106' title="bbox 1906 5500 3491 5574">
    <p class='ocr_par' dir='ltr' id='par_1_106' title="bbox 1906 5500 3491 5574">
     <span class='ocr_line' id='line_1_106' title="bbox 1906 5500 3491 5574; baseline 0.003 -15"><span class='ocrx_word' id='word_1_773' title='bbox 1906 5500 2245 5566; x_wconf 86' lang='lat' dir='ltr'><strong>ostenditur,</strong></span> <span class='ocrx_word' id='word_1_774' title='bbox 2288 5503 2413 5574; x_wconf 87' lang='lat' dir='ltr'><strong>quia</strong></span> <span class='ocrx_word' id='word_1_775' title='bbox 2467 5519 2561 5573; x_wconf 88' lang='lat' dir='ltr'><strong>per</strong></span> <span class='ocrx_word' id='word_1_776' title='bbox 2605 5502 2772 5557; x_wconf 86' lang='lat' dir='ltr'><strong>Deum</strong></span> <span class='ocrx_word' id='word_1_777' title='bbox 2806 5501 3022 5558; x_wconf 88' lang='lat' dir='ltr'><strong>Patrem</strong></span> <span class='ocrx_word' id='word_1_778' title='bbox 3056 5508 3230 5561; x_wconf 88' lang='lat' dir='ltr'><strong>vocati</strong></span> <span class='ocrx_word' id='word_1_779' title='bbox 3260 5517 3387 5562; x_wconf 86' lang='lat' dir='ltr'><strong>sunt</strong></span> <span class='ocrx_word' id='word_1_780' title='bbox 3436 5508 3491 5565; x_wconf 90' lang='lat' dir='ltr'><strong>in</strong></span> 
     </span>
    </p>
   </div>
   <div class='ocr_carea' id='block_1_107' title="bbox 1906 5592 3495 5657">
    <p class='ocr_par' dir='ltr' id='par_1_107' title="bbox 1906 5592 3495 5657">
     <span class='ocr_line' id='line_1_107' title="bbox 1906 5592 3495 5657; baseline 0.003 -6"><span class='ocrx_word' id='word_1_781' title='bbox 1906 5597 2351 5651; x_wconf 75' lang='lat' dir='ltr'><strong>communionem</strong></span> <span class='ocrx_word' id='word_1_782' title='bbox 2380 5593 2510 5649; x_wconf 67' lang='lat' dir='ltr'><strong>Iesu</strong></span> <span class='ocrx_word' id='word_1_783' title='bbox 2540 5592 2742 5648; x_wconf 84' lang='lat' dir='ltr'><strong>Christi</strong></span> <span class='ocrx_word' id='word_1_784' title='bbox 2776 5592 2996 5651; x_wconf 82' lang='lat' dir='ltr'><strong>Domini</strong></span> <span class='ocrx_word' id='word_1_785' title='bbox 3035 5597 3230 5653; x_wconf 82' lang='lat' dir='ltr'><strong>nostri.</strong></span> <span class='ocrx_word' id='word_1_786' title='bbox 3264 5598 3377 5653; x_wconf 60' lang='grc' dir='ltr'><strong>ηδε</strong></span> <span class='ocrx_word' id='word_1_787' title='bbox 3401 5616 3495 5657; x_wconf 91' lang='lat' dir='ltr'><strong>us-</strong></span> 
     </span>
    </p>
   </div>
   <div class='ocr_carea' id='block_1_108' title="bbox 1904 5686 2643 5760">
    <p class='ocr_par' dir='ltr' id='par_1_108' title="bbox 1904 5686 2643 5760">
     <span class='ocr_line' id='line_1_108' title="bbox 1904 5686 2643 5760; baseline -0.009 -14"><span class='ocrx_word' id='word_1_788' title='bbox 1904 5704 2015 5760; x_wconf 81' lang='lat' dir='ltr'><strong>que</strong></span> <span class='ocrx_word' id='word_1_789' title='bbox 2040 5702 2162 5743; x_wconf 83' lang='lat' dir='ltr'><strong>cum</strong></span> <span class='ocrx_word' id='word_1_790' title='bbox 2192 5687 2352 5744; x_wconf 79' lang='lat' dir='ltr'><strong>laude</strong></span> <span class='ocrx_word' id='word_1_791' title='bbox 2374 5686 2643 5755; x_wconf 70' lang='lat' dir='ltr'><strong>prtetatio.</strong></span> 
     </span>
    </p>
   </div>
   <div class='ocr_carea' id='block_1_109' title="bbox 1983 5778 3500 5850">
    <p class='ocr_par' dir='ltr' id='par_1_109' title="bbox 1983 5778 3500 5850">
     <span class='ocr_line' id='line_1_109' title="bbox 1983 5778 3500 5850; baseline 0.006 -15"><span class='ocrx_word' id='word_1_792' title='bbox 1983 5782 2204 5837; x_wconf 81' lang='lat' dir='ltr'><strong>Obsecro</strong></span> <span class='ocrx_word' id='word_1_793' title='bbox 2253 5790 2421 5845; x_wconf 74' lang='lat' dir='ltr'><strong>autem</strong></span> <span class='ocrx_word' id='word_1_794' title='bbox 2467 5794 2585 5846; x_wconf 73' lang='lat' dir='ltr'><strong>vos,</strong></span> <span class='ocrx_word' id='word_1_795' title='bbox 2637 5778 2849 5850; x_wconf 77' lang='lat' dir='ltr'><strong>fratres.</strong></span> <span class='ocrx_word' id='word_1_796' title='bbox 2900 5779 2984 5837; x_wconf 88' lang='lat' dir='ltr'><strong>Ad</strong></span> <span class='ocrx_word' id='word_1_797' title='bbox 3024 5796 3186 5839; x_wconf 78' lang='lat' dir='ltr'><strong>lnam</strong></span> <span class='ocrx_word' id='word_1_798' title='bbox 3230 5784 3500 5845; x_wconf 84' lang='lat' dir='ltr'><strong>sentiendi</strong></span> 
     </span>
    </p>
   </div>
   <div class='ocr_carea' id='block_1_110' title="bbox 1909 5873 3511 5953">
    <p class='ocr_par' dir='ltr' id='par_1_110' title="bbox 1909 5873 3511 5953">
     <span class='ocr_line' id='line_1_110' title="bbox 1909 5873 3511 5953; baseline -0.001 -17"><span class='ocrx_word' id='word_1_799' title='bbox 1909 5875 2257 5936; x_wconf 84' lang='lat' dir='ltr'><strong>concordiam</strong></span> <span class='ocrx_word' id='word_1_800' title='bbox 2289 5878 2535 5945; x_wconf 86' lang='lat' dir='ltr'><strong>revocat,</strong></span> <span class='ocrx_word' id='word_1_801' title='bbox 2564 5881 2619 5932; x_wconf 89' lang='lat' dir='ltr'><strong>et</strong></span> <span class='ocrx_word' id='word_1_802' title='bbox 2662 5878 2726 5931; x_wconf 85' lang='lat' dir='ltr'><strong>ut</strong></span> <span class='ocrx_word' id='word_1_803' title='bbox 2750 5873 2855 5948; x_wconf 75' lang='lat' dir='ltr'><strong>ipsi</strong></span> <span class='ocrx_word' id='word_1_804' title='bbox 2876 5888 3071 5937; x_wconf 75' lang='lat' dir='ltr'><strong>omnes</strong></span> <span class='ocrx_word' id='word_1_805' title='bbox 3096 5874 3246 5939; x_wconf 66' lang='lat' dir='ltr'><strong>idem</strong></span> <span class='ocrx_word' id='word_1_806' title='bbox 3284 5880 3511 5953; x_wconf 77' lang='lat' dir='ltr'><strong>loquu-</strong></span> 
     </span>
    </p>
   </div>
  </div>
