3978 6286
544 297 651 357 ⁸119

1469 296 1493 336 ί
1570 300 1629 357 S.
1674 295 2058 357 liIERONYMl
2094 293 2385 358 OPERUM
2427 293 2803 358 MANTISSA.
3713 301 3804 365 720

548 425 659 484 tur,
691 413 953 471 hortator.
993 411 1127 471 ltem
1158 411 1320 470 aliter
1352 429 1365 467 :
1404 411 1505 469 Hic
1529 413 1639 485 jam
1687 429 1906 472 causam
1951 424 2137 472 contra
2164 416 2213 477 Α
2318 414 2387 469 Ut
2412 431 2516 470 non
2554 426 2829 475 evacuatur
2847 428 2975 472 crux
2999 412 3214 474 Christi.
3248 413 3532 475 Evacuant
3558 419 3690 477 enim
3710 424 3802 481 vim

547 507 939 564 dissensionem
970 506 1293 578 aggreditur.

618 602 725 657 Per
768 619 953 658 nomen
982 600 1196 657 Domini
1230 603 1395 657 nostri
1424 600 1551 657 Jesu
1573 601 1784 659 Christi.
1829 604 1884 660 ln
1908 618 2013 674 quo
2042 618 2141 659 no-

547 698 693 753 mine
716 699 905 754 salvati
930 698 1080 765 estis,
1112 707 1168 755 et
1195 700 1345 770 signa
1375 698 1491 754 ﬁeri
1516 699 1892 770 consperistis.

619 791 689 847 Ut
717 793 938 863 idipsum
960 794 1150 849 dicatis
1180 810 1376 850 omnes.
1412 793 1481 850 Ut
1512 810 1675 851 unum
1701 794 1950 852 sentiatis
1978 803 2139 867 atque

544 884 756 941 dicatis.

614 980 684 1036 Et
724 997 825 1036 non
855 983 958 1037 sint
981 982 1038 1037 in
1064 982 1206 1039 vobis
1240 980 1545 1039 schismata;
1589 979 1892 1039 Schismata
1921 994 2140 1053 semper

542 1088 612 1129 ex
645 1075 996 1131 contentione
1022 1085 1339 1133 nascuntur.

616 1165 744 1222 Sitis
776 1176 946 1222 autem
982 1170 1195 1240 perfecti
1241 1169 1297 1224 in
1343 1169 1523 1225 eodem
1551 1185 1725 1238 sensu,
1767 1177 1815 1225 et
1861 1170 1916 1224 in
1961 1169 2139 1225 eadem

542 1258 778 1314 scientia.
823 1261 879 1316 Si
912 1277 1078 1317 unum
1109 1262 1353 1318 sentiatis
1392 1270 1449 1319 et
1494 1262 1801 1334 proferatis,
1853 1273 1983 1319 tunc
2010 1277 2140 1320 vere

542 1352 772 1420 potestis
798 1366 918 1408 esse
949 1353 1193 1422 perfeCti.

615 1444 989 1525 Signiﬁcatum
1014 1456 1088 1502 est
1109 1450 1244 1503 enim
1270 1450 1397 1505 mihi
1431 1450 1495 1506 de
1532 1450 1691 1519 vobis,
1720 1450 1905 1521 fratres
1928 1449 2051 1515 mei,
2075 1448 2141 1503 ab

539 1539 623 1593 his
646 1540 735 1610 qui
772 1548 893 1594 sunt
922 1538 1107 1595 Chloes
1135 1558 1155 1597 :
1184 1542 1307 1613 quia
1336 1544 1689 1598 contentiones
1718 1550 1839 1599 sunt
1876 1543 2009 1596 inter
2029 1557 2138 1595 vos.

538 1635 814 1703 Quaeritur
843 1638 1116 1709 quomodo
1166 1639 1463 1711 Apostolus
1497 1640 1791 1697 crediderit
1833 1636 2033 1710 aliquid
2070 1637 2141 1693 de

543 1728 883 1797 absentibus,
917 1745 1040 1785 cum
1071 1732 1327 1803 scriptum
1360 1734 1432 1789 sit
1474 1749 1491 1788 :
1532 1732 1649 1789 Non
1698 1732 1888 1789 credes
1933 1728 2140 1787 auditui

2239 508 2437 571 crucis,
2468 507 2560 578 qui
2590 524 2752 565 aures
2775 508 3166 566 declamatione
3189 510 3556 580 permulcent.

2318 601 2541 658 Verbum
2557 604 2691 657 enim
2718 604 2887 659 crucis
2909 604 3236 675 pereuntibus
3256 606 3473 676 quidem
3500 606 3704 662 stultitia
3721 620 3797 667 est.

2240 693 2564 751 Praedicatio
2591 695 2765 751 crucis
2798 712 2907 752 non
2954 696 3383 768 intelligentibus
3423 700 3667 756 virtutem
3700 702 3791 769 Dei.

2239 789 2464 845 stultitia
2486 789 2699 845 videtur
2728 790 2823 847 Dei
2846 789 3039 845 Filium
3065 790 3250 848 dicere
3276 790 3619 848 cruciﬁxum:
3636 793 3789 852 ﬁdeles

2240 892 2421 940 autem
2465 883 2768 955 intelligunt
2804 882 2904 941 Dei
2946 898 3070 941 esse
3098 885 3379 953 virtutem,
3406 901 3505 957 qua
3533 901 3661 945 mors
3691 888 3784 946 vita

2240 985 2346 1041 est,
2375 984 2432 1032 et
2450 975 2695 1032 diabolus
2720 985 3005 1046 superatus
3024 984 3129 1033 est.

2314 1068 2417 1124 His
2447 1078 2619 1125 autem
2662 1070 2753 1141 qui
2781 1070 2908 1125 salvi
2934 1070 3085 1139 ﬁunt,
3118 1071 3174 1125 id
3201 1081 3275 1127 est
3312 1072 3487 1139 nobis,
3524 1071 3598 1129 Dei
3632 1077 3764 1133 τίνω

2241 1171 2336 1219 est.
2370 1161 2530 1219 Fides
2555 1164 2699 1219 enim
2727 1178 2914 1220 eorum
2941 1179 3035 1220 eos
3060 1164 3240 1221 salvos
3267 1165 3426 1223 facit.

2316 1256 2583 1329 Scriptum
2602 1266 2678 1313 est
2706 1258 2843 1312 enim
2872 1273 2892 1313 :
2919 1256 3139 1313 Perdam
3167 1260 3487 1331 sapientiam

2240 1350 2357 1407 Hoc
2379 1350 2434 1406 in
2458 1350 2689 1407 adventu
2712 1350 3007 1409 Salvatoris
3033 1353 3229 1411 asserit
3248 1352 3622 1426 adimpletum,
3640 1356 3767 1426 idat,

2241 1445 2309 1501 ad
2340 1443 2569 1500 nihilum
2596 1443 2859 1516 redigam.

2315 1538 2383 1596 Et
2406 1539 2733 1612 prudentiam
2760 1539 3090 1612 prudentium
3114 1539 3424 1611 reprobabo.
3466 1541 3701 1615 Eligeudo
3728 1543 3780 1615 pi-

2241 1644 2505 1702 scatores,
2528 1643 2701 1689 artem
2725 1633 3073 1703 rhetoricam,
3104 1643 3160 1691 et
3186 1634 3629 1707 philosophicam
3651 1651 3771 1707 retro-

2241 1725 2409 1782 havit.
2440 1725 2713 1795 Quaeritur
2741 1726 2922 1798 plane,
2952 1726 3097 1783 unde
3116 1727 3189 1782 sit
3213 1726 3335 1783 hac
3363 1728 3771 1800 sapientia,qm

536 1836 701 1879 vano.
729 1822 799 1879 Et
826 1824 1018 1879 iterum
1054 1842 1067 1878 :
1094 1824 1228 1893 Qua:
1255 1826 1490 1882 viderint
1511 1826 1653 1882 oculi
1683 1825 1781 1895 tui,
1807 1825 2049 1896 loquere,
2080 1830 2136 1879 et
2162 1819 2213 1883 Β
2238 1817 2495 1889 τθρτοῢθι
2524 1818 2689 1875 0808-
2721 1816 2991 1890 δοτίρωω
3022 1828 3107 1875 θεῖ
3134 1818 3300 1885 enim.
3345 1821 3508 1891 (ιιιοά
3536 1820 3701 1878 Δθιιιιιὶε
3716 1834 3776 1875 σι·

534 1928 755 1975 cmtera.
797 1916 904 1975 Sed
943 1919 1085 1975 hanc
1110 1921 1338 1990 gratiam
1370 1920 1627 1991 habebat,
1659 1934 1824 1975 nosse
1849 1928 1911 1975 ut
1936 1917 2137 1974 absens

532 2011 661 2083 quid
704 2011 759 2067 in
810 2012 1036 2083 singulis
1068 2013 1327 2070 Ecclesiis
1368 2023 1639 2086 ageretur.
1694 2012 1846 2070 Sicut
1891 2012 2023 2068 dicit
2067 2010 2137 2067 ad

529 2102 925 2160 Colossenses:
972 2104 1040 2159 Et
1069 2104 1116 2161 si
1143 2120 1372 2176 corpore
1396 2106 1594 2163 absens
1637 2120 1788 2173 sum,
1820 2104 1916 2161 sed
1942 2103 2137 2175 spiritu

527 2209 796 2267 praesens,
824 2195 1085 2268 gaudens,
1120 2205 1176 2253 et
1217 2198 1409 2254 videns
1438 2199 1685 2254 ordinem
1726 2208 1988 2266 vestrum,
2025 2206 2135 2253 etc.

535 2288 675 2354 Quia
705 2302 837 2360 ergo
866 2288 1073 2345 sciebat
1103 2288 1416 2345 Corinthios
1448 2291 1521 2345 ita
1551 2304 1744 2361 agere,
1772 2299 1831 2344 ut
1857 2288 2131 2357 audiebat,

530 2395 640 2437 non
663 2381 896 2437 credidit
924 2384 1042 2438 sine
1066 2397 1231 2439 causa
1259 2384 1415 2454 quasi
1438 2384 1509 2441 de
1538 2384 1877 2455 absentibus,
1899 2400 2133 2457 quorum

529 2477 1000 2532 comersationem
1031 2477 1085 2532 in
1106 2476 1299 2547 spiritu
1328 2478 1711 2549 cognoscebat.

602 2568 723 2624 Hoc
760 2578 933 2624 autem
962 2569 1111 2638 dico,
1138 2572 1274 2639 quod
1316 2573 1668 2643 unusquisque
1705 2580 1930 2627 vestrum
1963 2572 2135 2628 dicit:

530 2660 645 2735 Ego
674 2663 882 2735 quidem
912 2680 1026 2719 sum
1052 2662 1233 2732 Pauli,
1281 2682 1372 2737 ego
1410 2673 1586 2720 autem
1624 2666 1835 2737 Apollo,
1874 2683 1965 2738 ego
2013 2682 2132 2721 vero

527 2753 737 2827 Cephea,
772 2773 865 2830 ego
890 2764 1061 2812 autem
1090 2756 1302 2812 Christi.
1338 2758 1451 2815 Sub
1475 2760 1698 2817 nomine
1726 2760 2126 2831 apostolorum,

526 2849 1012 2920 pseudoapostolos
1039 2852 1232 2922 tangit,
1285 2852 1375 2922 qui
1424 2865 1519 2908 eos
1551 2867 1648 2922 per
1674 2852 1997 2922 sapientiam
2026 2852 2133 2909 cir-

526 2951 919 2998 cumvenerant
939 2943 1151 3011 mundi,
1194 2952 1253 2997 ut
1279 2944 1656 3015 unusquisque
1684 2944 1801 3015 ejus
1828 2959 1889 3001 se
1921 2944 2131 3002 diceret

525 3047 673 3103 esse,
701 3035 857 3105 cujus
884 3033 1187 3091 doctrinam
1215 3035 1503 3107 elegisset,
1551 3037 1643 3107 qui
1686 3037 1913 3094 adversa
1961 3038 2131 3094 doce-

526 3124 677 3182 bant.
710 3125 769 3183 Si
798 3142 928 3198 ergo
951 3142 1051 3183 nec
1079 3126 1150 3183 de
1176 3127 1327 3183 veris
1352 3129 1618 3197 apostolis
1639 3127 1743 3185 hoc
1770 3129 1878 3186 dici
1904 3130 2129 3201 permit-

527 3215 613 3285 tit,
649 3223 853 3287 quanto
889 3216 1061 3287 magis
1091 3216 1159 3273 de
1189 3215 1343 3272 falsis
1366 3233 1475 3273 non
1501 3218 1727 3275 licebit!

602 3309 813 3365 Divisus
841 3319 918 3367 est
947 3308 1223 3367 Christus?
1258 3310 1527 3368 Dividitur
1555 3326 1782 3385 corpus,
1806 3328 1930 3370 cum
1957 3327 2129 3371 mem-

526 3403 624 3460 bra
653 3404 1001 3462 dissentiunt.

596 3496 865 3569 Numquid
888 3496 1091 3553 Paulus
1122 3500 1402 3570 cruciﬁxus
1429 3508 1507 3555 est
1534 3517 1632 3573 pro
1653 3501 1816 3570 vobis,
1841 3512 1935 3558 aut
1958 3504 2015 3559 in
2032 3521 2128 3560 no-

526 3590 666 3645 mine
694 3588 854 3645 Pauli
886 3591 1135 3661 baptizati
1166 3594 1287 3647 estis
1316 3593 1341 3647 ?
1368 3592 1554 3650 Potest
1578 3594 1723 3650 istud
1762 3595 1868 3651 dici
1901 3597 1983 3651 his
2011 3598 2123 3668 qui,

531 3683 731 3739 relicto
770 3681 970 3739 Christi
1000 3686 1283 3757 exemplo,
1314 3695 1534 3743 sanctos
1561 3688 1765 3744 veteris
1786 3689 2127 3747 Testamenti

530 3777 588 3832 in
627 3777 758 3833 solis
789 3775 991 3832 divitiis
1019 3774 1242 3850 cupiunt
1267 3780 1466 3836 imitari
1495 3798 1508 3834 :
1548 3781 1819 3854 Numquid
1850 3784 2126 3841 Abraham

524 3868 817 3925 cruciﬁxus
846 3880 930 3927 est
951 3885 1053 3942 pro
1079 3872 1253 3940 vobis,
1284 3883 1377 3929 aut
1408 3874 1464 3930 in
1491 3876 1713 3933 nomine
1738 3876 1840 3935 Job
1868 3878 2125 3949 baptizati

524 3962 705 4018 estis?
735 3961 804 4017 Et
833 3963 967 4018 illud
998 3963 1237 4035 Domini,
1287 3966 1379 4022 ubi
1423 3966 1686 4024 docemur
1727 3984 1837 4025 non
1874 3986 2124 4041 quzerere

524 4054 655 4125 quid
684 4054 776 4110 alii
806 4054 1075 4126 discipulo
1100 4056 1376 4127 iubeatur,
1401 4058 1633 4116 dicentis
1655 4060 1816 4118 Petro
1838 4079 1858 4117 :
1886 4061 2025 4131 Quid
2052 4062 2124 4121 ad

520 4147 615 4201 te?
647 4155 702 4201 tu
734 4160 824 4203 me
850 4161 1102 4217 sequere.

593 4237 801 4294 Gratias
830 4256 926 4311 ago
951 4238 1063 4294 Deo
1086 4254 1221 4304 meo,
1249 4243 1389 4313 quod
1428 4246 1682 4300 neminem
1709 4256 1932 4302 vestrum
1952 4248 2123 4319 bapti-

524 4332 638 4383 zavi
664 4373 679 4398 ,
704 4332 807 4386 nisi
834 4328 1078 4404 Crispum
1100 4343 1149 4388 et
1180 4333 1369 4389 Caium
1412 4352 1433 4391 :
1461 4353 1527 4391 ne
1551 4339 1667 4407 quis
1690 4339 1856 4406 dicat,
1893 4342 2033 4411 quod
2067 4340 2124 4397 in

518 4423 724 4477 nomine
746 4440 858 4481 meo
886 4426 1131 4497 baptizati
1158 4429 1293 4483 sitis.
1315 4428 1590 4502 Baptizavi
1616 4439 1792 4487 autem
1812 4442 1859 4487 et
1891 4433 2121 4508 Stepha-

520 4530 605 4569 πω
644 4514 853 4571 domum
880 4534 899 4573 :
928 4528 1172 4575 ctcterum
1210 4522 1407 4593 nescio,
1456 4527 1502 4578 si
1529 4540 1678 4595 quem
1696 4526 1872 4580 ‘alium
1898 4537 2122 4584 vestrum

2156 3212 2204 3278 C
2236 3217 2368 3273 tiam
2415 3218 2756 3287 saecularem,
2790 3218 2879 3277 vel
2919 3220 3241 3293 quicumque
3291 3223 3420 3280 aliis
3458 3224 3527 3280 de
3552 3221 3689 3279 rebus
3712 3219 3783 3275 ob-

2238 1910 2441 1982 pientia
2465 1926 2496 1967 a
2525 1910 2755 1968 Domino
2779 1910 2892 1968 Deo
2935 1911 3051 1968 sit:
3092 1912 3145 1968 id
3189 1920 3296 1984 est,
3344 1911 3420 1969 de
3474 1914 3618 1970 bona
3646 1920 3777 1969 natm

2237 2004 2386 2061 ducit
2412 2003 2715 2061 exordium.
2765 2004 2882 2061 Hoc
2926 2005 3073 2062 enim
3119 2005 3282 2062 habet
3310 2021 3524 2064 sensus
3566 2007 3775 2073 humana,

2237 2105 2295 2153 ut
2323 2111 2666 2167 quocumque
2692 2110 2816 2153 eum
2844 2096 3164 2162 tetenderis,
3196 2109 3606 2171 consequatur,
3632 2107 3675 2155 et
3694 2113 3775 2169 pa-

2237 2187 2389 2245 latim
2416 2188 2727 2246 meditando
2760 2189 3027 2261 proﬁciat.
3060 2190 3188 2247 lnde
3211 2201 3322 2260 est,
3352 2194 3515 2264 quod
3546 2192 3678 2250 multi
3696 2192 3777 2247 illit-

2234 2283 2393 2339 terati
2436 2293 2689 2354 poemata
2718 2294 3056 2355 componunt
3094 2293 3202 2341 tam
3253 2287 3570 2359 exquisita,
3600 2286 3771 2359 qBZl'il’l

2234 2375 2592 2433 eruditissimi
2628 2377 2988 2435 admirentur.
3020 2380 3176 2437 Hunc
3222 2396 3361 2452 ergo
3406 2397 3765 2453 sensuum

2234 2465 2380 2523 Deus
2409 2467 2479 2524 ad
2506 2484 2567 2525 se
2592 2484 2660 2526 ex
2688 2470 2955 2527 creaturis
2986 2473 3466 2544 cognoscendum,
3502 2486 3563 2533 et
3588 2488 3764 2532 maro-

2233 2560 2496 2617 luntatem
2519 2563 2893 2634 inquirendam
2915 2564 3169 2623 dederat:
3198 2567 3280 2623 illi
3303 2568 3375 2624 ad
3400 2570 3769 2641 inquirendam-

2233 2656 2441 2727 perilua
2463 2666 2518 2713 et
2547 2660 2760 2715 curiosa
2803 2668 3105 2717 verterunt.
3144 2661 3423 2720 Similiter
3444 2663 3521 2720 de
3552 2665 3712 2719 divitiis
3736 2676 3773 2716 at

2232 2748 2573 2818 fortitudine,
2603 2760 2658 2808 et
2678 2752 2748 2809 de
2782 2754 3037 2811 omnibus
3061 2754 3259 2828 quibus
3290 2757 3448 2815 male
3473 2758 3674 2826 utimur,
3694 2770 3779 2829 pm-

2233 2858 2420 2901 sumus
2448 2846 2788 2905 existimare.

2311 2936 2412 2993 Ubi
2437 2939 2663 3011 sapiens,
2688 2940 2780 2995 ubi
2805 2940 2996 2996 scriba.
3028 2940 3087 2998 Id
3113 2951 3221 3011 est,
3252 2942 3480 3001 doctor.

2310 3029 2410 3085 Ubi
2449 3032 2727 3103 inquisitor
2771 3033 2928 3102 huius
2964 3034 3181 3089 surculi?
3224 3034 3433 3092 Nonne
3470 3036 3671 3092 stultam
3698 3033 3784 3103 [ait

2234 3121 2378 3179 Deus
2408 3127 2717 3197 sapientiam
2753 3124 2909 3197 hujus
2955 3128 3176 3183 mundi?
3201 3127 3309 3197 Qui
3352 3132 3583 3203 acquirit
3620 3128 3785 3200 sapies-

2233 3312 2407 3368 scuris
2434 3313 2675 3384 inquirit.
3886 3368 3887 3389 η

2311 3405 2451 3460 Nam
2477 3408 2598 3478 quia
2625 3408 2683 3462 in
2702 3406 2803 3463 Dei
2828 3409 3081 3479 sapientia
3104 3426 3208 3467 non
3232 3416 3482 3487 σοφισνή
3498 3412 3691 3467 mundus
3710 3425 3781 3480 per
3884 3472 3885 3475 η

2234 3498 2543 3570 sapientiam
2570 3496 2759 3556 Deum.
2792 3500 3023 3558 Factura
3051 3504 3264 3573 mundi,
3316 3504 3420 3562 Dei
3452 3503 3679 3576 sapientia
3706 3509 3779 3557 est

2231 3590 2490 3647 fabricata
2515 3610 2531 3649 :
2560 3592 2615 3649 in
2635 3609 2739 3664 qua
2760 3608 2859 3666 per
2887 3597 3207 3669 sapientiam
3246 3599 3550 3664 naturalem,
3575 3610 3678 3667 qua!
3702 3594 3767 3648 ad

2232 3685 2338 3742 hoc
2364 3686 2491 3742 data
2520 3695 2578 3742 et
2618 3699 2801 3745 creata
2845 3690 3038 3761 fuerat,
3080 3691 3273 3749 debuit
3318 3693 3540 3767 cognosci
3562 3692 3660 3761 ipse
3686 3687 3775 3758 qui
3878 3730 3879 3739 χ

2232 3776 2444 3834 fecerat
2473 3797 2484 3831 :
2510 3780 2606 3835 sed
2635 3782 2891 3853 quoniam
2923 3797 3031 3838 non
3061 3794 3409 3856 agnoverunt
3422 3785 3651 3850 homines,
3680 3780 3777 3835 alia

2229 3870 2343 3927 illis
2388 3872 2659 3929 medicina
2710 3877 3065 3933 succurritur.
3113 3876 3251 3936 Item
3308 3878 3632 3937 aliterzlhc
3674 3875 3770 3931 loco
3856 3888 3875 3937 ,ί

2230 3965 2552 4035 sapientiam
2596 3966 2713 4035 Dei,
2756 3969 3103 4027 ordinatione
3150 3982 3539 4039 creaturarum,
3578 3983 3684 4042 qua!
3715 3966 3766 4020 τί·

2229 4059 2451 4129 dentur,
2484 4062 2725 4119 ostendit
2756 4082 2770 4121 :
2801 4080 2871 4122 ex
2916 4068 3113 4138 quibus
3141 4067 3319 4126 Deum
3358 4080 3611 4127 auctorem
3636 4078 3757 4122 me

2229 4155 2362 4219 rari,
2389 4164 2444 4211 et
2473 4169 2770 4227 agnoscere
2798 4158 3121 4218 debuerunt.

2306 4247 2521 4304 Placuit
2559 4249 2674 4307 Deo
2703 4268 2793 4322 per
2827 4254 3102 4309 stultitiam
3130 4257 3524 4327 pradicationis
3545 4250 3739 4319 σώθηθ’

2178 4362 2179 4365 η
2226 4355 2343 4398 cere
2368 4343 2651 4401 credentes.
2676 4344 2797 4402 Non
2826 4348 2969 4419 quod
3001 4364 3131 4405 vere
3164 4350 3404 4408 stultitia
3427 4354 3495 4408 sit
3516 4344 3727 4425 tum

2226 4436 2444 4492 crucis:
2474 4438 2569 4493 sed
2594 4440 2718 4509 quia
2747 4441 2891 4511 apud
2923 4441 3047 4497 illos
3074 4443 3146 4499 ita
3176 4444 3501 4503 haberetur.

2304 4527 2563 4597 Quoniam
2590 4542 2637 4586 et
2655 4532 2833 4589 λιιάωὶ
2859 4534 3009 4605 signa
3033 4546 3236 4609 petunt.
3286 4537 3466 4595 Judaei
3501 4554 3549 4596 ex
3568 4544 3737 4590 00m

526 4605 915 4705 b-aptizaverim.
942 4610 1098 4678 Quod
1125 4612 1197 4667 ita
1229 4613 1480 4686 contigit,
1504 4625 1564 4672 ut
1586 4617 1711 4674 illos
1738 4634 1941 4688 paucos
1979 4621 2115 4694 bap-
2139 4617 2201 4682 D
2225 4622 2415 4679 tudine
2436 4623 2828 4695 Prophetarum
2851 4630 3002 4702 signa
3017 4605 3374 4705 petunt,qute
3395 4636 3547 4691 etiam
3559 4626 3742 4684 τὶάωιδ

525 4698 755 4755 tizarem
777 4741 792 4769 ,
825 4702 919 4773 qui
947 4717 1005 4759 se
1026 4718 1136 4759 non
1166 4705 1357 4762 dicunt
1377 4708 1432 4763 in
1468 4724 1593 4765 meo
1620 4710 1843 4769 nomine
1872 4712 2114 4785 baptiza-

515 4807 620 4857 tos.
670 4800 805 4858 ltem
849 4803 1057 4861 aliter:
1101 4805 1318 4865 illorum
1367 4808 1618 4880 ipsorum
1660 4818 1956 4887 neminem,
2005 4819 2115 4877 nisi

516 4916 657 4971 quos
684 4903 987 4960 numeravi.

587 4999 711 5058 Non
742 5005 880 5060 enim
914 5004 1056 5061 misit
1094 5022 1175 5062 me
1204 5005 1439 5066 Christus
1470 5011 1753 5086 baptizare,
1783 5014 1873 5073 sed
1895 5034 2114 5094 evange-

517 5104 826 5164 liaare.Non
842 5108 1128 5181 usurpavit
1153 5110 1365 5169 minora
1393 5113 1596 5186 facere,
1622 5120 1716 5190 qui
1746 5130 1956 5190 poterat
1981 5126 2108 5182 offi-

509 5210 596 5264 cia
626 5209 857 5282 implere
897 5214 1130 5285 majora.
1172 5215 1326 5273 Sicut
1369 5217 1533 5276 hodie
1561 5233 1618 5278 et
1658 5224 1968 5298 episcopus,
2018 5230 2110 5286 vel

514 5309 799 5379 sacerdos,
832 5312 882 5368 si
908 5314 1166 5387 voluerit,
1197 5318 1410 5377 diaconi
1434 5324 1637 5394 poterit
1670 5326 1899 5399 implere
1943 5332 2108 5389 mini-

504 5408 755 5465 sterium.

580 5511 707 5569 Non
730 5514 786 5569 in
804 5514 1061 5586 sapientia
1083 5523 1243 5577 verbi.
1277 5523 1413 5581 Cum
1436 5526 1657 5596 possint
1685 5534 1913 5602 apostoli
1940 5538 2105 5596 etiam

507 5624 791 5669 sermones
821 5615 1103 5685 sapientia:
1148 5624 1449 5691 praedicare
1480 5646 1496 5682 :
1527 5628 1848 5701 simpliciter
1879 5635 2103 5707 docent,

504 5723 575 5764 ne
622 5713 832 5769 asuttiae
881 5714 1283 5784 praedicationis
1330 5728 1639 5788 ascribatur
1686 5733 2001 5811 prudentia,
2044 5749 2103 5800 et

499 5820 791 5870 evacuatur
820 5828 953 5872 crux
980 5817 1203 5878 Christi.
1301 5826 1307 5831 '

2225 4715 2453 4773 credere
2480 4717 2791 4777 noluerunt.

2299 4807 2367 4862 Et
2393 4807 2569 4866 (ἐνωεὶ
2605 4813 2913 4885 sapientiam
2946 4826 3206 4888 quaerunt.
3233 4816 3384 4876 Artis
3410 4815 3686 4880 dialectica.
3709 4818 3749 4865 ά

2227 4898 2481 4957 humanae
2511 4905 2791 4974 sapientia:
2822 4908 3109 4966 rationem.

2301 4992 2417 5049 Nos
2445 5004 2617 5049 autem
2658 4998 3000 5068 praedicamus
3026 5001 3289 5060 Christum
3311 5005 3609 5075 cruci/im.
3644 4993 3750 5053 Ιέί
3814 5054 3815 5059 η

2224 5094 2339 5143 tum
2379 5102 2533 5144 suam
2570 5088 2873 5149 doctrinam
2919 5094 2989 5150 ab
3030 5094 3250 5153 illorum
3295 5111 3459 5156 sensu
3499 5096 3755 5163 dum

2222 5182 2579 5242 demonstrat.

2293 5283 2495 5341 ludatis
2535 5286 2745 5358 quidem
2784 5290 3116 5349 scandalum.
3164 5293 3584 5352 Scandalizantur
3614 5289 3656 5345 si
3681 5301 3753 5341 δι’

2223 5379 2383 5436 diunt
2412 5379 2685 5439 Christum
2710 5398 2741 5439 a
2763 5398 2825 5439 se
2850 5385 3193 5444 cruciﬁxum.
3219 5390 3352 5447 Sive
3373 5386 3651 5447 scandalum
3670 5379 3747 5434 ἷξε

2226 5482 2313 5530 est
2342 5473 2532 5531 audire
2558 5474 2833 5533 Christum
2877 5478 3015 5535 mori
3042 5482 3291 5552 potuisse
3309 5527 3323 5553 ,
3353 5498 3499 5554 quem
3526 5478 3587 5533 illi
3622 5468 3751 5543 quasi

2223 5567 2589 5625 immortalem
2631 5580 2970 5642 exspectant.
3003 5572 3133 5631 Inde
3160 5588 3278 5642 eat,
3311 5576 3449 5648 quod
3485 5569 3701 5629 dicebam
3738 5578 3749 5611 τ

2225 5656 2337 5717 Nos
2367 5661 2676 5720 audivimus
2706 5680 2769 5722 ex
2805 5666 2920 5739 lege
2939 5711 2956 5736 ,
2996 5670 3122 5740 quia
3159 5670 3409 5726 Christus
3438 5674 3591 5725 manet
3615 5663 3663 5716 in
3686 5670 3747 5710 2-

2220 5762 2437 5808 ternum
2468 5770 2482 5806 :
2512 5770 2618 5810 non
2650 5757 3055 5830 intelligentes,
3101 5763 3227 5831 quia
3255 5763 3475 5835 primum
3496 5750 3732 5831 psum

2216 5847 2541 5917 oportebat,
2574 5859 2629 5907 et
2658 5852 2737 5909 sic
2769 5852 2823 5911 in
2853 5852 3083 5925 gloriam
3111 5870 3266 5914 suam
3287 5856 3517 5918 introire.
