3986 6294
16 481 39 521 ω

50 488 65 525 Ξ

16 1348 61 1383 κζ

223 328 333 391 'm
974 300 1513 427 counsnranius
1550 326 1619 388 IN
1656 327 2044 390 EPlSTOLAM
2080 330 2102 388 ι
2139 331 2233 388 ΑΙ)
2268 330 2426 389 con.
2467 330 2624 390 car.
2664 330 2729 387 ιι.
2782 352 2789 365 ο
3417 330 3526 389 722

298 446 554 505 Gentibus
590 454 766 503 autem
804 443 1101 502 stultitiam.
1149 446 1462 504 Secundum
1492 446 1910 510 mundanamA
1999 446 2070 503 Et
2108 448 2471 517 sanctiﬁcatio,
2517 457 2566 503 et
2611 448 2919 521 redemptio.
2948 447 3278 521 Redemptio
3320 455 3522 504 nostrm

215 541 585 612 sapientiam,
630 539 862 598 stultitia
894 538 1109 598 videtur
1147 539 1321 598 Deum
1371 540 1600 599 credere
1642 540 1825 599 cruci-

214 636 420 693 fixum.

297 728 448 803 Ipsis
465 737 640 783 autem
661 727 861 784 vocatis
878 772 894 797 ,
923 725 1128 785 Iudicis
1144 737 1299 802 atque
1321 728 1542 797 Grtecis,
1565 728 1829 786 Christum

216 822 332 879 Dei
354 824 611 890 virtutem,
648 831 698 877 et
733 820 835 876 Dei
855 823 1182 895 sapientiam.
1218 822 1318 880 Hic
1346 838 1456 879 non
1481 822 1826 880 divinitatem

217 915 457 983 Christi,
489 914 624 971 dicit
648 913 746 971 Dei
770 913 1033 970 virtutem
1064 922 1124 970 et
1151 913 1475 985 sapientiam
1508 931 1525 970 :
1556 914 1654 971 sed
1680 914 1829 970 ordi-

219 1011 512 1067 nationem
542 1006 728 1064 crucis
751 1025 767 1061 :
789 1007 929 1064 Item
965 994 1169 1064 aliter:
1200 1006 1308 1078 Ipsi
1331 1006 1532 1075 Judaei,
1560 1018 1616 1064 et
1637 1015 1829 1079 gentes

219 1120 357 1162 cum
389 1101 749 1169 crediderint,
782 1100 1092 1172 intelligunt
1116 1101 1377 1158 virtutem
1412 1102 1507 1158 Dei
1535 1115 1681 1169 esse,
1703 1116 1825 1173 qua:

230 1197 457 1255 devicta
484 1202 663 1251 morte
691 1194 969 1251 hominem
998 1194 1278 1249 revocavit
1305 1194 1374 1249 ad
1402 1194 1576 1250 vitam
1602 1235 1619 1260 ,
1651 1204 1706 1250 et
1743 1210 1831 1250 sa-

229 1291 507 1365 pientiam
536 1303 659 1361 quae
700 1302 801 1344 nos
835 1302 869 1343 a
911 1286 1288 1344 dominatione
1310 1286 1514 1343 diaboli
1554 1286 1827 1353 liberavit,

239 1384 394 1457 quod
435 1392 561 1441 ante
606 1396 703 1455 per
745 1381 1182 1439 incredulitatem
1228 1381 1536 1453 intelligere
1580 1396 1694 1438 non
1732 1397 1828 1437 va-

243 1478 450 1535 lebant.

316 1569 449 1638 Quia
465 1566 604 1634 quod
621 1567 840 1623 stultum
859 1575 935 1624 est
959 1565 1080 1634 Dei,
1104 1566 1387 1638 sapientius
1407 1575 1482 1621 est
1511 1565 1827 1621 hominibus.

235 1663 392 1734 Quod
417 1661 641 1719 stultum
668 1671 884 1733 putatur
906 1660 1026 1727 Dei,
1054 1675 1273 1717 omnem
1295 1659 1588 1715 humanam
1610 1659 1831 1729 sapien-

231 1758 364 1814 tiam
398 1755 672 1813 antecedit
702 1772 717 1808 :
755 1754 880 1825 quia
919 1754 1190 1825 sapientia
1219 1769 1317 1809 sua
1348 1754 1567 1810 liberari
1595 1768 1704 1808 non
1732 1767 1831 1823 po-

226 1860 490 1920 tuerant,
518 1850 608 1922 qui
633 1864 730 1920 per
757 1850 939 1905 crucis
963 1848 1280 1919 mysterium
1318 1858 1443 1904 sunt
1469 1847 1686 1902 salvati.

302 1943 382 2002 Et
416 1943 555 2016 quod
593 1941 859 2012 inﬁrmum
899 1950 973 1995 est
1003 1940 1140 2008 Dei,
1176 1941 1364 2013 fortius
1402 1948 1478 1994 est
1510 1938 1826 1994 hominibus.

235 2039 473 2097 Mortem
500 2050 664 2107 quam
693 2049 794 2090 nec
822 2035 1069 2105 gigantes
1091 2032 1327 2089 evadere
1353 2040 1680 2103 potuerunt,
1706 2044 1832 2086 cru~

236 2129 393 2187 ciﬁxi
427 2125 713 2183 infirmitas
740 2126 1038 2196 superavit.

311 2220 503 2276 Videte
538 2218 678 2274 enim
718 2218 1038 2273 vocationem
1076 2226 1331 2282 uestram,
1377 2216 1585 2287 fratres.
1633 2215 1833 2273 Exem-

233 2314 383 2388 plum
423 2311 638 2383 accepit
675 2326 743 2367 ex
782 2310 868 2365 his
906 2309 999 2381 qui
1033 2308 1413 2376 crediderant,
1454 2319 1517 2364 ut
1554 2310 1829 2379 ostendat,

233 2407 363 2479 quia
406 2418 514 2460 non
546 2402 768 2474 prodest
799 2402 1054 2473 gloriatio
1084 2402 1319 2458 carnalis
1368 2400 1687 2467 adlﬁdem,
1734 2399 1835 2457 sed

232 2504 416 2572 magis
440 2497 619 2565 obest,
651 2495 777 2553 dum
811 2495 1065 2567 superbia
1109 2494 1415 2566 sapientiae,
1446 2502 1502 2551 et
1527 2493 1829 2557 nobilitatis

234 2592 454 2656 inflati,
481 2590 732 2646 homines
759 2588 862 2645 Dei
891 2589 1170 2659 sapientiae
1204 2588 1489 2658 subjacere
1519 2587 1833 2644 noluerunt.

324 2682 460 2749 Quia
501 2698 602 2737 non
650 2680 800 2735 multi
848 2680 1106 2747 sapientes
1150 2680 1431 2736 secundum
1458 2696 1664 2734 carnem
1689 2696 1709 2735 :
1734 2697 1840 2735 non

245 2774 405 2831 multi
432 2782 677 2848 potentes,
701 2790 804 2830 non
824 2774 975 2829 multi
999 2774 1211 2829 nobiles.
1241 2774 1343 2829 llic
1361 2784 1552 2829 contra
1582 2774 1707 2828 illos
1727 2775 1841 2844 agit

243 2870 493 2940 oblique,
524 2869 611 2941 qui
639 2884 700 2925 se
720 2868 855 2939 legis
878 2869 1101 2938 peritos,
1125 2877 1180 2923 et
1199 2868 1453 2924 fortiores
1474 2868 1759 2939 apostolis,
1784 2877 1841 2924 et

238 2962 546 3020 nobiliores
589 2976 660 3019 ex
708 2961 1041 3019 sacerdotali
1087 2961 1260 3033 stirpe
1288 2962 1622 3019 descendere
1664 2963 1839 3033 jacta-

134 3038 143 3051 ’
236 3054 394 3112 bant.

316 3146 431 3205 Sed
454 3162 570 3219 quae
607 3145 769 3203 stulta
796 3153 918 3201 sunt
943 3146 1125 3202 mundi
1152 3146 1301 3218 elegit
1339 3145 1506 3214 Deus,
1536 3156 1594 3203 ut
1621 3151 1842 3219 confun-

1928 542 2140 600 salutis.

2002 638 2073 695 Ut
2108 640 2542 710 quemadmodum
2569 640 2818 713 scriptum
2844 648 2919 696 est
2956 656 2975 694 :
3004 640 3111 709 Qui
3134 639 3419 714 gloriatur,
3468 642 3523 695 in

1925 731 2152 788 Domino
2177 732 2442 804 glorietur.
2473 733 2593 790 Non
2616 735 2674 789 in
2707 735 3023 807 semetipso,
3062 741 3158 792 aut
3186 736 3240 792 in
3270 734 3526 808 superius

1928 826 2360 900 comprehensis.

2567 963 2796 1023 CAPUT
2816 965 2880 1023 Il.

1998 1102 2071 1157 Et
2094 1118 2189 1177 ego
2212 1118 2329 1158 cum
2353 1104 2597 1159 venissem
2631 1103 2701 1158 ad
2723 1119 2831 1173 vos,
2865 1105 3075 1175 fratres.
3103 1105 3238 1174 Quia
3268 1105 3526 1162 ostende-

1927 1203 2016 1253 rat
2039 1210 2150 1252 non
2177 1196 2299 1253 illos
2326 1196 2528 1253 debere
2554 1196 2850 1253 humanam
2876 1198 3196 1268 sapientiam
3232 1198 3520 1266 admirari,

1928 1304 2029 1348 suo
2049 1305 2263 1363 quoque
2287 1291 2391 1348 hoc
2404 1291 2657 1362 exemplo
2672 1291 2982 1358 confirmat,
3011 1306 3080 1349 eo
3101 1292 3247 1363 quod
3278 1294 3398 1364 ipse
3421 1309 3534 1349 non

1928 1398 2028 1455 per
2056 1383 2347 1440 humanam
2370 1382 2694 1453 sapientiam
2725 1382 3096 1452 praedicasset.

2003 1475 2130 1532 Non
2156 1476 2269 1531 ueni
2294 1491 2387 1547 per
2412 1474 2780 1530 sublimitatem
2810 1475 3082 1539 sermonis.
3109 1484 3204 1529 aut
3232 1476 3525 1547 sopientite,

1929 1569 2243 1625 annuntians
2268 1569 2406 1624 vobis
2437 1568 2782 1623 testimonium
2810 1566 3026 1622 Christi.
3056 1566 3218 1624 Nolui
3261 1570 3532 1637 pompati-

1930 1676 2056 1717 cum
2085 1660 2416 1731 eloquentiae
2437 1659 2647 1730 jactare
2692 1672 3003 1716 sermonem
3047 1659 3103 1715 in
3146 1659 3538 1731 praedicatione

1930 1756 2132 1811 divina.

1856 1841 1908 1903 Β
2007 1846 2132 1901 Νοη
2171 1846 2306 1901 enim
2332 1846 2568 1917 judicavi
2598 1862 2679 1901 me
2705 1847 2838 1901 scire
2885 1848 3085 1917 aliquid
3115 1848 3251 1903 inter
3292 1866 3402 1918 vos,
3432 1850 3540 1905 nisi

1933 1941 2115 1996 Jesum
2142 1941 2424 1998 Christum.
2447 1939 2507 1996 Id
2537 1949 2643 2007 est,
2673 1954 2782 1997 non
2804 1955 2925 1997 sum
2951 1940 3218 2012 gloriatus
3244 1942 3300 1999 in
3326 1942 3530 2015 aliquo,

1932 2035 2039 2092 nisi
2067 2036 2122 2090 in
2148 2034 2388 2090 Christo.

2006 2128 2078 2183 Et
2116 2128 2253 2183 hunc
2292 2128 2618 2197 cruciﬁxum.
2652 2126 2809 2197 Quod
2845 2128 3070 2185 stultum
3111 2130 3256 2199 apud
3283 2130 3540 2187 homines
3638 2138 3641 2139 '

1935 2234 2058 2277 esse
2082 2219 2319 2275 videtur.

2008 2314 2075 2369 Et
2097 2330 2192 2387 ego
2207 2315 2264 2368 in
2290 2313 2596 2383 infirmitate
2619 2322 2668 2368 et
2697 2315 2901 2379 timore,
2929 2323 2978 2369 et
3007 2323 3230 2383 tremore
3265 2317 3431 2372 multo
3453 2317 3534 2387 fui

1936 2408 2074 2480 apud
2098 2422 2209 2462 vos.
2235 2405 2425 2477 Neque
2454 2407 2602 2463 enim
2644 2407 2754 2462 alio
2782 2406 2945 2464 modo
2982 2408 3157 2464 Deum
3190 2419 3528 2466 convenerat

1936 2500 2221 2572 praedicari
2255 2517 2271 2555 :
2302 2516 2408 2555 non
2434 2501 2720 2570 iactantia,
2753 2516 2932 2571 neque
2951 2501 3128 2572 gloria
3155 2503 3384 2558 carnali.

2010 2591 2081 2647 Et
2100 2606 2269 2648 sermo
2296 2608 2462 2660 meus,
2486 2599 2534 2646 et
2573 2591 2877 2662 prwdicatio
2910 2608 3047 2646 mea.
3079 2586 3216 2660 Quia
3256 2593 3535 2649 dialectici
3576 2620 3579 2621 ν

1940 2698 2100 2745 erant
2124 2686 2429 2755 Corinthii,
2462 2688 2635 2743 noluit
2664 2688 2806 2757 apud
2857 2688 2985 2744 illos
3023 2688 3393 2759 disputatione
3423 2692 3523 2759 uti,

1940 2795 2011 2836 ne
2040 2781 2145 2836 hoc
2164 2792 2383 2850 quoque
2423 2780 2533 2834 illis
2562 2795 2700 2836 nova
2731 2780 2911 2849 aliqua
2938 2780 3282 2853 philosophia
3308 2784 3531 2840 videre-

1941 2880 2051 2941 tur,
2089 2871 2186 2929 sed
2230 2871 2403 2944 magis
2446 2871 2555 2927 illis
2599 2871 2859 2937 virtutes,
2909 2882 2966 2929 et
3003 2872 3261 2931 miracula
3303 2876 3531 2933 demon-

1941 2969 2159 3026 stravit.

2012 3060 2143 3118 Non
2183 3064 2238 3115 in
2280 3060 2706 3133 persuasibilibus
2743 3059 2986 3117 humana:
3017 3063 3294 3129 sapientiae
3344 3065 3533 3135 verbis,

1944 3155 2035 3210 sed
2074 3154 2129 3208 in
2159 3152 2447 3208 ostensione
2474 3153 2689 3225 spiritus
2717 3162 2765 3207 et
2810 3153 3038 3207 virtutis.
3068 3152 3206 3221 Quia
3258 3155 3529 3211 rhetorica

238 3244 335 3299 dat
360 3243 645 3315 sapientes,
673 3250 720 3296 et
746 3240 960 3310 inﬁrma
987 3240 1167 3295 mundi
1193 3241 1344 3312 elegit
1369 3239 1613 3307 Deus,,ut
1632 3244 1844 3313 confun-
1870 3237 1916 3303 C
1946 3249 2111 3306 habet
2144 3249 2356 3311 colores
2397 3250 2772 3318 per-suasorias
2816 3250 2871 3303 in
2916 3264 3241 3319 unaquaque
3284 3250 3531 3304 materia.

241 3341 338 3394 dat
363 3338 563 3410 fortia:
594 3346 645 3393 et
665 3335 916 3408 ignobilia
940 3335 1148 3399 mundi,
1180 3346 1228 3391 et
1257 3336 1656 3406 contemmibilia
1692 3336 1844 3408 elegit

246 3432 414 3490 Deus.
438 3434 575 3501 Quia
621 3432 753 3488 dum
779 3431 836 3487 in
864 3432 1174 3502 semetipsis
1201 3446 1311 3487 non
1341 3431 1713 3498 conﬁdebant,
1757 3446 1847 3487 ce-

250 3528 422 3584 lerius
455 3527 832 3585 crediderunt.
864 3526 1093 3596 Semper
1127 3526 1270 3582 enim
1298 3525 1647 3596 sapientium,
1682 3534 1738 3582 et
1767 3524 1848 3580 di-

246 3620 445 3689 vitum,
498 3631 556 3678 et
581 3620 804 3677 fortium
849 3622 1022 3692 gloria
1053 3619 1388 3691 increpatur,
1421 3619 1561 3676 sicut
1601 3620 1673 3676 ait
1715 3620 1849 3675 Pro-

251 3714 427 3787 pheta
455 3733 471 3771 :
499 3714 618 3771 Non
644 3714 907 3787 glorietur
931 3714 1149 3786 sapiens
1169 3712 1223 3768 in
1254 3714 1517 3783 sapientia
1534 3727 1654 3779 sua,
1673 3728 1849 3782 neque

244 3808 413 3866 fortis
435 3808 492 3864 in
521 3806 837 3863 fortitudine
858 3822 980 3872 sua,
1014 3820 1192 3877 neque
1212 3804 1368 3861 dives
1393 3806 1445 3860 in
1468 3804 1670 3861 divitiis
1694 3804 1808 3861 suis
1834 3822 1845 3857 :

242 3902 353 3957 sed
382 3901 505 3972 ipse
524 3900 787 3957 Dominus
812 3899 957 3970 quod
992 3914 1090 3969 per
1117 3897 1445 3967 Prophetam
1477 3897 1707 3963 dixerat,
1734 3898 1851 3968 ipse

240 3993 321 4051 ad
343 4002 592 4050 nostrum
618 3993 917 4063 complevit
943 3991 1271 4063 exemplum.
1301 3990 1585 4048 Nascendo
1608 3990 1754 4046 enim
1783 3990 1851 4046 de

240 4096 436 4145 matre
477 4102 733 4158 paupere,
760 4085 978 4141 divitias
1004 4084 1335 4155 reprobavit.
1383 4084 1518 4139 Dum
1545 4091 1730 4139 autem
1764 4083 1852 4138 lit-

241 4189 403 4238 teras
430 4193 538 4235 non
562 4178 745 4248 discit,
770 4176 971 4233 refutat
999 4178 1322 4248 sapientiam
1345 4177 1689 4232 saecularem.
1713 4174 1850 4231 Cum

240 4288 391 4330 vero
416 4271 648 4327 traditus
672 4287 778 4327 non
804 4270 1033 4336 resistit,
1065 4272 1160 4326 sed
1184 4269 1455 4339 patienter
1475 4269 1708 4325 sustinet
1728 4284 1853 4324 cru-

239 4380 403 4434 cem,
430 4362 487 4419 in
511 4363 747 4419 humana
774 4360 1093 4417 fortitudine
1118 4361 1371 4431 prohibet
1389 4361 1636 4432 gloriari.
1663 4360 1853 4415 Humi-

240 4460 392 4517 lient
412 4472 543 4529 ergo
574 4471 636 4513 se
664 4457 778 4513 Deo
806 4454 1144 4525 huiusmodi,
1173 4455 1220 4512 si
1248 4455 1439 4511 volunt
1480 4463 1536 4511 et
1580 4454 1685 4524 ipsi
1728 4468 1851 4508 cum

243 4552 477 4611 cmteris
506 4550 753 4607 liberari.

2023 3340 2092 3397 Ut
2116 3339 2247 3411 fides
2268 3350 2439 3396 vestra
2465 3356 2568 3395 non
2590 3341 2659 3395 sit
2684 3341 2740 3394 in
2766 3341 3026 3410 sapientia
3045 3342 3335 3408 hominum,
3361 3342 3453 3396 sed
3482 3342 3538 3396 in

1946 3434 2136 3489 uirtute
2158 3431 2281 3487 Dei.
2310 3432 2588 3503 Sapientia
2626 3431 2860 3487 hominis
2889 3434 3229 3503 temporalis,
3264 3434 3331 3488 ad
3359 3434 3527 3489 breve

1945 3528 2192 3599 prodest.
2222 3525 2409 3581 Virtus
2435 3534 2616 3581 autem
2646 3526 2744 3583 Dei
2775 3535 2837 3582 ut
2865 3537 3094 3596 aeterna,
3121 3528 3216 3582 dat
3258 3527 3379 3583 sine
3423 3527 3534 3583 ﬁne

1949 3618 2276 3690 profectum.

2022 3712 2351 3786 Sapientiam
2376 3723 2545 3767 autem
2567 3713 2826 3783 loquimur
2853 3715 2989 3769 inter
3019 3714 3292 3785 perfectos.
3315 3712 3395 3770 Ne
3426 3729 3528 3784 pu-

1950 3808 2081 3863 tetis
2104 3816 2161 3862 et
2176 3821 2291 3867 ,nos
2335 3807 2659 3877 sapientiam
2688 3822 2795 3863 non
2834 3808 3038 3863 habere
3063 3825 3077 3860 :
3102 3808 3368 3869 habemus
3388 3808 3533 3863 divi-

1951 3914 2099 3968 nam,
2130 3899 2226 3955 sed
2274 3913 2372 3955 vos
2412 3900 2523 3969 jam
2560 3910 2692 3957 tunc
2740 3915 2939 3969 capere
2969 3899 3193 3955 minime
3223 3900 3488 3969 poteratis
3521 3916 3537 3953 :

1950 4006 2072 4064 quae
2093 3991 2205 4060 jam
2230 3990 2577 4047 credentibus
2602 3993 2864 4059 aperitur.

2023 4083 2348 4156 Sapientiam
2388 4100 2507 4139 vero
2544 4102 2649 4139 non
2690 4086 2845 4159 hujus
2889 4084 3091 4154 saeculi,
3136 4101 3299 4154 neque
3340 4084 3541 4157 princi-

1952 4192 2077 4243 pum
2118 4175 2273 4249 hujus
2311 4176 2525 4243 stcculi,
2574 4178 2663 4247 qui
2712 4177 3073 4237 destruantur.
3126 4177 3256 4233 Sive
3306 4192 3494 4246 regum
3524 4218 3539 4241 ,

1950 4268 2066 4324 sive
2095 4267 2562 4339 philosophorum,
2604 4270 2697 4340 qui
2738 4270 2795 4325 in
2848 4270 2949 4326 hoc
2991 4269 3196 4325 saeculo
3238 4268 3529 4337 primatum

1952 4363 2236 4433 sapientia:
2283 4372 2467 4419 tenere
2500 4362 2775 4420 videntur.
2805 4364 2907 4431 Qui
2950 4380 3074 4420 cum
3126 4364 3390 4435 sapientia
3440 4378 3540 4419 sua

1954 4467 2054 4523 per
2079 4461 2325 4508 nostrum
2357 4454 2712 4525 Evangelium
2740 4456 3114 4511 destruuntur.

2032 4547 2137 4604 Sed
2164 4547 2425 4619 loquimur
2443 4548 2542 4603 Dei
2560 4548 2880 4621 sapientiam
2906 4550 2960 4604 in
2986 4551 3252 4621 mysterio,
3279 4567 3394 4621 qua:
3422 4550 3541 4605 abs-

330 4644 402 4699 Et
422 4660 483 4699 ea
502 4661 618 4715 qute
637 4661 742 4699 non
765 4654 906 4714 sunt,
928 4653 987 4699 ut
1012 4660 1074 4699 ea
1098 4658 1214 4714 qua
1239 4652 1358 4699 sunt
1387 4644 1693 4701 destrueret.
1721 4644 1853 4711 Qum
1878 4625 1933 4685 Ι)
1957 4640 2166 4695 condita
2192 4649 2289 4696 est.
2319 4641 2375 4696 ln
2401 4641 2697 4712 Evangelia
2723 4660 2735 4695 :
2760 4641 2906 4711 quod
2931 4643 3176 4699 continet
3199 4642 3541 4699 nativitatem

246 4753 368 4797 non
397 4746 526 4794 sunt
552 4738 841 4808 sapientia,
875 4736 1059 4804 fortia,
1090 4736 1328 4803 nobilia;
1377 4745 1439 4793 ut
1472 4751 1597 4807 qua:
1620 4744 1749 4793 sunt
1776 4744 1855 4790 ta-

252 4832 336 4899 lia
364 4831 678 4902 dissiparet.

338 4925 412 4981 Ut
431 4940 534 4980 non
560 4923 811 4997 glorietur
840 4925 1007 4980 omnis
1030 4940 1151 4979 caro
1179 4925 1235 4980 in
1260 4932 1534 4997 conspectu
1564 4924 1694 4994 ejus.
1727 4926 1851 4978 Om-

1956 4734 2181 4801 Christi,
2214 4737 2548 4804 passionem,
2572 4742 2629 4790 et
2653 4744 2873 4791 caetera.

2031 4825 2199 4893 Quam
2220 4823 2604 4897 praedestinavit
2625 4824 2765 4880 Deus
2789 4834 2911 4881 ante
2929 4825 3148 4881 saecula.
3167 4824 3297 4882 Sive
3327 4826 3382 4881 in
3411 4839 3549 4895 prte-

1959 4919 2161 4984 sentia,
2193 4918 2309 4973 sive
2340 4918 2396 4972 in
2426 4917 2571 4989 Lege
2603 4927 2729 4975 ante
2757 4926 3028 4991 tempora.
3058 4919 3210 4976 Multi
3240 4921 3386 4975 enim
3419 4933 3544 4989 pro-

250 5020 352 5078 nis
380 5032 531 5087 caro,
560 5032 671 5073 non
719 5018 989 5089 spiritus:
1021 5018 1146 5089 quia
1199 5015 1436 5074 carnalis
1463 5024 1553 5072 est
1597 5015 1702 5071 ista
1742 5014 1858 5085 glo-
1960 5016 2141 5087 pheta:
2161 5016 2446 5084 cupierunt
2478 5015 2691 5079 videre.
2723 5026 2782 5073 et
2808 5032 2919 5073 non
2948 5016 3224 5072 viderunt.

249 5114 450 5173 riatio.

338 5205 424 5261 Ea:
443 5206 558 5278 ipso
590 5217 768 5261 autem
792 5220 883 5260 vos
911 5204 1036 5260 estis
1059 5204 1116 5258 in
1138 5202 1344 5260 Christo
1368 5200 1518 5257 Iesu.
1550 5199 1610 5258 Si
1634 5216 1765 5272 ergo
1792 5216 1860 5258 ex

254 5303 388 5375 ipso
414 5301 569 5369 estis,
600 5300 768 5357 nolite
797 5314 861 5356 ea
883 5315 1002 5371 qua:
1034 5298 1127 5354 ille
1148 5299 1406 5369 reprobat
1430 5295 1707 5351 admirari.

338 5391 446 5458 Qui
473 5388 665 5447 Factus
686 5390 921 5446 estnobis
947 5390 1205 5460 sapientia
1225 5387 1413 5460 aIDeo,
1435 5397 1483 5443 et
1508 5387 1733 5465 iustitia.
1756 5384 1864 5442 No-

230 5485 352 5543 rhis
380 5483 557 5540 factus
586 5493 692 5549 est,
721 5483 828 5540 sibi
852 5497 1074 5555 semper
1099 5482 1199 5539 luit
1225 5500 1239 5537 :
1271 5491 1330 5538 ut
1366 5482 1576 5540 scilicet
1602 5496 1701 5538 nos
1723 5480 1867 5536 face-

260 5588 355 5636 ret
376 5577 670 5648 sapientes,
695 5587 751 5634 et
775 5579 975 5648 justas,
1000 5586 1056 5633 et
1084 5588 1321 5633 sanctos.
1356 5578 1493 5635 ltem
1523 5577 1627 5634 alia
1654 5575 1868 5647 exposi-

262 5673 389 5729 tio:
418 5669 554 5729 Cum
586 5672 659 5728 sit
684 5670 937 5729 Christus
970 5672 1067 5729 Dei
1104 5671 1280 5728 Patris
1309 5674 1596 5743 sapientia,
1633 5682 1759 5726 tunc
1787 5679 1866 5725 ta-

268 5782 402 5823 men
430 5781 554 5823 cum
580 5767 703 5838 quis
731 5768 789 5825 in
814 5767 967 5827 illum
997 5765 1312 5835 crediderit,
1343 5767 1614 5838 sapientia
1642 5766 1692 5824 ei
1715 5763 1873 5823 Chri-

279 5865 405 5919 stus
430 5857 685 5920 efﬁcitur.

2031 5105 2101 5162 In
2123 5106 2344 5178 gloriam
2382 5115 2637 5162 nostram.
2670 5107 2775 5177 Qui
2801 5109 3076 5165 credimus
3103 5108 3351 5162 Christo.

2037 5200 2208 5268 Quam
2237 5216 2385 5255 nemo
2415 5201 2708 5273 principum
2737 5202 2898 5273 hujus
2936 5202 3117 5257 scculi
3164 5201 3430 5273 cognovit.
3466 5201 3559 5258 Pi-

1962 5295 2127 5364 latus,
2160 5295 2414 5366 Caiphas,
2444 5304 2501 5351 ct
2534 5297 2743 5365 caeteri,
2774 5312 3006 5368 quorum
3044 5297 3210 5352 etiam
3236 5296 3549 5369 ignorantia

1966 5386 2255 5443 damnatur
2280 5406 2294 5444 :
2319 5389 2447 5459 quia
2476 5405 2583 5445 non
2611 5390 2916 5447 debuerant
2941 5390 3220 5461 ignorare.

2039 5479 2106 5536 Si
2150 5482 2289 5535 enim
2329 5483 2703 5553 cognovissent,
2728 5499 3012 5553 numquam
3059 5483 3342 5541 Dominum
3374 5485 3558 5557 gloria:

1972 5574 2262 5644 majestatis
2299 5574 2695 5644 cruciﬁaissent.
2734 5573 2849 5628 Hoc
2896 5576 3018 5631 loco
3057 5575 3126 5631 ad
3175 5575 3553 5632 defensionem

1973 5666 2218 5736 perversi
2249 5665 2550 5734 dogmatis,
2576 5666 2695 5719 dua:
2727 5664 2960 5723 haereses
2990 5668 3309 5733 abutuntur,
3339 5666 3552 5737 Apolli-

1974 5758 2118 5813 narii
2146 5757 2356 5814 scilicet
2401 5765 2455 5813 et
2493 5758 2625 5813 Arii.
2662 5757 2811 5827 Una,
2844 5770 2902 5815 ut
2940 5760 3234 5830 perfectam
3288 5759 3552 5830 assumpti

1981 5851 2222 5914 hominis
2245 5860 2496 5911 naturam
2520 5851 2784 5913 destruat.
2816 5853 2961 5924 Alia,
2991 5862 3048 5915 ut
3075 5852 3173 5916 Dei
3202 5852 3438 5914 Verbum
3468 5868 3558 5910 as-
