3978 6286
501 284 606 341 725
1534 292 1591 350 S.
1634 290 2020 352 HIERONYMI
2054 294 2341 357 OPEBUII
2381 300 2746 363 MANTISSA.
3678 323 3777 380 73b

501 409 653 456 serat
696 416 819 459 esse
856 402 1139 475 passibile,
1175 419 1359 477 neque
1396 416 1425 448 ι
1455 419 1571 465 erat
1619 411 1950 484 intelligens,
1972 427 2089 468 ma-
2117 413 2169 475 A
2197 416 2448 474 Secundo
2473 431 2821 479 contemnere
2864 427 3084 497 propria
3133 428 3296 493 bona,
3329 431 3489 488 alteri
3538 428 3793 502 prabere‘

496 489 714 561 jeSIatis
761 494 1048 550 Dominum
1102 498 1269 553 etiam
1317 512 1657 572 assumptum
1688 503 1963 559 hominem
2013 505 2096 560 di-

504 595 653 641 ctum
680 605 694 641 :
720 603 893 659 neque
922 591 1025 645 ista
1055 594 1256 662 sciens,
1280 607 1387 649 non
1418 596 1738 661 divinitatis,
1772 599 1868 653 sed
1892 600 2089 654 huma-

500 679 683 734 uitatis
707 681 1017 747 passibilem
1045 697 1173 740 esse
1195 696 1465 743 naturam.
1496 688 1630 745 Item
1652 691 1761 746 alia
1784 694 2090 760 expositio:

498 770 761 828 Dominus
784 773 1086 844 majestatis
1106 791 1270 833 carne
1287 782 1511 849 patitur,
1536 797 1705 838 carne
1723 784 2089 855 cruciﬁgitur,

494 880 659 919 carne
688 867 937 934 moritur,
954 869 1260 927 substantia
1284 882 1469 929 autem
1494 876 1713 931 deitatis
1736 878 2089 948 impassibilis

490 970 592 1014 est.
627 960 694 1014 Et
725 960 893 1017 simili
928 963 1088 1018 modo
1114 963 1277 1021 etiam
1308 968 1591 1037 apostolus
1620 970 1820 1025 Petrus
1857 979 2090 1027 testatur

488 1052 543 1106 in
569 1052 808 1122 Epistola
839 1068 935 1111 sua
964 1056 1239 1115 Christum
1263 1075 1365 1132 pro
1382 1063 1621 1118 nobisin
1645 1076 2081 1135 carne'pusum,

490 1143 677 1200 dicens
712 1163 725 1200 :
754 1149 844 1217 qui
879 1160 1102 1219 peccata
1137 1161 1324 1208 nostra
1359 1155 1474 1225 ipse
1503 1157 1743 1223 portavit
1766 1158 1821 1212 in
1852 1173 2086 1229 corpore

485 1252 586 1292 suo
636 1254 799 1309 super
849 1241 1074 1312 lignum.
1116 1243 1251 1303 item
1299 1246 1409 1302 alio
1457 1248 1605 1317 loco,
1656 1250 1878 1309 Christo
1916 1252 2085 1324 igitur

486 1346 648 1401 passo
678 1333 732 1389 in
764 1350 955 1392 carne.

554 1425 709 1480 Sicut
730 1430 981 1499 scriptum
1004 1441 1100 1496 est,
1128 1433 1269 1503 quod
1292 1434 1476 1491 oculus
1496 1452 1599 1492 non
1629 1439 1782 1508 vidit,
1809 1455 1905 1497 nec
1934 1445 2079 1498 auris

480 1515 706 1582 audiuit,
738 1534 833 1573 nec
862 1521 917 1574 in
946 1538 1035 1575 cor
1062 1524 1291 1579 hominis
1327 1530 1587 1589 ascendit.
1619 1545 1736 1600 quae
1762 1537 2079 1604 prrsparavit

481 1605 628 1664 Deus
676 1610 758 1667 his
801 1614 893 1684 qui
934 1616 1165 1690 diligunt
1207 1618 1378 1674 illum.
1413 1622 1837 1682 Memoratorum
1868 1628 2078 1686 scilicet

479 1701 789 1773 principum
822 1720 978 1763 mens
1010 1710 1127 1764 haec
1154 1709 1340 1767 videre
1386 1729 1493 1768 non
1523 1716 1700 1784 potuit
1733 1734 1748 1775 :
1777 1719 1905 1789 quia
1946 1736 2073 1776 cre-

2196 513 2495 580 maxillam,
2521 527 2576 571 et
2601 527 2797 573 cratera
2828 520 2909 575 his
2936 522 3136 578 similia
3166 524 3373 580 Christi
3406 530 3677 585 mandata.

2268 606 2578 673 Spiritualis
2620 622 2792 665 autem
2812 615 3024 684 judicat
3071 620 3266 683 omnia,
3295 630 3345 674 et
3379 622 3493 689 ipse
3521 640 3553 675 a
3579 628 3767 681 nemine

2183 699 2458 770 judicatur
2478 717 2498 755 :
2523 703 2654 757 sicut
2681 706 2933 773 scriptum
2963 717 3064 762 est.
3097 708 3315 765 iudicat
3363 728 3505 767 vana
3551 730 3690 781 esse,
3719 720 3764 775 in

2192 789 2387 858 quibus
2417 793 2666 848 carnales
2696 795 2943 852 homines
2970 799 3335 857 delectantur.
3371 805 3438 858 Et
3471 806 3590 875 ipse
3620 810 3688 863 ita
3716 826 3767 865 se

2192 881 2325 950 agit,
2349 893 2409 936 ut
2456 900 2487 938 a
2518 887 2738 942 nemine
2762 889 3059 958 judicetur.
3092 892 3225 950 Sive
3269 898 3453 952 omnia
3486 900 3766 969 spiritualis

2191 972 2473 1041 discernit,
2498 987 2553 1031 et
2581 978 2841 1052 intelligit
2873 1002 2885 1035 :
2923 992 3202 1041 ettsensus
3248 987 3398 1043 illius
3447 992 3522 1049 ab
3569 992 3763 1054 homine

2192 1082 2303 1121 non
2329 1070 2653 1141 intelligitur
2670 1076 2914 1130 animali.
2945 1075 3081 1132 ltem
3102 1078 3210 1134 alia
3234 1084 3512 1151 expositio
3547 1102 3563 1138 :
3586 1088 3745 1145 Omnia

2188 1158 2345 1228 dicit,
2377 1178 2497 1231 qua:
2526 1176 2654 1219 sunt
2683 1167 3005 1236 Spiritualia.
3033 1169 3148 1225 Non
3179 1173 3327 1228 enim
3358 1185 3513 1231 artes
3542 1187 3603 1233 et
3627 1179 3746 1236 disci-

2184 1250 2361 1321 plinas
2383 1252 2547 1323 hujus
2572 1257 2781 1325 mundi,
2813 1260 3065 1318 animalis
3096 1262 3262 1319 homo
3288 1267 3393 1321 nisi
3424 1269 3743 1339 spirituslitsr

2186 1341 2475 1415 intelligat,
2504 1348 2646 1404 scire
2675 1358 2877 1419 potest.

2258 1435 2391 1502 Quis
2421 1440 2556 1494 enim
2587 1446 2825 1513 cognovit
2854 1462 3060 1502 sensum
3092 1446 3346 1518 Domini,
3385 1464 3482 1510 aut
3529 1460 3650 1528 quis
3689 1462 3754 1515 in-

2184 1530 2374 1583 struxit
2404 1547 2521 1584 eum
2539 1535 2565 1587 ἱ)
2593 1532 2823 1590 Sensum
2863 1537 3100 1606 Domini,
3128 1543 3222 1611 qui
3248 1552 3335 1599 est
3372 1546 3425 1602 i
3458 1548 3598 1604 viris
3622 1550 3757 1620 spiri-

2182 1619 2439 1691 tualihus,
2472 1627 2591 1680 sine
2621 1628 2816 1697 spiritu
2847 1630 2945 1687 Dei
2985 1648 3146 1691 nemo
3172 1641 3454 1709 c0gnovit.
3483 1641 3625 1699 Item
3651 1619 3757 1701 sen-

2179 1725 2299 1778 sus,
2326 1713 2416 1769 hic
2445 1715 2862 1787 intelligentiam
2893 1725 3181 1791 signiﬁcat.

477 1791 611 1849 dere
654 1795 970 1853 noluerunt.
1018 1799 1247 1867 Quidam
1300 1818 1432 1861 sane
1472 1806 1694 1879 dicunt,
1720 1811 1911 1869 oculus
1954 1830 2042 1870 nor

2248 1806 2364 1864 Nos
2396 1820 2571 1866 autem
2606 1831 2814 1870 sensum
2842 1816 3036 1874 Christi
3062 1821 3330 1881 habemus.
3358 1826 3465 1896 Qui
3505 1828 3755 1901 Spiritum

476 1884 616 1942 vidit
645 1887 908 1957 virginem
948 1894 1251 1962 peperisse,
1284 1911 1385 1953 nec
1435 1901 1584 1956 auris
1632 1902 1840 1959 audivit
1872 1923 1885 1959 :
1912 1906 2069 1965 Tunc

467 1978 603 2049 justi
646 1982 788 2038 sicut
836 1983 923 2039 sol
965 1986 1269 2057 fulgebunt.
1294 1990 1397 2057 Qui
1440 1992 1605 2049 habet
1649 2010 1830 2063 aures,
1866 1997 2063 2070 inquit,

469 2070 745 2139 audiendi,
777 2076 963 2131 audiat
996 2093 1012 2130 :
1044 2087 1117 2133 et
1145 2077 1200 2133 in
1240 2094 1336 2137 cor
1370 2082 1607 2144 hominis
1636 2102 1745 2143 non
1791 2091 2059 2159 ascendit,

468 2160 720 2221 homines
750 2166 1067 2226 cohzcredes
1097 2169 1320 2229 Christo
1350 2174 1580 2232 futuros.

540 2253 709 2311 Nobis
735 2270 907 2313 autem
935 2262 1175 2317 reuelauit
1205 2265 1347 2322 Deus
1371 2286 1462 2337 per
1483 2272 1727 2341 spiritum
1753 2292 1929 2333 suum.
1953 2279 2063 2336 No-

466 2346 573 2415 bis,
602 2352 691 2420 qui
735 2351 840 2408 lide
883 2359 1183 2412 meruimus
1217 2361 1472 2429 spiritum
1518 2364 1614 2421 Dei
1661 2370 1935 2441 accipere,
1966 2374 2059 2445 qui

465 2440 621 2496 nobis
654 2442 991 2500 voluntatem
1012 2447 1131 2516 ejus
1162 2450 1422 2508 ostendit.

533 2531 766 2604 Spiritus
790 2538 927 2592 enim
954 2542 1127 2594 omnia
1152 2554 1435 2610 scrutatur,
1464 2550 1623 2604 etiam
1643 2555 1909 2625 profunda
1933 2557 2051 2616 Dei.

463 2616 642 2681 Etiam
666 2644 787 2698 quae
816 2631 869 2686 in
903 2644 1119 2690 secreto
1146 2635 1243 2692 Dei
1271 2641 1505 2696 consilio
1537 2647 1961 2715 conquieacunt.

532 2717 660 2784 Quis
697 2721 841 2774 enim
878 2724 975 2778 scit
1018 2723 1307 2793 hominum,
1341 2747 1458 2803 quin
1483 2744 1603 2788 sunt
1648 2734 1873 2793 hominis
1905 2756 1925 2795 :
1950 2741 2053 2797 nisi

457 2809 671 2881 spiritus
698 2812 943 2886 hominis,
970 2820 1059 2887 qui
1084 2819 1137 2872 in
1164 2822 1280 2892 ipso
1300 2825 1417 2879 est?
1440 2823 1527 2879 Ita
1554 2837 1603 2880 et
1640 2844 1756 2896 qua:
1782 2829 1882 2886 Dei
1905 2844 2049 2900 sunt,

456 2918 603 2959 nemo
648 2910 889 2977 cegnouit
939 2913 1041 2965 nisi
1088 2916 1303 2986 spiritus
1348 2918 1467 2973 Dei.
1513 2922 1646 2986 Quae
1690 2926 2049 2996 cogitationes

456 3010 745 3054 versentur
788 3002 841 3056 in
885 3002 1125 3061 homine.
1158 3009 1289 3064 Item
1323 3012 1427 3066 alia
1469 3018 1780 3086 expositio:
1814 3020 2049 3079 Praecla-

452 3104 578 3145 rum
622 3091 728 3148 hoc
754 3094 1020 3153 adversus
1045 3098 1357 3169 haereticos,
1389 3108 1481 3177 qui
1533 3120 1840 3169 creaturam
1873 3115 2047 3188 Spiri-

2171 1909 2417 1959 sanctum
2444 1907 2778 1978 accepimus.

2783 2070 3010 2131 CAPUT
3041 2073 3133 2133 III.

2237 2196 2308 2253 Et
2336 2215 2452 2271 ego,
2486 2204 2701 2273 fratres,
2730 2219 2836 2259 non
2870 2208 3021 2278 potui
3046 2208 3190 2265 vobis
3230 2211 3375 2284 loqui
3397 2216 3562 2288 quasi
3606 2220 3745 2288 spiri-

2164 2289 2412 2358 tualibus,
2441 2292 2535 2348 sed
2568 2297 2721 2364 quasi
2758 2299 3074 2355 carnalibus.
3104 2302 3262 2359 Modo
3294 2306 3513 2371 timens.
3554 2326 3632 2367 ne
3663 2328 3746 2382 pne

2162 2388 2278 2438 teut
2307 2383 2410 2439 hoc
2432 2386 2607 2441 solum
2633 2387 2839 2445 habere
2868 2405 3090 2447 sensum
3126 2396 3366 2469 Domini,
3390 2401 3543 2471 quod
3579 2404 3679 2476 ipsi
3703 2416 3747 2459 ut

2161 2476 2367 2543 parvuli
2419 2477 2707 2535 audierant
2741 2498 2758 2535 :
2790 2495 2922 2549 non,
2957 2487 3149 2555 inquit,
3188 2488 3239 2541 in
3270 2504 3363 2545 me
3406 2506 3613 2550 sensus
3656 2496 3742 2550 Dn-

2158 2564 2288 2620 mini
2325 2566 2544 2629 defecit.
2575 2573 2669 2626 sed
2703 2574 2857 2629 vobis
2886 2577 3057 2632 virtus
3086 2579 3257 2634 defuit
3295 2584 3593 2641 audiendi.
3626 2589 3739 2645 Item

2156 2658 2259 2712 alia
2309 2662 2584 2731 expositio
2611 2680 2625 2718 :
2656 2666 2850 2738 Arguit
2891 2672 3188 2740 Apostolus
3228 2674 3579 2748 Corinthios,
3614 2684 3737 2752 quod

2153 2753 2382 2822 gratiam
2431 2772 2595 2827 quam
2647 2760 2700 2814 in
2754 2762 3030 2833 principio
3078 2767 3368 2823 credentes
3398 2786 3737 2845 acceperant,

2153 2846 2510 2915 perdiderint.
2543 2851 2769 2909 Videtur
2802 2865 2984 2911 autem
3032 2858 3135 2915 hoc
3184 2861 3305 2917 loco
3358 2867 3650 2925 universos
3691 2872 3739 2926 in

2151 2953 2441 2997 commune
2490 2944 2798 3016 increpare.
2837 2949 2972 3005 Cum
3017 2950 3071 3006 hi
3117 2955 3737 3034 reprehendantur,qu

2149 3047 2259 3088 non
2277 3034 2435 3103 juxta
2466 3035 2626 3092 fidem
2647 3052 3065 3099 conversantur.

2221 3124 2503 3197 Tamquam
2544 3133 2779 3201 parvulis
2817 3135 2869 3188 in
2904 3134 3135 3193 Christo.
3161 3138 3280 3196 Non
3311 3151 3479 3201 aetate
3516 3148 3729 3214 carnali,

451 3188 567 3237 tum
597 3195 847 3241 sanctum
862 3188 1067 3248 dicunt.
1094 3192 1247 3249 Unde
1271 3194 1359 3252 hic
1382 3200 1699 3258 ostenditur
1723 3220 1831 3260 non
1862 3210 2040 3266 solum
2068 3194 2116 3260 (ἶ
2144 3217 2239 3274 sed
2268 3220 2322 3274 in
2348 3188 2589 3277 Christo.

450 3284 757 3331 creaturam
784 3293 892 3333 non
921 3296 1065 3348 esse,
1100 3300 1291 3342 verum
1331 3290 1520 3357 etiam,
1552 3296 1698 3364 quod
1747 3297 1865 3366 ipse
1891 3301 2042 3358 solus

449 3361 708 3421 interiora
735 3369 855 3438 Dei,
890 3379 947 3426 et
970 3374 1245 3443 profunda
1275 3380 1508 3437 rimetur
1542 3361 1789 3458 {quippe
1822 3399 1880 3446 ut
1902 3392 2043 3464 ejus-

453 3454 580 3512 dem
606 3467 813 3517 naturat
840 3475 1004 3535 atque
1032 3469 1355 3529 substantia:
1373 3474 1443 3528 sit
1468 3490 1589 3531 cum
1608 3454 1855 3537 Christo.

516 3549 634 3604 Nos
679 3564 853 3609 autem
894 3574 1000 3612 non
1035 3562 1280 3640 spiritum
1301 3564 1463 3638 hujus
1490 3573 1671 3624 mundi
1716 3578 2037 3647 accepimus,

444 3642 536 3696 sed
583 3646 825 3712 spiritum
874 3651 1052 3718 quies:
1101 3654 1209 3709 Deo
1253 3668 1349 3711 est.
1388 3659 1730 3734 Quicumque
1760 3642 2033 3731 mundana

440 3739 607 3809 sapit,
640 3754 749 3796 non
780 3743 1035 3813 spiritum
1061 3747 1161 3803 Dei
1191 3750 1409 3808 videtur
1431 3755 1655 3824 habere,
1682 3762 1776 3816 sed
1820 3768 2028 3823 mundi.

516 3831 585 3887 Ut
612 3824 837 3893 sciamus
862 3854 976 3908 qua:
997 3857 1031 3893 a
1058 3841 1171 3897 Deo
1198 3845 1392 3902 donata
1417 3860 1541 3904 sunt
1587 3854 1753 3909 nobis.
1786 3856 1855 3913 Ut
1894 3861 2034 3917 scia-

437 3940 560 3980 mus
611 3938 813 3998 quanta
871 3933 1028 3988 nobis
1067 3949 1095 3989 a
1142 3934 1258 3992 Deo
1297 3940 1495 3997 collata
1533 3953 1661 3999 sunt
1692 3962 1789 4016 per
1824 3948 2027 4013 Christi

436 4017 752 4077 adventum.

510 4112 643 4180 Qua
678 4126 725 4169 et
751 4114 1015 4186 loquimur
1054 4137 1158 4177 non
1186 4124 1244 4181 in
1278 4126 1445 4183 doctis
1482 4129 1726 4188 humana:
1760 4140 2029 4210 sapientia

436 4208 621 4273 verbis,
646 4210 737 4265 sed
764 4213 819 4264 in
845 4211 1082 4271 doctrina
1105 4218 1343 4288 spiritus.
1377 4222 1512 4287 Quae
1541 4228 1708 4284 etiam
1736 4208 1893 4287 vobis
1925 4250 2024 4291 an-

433 4302 762 4370 nuntiamus,
797 4320 907 4362 non
933 4323 960 4361 a
1002 4308 1362 4382 philoSOpliis,
1390 4318 1474 4372 vel
1504 4326 1899 4395 grammaticis,
1923 4332 2019 4387 sed

431 4408 460 4445 a
496 4394 589 4449 Dei
622 4396 812 4465 spiritu
839 4400 1063 4457 eruditi.

501 4484 879 4555 Spiritualibus
929 4496 1231 4565 spiritualia
1270 4513 1651 4573 commrantes.
1682 4505 1791 4566 Illis
1820 4526 1883 4567 ea
1925 4512 2010 4570 di-

428 4585 638 4642 centes,
671 4581 764 4649 qui
792 4596 1020 4651 possunt
1060 4588 1252 4645 audire
1283 4608 1296 4644 :
1324 4606 1431 4646 non
1463 4594 1606 4650 enim
1638 4612 1870 4665 possunt
1904 4606 2011 4663 nisi
2039 4582 2095 4643 Ῑ)

424 4685 452 4723 a
477 4670 579 4727 sibi
610 4673 843 4743 cognitis
870 4686 926 4731 et
950 4679 1222 4738 similibus
1246 4687 1660 4755 comprehendi.

490 4763 745 4820 Animalia
763 4778 938 4823 autem
964 4772 1117 4827 homo
1135 4792 1239 4829 non
1270 4779 1489 4850 percipit
1517 4798 1597 4849 ea,
1626 4801 1742 4856 qum
1758 4799 1881 4844 sunt
1900 4794 2008 4860 spi-

418 4860 549 4915 ritus
576 4859 694 4915 Dei.
723 4862 826 4931 Qui
859 4866 1108 4935 spiritum
1139 4869 1232 4925 Dei
1264 4887 1370 4928 non
1397 4873 1581 4944 habet,
1608 4882 1863 4938 animalis
1883 4896 2004 4942 est:

416 4955 540 5024 quia
585 4955 900 5013 animalium
940 4959 1047 5015 ritu
1086 4975 1356 5033 versatur,
1386 4970 1478 5038 qui
1517 4980 1669 5038 putat
1699 4976 1834 5032 nihil
1880 4993 2005 5037 esse

415 5058 537 5115 post
575 5061 831 5106 mortem.
866 5052 930 5107 Et
955 5051 1080 5109 ideo
1123 5064 1180 5109 ut
1212 5057 1413 5115 animal
1449 5067 1624 5120 ventri
1683 5069 2001 5143 libidinique

414 5142 701 5198 committit
729 5159 809 5213 se,
838 5155 1039 5203 aeterna
1063 5158 1243 5205 morte
1274 5155 1567 5220 periturus.

483 5234 722 5295 Stultitia
741 5241 879 5295 enim
903 5254 981 5297 est
1004 5242 1106 5312 illi,
1136 5254 1187 5300 et
1216 5262 1319 5302 non
1341 5258 1511 5318 potest
1538 5253 1856 5328 intelligere,
1873 5264 1998 5331 quia

411 5328 763 5399 spiritualiter
788 5337 1140 5392 examinatur.
1176 5339 1412 5398 Stultitia
1453 5346 1527 5399 illi
1553 5347 1767 5404 videtur
1795 5328 1989 5422 primo,

407 5419 552 5492 quod
591 5421 702 5489 ille,
734 5426 827 5494 qui
867 5437 923 5482 et
954 5443 1167 5500 passus,
1201 5444 1257 5488 et
1298 5447 1544 5492 mortuus
1570 5451 1674 5509 est,
1707 5453 1761 5499 et
1796 5419 1989 5503 resur;

400 5516 541 5573 rexit
572 5534 589 5574 :
628 5517 793 5575 tutius
840 5532 1108 5583 creatura:
1154 5542 1296 5586 nune
1334 5531 1599 5590 Dominus
1636 5539 1985 5608 praedicetur.

474 5729 498 5758 ι
522 5720 947 5813 ῐξθεοτίὺεηᾶιξηι
977 5734 1194 5813 omnino
1222 5746 1324 5813 est,
1369 5757 1432 5796 ea
1472 5756 1569 5813 pro
1594 5752 1729 5811 erat,
1758 5747 1844 5802 cui
1890 5758 1987 5804 re-‘

392 5795 644 5867 spondet,
673 5814 837 5872 neque
864 5803 983 5861 ista.
1010 5809 1082 5865 At
1108 5795 1324 5878 quando
1355 5795 1432 5871 ita
1473 5795 1984 5896 rp't'teferuhtv“vulgo

2216 3311 2324 3366 Lac
2351 3314 2492 3368 vobis
2514 3324 2691 3388 potum
2716 3317 2858 3385 dedi,
2879 3336 2980 3376 non
3003 3338 3195 3379 escam.
3218 3326 3471 3385 Nondum
3492 3333 3623 3387 enim
3642 3350 3726 3404 po-

2142 3407 2340 3473 teratis,
2364 3409 2457 3463 sed
2476 3426 2569 3463 nec
2590 3427 2726 3465 nunc
2749 3415 2957 3482 quidem
2984 3423 3198 3489 potestis
3227 3437 3245 3474 :
3267 3421 3444 3477 adhuc
3464 3426 3600 3480 enim
3617 3443 3723 3480 car-

2138 3498 2285 3553 nales
2336 3502 2478 3555 estis.
2518 3501 2631 3557 Hoc
2670 3513 2727 3558 et
2769 3506 2961 3562 beatus
3006 3509 3199 3567 Petrus
3243 3514 3358 3568 ait:
3392 3516 3714 3588 Depoueutvs

2137 3590 2302 3662 igitur
2327 3608 2545 3650 omnem
2588 3596 2852 3653 malitiam
2903 3607 2959 3654 et
3001 3604 3431 3673 sirnulationem,
3455 3616 3703 3677 tamquam

2134 3685 2297 3739 modo
2326 3687 2491 3756 geniti
2529 3688 2759 3744 infantes
2804 3693 3183 3765 rationabiles,
3210 3709 3266 3751 et
3312 3700 3429 3755 sine
3470 3699 3588 3754 dolo
3625 3701 3703 3753 lac

2132 3779 2525 3848 concupiscite,
2559 3790 2617 3835 ttt
2646 3784 2699 3837 in
2738 3798 2804 3838 eo
2834 3787 3097 3841 crescatis
3123 3787 3179 3842 in
3217 3791 3477 3847 salutem.
3507 3774 3562 3850 Si
3587 3808 3705 3861 ergo

2130 3873 2309 3929 adhuc
2335 3874 2415 3928 illi
2448 3876 2657 3945 parvuli
2687 3888 2814 3933 sunt
2843 3880 2933 3949 qui
2966 3894 3184 3942 omnem
3213 3884 3480 3941 malitiam
3509 3888 3711 3956 abjccc-

2131 3976 2275 4028 runt,
2309 3976 2363 4023 et
2393 3969 2479 4038 qui
2514 3972 2754 4024 nondum
2802 3983 2923 4026 sunt
2959 3973 3011 4026 in
3058 3975 3260 4032 virtute
3316 3979 3565 4052 perfecti,
3595 3981 3714 4051 quid

2128 4058 2196 4114 de
2226 4060 2334 4113 illis
2362 4062 2697 4117 censendum
2724 4075 2827 4135 est,
2861 4067 3062 4136 quibus
3091 4073 3269 4127 omnis
3313 4072 3524 4129 malitia
3552 4074 3714 4130 donti-

2126 4152 2327 4205 natur?

2194 4244 2323 4300 Cum
2347 4249 2483 4302 enim
2504 4250 2570 4304 sit
2592 4250 2728 4305 inter
2752 4266 2839 4306 vos
2863 4252 3002 4308 zelus
3029 4262 3077 4308 et
3098 4258 3378 4328 contentio,
3407 4276 3585 4317 nonne
3608 4278 3713 4315 car-

2120 4339 2263 4393 nales
2286 4342 2425 4395 estis.
2458 4342 2599 4398 Ecce
2619 4344 2687 4399 de
2717 4346 2910 4414 quibus
2932 4348 3077 4403 vitiis
3097 4350 3345 4405 carnales
3362 4353 3708 4422 jttdicantur:

2120 4444 2240 4501 qua:
2271 4448 2381 4487 non
2412 4437 2633 4504 proprie
2661 4452 2761 4508 per
2800 4453 3023 4494 carnem
3052 4439 3217 4509 ﬁunt;
3241 4442 3336 4498 sed
3388 4444 3459 4501 de
3507 4448 3704 4504 carnali

2116 4538 2282 4580 sensu
2308 4525 2427 4580 talia
2454 4526 2812 4585 descendunt.

2188 4613 2258 4668 Et
2293 4617 2570 4671 secundum
2622 4620 2881 4677 hominem
2924 4624 3240 4681 ambulatis?
3266 4626 3369 4695 Qui
3414 4630 3559 4687 nihil
3596 4648 3704 4686 am-

2116 4706 2255 4777 plius
2286 4708 2468 4777 habet,
2497 4727 2657 4780 quam
2681 4714 2867 4770 caeteri
2898 4716 3167 4786 homines,
3200 4723 3509 4779 secundum
3537 4726 3709 4781 homi-

2113 4814 2235 4855 nem
2264 4801 2462 4857 dicitur
2491 4805 2773 4861 ambulare
2805 4826 2817 4860 :
2847 4809 2944 4863 sed
2974 4811 3025 4864 in
3054 4810 3158 4866 hoc
3180 4814 3307 4869 loco
3328 4816 3401 4869 ob
3429 4818 3709 4873 defensio-

2109 4906 2231 4948 nem
2259 4894 2595 4965 singulorum
2629 4899 2929 4969 hominum,
2958 4902 3205 4960 homines
3232 4907 3608 4976 appellantur.

2179 4980 2307 5043 Cum
2329 4992 2464 5045 enim
2487 4993 2603 5061 quis
2627 4993 2790 5061 dicat,
2821 5011 2915 5067 ego
2940 4998 3148 5068 quidem
3174 5016 3289 5054 sum
3330 5001 3497 5058 Pauli
3524 5022 3547 5061 :
3572 5008 3707 5062 alius

2105 5091 2301 5149 autem,
2343 5101 2435 5158 ego
2468 5085 2654 5158 Apollo
2687 5103 2707 5141 :
2734 5105 2907 5143 nonne
2952 5093 3184 5147 homines
3230 5096 3548 5153 estis?Vult
3603 5116 3704 5156 nos

2105 5174 2229 5243 plus
2256 5189 2401 5243 esse,
2436 5193 2597 5249 quam
2623 5179 2893 5237 homines.

2173 5269 2313 5336 Quid
2337 5271 2499 5343 igitur
2523 5282 2600 5328 est
2629 5274 2819 5346 Apollo
2836 5278 2862 5331 .7
2888 5279 3017 5349 quid
3046 5295 3169 5335 uero
3195 5280 3398 5339 Paulus
3415 5284 3442 5339 2’
3462 5288 3698 5344 ministri

2095 5363 2207 5431 ejus
2242 5364 2327 5416 cui
2370 5366 2681 5423 credidistis.
2715 5369 2769 5424 Si
2808 5384 2908 5425 nos
2936 5372 3069 5426 nihil
3109 5388 3323 5443 sumus,
3352 5393 3493 5448 quos
3529 5381 3691 5436 mini-

2090 5464 2238 5510 stros
2266 5456 2380 5527 ipse
2408 5462 2709 5531 constituit,
2742 5475 2947 5535 quanto
2977 5467 3152 5538 magis
3182 5468 3257 5523 illi
3287 5469 3380 5542 qui
3410 5472 3461 5527 in
3492 5487 3694 5529 απυδ·

2089 5547 2230 5607 libus
2257 5550 2596 5622 gloriantur!

2086 5750 2451 5833 libri,_ncque
2484 5756 2652 5815 ullum
2684 5772 2923 5820 veterum
2955 5768 3249 5825 editionum
3278 5786 3521 5829 errorem
3554 5784 3679 5833 sus-

2090 5826 2216 5885 tulit
2241 5827 2605 5904 Martianaeus,
2640 5834 2902 5896 lectorem
2931 5842 3233 5911 monuisse,
3268 5826 3425 5903 satis.
