3978 6286
215 284 339 349 798

988 290 1528 352 COMMENTARIUS
1563 291 1633 349 ιιι
1670 291 2247 354 armantur)
2281 296 2439 359 non.
2480 298 2633 361 cur.
2674 300 2762 357 Ill.
2834 248 2838 259 ’

3420 306 3533 379 vss

300 408 373 464 Et
415 409 877 482 αιιίεκὶφιειείοιιι
918 406 1177 467 Dominus
1224 409 1386 464 dedit.
1415 408 1531 481 Ego
1575 409 1828 481 plantavi,
1859 410 1911 470 Α
1936 409 2093 469 Unde
2121 412 2409 473 manifeste
2436 415 2764 482 ostenditur,
2797 417 2938 487 sicut
2962 432 3129 489 supra
3157 422 3525 493 eqmprehcn-

206 503 420 577 Apollo
442 505 651 576 rigavit,
684 503 773 559 sed
802 502 945 559 Deus
974 519 1113 559 nunc
1134 504 1508 559 incrementum
1528 503 1690 558 dedit.
1715 503 1830 567 Hoc

208 598 410 666 ipsum
445 611 552 651 non
584 609 656 651 ex
692 596 847 652 nobis
877 607 983 663 est,
1015 596 1115 652 sed
1144 596 1241 652 Dei
1272 593 1477 653 donum
1511 606 1619 665 eat,
1645 603 1706 650 ιιι
1729 606 1830 665 per

203 687 423 745 manus
453 705 602 755 meas
630 690 782 760 signa
810 686 1025 754 ﬂerent,
1053 703 1176 760 qua!
1205 704 1307 745 vos
1334 689 1638 745 excitarent
1661 689 1727 767 ad
1764 688 1828 742 ﬁ-

203 784 352 840 dem
399 793 500 839 :et
543 784 757 854 Apollo
792 800 890 839 sua
930 799 1030 839 vos
1078 784 1324 839 doctrina
1376 782 1625 838 ﬁrmaret
1656 800 1669 836 :
1699 782 1828 852 quia

200 878 370 935 sicut
397 878 579 948 planta
606 879 728 933 sine
765 890 928 948 aqua,
958 879 1040 933 sic
1074 878 1210 933 ﬁdes
1248 877 1369 933 sine
1409 877 1655 932 doctrina
1684 880 1827 931 mar-

202 972 418 1028 cescit.
446 969 506 1027 Si
553 983 686 1038 ergo
715 979 773 1027 et
816 971 1106 1041 plantatio,
1137 981 1193 1026 et
1242 972 1363 1026 lous
1401 970 1499 1026 Dei
1538 975 1625 1025 est
1651 985 1669 1025 :
1697 967 1829 1041 quid

158 1088 165 1091 ν
201 1066 389 1121 nobis
415 1063 687 1121 ascribitis
727 1065 885 1136 quasi
924 1064 1127 1136 aliquid
1156 1073 1345 1120 nostra
1373 1064 1577 1120 virtute
1627 1063 1827 1120 feceris

206 1176 354 1217 mus
383 1159 409 1214 ?

278 1254 489 1325 Itaque
513 1270 678 1329 neque
689 1254 778 1325 qui
800 1253 1006 1325 plantat
1022 1260 1099 1309 est
1116 1252 1341 1324 aliquid,
1368 1268 1534 1325 neque
1556 1252 1647 1324 qui
1662 1252 1825 1324 rigat,

206 1349 318 1403 sed
339 1349 436 1419 qui
462 1348 835 1403 incrementum
866 1347 976 1415 dat,
1008 1346 1166 1400 Deus.
1194 1345 1297 1410 Qui
1318 1356 1492 1399 autem
1521 1345 1828 1416 plantat,et

203 1441 314 1511 qui
331 1440 495 1511 rigat,
514 1456 674 1495 unum
689 1449 829 1495 sunt.
849 1438 1208 1510 Unusquisque
1219 1446 1389 1492 autem
1404 1438 1672 1509 propriam
1689 1453 1829 1492 mers

206 1534 404 1590 cedem
450 1534 690 1606 accipiet,
724 1533 1012 1589 secundum
1055 1546 1210 1587 suum
1252 1532 1504 1587 laborem.
1535 1530 1651 1587 Nisi
1680 1532 1828 1593 enim

209 1627 375 1684 Deus
418 1627 815 1685 incrementum
844 1626 1080 1693 dederit,
1110 1627 1233 1682 sine
1277 1640 1440 1683 causa
1490 1626 1822 1683 laboramus.

210 1718 336 1775 Nos
386 1719 712 1776 mercenarii
766 1732 955 1774 sumus
985 1718 1046 1774 in
1076 1717 1259 1773 alieno
1285 1732 1438 1788 agro.
1466 1716 1678 1773 Alienis
1716 1718 1826 1773 uti.

1934 521 2052 561 sum
2098 516 2204 575 est,
2235 510 2482 567 homines
2529 524 2655 567 esse
2701 526 2925 579 aurum,
2957 525 3266 584 argentum,
3311 515 3521 587 lapides

1932 601 2224 669 pretiosos,
2261 601 2425 671 ligna,
2462 602 2663 669 fenum,
2688 605 2967 674 stipulam.
2996 605 3135 673 Quia
3164 608 3406 679 acceptis
3436 610 3519 664 in-

1931 693 2308 750 Stitutionibus
2338 697 2745 767 magistrorum,
2775 700 2861 759 vel
2886 697 3190 767 observant
3220 712 3516 779 praecepta,

1931 786 2017 842 vel
2048 787 2347 857 negligant.
2694 852 2697 853 ν
3378 810 3379 813 η

2002 879 2224 948 Aurum,
2255 894 2546 955 argentum,
2582 883 2780 955 lapides
2810 885 3083 955 pretiosos,
3114 885 3281 960 ligna,
3323 892 3525 961 fenum,

1930 972 2181 1041 stipulam
2210 992 2231 1030 :
2274 977 2686 1050 uniuscujusque
2722 994 2852 1048 opus
2882 981 3217 1051 inanitestum
3246 983 3364 1037 crit.
3399 982 3525 1045 Dies

1929 1068 2071 1121 enim
2097 1065 2309 1125 Domini
2340 1069 2617 1129 declarabit
2645 1086 2662 1124 :
2691 1071 2814 1142 quia
2842 1073 2897 1125 in
2931 1058 3049 1142 igne
3086 1074 3418 1129 revelabitur.
3461 1075 3525 1135 lu

1930 1158 2173 1216 Ecclesia
2217 1164 2314 1219 tria
2354 1172 2556 1233 genera
2589 1172 2718 1218 sunt
2749 1163 3037 1227 bonarum.
3070 1166 3166 1222 Est
3192 1167 3394 1222 bonum
3420 1207 3438 1233 ,
3467 1176 3525 1239 ct

1930 1250 2123 1306 melius
2145 1295 2159 1319 ,
2187 1260 2242 1306 et
2270 1253 2554 1322 optimum.
2587 1253 2743 1322 Quod
2783 1263 2964 1312 autem
2995 1258 3169 1326 primo
3196 1272 3391 1313 aurum
3427 1275 3523 1329 po-
3574 1256 3581 1263 ’

1930 1341 2039 1397 suit
2065 1349 2123 1397 ut
2146 1344 2543 1415 sermomelius
2566 1355 2863 1414 texeretur,
2895 1347 3012 1403 sive
3030 1348 3097 1403 ad
3120 1347 3521 1415 fortitudinem,

1930 1451 2040 1495 non
2079 1436 2151 1495 ad
2176 1436 2414 1506 speciem
2452 1439 2811 1507 comparavit.
2846 1438 2979 1508 Quia
3012 1448 3297 1509 argentum
3326 1441 3519 1498 fortius

1929 1536 2015 1587 est
2044 1544 2198 1595 auro,
2229 1529 2357 1591 ideo
2384 1531 2596 1589 meliori
2626 1532 2845 1603 ponitur
2875 1532 3015 1588 loco.
3050 1533 3177 1588 Tria
3205 1544 3332 1606 sunt
3353 1549 3516 1590 econ-

1931 1622 2102 1681 trario‘
2144 1637 2346 1693 genera
2386 1623 2658 1687 malorum
2690 1642 2705 1680 :
2738 1625 2972 1694 malum,
3020 1626 3212 1698 pejus,
3250 1636 3307 1682 et
3334 1628 3516 1698 pessi-

1931 1733 2100 1783 mum.
2133 1717 2265 1787 Qum
2292 1718 2485 1790 lignis,
2514 1718 2641 1777 ieno
2661 1758 2679 1787 ,
2708 1730 2763 1775 et
2793 1720 3007 1791 stipulze
3036 1731 3447 1793 comparantur.

210 1822 349 1869 mur
380 1810 727 1868 [eminentis
756 1827 771 1865 :
796 1809 933 1866 nihil
957 1809 1220 1867 habemus
1245 1810 1526 1883 proprium
1554 1808 1661 1865 nisi
1684 1820 1828 1866 mer-
1855 1805 1905 1871 Β
2001 1807 2071 1864 Et
2101 1811 2507 1883 uniuscujusque
2546 1829 2677 1884 aput
2715 1814 2868 1886 quale
2895 1815 2984 1883 sit,
3015 1816 3150 1888 ignis
3176 1815 3434 1888 probabit.
3461 1815 3525 1887 Si

216 1906 414 1963 cedem
446 1906 620 1961 nostri
655 1904 880 1961 laboris.

301 1998 398 2054 Dei
422 1998 566 2053 enim
601 2012 781 2053 sumus
818 1997 1091 2070 adjutores
1113 2011 1134 2053 :
1155 1993 1254 2053 Dei
1291 1994 1620 2069 agricultura
1651 1995 1777 2051 satis
1804 2009 1825 2052 :

228 2089 330 2145 Dei
375 2089 656 2159 wdi/icatio
684 2090 827 2146 estis.
855 2088 975 2146 Non
1023 2089 1077 2145 in
1132 2089 1400 2160 potentia,
1428 2088 1525 2144 sed
1565 2088 1623 2144 in
1653 2087 1826 2159 verba

218 2181 552 2255 adiuvemus
580 2182 684 2239 coli
713 2182 810 2239 Dei
832 2196 1046 2255 agrum,
1076 2184 1133 2239 et
1159 2183 1363 2238 exstrui
1393 2180 1680 2252 templum.

294 2277 604 2333 Secundum
647 2276 874 2349 gratiam
926 2275 1043 2345 Dei,
1075 2288 1194 2347 quia
1254 2275 1383 2329 data
1419 2284 1494 2330 est
1531 2272 1824 2330 mihi.‘Non

220 2368 530 2427 secundum
561 2384 736 2425 meam
774 2368 1054 2427 virtutem.
1078 2368 1208 2426 Sive
1233 2368 1471 2439 ponendi
1496 2368 1823 2425 fundamen-

219 2472 341 2517 tum
368 2461 600 2532 gratiam
629 2460 815 2531 accepi
849 2476 863 2513 :
896 2468 954 2513 ut
992 2459 1063 2515 ibi
1100 2458 1483 2529 praedicarem,
1514 2457 1604 2514 ubi
1652 2456 1823 2514 Chrio

222 2564 345 2611 stus
363 2569 474 2610 non
498 2555 672 2609 luerat
695 2555 993 2609 nuntiatus.

310 2649 380 2705 Ut
427 2652 635 2720 sapiens
690 2650 1006 2704 architectus
1058 2649 1455 2723 fundamentum
1484 2644 1660 2718 posui.
1700 2643 1819 2702 Non

235 2754 419 2816 potest
447 2745 724 2814 imperitus
757 2744 1089 2801 architectus
1135 2758 1337 2814 ponere
1381 2741 1819 2799 fundamentum.

303 2836 452 2892 Alius
493 2847 672 2892 autem
722 2836 1126 2910 superaedi/icat.
1159 2836 1315 2891 Alius
1351 2834 1544 2890 doctor
1596 2833 1827 2889 instituit

232 2942 397 2997 supra
429 2928 617 2994 fidem,
640 2943 800 2998 quam
831 2943 934 2999 ego
957 2926 1198 2982 fundavi.

300 3022 679 3094 Unusquisque
704 3031 879 3077 autem
914 3022 1087 3078 videat
1123 3021 1381 3094 quomodo
1426 3019 1825 3093 supertrdiﬁcet.

224 3116 516 3174 Sollicitus
542 3132 704 3187 quam
735 3115 897 3173 fortia
926 3123 985 3173 et
1009 3125 1157 3172 recta
1191 3116 1461 3185 parietum
1493 3114 1666 3170 latera
1688 3130 1827 3170 con-

220 3220 482 3281 surgant.

294 3302 731 3359 Fundamentum
752 3302 889 3358 enim
921 3301 1073 3357 aliud
1100 3315 1247 3356 nemo
1268 3306 1438 3373 potest
1466 3315 1659 3369 ponere
1687 3312 1826 3367 proo-

223 3406 298 3451 tcr
358 3396 416 3449 id
474 3397 613 3465 quod
652 3397 879 3465 positum
927 3403 1007 3449 est
1033 3408 1053 3448 :
1078 3393 1221 3466 quod
1255 3403 1334 3449 est
1375 3392 1615 3449 Christus
1643 3391 1827 3447 Iesus.

222 3487 348 3544 Non
398 3496 487 3544 est
515 3487 655 3544 alius
698 3487 970 3555 Christus,
1001 3478 1161 3558 quem
1218 3487 1396 3556 possit
1440 3486 1595 3541 vobis
1631 3484 1828 3556 aliquis

223 3580 558 3653 praedicare,
591 3587 792 3650 praeter
822 3578 1009 3634 Jesum
1048 3578 1137 3633 cui
1165 3577 1272 3643 iide
1301 3576 1621 3635 firmissima
1651 3576 1828 3633 credi-

223 3672 408 3729 distis.
447 3672 561 3727 Hoc
586 3673 762 3726 solum
783 3674 983 3743 agitur,
1017 3686 1089 3727 ne
1113 3687 1208 3741 per
1234 3672 1521 3727 doctorum
1555 3672 1827 3742 negligen-

227 3767 366 3822 tiam
393 3764 617 3823 obnoxii
643 3766 912 3837 incipiatis
940 3781 1067 3823 esse
1090 3766 1376 3838 gehennc.

304 3858 372 3914 Si
408 3858 528 3925 quis
572 3866 746 3912 autem
793 3857 1182 3931 superadiﬁcat
1226 3874 1392 3929 supra
1417 3859 1830 3926 fundamentum

237 3951 356 4006 hoc.
382 3950 641 4021 Ejusdem
682 3952 818 4006 artis
853 3961 959 4021 est,
990 3951 1083 4022 qui
1110 3950 1532 4022 superaedilicat,
1566 3952 1689 4006 licet
1718 3951 1828 4007 mi-

230 4058 340 4099 nor
368 4044 443 4099 sit
467 4045 522 4099 in
548 4057 735 4115 opere,
765 4043 919 4115 cujus
946 4045 1036 4100 ille
1054 4054 1156 4109 est,
1183 4045 1274 4117 qui
1304 4046 1486 4115 posuit
1507 4045 1829 4102 fundamen-

231 4148 372 4193 tum.
400 4138 517 4194 Non
550 4154 682 4209 ergo
708 4140 1081 4211 unusquisque
1110 4140 1275 4195 homo
1300 4155 1464 4211 super
1486 4140 1647 4197 fidem
1673 4157 1827 4198 suam

229 4229 494 4297 mdilicat,
528 4232 623 4287 sed
653 4232 884 4303 quilibet
910 4233 1107 4290 doctor
1137 4249 1152 4288 :
1178 4234 1306 4303 quia
1334 4249 1438 4290 nec
1467 4236 1704 4306 parietes
1734 4214 1829 4306 per

230 4338 291 4379 se
320 4323 613 4395 aliquando
639 4335 868 4394 possunt
890 4327 1051 4396 erigi,
1076 4326 1181 4381 nisi
1210 4326 1411 4383 iuerint
1436 4326 1505 4383 ab
1537 4338 1828 4398 operatore

227 4418 558 4474 constructi.
586 4418 718 4476 Item
743 4418 831 4473 hic
856 4421 1163 4489 magistros,
1194 4428 1253 4479 et
1276 4420 1537 4477 doctores
1558 4422 1829 4494 significat

226 4526 405 4582 super
449 4511 865 4569 fundamentum
897 4514 1073 4584 (quod
1119 4522 1203 4569 est
1250 4514 1538 4586 Christus)
1577 4514 1829 4573 homines

1930 1907 2081 1977 cujus
2110 1921 2242 1975 opus
2275 1906 2561 1963 manserit:
2589 1907 2729 1980 quod
2754 1908 3209 1979 superadiﬁcavit,
3237 1910 3522 1969 mercedem

1927 1997 2164 2070 accipiet.
2185 1996 2396 2055 Aurum
2422 2009 2477 2055 ει
2497 2009 2787 2069 argentum
2819 2015 2926 2054 non
2960 1999 3135 2055 solum
3164 2013 3273 2056 non
3302 2000 3521 2071 ardent,

1928 2089 2023 2146 sed
2054 2104 2153 2161 per
2174 2088 2357 2161 ignem
2383 2089 2754 2160 splendidiora
2780 2090 3088 2147 radiabunt.
3120 2090 3289 2163 Ligna
3310 2106 3440 2147 vero
3464 2103 3520 2159 et

1928 2190 2126 2239 caetera
2172 2182 2583 2239 cremabantur.
2626 2182 2754 2239 Sive
2801 2182 3257 2238 esaminationem
3297 2184 3515 2259 judicii,

1929 2273 2040 2345 igni
2071 2275 2244 2330 voluit
2282 2290 2606 2346 comparare
2645 2293 2659 2330 :
2696 2273 2849 2346 juxta
2889 2276 3337 2332 consuetudinem
3371 2276 3519 2335 Scri-

1926 2376 2232 2439 pturarum.

2000 2460 2065 2518 Si
2112 2463 2263 2533 cujus
2311 2476 2443 2534 Opus
2490 2460 2711 2526 arserit,
2761 2461 3123 2519 detrimentum
3172 2463 3419 2535 patietur.
3462 2460 3523 2518 Si

1927 2555 2051 2625 quis
2091 2554 2427 2626 negligenter
2459 2562 2554 2617 aut
2577 2553 2746 2611 verbo
2793 2553 3069 2619 docuerit,
3111 2550 3516 2625 aut’exemplo,

1929 2644 2120 2715 perdet
2145 2645 2386 2702 laborem
2416 2661 2575 2713 suum
2597 2685 2612 2712 ,
2646 2645 2773 2717 quia
2800 2661 2937 2717 opus
2964 2644 3181 2701 aridum
3211 2644 3519 2700 infirmum-

1928 2754 2034 2809 que
2058 2737 2304 2806 perfecit.
3503 2722 3511 2731 λ

1999 2827 2121 2901 Ipse
2151 2838 2326 2884 autem
2354 2828 2530 2884 salvus
2560 2830 2679 2885 erit.
2710 2828 3018 2900 Inpropria
3042 2829 3277 2898 justitia.

2000 2920 2093 2977 Sic
2147 2930 2316 2976 tamen
2360 2922 2509 2992 quasi
2536 2938 2627 2997 per
2668 2922 2863 2992 ignem.
2893 2921 3048 2988 Quod
3088 2922 3133 2979 si
3167 2921 3261 2981 ille
3308 2920 3535 2995 nonnisi

1928 3029 2027 3087 per
2055 3016 2232 3086 ignem
2280 3014 2461 3070 salvus
2505 3015 2640 3085 erit,
2690 3016 2783 3089 qui
2808 3016 2990 3087 justus
3038 3032 3103 3072 cx
3151 3016 3372 3088 proprio
3414 3028 3520 3086 est,

1928 3108 2057 3180 quia
2098 3107 2434 3178 negligenter
2462 3108 2755 3163 azdiftcavit
2783 3108 3083 3179 discipulos
3111 3126 3123 3162 :
3160 3107 3284 3178 quid
3318 3108 3386 3164 de
3416 3096 3523 3164 illis

1853 3199 1901 3265 Ο
1932 3203 2045 3267 lict,
2077 3201 2171 3273 qui
2196 3212 2251 3259 et
2272 3217 2527 3275 sermone
2557 3218 2665 3259 non
2697 3202 2993 3279 aedificatus
3035 3214 3089 3261 et
3118 3203 3341 3275 insuper
3365 3218 3524 3259 scan-

1929 3297 2171 3355 dalizent
2196 3296 2488 3367 exemplo?

2003 3388 2263 3453 Nescitis,
2293 3388 2417 3457 quia
2456 3387 2704 3459 templum
2744 3385 2845 3443 Dei
2875 3388 2998 3451 estis
3022 3431 3038 3459 ,
3070 3398 3119 3445 et
3161 3388 3377 3461 spiritus
3422 3384 3526 3445 Dei

1928 3482 2127 3537 habitat
2154 3484 2208 3538 in
2236 3483 2376 3543 vobis
2399 3481 2424 3535 .7
2450 3480 2714 3551 Nescitis,
2746 3482 2899 3553 cujus
2935 3483 3057 3539 sitis
3090 3482 3370 3559 templum,
3402 3482 3523 3539 sive

1928 3574 1982 3631 in
2011 3577 2272 3646 singulis,
2300 3574 2415 3631 sive
2445 3577 2496 3631 in
2523 3576 2777 3639 universa
2808 3576 3087 3645 Ecclesia?

2000 3669 2062 3726 Si
2090 3669 2209 3740 quis
2250 3678 2427 3724 autem
2458 3669 2711 3739 templum
2756 3667 2857 3737 Dei
2894 3671 3162 3725 uiolauerit
3202 3686 3223 3728 .'
3262 3660 3525 3733 disperdet

1927 3767 2079 3825 illum
2102 3765 2259 3820 Deus.
2288 3761 2553 3837 Templum
2574 3764 2712 3818 enim
2736 3760 2839 3819 Dei
2859 3772 3095 3823 sanctum
3117 3771 3215 3827 est,
3239 3763 3378 3835 quod
3400 3764 3522 3817 estis

1928 3877 2036 3923 ros.
2067 3859 2193 3921 Sive
2233 3872 2389 3913 suum
2426 3871 2655 3926 corpus,
2709 3854 2986 3927 peccando
3017 3874 3029 3909 :
3064 3856 3181 3909 sive
3220 3855 3519 3913 Ecclesiam

1928 3955 1996 4011 ad
2029 3966 2249 4022 pravam
2278 3950 2584 4005 doctrinam
2614 3946 2951 4022 reducendo,
2980 3947 3065 4002 vel
3094 3956 3243 4002 certe
3269 3949 3521 4018 exemplo

1929 4045 2149 4117 preprio
2188 4042 2539 4099 destruendo.
2589 4040 2775 4096 Solent
2822 4041 2965 4095 hunc
3011 4040 3191 4095 locum
3235 4039 3523 4096 Novatiani

1930 4153 2208 4212 opponere
2247 4136 2314 4192 ad
2346 4135 2721 4207 ptnnitentiam
2750 4134 3168 4207 excludendum.
3196 4133 3405 4202 Quibus
3434 4151 3521 4190 rc-

1929 4214 2304 4301 spondendum
2331 4238 2439 4298 est,
2468 4230 2535 4284 ad
2561 4229 2689 4300 quid
2712 4228 2815 4285 hoc
2834 4228 3010 4299 ipsum
3035 4228 3289 4285 scribitur
3312 4244 3326 4285 :
3356 4227 3547 4299 Spem,

1929 4322 2103 4381 venire
2131 4340 2239 4379 non
2271 4320 2569 4391 habebunt.

2005 4417 2174 4472 Nemo
2202 4432 2290 4471 uos
2328 4414 2563 4471 seducet.
2608 4412 2856 4485 Pmpris,
2888 4409 2975 4468 vel
3004 4411 3182 4469 aliena
3209 4410 3521 4469 adulatione

1930 4511 2206 4581 deceptus.

228 4613 386 4660 recte
417 4603 723 4675 instituere,
767 4605 855 4660 vel
889 4583 1074 4675 prave,
1105 4606 1158 4660 in
1198 4607 1398 4677 quibus
1439 4583 1826 4679 magistrorum
1855 4583 1907 4661 Ι)
2002 4607 2202 4677 Siquis
2223 4607 2428 4662 videtur
2449 4606 2587 4661 inter
2605 4620 2694 4660 vos
2715 4604 2923 4679 sapiens
2944 4620 3056 4669 esse
3082 4604 3135 4659 in
3159 4603 3257 4659 hoc
3284 4604 3477 4661 strculo
3507 4622 3528 4660 :

229 4694 487 4751 doctrina
523 4698 577 4751 in
607 4696 699 4752 die
725 4697 917 4768 iudicii
957 4698 1013 4753 in
1045 4697 1169 4768 igne
1196 4699 1548 4768 revelabitur,
1579 4701 1672 4757 ubi
1699 4717 1832 4758 con-

228 4789 474 4860 sumptis
516 4791 923 4861 peccatoribus,
955 4792 1170 4862 probati
1212 4792 1530 4849 manebunt.
1563 4794 1830 4854 Doctores

231 4894 421 4938 autem
441 4898 609 4954 super
639 4885 744 4948 his,
769 4885 863 4953 qui
894 4886 1106 4955 probati
1137 4885 1375 4951 fuerunt,
1409 4888 1720 4946 mercedem
1743 4902 1829 4951 re-

232 4976 559 5034 tributionis
584 4978 854 5049 accipient
877 4996 891 5033 :
915 4979 972 5035 in
996 4980 1105 5037 illis
1133 4995 1261 5036 vero
1284 4996 1421 5052 quos
1444 4980 1589 5054 ignis
1616 4985 1825 5053 exurit,

232 5068 442 5127 damno
489 5071 844 5129 afﬁcientur:
884 5075 1009 5145 quia
1052 5074 1111 5131 in
1138 5092 1369 5132 vacuum
1416 5077 1825 5141 laboraverunt.

236 5164 410 5221 Iidem
443 5180 623 5223 autem
656 5167 903 5239 magistri
946 5168 997 5223 in
1050 5168 1318 5240 judicium
1352 5171 1659 5239 venientes,
1693 5174 1830 5237 salvi

236 5259 397 5325 ﬂent,
418 5260 465 5315 si
491 5271 669 5317 tamen
700 5260 805 5332 ipsi
853 5277 1014 5319 causa
1064 5279 1174 5321 non
1216 5264 1419 5321 fuerint
1461 5264 1827 5335 perditorum.

238 5352 398 5421 Quod
430 5364 613 5408 autem
645 5356 722 5409 ait
753 5375 765 5407 :
792 5353 853 5411 Si
884 5356 1040 5425 cujus
1085 5371 1225 5426 Opus
1266 5357 1489 5419 arserit,
1522 5355 1725 5415 damno
1752 5358 1833 5423 al-

240 5445 424 5502 lectus
470 5447 597 5502 erit.
628 5446 746 5503 Non
798 5447 889 5505 hic
939 5446 1022 5520 (ut
1060 5448 1280 5519 quidam
1334 5450 1550 5522 putant)
1598 5452 1652 5507 in
1702 5450 1830 5521 igne

242 5539 484 5596 hamum
525 5554 715 5597 arsura
758 5549 885 5598 sunt
925 5555 1114 5611 opera,
1153 5540 1249 5598 sed
1308 5542 1577 5610 homines,
1605 5544 1707 5615 qui,
1752 5544 1830 5600 ita

243 5634 454 5703 operati
510 5647 659 5701 sunt,
706 5645 767 5691 ut
804 5645 1121 5695 mereantur
1170 5637 1424 5695 incendio
1466 5638 1744 5711 deputari.
1773 5639 1831 5696 Si

250 5735 429 5783 autem
472 5742 664 5797 Opera,
690 5730 739 5784 id
795 5740 904 5795 est,
930 5732 1160 5787 crimina
1207 5733 1522 5802 punientur,
1545 5735 1698 5793 salvo
1726 5749 1817 5805 eo,

250 5821 341 5889 qui
370 5831 795 5895 perpetrarent,
824 5839 931 5883 non
953 5824 1060 5882 erit
1082 5826 1134 5885 ei
1157 5824 1437 5897 damnum.
1468 5826 1563 5891 sed
1592 5828 1828 5895 lucrum.

1930 4700 2119 4755 stultus
2146 4700 2261 4768 ﬁat,
2303 4707 2359 4751 ut
2400 4699 2468 4753 sit
2487 4698 2715 4770 sapiens.
2750 4697 2848 4752 llic
2879 4696 3102 4768 proprie
3134 4697 3318 4753 mundi
3348 4699 3525 4754 incre—

1934 4802 2024 4865 pat
2047 4793 2342 4861 sapientes,
2376 4806 2512 4861 quos
2542 4791 2776 4855 humana
2815 4790 3080 4863 sapientia
3106 4805 3212 4863 non
3244 4791 3527 4863 permitte—

1932 4886 2025 4943 bat
2051 4886 2257 4949 scntire
2284 4883 2489 4942 divina.
2516 4884 2689 4940 Aliter
2718 4900 2733 4936 :
2758 4883 2815 4938 Si
2841 4885 2963 4954 quis
2991 4883 3058 4939 ad
3091 4884 3422 4955 reddendam
3447 4882 3526 4938 vi-

1933 4995 2051 5037 cem
2080 4979 2312 5051 injurizn,
2346 4980 2390 5035 si
2418 4977 2608 5037 eadem
2639 4977 2851 5045 iecerit,
2874 4982 3047 5051 {putet
3070 4992 3133 5033 se
3160 4992 3283 5045 esse
3304 4977 3529 5047 sapien-

1942 5083 2073 5143 tem,
2093 5072 2294 5141 stultus
2322 5069 2434 5141 li'at.
2465 5069 2523 5141 in
2546 5072 2651 5141 hoc
2670 5072 2815 5129 enim
2846 5072 3047 5145 saeculo
3075 5071 3274 5126 stultus
3303 5081 3410 5139 est,
3435 5070 3534 5142 qui

1940 5171 2248 5244 evangelica
2270 5168 2500 5226 voluerit
2523 5169 2750 5241 implere
2772 5178 3040 5240 praecepta
3068 5184 3080 5221 :
3106 5166 3208 5234 Qui
3234 5167 3382 5222 enim
3404 5182 3530 5239 per-
3640 5178 3647 5191 '

1938 5266 2165 5331 outienti
2187 5265 2417 5323 alteram
2444 5262 2650 5335 praebet
2678 5262 2952 5331 maxillam
2985 5278 3000 5316 :
3034 5260 3307 5319 voluntate
3328 5263 3529 5320 stultus

1939 5370 2057 5427 est,
2088 5375 2193 5416 nou
2233 5367 2443 5417 natura.

2011 5453 2284 5524 Sapientia
2342 5454 2481 5507 enim
2530 5448 2917 5521 hujus~mundi
2979 5450 3208 5504 stultitia
3253 5459 3327 5504 est
3375 5450 3522 5519 apud

1937 5544 2124 5601 Deum.
2151 5544 2296 5600 Nihil
2332 5544 2551 5600 stultius
2598 5551 2702 5609 est,
2743 5556 2904 5612 quam
2938 5550 2998 5598 ut
3024 5542 3155 5597 velit
3179 5557 3259 5608 se,
3293 5543 3381 5611 qui
3413 5557 3523 5596 non

1938 5649 2150 5711 potest,
2176 5640 2491 5706 vindicare,
2521 5647 2581 5693 et
2624 5638 2735 5693 Deo
2762 5653 2915 5694 suam
2963 5653 3070 5693 non
3111 5645 3355 5693 reservat
3385 5636 3527 5705 inju-

1937 5735 2095 5791 riam.
2140 5732 2209 5789 Et
2248 5732 2320 5788 ita
2353 5731 2417 5785 de
2460 5731 2789 5797 contumelia
2821 5731 3114 5803 vindictam
3160 5730 3302 5803 apud
3346 5731 3522 5789 Deum

1938 5826 2156 5898 perdet,
2189 5835 2245 5883 et
2265 5828 2332 5884 dc
2366 5824 2626 5899 patientia
2654 5825 2979 5897 mercedem.
