3986 6294
473 316 583 376 727
1492 272 2007 373 'sfumnounu
2041 303 2331 366 OPERUM
2372 262 2767 369 namss.

545 426 825 509 Seriptum
869 440 947 491 est
991 433 1131 489 enim
1171 446 1191 487 :
1233 428 1678 498 Comprehendam
1720 426 1974 499 sapientes
2016 425 2074 478 in
2098 420 2155 482 Α
2250 419 2382 476 Haec
2407 431 2608 490 autem,
2643 423 2854 494 fratres,
2888 424 3257 500 transﬁguravi
3277 424 3334 482 in
3357 440 3459 494 me,
3489 434 3539 482 et
3567 425 3775 499 Apollo,

477 532 671 588 astutia
705 543 906 586 eorum.
952 524 1037 581 Ad
1076 521 1439 595 effugiendam
1477 534 1700 576 manum
1744 518 1880 588 Dei,
1928 517 2079 575 nulla

477 626 806 697 suffragatur
830 620 1050 676 astutia.

548 717 621 774 Et
644 716 831 771 iterum
862 727 882 767 :
911 710 1176 766 Dominus
1205 710 1345 766 novit
1372 709 1710 781 cogitationes
1737 708 2073 778 sapientium,

475 806 722 882 quoniam
750 817 899 860 vanae
921 810 1063 859 sunt.
1105 801 1253 859 Nihil
1286 801 1535 858 utilitatis
1567 800 1865 857 conferunt
1892 798 1961 855 ad
1987 813 2078 856 sa-

470 903 669 958 lutem.

549 992 722 1049 Nemo
741 992 917 1064 itaque
955 990 1208 1066 glorietur
1231 990 1289 1045 in
1320 988 1634 1045 hominibus.
1656 988 1715 1044 In
1745 987 1899 1044 falsis
1926 987 2077 1046 scili-

473 1094 563 1143 cet
584 1083 866 1155 apostolis,
897 1081 1138 1138 humana
1176 1088 1383 1137 tantum
1422 1078 1787 1150 sapientibus,
1816 1094 1943 1136 cum
1972 1095 2077 1137 nec

472 1179 530 1235 in
560 1178 720 1234 nobis
749 1175 995 1247 quidem,
1028 1175 1129 1232 sed
1154 1175 1210 1232 in
1236 1188 1330 1259 eo,
1361 1174 1517 1244 cujus
1546 1172 1738 1244 et-ipsi
1766 1187 1978 1243 sumus,
2004 1174 2077 1232 sit

472 1268 841 1343 gloriandum.
896 1278 909 1291 ‘
1894 1335 1897 1339 ι

549 1361 742 1419 Omnia
771 1364 911 1417 enim
940 1370 1111 1418 vestra
1139 1370 1299 1429 sunt,
1330 1362 1435 1416 sive
1462 1360 1693 1431 Paulus,
1723 1363 1830 1419 sive
1856 1362 2071 1432 Apollo,

470 1456 576 1512 sive
606 1454 831 1527 Cephas,
861 1454 969 1509 sive
992 1453 1239 1521 mundus,
1272 1454 1379 1508 sive
1403 1453 1532 1521 vita,
1560 1455 1666 1509 sive
1698 1471 1858 1512 mors.
1879 1455 2073 1512 Omnia

471 1559 654 1607 creata
679 1556 807 1604 sunt
832 1558 1059 1618 propter
1082 1554 1303 1602 sanctos
1321 1587 1336 1613 ,
1367 1546 1458 1617 qui
1487 1560 1612 1602 cum
1638 1546 1778 1602 nihil
1809 1547 2066 1617 habeant,

468 1641 754 1714 possident
782 1649 998 1696 cuncta.
1029 1640 1332 1696 Possumus
1373 1647 1557 1695 autem
1592 1638 1712 1697 haec
1741 1642 1809 1696 ad
1847 1641 2074 1699 liberta-

470 1741 585 1791 tem
629 1734 838 1790 referre
886 1733 1123 1800 arbitrii,
1171 1741 1235 1789 ut
1279 1733 1429 1805 quod
1456 1734 1627 1790 velint
1664 1734 1907 1808 eligant,
1955 1738 2072 1796 sive

470 1837 703 1885 mortem
720 1868 736 1894 ,
768 1828 888 1882 sive
912 1828 1099 1882 vitam.

544 1921 667 1978 Sive
684 1920 987 1994 pratsentia,
1013 1921 1119 1975 sive
1139 1920 1340 1990 futura.
1361 1918 1553 1976 Omnia
1582 1921 1719 1976 enim
1740 1931 1907 1978 vestra
1918 1930 2064 1979 sunt.

470 2017 629 2087 Quod
659 2017 887 2086 sanctis,
917 2026 1025 2071 tam
1060 2016 1372 2084 praesentia,
1400 2031 1565 2087 quam
1592 2015 1773 2072 futura
1803 2016 2069 2075 divinitus

467 2114 582 2169 sint
609 2111 869 2167 attributa
899 2129 913 2165 :
947 2109 1081 2166 item
1101 2109 1305 2165 ChriSti
1327 2111 1494 2166 vitam
1525 2119 1872 2183 mortemque
1900 2113 2069 2184 signi-

466 2205 616 2261 ﬁcat.
656 2203 924 2272 Quoniam
968 2211 1195 2273 propter
1224 2216 1327 2258 nos
1356 2210 1414 2258 et
1451 2213 1701 2261 mortuus
1741 2214 1862 2273 est,
1893 2213 1950 2260 et
1978 2219 2068 2261 re-

462 2301 726 2359 surrexit.

550 2395 657 2451 Vos
683 2402 856 2449 autem
879 2393 1095 2449 Christi.
1124 2392 1219 2447 Sic
1244 2398 1331 2447 est
1359 2390 1608 2447 Christus
1628 2391 1749 2462 Dei,
1775 2392 1915 2447 sicut
1936 2392 2068 2449 alibi

466 2487 615 2545 Deus
644 2487 847 2543 dicitur
866 2484 1095 2551 Christi,
1117 2494 1173 2539 et
1197 2483 1301 2540 hoc
1326 2484 1371 2538 si
1397 2484 1505 2555 [AL
1537 2482 1663 2556 ﬁde]
1686 2484 1756 2540 de
1782 2485 2066 2544 divinitate

466 2580 605 2636 velis
647 2577 903 2649 intelligi.
945 2575 1216 2632 Cancrum
1264 2574 1355 2631 hic
1400 2575 1470 2631 de
1514 2577 1781 2647 assuntpti
1829 2576 2067 2634 hominis

466 2670 645 2729 forma
675 2677 959 2737 tractatur,
1002 2668 1301 2725 secundum
1340 2683 1502 2739 quam
1528 2675 1585 2725 et
1609 2667 1811 2725 dicitur
1841 2680 2063 2728 unctus.

543 2764 782 2821 Christus
809 2771 982 2820 autem
1008 2762 1131 2818 Dei.
1158 2763 1323 2831 Quasi
1346 2762 1531 2819 homo.

1085 2855 1314 2913 CAPUT
1351 2854 1444 2914 IV.
1486 2873 1494 2913 ε

538 2955 629 3013 Sic
671 2970 769 3010 nos
811 2954 1066 3009 existimet
1105 2954 1299 3019 homo,
1341 2960 1397 3007 ut
1429 2952 1694 3008 ministros
1734 2952 1963 3022 Christi,
2014 2966 2066 3013 et

400 3028 403 3031 γ
465 3049 851 3122 dispensatores
901 3044 1306 3101 ministeriorum
1355 3041 1478 3099 Dei.
1537 3044 1657 3101 Non
1715 3056 1775 3102 ut
1827 3048 2065 3119 aequales

464 3141 708 3198 Christo.

2180 522 2392 585 propter
2431 530 2543 570 vos.
2590 512 2663 571 Ut
2696 530 2730 570 a
2762 515 2922 574 nobis
2959 515 3282 574 humilitatis
3325 520 3553 575 sumatis
3592 534 3775 576 exem-

2182 605 2328 676 plum
2363 623 2377 659 :
2405 622 2475 663 ne
2498 622 2663 677 supra
2691 606 3041 679 disciplinam
3064 608 3364 681 Scriptum
3389 612 3593 669 audeat
3617 631 3775 671 unus-

2178 697 2410 769 quisque
2452 698 2711 756 adversus
2754 701 2989 758 alterum
3014 717 3117 775 pro
3144 702 3250 763 alio
3294 704 3507 774 inﬂari,
3554 706 3775 768 doctore

2180 791 2337 848 malm
2360 794 2726 851 contentionis
2752 810 2968 854 everso.
3600 866 3605 870 θ

2257 888 2327 946 Ut
2368 892 2427 946 in
2466 892 2616 948 nobis
2637 892 2851 949 discetis
2870 934 2887 959 ,
2922 911 2987 950 ne
3011 910 3172 968 supra
3199 910 3359 967 quam
3395 896 3656 970 scriptum
3683 911 3778 967 est,

2177 997 2314 1039 unus
2333 984 2579 1041 adversus
2607 984 2830 1041 alterum
2848 989 3061 1059 inﬂetur
3086 1004 3183 1058 pro
3205 988 3335 1043 alio.
3360 989 3477 1045 Hoc
3502 998 3613 1055 est,
3634 994 3777 1062 quod

2177 1077 2342 1149 dicit,
2386 1095 2456 1137 ne
2484 1081 2856 1153 unusquisque
2885 1083 3206 1153 magistrum
3254 1085 3538 1156 proprium
3584 1088 3778 1157 pradi-

2177 1185 2339 1241 cans,
2364 1172 2504 1230 alter
2534 1174 2793 1247 adversus
2820 1174 3052 1231 alterum
3082 1176 3358 1232 incitetur.

2251 1264 2379 1333 Quis
2417 1267 2552 1322 enim
2591 1276 2639 1323 te
2664 1266 2948 1341 discernit?
2992 1268 3092 1325 llic
3131 1268 3201 1325 ad
3242 1270 3392 1341 ipsos
3432 1270 3659 1331 inﬂatos
3687 1289 3771 1346 per

2176 1356 2565 1428 eloquentiam,
2580 1358 2743 1415 verba
2768 1360 3038 1416 convertit
3063 1378 3079 1414 :
3101 1360 3226 1433 quis
3247 1373 3299 1418 te
3318 1361 3602 1433 discernit,
3623 1366 3768 1437 cujus

2175 1451 2439 1508 momenti
2466 1451 2578 1508 sis?

2251 1544 2392 1614 Quid
2424 1553 2600 1601 autem
2637 1544 2813 1615 habes,
2840 1547 2987 1619 quod
3022 1562 3127 1602 non
3158 1548 3445 1619 accepisti?
3465 1548 3603 1619 Quid
3628 1552 3772 1609 enim

2174 1636 2306 1694 boni
2335 1652 2404 1693 ex
2432 1639 2727 1707 temetipso
2753 1638 2945 1708 habes,
2973 1639 3121 1711 quod
3143 1655 3175 1694 a
3201 1640 3351 1697 nullo
3380 1640 3649 1710 didiceris,
3681 1644 3772 1701 vel

2176 1729 2277 1787 Dei
2295 1730 2442 1788 dono
2469 1730 2695 1788 minime
2717 1742 3043 1791 consecutus
3071 1730 3181 1789 sis?

2056 1822 2059 1823 ⁷
2096 1821 2149 1887 Β
2245 1822 2505 1881 Siautem
2530 1826 2801 1898 accepisti,
2826 1827 2951 1897 quid
2974 1826 3219 1899 gloriaris
3251 1828 3405 1898 quasi
3428 1843 3528 1884 non
3552 1846 3760 1902 occepso

2172 1915 2291 1971 ris?
2318 1915 2489 1984 Quasi
2513 1915 2569 1971 in
2600 1917 2822 1987 proprio
2854 1916 3131 1989 gloriaris.

2243 2008 2367 2064 Jam
2385 2011 2610 2065 saturati
2634 2012 2778 2080 estis,
2810 2012 2919 2078 iam
2942 2012 3121 2068 divites
3148 2014 3276 2083 facti
3295 2015 3438 2070 estis.
3461 2014 3575 2073 Hoc
3590 2014 3761 2074 incre-

2170 2102 2353 2176 pativo
2383 2104 2548 2160 modo
2574 2104 2865 2177 legendum
2883 2147 2900 2173 ,
2928 2108 3013 2163 vel
3043 2108 3530 2178 pronuntiandum.

2243 2196 2373 2253 Sine
2400 2196 2547 2253 nobis
2574 2200 2822 2271 regnatis.
2856 2199 2913 2255 In
2942 2199 3093 2257 nullo
3123 2203 3293 2256 nostri
3316 2201 3644 2274 indigentes.

2242 2289 2313 2344 Et
2339 2292 2541 2345 utinam
2567 2294 2823 2361 regnetis,
2855 2303 2913 2349 ut
2949 2302 2998 2347 et
3028 2310 3124 2347 nos
3151 2294 3415 2350 vobiscum
3453 2299 3772 2370 regnemus!

2175 2380 2388 2438 Utinam
2416 2398 2525 2438 non
2564 2386 2757 2440 essetis
2788 2384 2923 2441 falsa
2953 2384 3280 2456 gloriatione
3323 2387 3575 2461 decepti!
3606 2389 3771 2447 forsi-

2171 2484 2264 2533 tan
2300 2476 2461 2532 simul
2492 2492 2867 2549 regnaremus.

2241 2568 2383 2625 Puto
2428 2570 2602 2637 enim,
2635 2572 2774 2641 quod
2814 2570 2959 2628 Deus
3004 2590 3100 2629 nos
3144 2576 3411 2647 apostolos
3463 2581 3770 2637 novissimos

2171 2666 2417 2733 ostendit,
2441 2675 2703 2738 tamquam
2722 2670 2878 2724 morti
2909 2668 3213 2728 destinatos.
3241 2671 3356 2729 Nos
3375 2675 3624 2732 omnium
3648 2675 3769 2733 ulti-

2167 2772 2288 2817 mos
2313 2758 2383 2815 ad
2410 2769 2600 2831 gentes
2623 2770 2892 2835 tamquam
2922 2764 2992 2820 ad
3022 2776 3253 2822 mortem
3283 2766 3509 2825 direxit.

2243 2849 2378 2918 Quia
2403 2854 2753 2921 spectaculum
2774 2856 2902 2926 [acti
2932 2871 3116 2914 sumus
3151 2859 3371 2929 mundo,
3393 2870 3441 2916 et
3469 2862 3692 2935 angelis,
3720 2874 3770 2920 et

2169 2941 2483 3000 hominibus.
2509 2944 2712 3002 Omnes
2744 2956 2961 3004 nostras
2992 2950 3211 3019 publica
3239 2961 3494 3023 spectant
3518 2955 3765 3028 injurias,

2165 3034 2285 3093 sive
2309 3051 2439 3093 vere
2463 3038 2662 3109 angeli,
2685 3047 2743 3098 et
2766 3039 3036 3109 homines,
3064 3042 3181 3099 sive
3210 3044 3388 3101 sancti
3411 3044 3688 3119 homines,
3714 3060 3768 3105 et

2166 3135 2502 3199 peccatores.

540 3232 648 3287 Hic
667 3235 787 3306 jam
806 3230 1061 3303 quaeritur
1081 3230 1214 3285 inter
1239 3229 1642 3301 dispensatores,
1674 3239 1733 3287 ut
1758 3232 1929 3303 ﬁdelis
1948 3235 2060 3305 quis

2241 3219 2359 3275 Nos
2388 3222 2534 3277 stulti
2562 3231 2778 3294 prapter
2806 3222 3073 3281 Christum
3104 3241 3124 3282 :
3154 3242 3243 3282 vos
3278 3237 3453 3284 autem
3487 3231 3762 3303 prudentes

465 3325 782 3381 inveniatur.
813 3322 1204 3393 Interrogantis
1224 3336 1327 3378 vox
1354 3333 1444 3379 est
1468 3342 1481 3378 :
1509 3321 1565 3379 id
1592 3332 1701 3392 est,
1720 3324 1833 3395 jam
1856 3323 1948 3380 hic
1966 3340 2063 3383 vos

466 3419 672 3489 putatis
701 3415 1066 3472 conscientias
1090 3414 1343 3487 judicari.

545 3506 683 3563 Mihi
708 3517 880 3563 autem
904 3523 999 3578 pro
1025 3507 1241 3562 minimo
1264 3515 1358 3573 est,
1401 3516 1459 3560 ut
1481 3523 1513 3561 a
1550 3506 1692 3563 vobis
1711 3509 1946 3582 judicer,
1974 3519 2065 3567 aut

470 3600 537 3655 ab
564 3600 795 3656 humano
824 3601 930 3654 die.
954 3600 1260 3655 Humanum
1279 3599 1543 3669 judicium
1573 3600 1771 3656 nullius
1796 3603 1920 3657 dico
1948 3617 2067 3659 mo-

470 3693 675 3760 menti,
726 3694 783 3749 in
825 3708 935 3763 quo
981 3707 1129 3763 saape
1152 3693 1358 3748 veritas
1400 3701 1455 3748 et
1497 3694 1707 3764 justitia
1741 3694 2059 3753 frustratur.

467 3787 626 3844 Diem
657 3785 800 3841 enim
831 3786 1066 3843 hominis
1096 3800 1207 3842 non
1238 3787 1553 3856 concupivi,
1580 3788 1854 3845 'Jeremias
1893 3791 1991 3845 ait.

544 3879 652 3936 Sed
689 3895 852 3950 neque
881 3880 1134 3949 meipsum
1170 3879 1374 3951 judico.
1410 3879 1526 3953 Ego
1552 3882 1643 3952 qui
1677 3881 2065 3941 conscientiam

468 3987 650 4029 meam
682 3972 890 4043 optime
917 3973 1065 4040 novi,
1096 3971 1229 4027 nihil
1250 3986 1375 4029 esse
1398 3988 1488 4029 me
1516 3973 1721 4044 judico.
1742 3974 1928 4047 Neque
1952 3991 2066 4033 me-

465 4067 647 4139 ipsum
687 4066 888 4136 judico.
1703 4080 1711 4085 ·

542 4158 697 4214 Nihil
723 4159 859 4213 enim
883 4158 1014 4213 mihi
1053 4160 1290 4215 conscius
1320 4175 1454 4214 sum.
1488 4159 1624 4217 Male
1656 4161 1902 4219 sentiunt
1924 4205 1939 4232 ,
1973 4164 2064 4237 qui

471 4254 662 4310 dicunt
691 4270 704 4307 :
734 4252 909 4309 Nemo
951 4260 1130 4322 potest
1158 4252 1331 4309 vitare
1358 4266 1658 4323 peccatum.

542 4346 653 4403 Sed
676 4363 782 4402 non
805 4347 861 4401 in
881 4345 979 4402 hoc
994 4347 1323 4420 justiﬁcatus
1344 4363 1479 4401 sum.
1498 4346 1612 4404 Hoc
1634 4364 1735 4418 pro
1758 4348 2062 4408 humilitate

469 4440 605 4496 dicit
635 4456 650 4494 :
680 4438 830 4495 Nihil
869 4440 1019 4495 enim
1062 4438 1199 4494 mihi
1235 4454 1354 4495 sum
1384 4440 1637 4497 conscius
1669 4459 1682 4495 :
1711 4443 1859 4499 unde
1895 4458 2061 4514 super

469 4532 725 4589 homines
754 4532 983 4588 debeam
1012 4532 1258 4603 gloriari.
1280 4532 1335 4589 Si
1360 4531 1464 4588 hoc
1493 4532 1690 4588 Paulus
1717 4534 1848 4590 dicit
1874 4552 1888 4589 :
1917 4535 2057 4605 Quid

2165 3312 2223 3366 in
2247 3310 2475 3379 Christo.
2503 3314 2621 3371 Nos
2650 3317 2847 3387 inﬁrmi
2878 3333 2898 3372 :
2919 3334 3009 3374 vos
3031 3327 3203 3374 autem
3242 3324 3428 3392 fortes.
3473 3322 3583 3380 Vos
3611 3324 3759 3381 nobi-

2165 3407 2242 3463 les
2269 3424 2288 3462 .'
2312 3425 2406 3464 nos
2424 3418 2598 3466 autem
2624 3411 2896 3484 ignobiles.
2913 3411 3025 3468 Nos
3056 3422 3327 3485 tamquam
3356 3416 3512 3473 stulti
3544 3429 3761 3490 propter

2164 3497 2440 3557 Christum
2486 3502 2668 3559 omnia
2715 3505 3049 3562 sustinemus
3088 3523 3104 3562 :
3138 3520 3239 3562 vos
3265 3516 3451 3564 autem
3496 3509 3571 3566 ita
3601 3513 3758 3568 vultis

2167 3608 2294 3651 esse
2317 3594 2652 3662 Christiani,
2700 3606 2760 3653 ut
2782 3598 3128 3669 prudentiam
3154 3601 3340 3656 seaculi
3369 3604 3616 3659 teneatis.
3644 3603 3751 3659 Nos

2167 3686 2402 3757 inﬁrmi,
2436 3688 2563 3760 quia
2588 3688 2763 3745 vicem
2793 3690 3027 3748 reddere
3079 3691 3339 3747 nolumus
3370 3709 3387 3750 :
3435 3709 3531 3750 vos
3572 3704 3747 3751 autem

2166 3779 2472 3849 reddendo,
2505 3780 2671 3839 fortes
2698 3797 2795 3839 vos
2824 3799 2948 3841 esse
2984 3784 3313 3856 gloriamini.
3344 3785 3456 3843 Nos
3483 3787 3623 3844 nihil
3660 3787 3755 3845 ba-

2165 3874 2361 3931 bentes
2406 3874 2707 3931 voluntaria
2758 3884 3080 3947 paupertate
3137 3876 3337 3948 dejecti
3400 3896 3412 3932 :
3464 3893 3564 3936 vos
3611 3881 3760 3938 vobis

2166 3968 2331 4023 etiam
2366 3966 2703 4023 nobilitatem
2730 3970 2932 4025 terreni
2960 3970 3178 4039 generis
3208 3969 3520 4027 vindicatis.

2242 4059 2414 4128 Usque
2448 4064 2503 4115 in
2540 4062 2675 4116 hanc
2702 4060 2907 4117 horam.
2937 4062 3024 4117 Ab
3052 4063 3206 4119 initio
3234 4063 3643 4135 praedicationis
3666 4081 3758 4124 no.

2164 4162 2295 4210 stra:
2323 4167 2492 4224 usque
2518 4152 2574 4208 in
2602 4169 2845 4225 praesens
2872 4166 3108 4226 tempus.

2237 4248 2308 4304 Et
2346 4249 2621 4317 esurimus,
2652 4261 2700 4304 et
2725 4250 2950 4319 sitimus,
2972 4259 3023 4304 et
3052 4250 3183 4306 nudi
3214 4266 3415 4321 sumus,
3446 4262 3497 4309 et
3525 4254 3755 4327 colaphis

2165 4340 2434 4408 credimur,
2464 4350 2515 4395 et
2540 4341 2808 4397 instabiles
2834 4355 3031 4398 nimus.
3060 4341 3183 4399 Non
3207 4350 3417 4400 stamus
3460 4346 3515 4400 in
3539 4346 3756 4403 sedibus

2164 4434 2351 4501 certis,
2374 4434 2574 4505 ubique
2599 4433 2875 4506 Evangelii
2895 4436 3219 4493 necessitate
3241 4436 3537 4507 jactamur.

2200 4531 2204 4535 ’
2236 4526 2305 4582 Et
2335 4526 2629 4583 laboramus
2652 4536 2923 4600 cperantes
2948 4526 3187 4583 manibus
3211 4531 3428 4586 nostris.
3461 4529 3555 4587 Sic
3575 4538 3749 4586 tamen

470 4642 503 4683 a
533 4623 691 4680 nobis
719 4623 829 4680 dici
851 4625 1067 4692 debeat,
1089 4623 1435 4696 cogitandum
1460 4633 1564 4681 est.
1594 4623 1702 4682 Sed
1733 4642 1845 4684 non
1874 4628 1929 4685 in
1951 4629 2059 4686 hoc
2080 4613 2137 4677 D
2161 4621 2554 4694 open-bantur,
2588 4631 2644 4676 ut
2671 4622 2935 4677 doctrinae
2961 4620 3205 4678 ofﬁcium
3233 4621 3408 4693 magis
3440 4622 3749 4694 implerent.

464 4719 793 4795 justiﬂcatus
823 4733 965 4773 sum.

544 4813 648 4883 Qui
672 4818 848 4867 autem
869 4808 1073 4882 judieat
1093 4826 1194 4880 me,
1217 4807 1472 4868 Dominus
1494 4820 1589 4869 est.
1610 4814 1727 4872 Non
1760 4816 1812 4873 in
1840 4832 1949 4889 quo
1968 4834 2056 4878 me

465 4909 687 4983 quidam
717 4906 789 4961 ita
822 4903 1088 4959 laudant:
1123 4904 1247 4975 quia
1292 4905 1366 4961 ita
1398 4906 1625 4979 quisque
1665 4909 1844 4966 aliena
1893 4911 2054 4970 laude

460 5018 571 5061 non
597 4998 947 5073 iustiﬁcetur,
970 5008 1033 5054 ut
1053 5014 1124 5055 ne
1144 4999 1450 5057 maculetur
1476 5001 1716 5059 infamia.
1744 5005 2050 5080 Unicuique

460 5099 608 5155 enim
642 5094 784 5167 apud
817 5094 988 5151 Deum
1031 5095 1175 5167 quod
1205 5104 1320 5164 est,
1356 5112 1466 5153 non
1494 5098 1637 5169 quod
1667 5100 1898 5172 dicitur,
1941 5105 2047 5161 imo

454 5199 699 5261 putatur.

534 5281 741 5356 Itaque,
766 5284 987 5356 fratres,
1012 5284 1172 5339 nolite
1199 5294 1321 5340 ante
1347 5292 1545 5354 tempus
1562 5287 1829 5360 judicare,
1852 5306 2050 5362 quous-

456 5392 558 5449 que
578 5377 745 5431 veniat
772 5376 1029 5433 Dominus
1053 5393 1074 5434 :
1096 5378 1186 5447 qui
1216 5387 1263 5433 et
1283 5378 1603 5436 illuminabit
1629 5380 1935 5439 abscondita
1973 5392 2050 5442 te-

451 5469 767 5537 nebrarum,
808 5479 856 5524 et
894 5470 1247 5541 manifestabit
1294 5471 1515 5527 consilia
1562 5475 1814 5534 cordium.
1863 5477 2037 5536 Homo

453 5565 604 5621 videt
634 5565 687 5619 in
717 5563 887 5631 lacie,
912 5563 1058 5621 Deus
1085 5574 1267 5622 autem
1296 5567 1351 5623 in
1379 5568 1565 5626 corde.

527 5657 597 5714 Et
620 5670 740 5712 tunc
766 5658 885 5714 laus
912 5658 1009 5714 erit
1037 5660 1314 5731 unicuique
1344 5679 1377 5716 a
1412 5661 1543 5718 Deo.
1570 5663 1669 5722 Ille
1693 5682 1825 5725 vero
1849 5670 2036 5728 lauda-

2236 4717 2631 4783 Maledicimur,
2670 4726 2719 4773 et
2748 4716 3118 4772 benedicimus.
3149 4715 3573 4774 Persecutionem
3615 4718 3750 4789 pati-

2161 4832 2301 4885 mur,
2342 4821 2391 4869 et
2439 4813 2770 4868 sustinemus.
2813 4809 3268 4884 Blasphemamur,
3312 4822 3360 4867 et
3400 4812 3745 4869 obsecramus.

2160 4912 2435 4982 Rogamus
2461 4908 2627 4963 Deum
2650 4921 2747 4978 pro
2771 4904 2878 4976 his,
2909 4904 3003 4977 qui
3032 4920 3132 4962 nos
3162 4904 3568 4977 blasphemant.

2234 5007 2518 5078 Tamquam
2562 5008 2907 5073 purgamenta
2959 4998 3121 5072 hujus
3149 5000 3333 5056 mundi
3370 5002 3504 5072 facti
3546 5020 3742 5061 sumus.

2154 5103 2311 5161 Sicut
2354 5097 2621 5169 scriptum
2676 5102 2762 5150 est
2812 5110 2828 5150 :
2876 5092 3066 5149 Justus
3113 5093 3427 5151 immundus
3473 5106 3561 5153 est
3602 5100 3743 5170 apud

2149 5198 2345 5255 malos.

2132 5304 2161 5335 -ι
2226 5293 2471 5348 Omnium
2506 5291 2797 5365 peripsema
2833 5304 2997 5362 usque
3038 5287 3231 5346 adhuc.
3259 5287 3514 5346 Omnium
3544 5287 3742 5346 humil-

2146 5385 2265 5444 limi
2292 5397 2457 5457 atque
2477 5384 2729 5456 subjecti.

2222 5481 2348 5537 Non
2376 5490 2433 5535 ut
2463 5479 2781 5551 confundam
2824 5493 2943 5545 vos,
2978 5478 3087 5533 hac
3120 5478 3290 5533 scribo
3316 5493 3336 5533 :
3361 5478 3451 5533 sed
3496 5487 3553 5533 ut
3590 5475 3727 5547 [ilics

2140 5596 2280 5635 meos
2319 5575 2648 5632 charissimos
2689 5590 2889 5631 moneo.
2922 5572 3186 5631 Poterant
3223 5570 3476 5629 contundi
3518 5573 3587 5629 de
3610 5587 3721 5629 sua

2139 5671 2337 5744 gloria,
2369 5667 2415 5723 si
2436 5681 2534 5724 eos
2560 5680 2668 5723 non
2691 5666 2979 5723 relevaret.
3011 5664 3132 5721 Non
3163 5664 3308 5722 enim
3337 5664 3586 5722 ruborem
3606 5662 3731 5720 illo-

449 5750 579 5807 bilis
606 5763 712 5821 est,
754 5753 845 5824 qui
892 5752 989 5809 Dei
1029 5753 1340 5810 testimonio
1386 5756 1659 5830 laudatur,
1707 5764 1847 5835 apud
1873 5781 2031 5843 quem
2138 5780 2262 5824 rum
2291 5761 2574 5835 cupiebat,
2605 5760 2701 5818 sed
2729 5760 3056 5832 profectum.

450 5845 635 5902 omnia
664 5845 883 5903 occulta
901 5886 917 5915 ,
942 5854 997 5902 et
1020 5845 1193 5905 invisa
1223 5857 1351 5907 sunt
1374 5854 1608 5925 cognita.

2214 5860 2355 5932 Nam
2400 5860 2445 5915 si
2495 5858 2670 5931 decem
2724 5856 2895 5914 millia
2947 5854 3347 5931 paedagogorum
3390 5854 3611 5915 habeatis
3656 5852 3713 5909 in

3676 310 3781 370 728
