  <div class='ocr_page' id='page_1' title='image "/cluster/home/n/w/nwhite01/storage/ocr_20150623/30/hvd.32044096580535/374.png"; bbox 0 0 3978 6286; ppageno 0'>
   <div class='ocr_carea' id='block_1_1' title="bbox 158 347 270 407">
    <p class='ocr_par' dir='ltr' id='par_1_1' title="bbox 158 347 270 407">
     <span class='ocr_line' id='line_1_1' title="bbox 158 347 270 407; baseline 0 0"><span class='ocrx_word' id='word_1_1' title='bbox 158 347 270 407; x_wconf 74' lang='lat'><strong>729</strong></span> 
     </span>
    </p>
   </div>
   <div class='ocr_carea' id='block_1_2' title="bbox 913 346 2674 415">
    <p class='ocr_par' dir='ltr' id='par_1_2' title="bbox 913 346 2674 415">
     <span class='ocr_line' id='line_1_2' title="bbox 913 346 2674 415; baseline 0.005 -9"><span class='ocrx_word' id='word_1_2' title='bbox 913 346 1452 407; x_wconf 79' lang='lat' dir='ltr'><strong>COMMENTARIUS</strong></span> <span class='ocrx_word' id='word_1_3' title='bbox 1490 346 1558 406; x_wconf 86' lang='lat' dir='ltr'><strong>IN</strong></span> <span class='ocrx_word' id='word_1_4' title='bbox 1597 347 1989 413; x_wconf 80' lang='lat' dir='ltr'><strong>EPISTULAM</strong></span> <span class='ocrx_word' id='word_1_5' title='bbox 2024 350 2049 410; x_wconf 82' lang='grc' dir='ltr'>Ι</span> <span class='ocrx_word' id='word_1_6' title='bbox 2085 349 2179 409; x_wconf 79' lang='lat' dir='ltr'><strong>AD</strong></span> <span class='ocrx_word' id='word_1_7' title='bbox 2213 347 2375 410; x_wconf 83' lang='lat' dir='ltr'><strong>COR.‘</strong></span> <span class='ocrx_word' id='word_1_8' title='bbox 2412 351 2565 412; x_wconf 84' lang='lat' dir='ltr'><strong>CAP.</strong></span> <span class='ocrx_word' id='word_1_9' title='bbox 2606 352 2674 415; x_wconf 72' lang='grc' dir='ltr'><strong>ν.</strong></span> 
     </span>
    </p>
   </div>
   <div class='ocr_carea' id='block_1_3' title="bbox 3354 352 3460 414">
    <p class='ocr_par' dir='ltr' id='par_1_3' title="bbox 3354 352 3460 414">
     <span class='ocr_line' id='line_1_3' title="bbox 3354 352 3460 414; baseline 0.028 -3"><span class='ocrx_word' id='word_1_10' title='bbox 3354 352 3460 414; x_wconf 75' lang='lat'><strong>730</strong></span> 
     </span>
    </p>
   </div>
   <div class='ocr_carea' id='block_1_4' title="bbox 152 464 3458 538">
    <p class='ocr_par' dir='ltr' id='par_1_4' title="bbox 152 464 3458 538">
     <span class='ocr_line' id='line_1_4' title="bbox 152 464 3458 538; baseline 0.002 -17"><span class='ocrx_word' id='word_1_11' title='bbox 152 464 398 533; x_wconf 80' lang='lat' dir='ltr'><strong>Christo,</strong></span> <span class='ocrx_word' id='word_1_12' title='bbox 420 464 515 523; x_wconf 85' lang='lat' dir='ltr'><strong>sed</strong></span> <span class='ocrx_word' id='word_1_13' title='bbox 536 480 642 522; x_wconf 88' lang='lat' dir='ltr'><strong>non</strong></span> <span class='ocrx_word' id='word_1_14' title='bbox 664 464 857 521; x_wconf 85' lang='lat' dir='ltr'><strong>multos</strong></span> <span class='ocrx_word' id='word_1_15' title='bbox 876 474 1072 538; x_wconf 86' lang='lat' dir='ltr'><strong>patres.</strong></span> <span class='ocrx_word' id='word_1_16' title='bbox 1098 465 1303 522; x_wconf 85' lang='lat' dir='ltr'><strong>Omnes</strong></span> <span class='ocrx_word' id='word_1_17' title='bbox 1322 464 1417 536; x_wconf 86' lang='lat' dir='ltr'><strong>qui</strong></span> <span class='ocrx_word' id='word_1_18' title='bbox 1437 465 1507 520; x_wconf 91' lang='lat' dir='ltr'><strong>ab</strong></span> <span class='ocrx_word' id='word_1_19' title='bbox 1527 464 1636 520; x_wconf 90' lang='lat' dir='ltr'><strong>alio</strong></span> <span class='ocrx_word' id='word_1_20' title='bbox 1651 464 1765 535; x_wconf 87' lang='lat' dir='ltr'><strong>jam</strong></span> <span class='ocrx_word' id='word_1_21' title='bbox 1790 465 1848 528; x_wconf 75' lang='grc' dir='ltr'><strong>Α</strong></span> <span class='ocrx_word' id='word_1_22' title='bbox 1870 465 2082 537; x_wconf 86' lang='lat' dir='ltr'><strong>spiritu,</strong></span> <span class='ocrx_word' id='word_1_23' title='bbox 2113 482 2183 523; x_wconf 92' lang='lat' dir='ltr'><strong>ne</strong></span> <span class='ocrx_word' id='word_1_24' title='bbox 2221 483 2289 523; x_wconf 81' lang='lat' dir='ltr'><strong>ex</strong></span> <span class='ocrx_word' id='word_1_25' title='bbox 2316 467 2437 524; x_wconf 83' lang='lat' dir='ltr'><strong>solo</strong></span> <span class='ocrx_word' id='word_1_26' title='bbox 2462 468 2651 523; x_wconf 88' lang='lat' dir='ltr'><strong>auditu</strong></span> <span class='ocrx_word' id='word_1_27' title='bbox 2673 467 2956 525; x_wconf 75' lang='lat' dir='ltr'><strong>absentem</strong></span> <span class='ocrx_word' id='word_1_28' title='bbox 2990 468 3282 526; x_wconf 83' lang='lat' dir='ltr'><strong>damnasse</strong></span> <span class='ocrx_word' id='word_1_29' title='bbox 3304 479 3458 538; x_wconf 84' lang='lat' dir='ltr'><strong>puts-</strong></span> 
     </span>
    </p>
   </div>
   <div class='ocr_carea' id='block_1_5' title="bbox 150 559 1507 632">
    <p class='ocr_par' dir='ltr' id='par_1_5' title="bbox 150 559 1507 632">
     <span class='ocr_line' id='line_1_5' title="bbox 150 559 1507 632; baseline -0.001 -15"><span class='ocrx_word' id='word_1_30' title='bbox 150 560 371 632; x_wconf 76' lang='lat' dir='ltr'><strong>genitis</strong></span> <span class='ocrx_word' id='word_1_31' title='bbox 398 560 718 616; x_wconf 73' lang='lat' dir='ltr'><strong>ministrant</strong></span> <span class='ocrx_word' id='word_1_32' title='bbox 735 602 753 628; x_wconf 93' lang='lat'><strong>,</strong></span> <span class='ocrx_word' id='word_1_33' title='bbox 780 568 967 632; x_wconf 79' lang='lat' dir='ltr'><strong>patres</strong></span> <span class='ocrx_word' id='word_1_34' title='bbox 991 559 1102 616; x_wconf 89' lang='lat' dir='ltr'><strong>dici</strong></span> <span class='ocrx_word' id='word_1_35' title='bbox 1123 575 1231 616; x_wconf 92' lang='lat' dir='ltr'><strong>non</strong></span> <span class='ocrx_word' id='word_1_36' title='bbox 1260 568 1507 629; x_wconf 88' lang='lat' dir='ltr'><strong>possunt.</strong></span> 
     </span>
    </p>
   </div>
   <div class='ocr_carea' id='block_1_6' title="bbox 153 651 1764 726">
    <p class='ocr_par' dir='ltr' id='par_1_6' title="bbox 153 651 1764 726">
     <span class='ocr_line' id='line_1_6' title="bbox 153 651 1764 726; baseline 0.001 -19"><span class='ocrx_word' id='word_1_37' title='bbox 153 678 164 687; x_wconf 73' lang='grc' dir='ltr'><strong><em>ο</em></strong></span> <span class='ocrx_word' id='word_1_38' title='bbox 230 651 387 707; x_wconf 83' lang='lat' dir='ltr'><strong>Nam</strong></span> <span class='ocrx_word' id='word_1_39' title='bbox 428 654 485 707; x_wconf 82' lang='lat' dir='ltr'><strong>in</strong></span> <span class='ocrx_word' id='word_1_40' title='bbox 526 651 739 725; x_wconf 84' lang='lat' dir='ltr'><strong>Christo</strong></span> <span class='ocrx_word' id='word_1_41' title='bbox 757 653 888 708; x_wconf 78' lang='lat' dir='ltr'><strong>Jesu</strong></span> <span class='ocrx_word' id='word_1_42' title='bbox 918 670 1010 723; x_wconf 86' lang='lat' dir='ltr'><strong>per</strong></span> <span class='ocrx_word' id='word_1_43' title='bbox 1041 651 1410 726; x_wconf 86' lang='lat' dir='ltr'><strong>Evangelium,</strong></span> <span class='ocrx_word' id='word_1_44' title='bbox 1448 669 1544 724; x_wconf 89' lang='lat' dir='ltr'><strong>ego</strong></span> <span class='ocrx_word' id='word_1_45' title='bbox 1563 669 1649 711; x_wconf 78' lang='lat' dir='ltr'><strong>vos</strong></span> <span class='ocrx_word' id='word_1_46' title='bbox 1674 670 1764 726; x_wconf 82' lang='lat' dir='ltr'><strong>ge-</strong></span> 
     </span>
    </p>
   </div>
   <div class='ocr_carea' id='block_1_7' title="bbox 146 744 1763 817">
    <p class='ocr_par' dir='ltr' id='par_1_7' title="bbox 146 744 1763 817">
     <span class='ocr_line' id='line_1_7' title="bbox 146 744 1763 817; baseline 0.002 -18"><span class='ocrx_word' id='word_1_47' title='bbox 146 744 276 800; x_wconf 87' lang='lat' dir='ltr'><strong>nui.</strong></span> <span class='ocrx_word' id='word_1_48' title='bbox 308 746 372 802; x_wconf 89' lang='lat' dir='ltr'><strong>ln</strong></span> <span class='ocrx_word' id='word_1_49' title='bbox 400 759 599 801; x_wconf 89' lang='lat' dir='ltr'><strong>novam</strong></span> <span class='ocrx_word' id='word_1_50' title='bbox 626 746 793 801; x_wconf 90' lang='lat' dir='ltr'><strong>vitam</strong></span> <span class='ocrx_word' id='word_1_51' title='bbox 825 760 914 801; x_wconf 93' lang='lat' dir='ltr'><strong>me</strong></span> <span class='ocrx_word' id='word_1_52' title='bbox 942 746 1177 816; x_wconf 89' lang='lat' dir='ltr'><strong>primum</strong></span> <span class='ocrx_word' id='word_1_53' title='bbox 1208 746 1557 817; x_wconf 61' lang='lat' dir='ltr'><strong>praedicante,</strong></span> <span class='ocrx_word' id='word_1_54' title='bbox 1588 746 1763 803; x_wconf 79' lang='lat' dir='ltr'><strong>refor-</strong></span> 
     </span>
    </p>
   </div>
   <div class='ocr_carea' id='block_1_8' title="bbox 144 841 993 898">
    <p class='ocr_par' dir='ltr' id='par_1_8' title="bbox 144 841 993 898">
     <span class='ocr_line' id='line_1_8' title="bbox 144 841 993 898; baseline -0.001 -2"><span class='ocrx_word' id='word_1_55' title='bbox 144 850 343 896; x_wconf 85' lang='lat' dir='ltr'><strong>matos</strong></span> <span class='ocrx_word' id='word_1_56' title='bbox 375 854 471 898; x_wconf 84' lang='lat' dir='ltr'><strong>vos</strong></span> <span class='ocrx_word' id='word_1_57' title='bbox 495 855 623 898; x_wconf 88' lang='lat' dir='ltr'><strong>esse</strong></span> <span class='ocrx_word' id='word_1_58' title='bbox 648 841 993 897; x_wconf 82' lang='lat' dir='ltr'><strong>meministis.</strong></span> 
     </span>
    </p>
   </div>
   <div class='ocr_carea' id='block_1_9' title="bbox 225 934 1760 1010">
    <p class='ocr_par' dir='ltr' id='par_1_9' title="bbox 225 934 1760 1010">
     <span class='ocr_line' id='line_1_9' title="bbox 225 934 1760 1010; baseline 0.001 -19"><span class='ocrx_word' id='word_1_59' title='bbox 225 934 389 1010; x_wconf 82' lang='lat' dir='ltr'><strong>Rogo</strong></span> <span class='ocrx_word' id='word_1_60' title='bbox 420 952 541 1009; x_wconf 85' lang='lat' dir='ltr'><strong>ergo</strong></span> <span class='ocrx_word' id='word_1_61' title='bbox 577 952 689 1003; x_wconf 78' lang='lat' dir='ltr'><strong>sos,</strong></span> <span class='ocrx_word' id='word_1_62' title='bbox 731 936 1022 991; x_wconf 88' lang='lat' dir='ltr'><strong>imitatores</strong></span> <span class='ocrx_word' id='word_1_63' title='bbox 1047 935 1151 990; x_wconf 89' lang='lat' dir='ltr'><strong>mei</strong></span> <span class='ocrx_word' id='word_1_64' title='bbox 1180 944 1342 990; x_wconf 88' lang='lat' dir='ltr'><strong>estote</strong></span> <span class='ocrx_word' id='word_1_65' title='bbox 1364 975 1382 1004; x_wconf 92' lang='lat'><strong>,</strong></span> <span class='ocrx_word' id='word_1_66' title='bbox 1418 936 1553 992; x_wconf 96' lang='lat' dir='ltr'><strong>sicut</strong></span> <span class='ocrx_word' id='word_1_67' title='bbox 1582 943 1631 991; x_wconf 91' lang='lat' dir='ltr'><strong>et</strong></span> <span class='ocrx_word' id='word_1_68' title='bbox 1665 952 1760 1007; x_wconf 87' lang='lat' dir='ltr'><strong>ego</strong></span> 
     </span>
    </p>
   </div>
   <div class='ocr_carea' id='block_1_10' title="bbox 146 1029 1760 1099">
    <p class='ocr_par' dir='ltr' id='par_1_10' title="bbox 146 1029 1760 1099">
     <span class='ocr_line' id='line_1_10' title="bbox 146 1029 1760 1099; baseline 0.002 -14"><span class='ocrx_word' id='word_1_69' title='bbox 146 1029 381 1086; x_wconf 78' lang='lat' dir='ltr'><strong>Christi.</strong></span> <span class='ocrx_word' id='word_1_70' title='bbox 403 1030 681 1086; x_wconf 89' lang='lat' dir='ltr'><strong>Bonorum</strong></span> <span class='ocrx_word' id='word_1_71' title='bbox 699 1029 936 1087; x_wconf 90' lang='lat' dir='ltr'><strong>ﬁliorum</strong></span> <span class='ocrx_word' id='word_1_72' title='bbox 954 1038 1058 1099; x_wconf 89' lang='lat' dir='ltr'><strong>est,</strong></span> <span class='ocrx_word' id='word_1_73' title='bbox 1080 1031 1135 1085; x_wconf 87' lang='lat' dir='ltr'><strong>in</strong></span> <span class='ocrx_word' id='word_1_74' title='bbox 1161 1031 1413 1089; x_wconf 88' lang='lat' dir='ltr'><strong>omnibus</strong></span> <span class='ocrx_word' id='word_1_75' title='bbox 1438 1030 1613 1088; x_wconf 90' lang='lat' dir='ltr'><strong>honos</strong></span> <span class='ocrx_word' id='word_1_76' title='bbox 1638 1030 1760 1088; x_wconf 86' lang='lat' dir='ltr'><strong>imi-</strong></span> 
     </span>
    </p>
   </div>
   <div class='ocr_carea' id='block_1_11' title="bbox 148 1126 574 1197">
    <p class='ocr_par' dir='ltr' id='par_1_11' title="bbox 148 1126 574 1197">
     <span class='ocr_line' id='line_1_11' title="bbox 148 1126 574 1197; baseline -0.002 -16"><span class='ocrx_word' id='word_1_77' title='bbox 148 1126 262 1182; x_wconf 87' lang='lat' dir='ltr'><strong>tari</strong></span> <span class='ocrx_word' id='word_1_78' title='bbox 291 1136 574 1197; x_wconf 88' lang='lat' dir='ltr'><strong>parentes.</strong></span> 
     </span>
    </p>
   </div>
   <div class='ocr_carea' id='block_1_12' title="bbox 226 1215 1759 1291">
    <p class='ocr_par' dir='ltr' id='par_1_12' title="bbox 226 1215 1759 1291">
     <span class='ocr_line' id='line_1_12' title="bbox 226 1215 1759 1291; baseline 0.002 -19"><span class='ocrx_word' id='word_1_79' title='bbox 226 1215 368 1272; x_wconf 80' lang='lat' dir='ltr'><strong>Ideo</strong></span> <span class='ocrx_word' id='word_1_80' title='bbox 396 1218 515 1273; x_wconf 87' lang='lat' dir='ltr'><strong>misi</strong></span> <span class='ocrx_word' id='word_1_81' title='bbox 549 1216 621 1272; x_wconf 85' lang='lat' dir='ltr'><strong>ad</strong></span> <span class='ocrx_word' id='word_1_82' title='bbox 656 1234 748 1273; x_wconf 84' lang='lat' dir='ltr'><strong>vos</strong></span> <span class='ocrx_word' id='word_1_83' title='bbox 780 1216 1141 1286; x_wconf 79' lang='lat' dir='ltr'><strong>Timotheum,</strong></span> <span class='ocrx_word' id='word_1_84' title='bbox 1196 1219 1287 1290; x_wconf 89' lang='lat' dir='ltr'><strong>qui</strong></span> <span class='ocrx_word' id='word_1_85' title='bbox 1322 1228 1401 1275; x_wconf 89' lang='lat' dir='ltr'><strong>est</strong></span> <span class='ocrx_word' id='word_1_86' title='bbox 1440 1219 1585 1291; x_wconf 79' lang='lat' dir='ltr'><strong>ﬁlius</strong></span> <span class='ocrx_word' id='word_1_87' title='bbox 1615 1234 1759 1276; x_wconf 88' lang='lat' dir='ltr'><strong>meus</strong></span> 
     </span>
    </p>
   </div>
   <div class='ocr_carea' id='block_1_13' title="bbox 145 1308 1761 1381">
    <p class='ocr_par' dir='ltr' id='par_1_13' title="bbox 145 1308 1761 1381">
     <span class='ocr_line' id='line_1_13' title="bbox 145 1308 1761 1381; baseline 0.004 -18"><span class='ocrx_word' id='word_1_88' title='bbox 145 1308 523 1376; x_wconf 72' lang='lat' dir='ltr'><strong>durissimus,</strong></span> <span class='ocrx_word' id='word_1_89' title='bbox 550 1318 601 1365; x_wconf 90' lang='lat' dir='ltr'><strong>et</strong></span> <span class='ocrx_word' id='word_1_90' title='bbox 637 1310 811 1379; x_wconf 76' lang='lat' dir='ltr'><strong>ﬁdelis</strong></span> <span class='ocrx_word' id='word_1_91' title='bbox 836 1313 892 1366; x_wconf 89' lang='lat' dir='ltr'><strong>in</strong></span> <span class='ocrx_word' id='word_1_92' title='bbox 917 1310 1166 1367; x_wconf 84' lang='lat' dir='ltr'><strong>Domino.</strong></span> <span class='ocrx_word' id='word_1_93' title='bbox 1190 1311 1407 1381; x_wconf 89' lang='lat' dir='ltr'><strong>Quanto</strong></span> <span class='ocrx_word' id='word_1_94' title='bbox 1432 1311 1645 1369; x_wconf 88' lang='lat' dir='ltr'><strong>ﬁdelior</strong></span> <span class='ocrx_word' id='word_1_95' title='bbox 1673 1319 1761 1370; x_wconf 84' lang='lat' dir='ltr'><strong>est</strong></span> 
     </span>
    </p>
   </div>
   <div class='ocr_carea' id='block_1_14' title="bbox 146 1402 1095 1470">
    <p class='ocr_par' dir='ltr' id='par_1_14' title="bbox 146 1402 1095 1470">
     <span class='ocr_line' id='line_1_14' title="bbox 146 1402 1095 1470; baseline 0.001 -12"><span class='ocrx_word' id='word_1_96' title='bbox 146 1402 410 1470; x_wconf 69' lang='lat' dir='ltr'><strong>caeteris,</strong></span> <span class='ocrx_word' id='word_1_97' title='bbox 447 1413 599 1459; x_wconf 88' lang='lat' dir='ltr'><strong>tanto</strong></span> <span class='ocrx_word' id='word_1_98' title='bbox 627 1404 851 1461; x_wconf 89' lang='lat' dir='ltr'><strong>charior</strong></span> <span class='ocrx_word' id='word_1_99' title='bbox 869 1405 1095 1461; x_wconf 90' lang='lat' dir='ltr'><strong>cunctis.</strong></span> 
     </span>
    </p>
   </div>
   <div class='ocr_carea' id='block_1_15' title="bbox 229 1495 1757 1572">
    <p class='ocr_par' dir='ltr' id='par_1_15' title="bbox 229 1495 1757 1572">
     <span class='ocr_line' id='line_1_15' title="bbox 229 1495 1757 1572; baseline 0.004 -21"><span class='ocrx_word' id='word_1_100' title='bbox 229 1495 343 1563; x_wconf 80' lang='lat' dir='ltr'><strong>Qui</strong></span> <span class='ocrx_word' id='word_1_101' title='bbox 379 1511 469 1552; x_wconf 80' lang='lat' dir='ltr'><strong>sos</strong></span> <span class='ocrx_word' id='word_1_102' title='bbox 517 1499 946 1568; x_wconf 70' lang='lat' dir='ltr'><strong>commonefaciat</strong></span> <span class='ocrx_word' id='word_1_103' title='bbox 1001 1499 1109 1555; x_wconf 83' lang='lat' dir='ltr'><strong>vias</strong></span> <span class='ocrx_word' id='word_1_104' title='bbox 1160 1515 1331 1567; x_wconf 88' lang='lat' dir='ltr'><strong>meas,</strong></span> <span class='ocrx_word' id='word_1_105' title='bbox 1371 1516 1489 1572; x_wconf 68' lang='lat' dir='ltr'><strong>qua:</strong></span> <span class='ocrx_word' id='word_1_106' title='bbox 1532 1509 1653 1556; x_wconf 91' lang='lat' dir='ltr'><strong>sunt</strong></span> <span class='ocrx_word' id='word_1_107' title='bbox 1699 1502 1757 1557; x_wconf 91' lang='lat' dir='ltr'><strong>in</strong></span> 
     </span>
    </p>
   </div>
   <div class='ocr_carea' id='block_1_16' title="bbox 150 1588 1756 1660">
    <p class='ocr_par' dir='ltr' id='par_1_16' title="bbox 150 1588 1756 1660">
     <span class='ocr_line' id='line_1_16' title="bbox 150 1588 1756 1660; baseline 0.002 -14"><span class='ocrx_word' id='word_1_108' title='bbox 150 1588 372 1646; x_wconf 77' lang='lat' dir='ltr'><strong>Christo</strong></span> <span class='ocrx_word' id='word_1_109' title='bbox 398 1588 547 1645; x_wconf 76' lang='lat' dir='ltr'><strong>Iesu.</strong></span> <span class='ocrx_word' id='word_1_110' title='bbox 575 1590 680 1660; x_wconf 86' lang='lat' dir='ltr'><strong>Qui</strong></span> <span class='ocrx_word' id='word_1_111' title='bbox 704 1605 804 1648; x_wconf 91' lang='lat' dir='ltr'><strong>vos</strong></span> <span class='ocrx_word' id='word_1_112' title='bbox 822 1602 880 1647; x_wconf 93' lang='lat' dir='ltr'><strong>et</strong></span> <span class='ocrx_word' id='word_1_113' title='bbox 907 1593 1043 1649; x_wconf 89' lang='lat' dir='ltr'><strong>meis</strong></span> <span class='ocrx_word' id='word_1_114' title='bbox 1069 1593 1290 1660; x_wconf 80' lang='lat' dir='ltr'><strong>litteris,</strong></span> <span class='ocrx_word' id='word_1_115' title='bbox 1315 1602 1371 1650; x_wconf 90' lang='lat' dir='ltr'><strong>et</strong></span> <span class='ocrx_word' id='word_1_116' title='bbox 1396 1608 1496 1650; x_wconf 86' lang='lat' dir='ltr'><strong>suo</strong></span> <span class='ocrx_word' id='word_1_117' title='bbox 1514 1608 1756 1650; x_wconf 90' lang='lat' dir='ltr'><strong>commo-</strong></span> 
     </span>
    </p>
   </div>
   <div class='ocr_carea' id='block_1_17' title="bbox 149 1685 1759 1758">
    <p class='ocr_par' dir='ltr' id='par_1_17' title="bbox 149 1685 1759 1758">
     <span class='ocr_line' id='line_1_17' title="bbox 149 1685 1759 1758; baseline 0.001 -17"><span class='ocrx_word' id='word_1_118' title='bbox 149 1694 317 1743; x_wconf 90' lang='lat' dir='ltr'><strong>neret</strong></span> <span class='ocrx_word' id='word_1_119' title='bbox 342 1685 804 1757; x_wconf 79' lang='lat' dir='ltr'><strong>exemplozaliud</strong></span> <span class='ocrx_word' id='word_1_120' title='bbox 832 1687 981 1745; x_wconf 90' lang='lat' dir='ltr'><strong>enim</strong></span> <span class='ocrx_word' id='word_1_121' title='bbox 1042 1687 1162 1743; x_wconf 89' lang='lat' dir='ltr'><strong>sine</strong></span> <span class='ocrx_word' id='word_1_122' title='bbox 1189 1686 1298 1744; x_wconf 92' lang='lat' dir='ltr'><strong>alio</strong></span> <span class='ocrx_word' id='word_1_123' title='bbox 1341 1688 1603 1758; x_wconf 81' lang='lat' dir='ltr'><strong>prodesse</strong></span> <span class='ocrx_word' id='word_1_124' title='bbox 1650 1703 1759 1744; x_wconf 91' lang='lat' dir='ltr'><strong>non</strong></span> 
     </span>
    </p>
   </div>
   <div class='ocr_carea' id='block_1_18' title="bbox 148 1786 402 1851">
    <p class='ocr_par' dir='ltr' id='par_1_18' title="bbox 148 1786 402 1851">
     <span class='ocr_line' id='line_1_18' title="bbox 148 1786 402 1851; baseline 0 -18"><span class='ocrx_word' id='word_1_125' title='bbox 148 1786 402 1851; x_wconf 80' lang='lat' dir='ltr'><strong>poterat.</strong></span> 
     </span>
    </p>
   </div>
   <div class='ocr_carea' id='block_1_19' title="bbox 1869 561 3457 621">
    <p class='ocr_par' dir='ltr' id='par_1_19' title="bbox 1869 561 3457 621">
     <span class='ocr_line' id='line_1_19' title="bbox 1869 561 3457 621; baseline 0.004 -6"><span class='ocrx_word' id='word_1_126' title='bbox 1869 568 2071 617; x_wconf 87' lang='lat' dir='ltr'><strong>retur:</strong></span> <span class='ocrx_word' id='word_1_127' title='bbox 2125 561 2421 617; x_wconf 88' lang='lat' dir='ltr'><strong>secundum</strong></span> <span class='ocrx_word' id='word_1_128' title='bbox 2472 562 2605 619; x_wconf 90' lang='lat' dir='ltr'><strong>illud</strong></span> <span class='ocrx_word' id='word_1_129' title='bbox 2658 563 2837 619; x_wconf 82' lang='lat' dir='ltr'><strong>Elisaei</strong></span> <span class='ocrx_word' id='word_1_130' title='bbox 2882 562 3115 618; x_wconf 80' lang='lat' dir='ltr'><strong>dicentis</strong></span> <span class='ocrx_word' id='word_1_131' title='bbox 3163 562 3231 619; x_wconf 90' lang='lat' dir='ltr'><strong>ad</strong></span> <span class='ocrx_word' id='word_1_132' title='bbox 3255 562 3457 621; x_wconf 77' lang='lat' dir='ltr'><strong>Giesi:</strong></span> 
     </span>
    </p>
   </div>
   <div class='ocr_carea' id='block_1_20' title="bbox 1862 652 3059 722">
    <p class='ocr_par' dir='ltr' id='par_1_20' title="bbox 1862 652 3059 722">
     <span class='ocr_line' id='line_1_20' title="bbox 1862 652 3059 722; baseline 0 -14"><span class='ocrx_word' id='word_1_133' title='bbox 1862 652 2055 709; x_wconf 86' lang='lat' dir='ltr'><strong>Nonne</strong></span> <span class='ocrx_word' id='word_1_134' title='bbox 2083 654 2305 722; x_wconf 86' lang='lat' dir='ltr'><strong>spiritus</strong></span> <span class='ocrx_word' id='word_1_135' title='bbox 2337 669 2488 709; x_wconf 90' lang='lat' dir='ltr'><strong>meus</strong></span> <span class='ocrx_word' id='word_1_136' title='bbox 2512 665 2689 710; x_wconf 88' lang='lat' dir='ltr'><strong>tecum</strong></span> <span class='ocrx_word' id='word_1_137' title='bbox 2711 662 2828 710; x_wconf 90' lang='lat' dir='ltr'><strong>erat</strong></span> <span class='ocrx_word' id='word_1_138' title='bbox 2854 655 2907 709; x_wconf 91' lang='lat' dir='ltr'><strong>in</strong></span> <span class='ocrx_word' id='word_1_139' title='bbox 2925 654 3059 709; x_wconf 81' lang='lat' dir='ltr'><strong>via?</strong></span> 
     </span>
    </p>
   </div>
   <div class='ocr_carea' id='block_1_21' title="bbox 1936 742 3455 816">
    <p class='ocr_par' dir='ltr' id='par_1_21' title="bbox 1936 742 3455 816">
     <span class='ocr_line' id='line_1_21' title="bbox 1936 742 3455 816; baseline 0.003 -17"><span class='ocrx_word' id='word_1_140' title='bbox 1936 742 2077 800; x_wconf 85' lang='lat' dir='ltr'><strong>Eum</strong></span> <span class='ocrx_word' id='word_1_141' title='bbox 2100 745 2187 816; x_wconf 89' lang='lat' dir='ltr'><strong>qui</strong></span> <span class='ocrx_word' id='word_1_142' title='bbox 2209 745 2283 800; x_wconf 88' lang='lat' dir='ltr'><strong>sic</strong></span> <span class='ocrx_word' id='word_1_143' title='bbox 2310 755 2553 815; x_wconf 87' lang='lat' dir='ltr'><strong>operatus</strong></span> <span class='ocrx_word' id='word_1_144' title='bbox 2579 756 2675 812; x_wconf 85' lang='lat' dir='ltr'><strong>est,</strong></span> <span class='ocrx_word' id='word_1_145' title='bbox 2704 747 2759 801; x_wconf 87' lang='lat' dir='ltr'><strong>in</strong></span> <span class='ocrx_word' id='word_1_146' title='bbox 2783 747 2988 801; x_wconf 85' lang='lat' dir='ltr'><strong>nomine</strong></span> <span class='ocrx_word' id='word_1_147' title='bbox 3031 746 3240 804; x_wconf 79' lang='lat' dir='ltr'><strong>Domini</strong></span> <span class='ocrx_word' id='word_1_148' title='bbox 3283 746 3455 803; x_wconf 77' lang='lat' dir='ltr'><strong>nostri</strong></span> 
     </span>
    </p>
   </div>
   <div class='ocr_carea' id='block_1_22' title="bbox 1862 836 3456 912">
    <p class='ocr_par' dir='ltr' id='par_1_22' title="bbox 1862 836 3456 912">
     <span class='ocr_line' id='line_1_22' title="bbox 1862 836 3456 912; baseline 0.003 -19"><span class='ocrx_word' id='word_1_149' title='bbox 1862 836 1991 893; x_wconf 86' lang='lat' dir='ltr'><strong>Jesu</strong></span> <span class='ocrx_word' id='word_1_150' title='bbox 2034 836 2266 893; x_wconf 77' lang='lat' dir='ltr'><strong>Christi:</strong></span> <span class='ocrx_word' id='word_1_151' title='bbox 2292 841 2615 911; x_wconf 78' lang='lat' dir='ltr'><strong>congregatis</strong></span> <span class='ocrx_word' id='word_1_152' title='bbox 2657 840 2819 906; x_wconf 81' lang='lat' dir='ltr'><strong>vobis,</strong></span> <span class='ocrx_word' id='word_1_153' title='bbox 2844 851 2893 895; x_wconf 89' lang='lat' dir='ltr'><strong>et</strong></span> <span class='ocrx_word' id='word_1_154' title='bbox 2924 856 3057 895; x_wconf 35' lang='lat' dir='ltr'><strong>[meo</strong></span> <span class='ocrx_word' id='word_1_155' title='bbox 3101 842 3289 912; x_wconf 79' lang='lat' dir='ltr'><strong>spiritu</strong></span> <span class='ocrx_word' id='word_1_156' title='bbox 3335 858 3456 897; x_wconf 88' lang='lat' dir='ltr'><strong>cum</strong></span> 
     </span>
    </p>
   </div>
   <div class='ocr_carea' id='block_1_23' title="bbox 1862 929 3455 1003">
    <p class='ocr_par' dir='ltr' id='par_1_23' title="bbox 1862 929 3455 1003">
     <span class='ocr_line' id='line_1_23' title="bbox 1862 929 3455 1003; baseline 0.001 -17"><span class='ocrx_word' id='word_1_157' title='bbox 1862 930 2045 986; x_wconf 82' lang='lat' dir='ltr'><strong>virtute</strong></span> <span class='ocrx_word' id='word_1_158' title='bbox 2067 929 2283 985; x_wconf 87' lang='lat' dir='ltr'><strong>Domini</strong></span> <span class='ocrx_word' id='word_1_159' title='bbox 2305 930 2455 985; x_wconf 85' lang='lat' dir='ltr'><strong>Jesu.</strong></span> <span class='ocrx_word' id='word_1_160' title='bbox 2486 931 2588 999; x_wconf 86' lang='lat' dir='ltr'><strong>Qui</strong></span> <span class='ocrx_word' id='word_1_161' title='bbox 2612 947 2709 1001; x_wconf 92' lang='lat' dir='ltr'><strong>pro</strong></span> <span class='ocrx_word' id='word_1_162' title='bbox 2734 946 2822 987; x_wconf 88' lang='lat' dir='ltr'><strong>me</strong></span> <span class='ocrx_word' id='word_1_163' title='bbox 2860 939 2981 987; x_wconf 89' lang='lat' dir='ltr'><strong>erat</strong></span> <span class='ocrx_word' id='word_1_164' title='bbox 3032 947 3295 1003; x_wconf 78' lang='lat' dir='ltr'><strong>praesens,</strong></span> <span class='ocrx_word' id='word_1_165' title='bbox 3340 934 3455 989; x_wconf 85' lang='lat' dir='ltr'><strong>sive</strong></span> 
     </span>
    </p>
   </div>
   <div class='ocr_carea' id='block_1_24' title="bbox 1864 1024 3455 1100">
    <p class='ocr_par' dir='ltr' id='par_1_24' title="bbox 1864 1024 3455 1100">
     <span class='ocr_line' id='line_1_24' title="bbox 1864 1024 3455 1100; baseline 0.003 -21"><span class='ocrx_word' id='word_1_166' title='bbox 1864 1024 1921 1080; x_wconf 92' lang='lat' dir='ltr'><strong>in</strong></span> <span class='ocrx_word' id='word_1_167' title='bbox 1947 1024 2252 1081; x_wconf 88' lang='lat' dir='ltr'><strong>litterarum</strong></span> <span class='ocrx_word' id='word_1_168' title='bbox 2282 1040 2529 1081; x_wconf 88' lang='lat' dir='ltr'><strong>mearum</strong></span> <span class='ocrx_word' id='word_1_169' title='bbox 2555 1025 2903 1097; x_wconf 85' lang='lat' dir='ltr'><strong>auctoritate,</strong></span> <span class='ocrx_word' id='word_1_170' title='bbox 2928 1042 3026 1098; x_wconf 89' lang='lat' dir='ltr'><strong>per</strong></span> <span class='ocrx_word' id='word_1_171' title='bbox 3052 1042 3215 1100; x_wconf 90' lang='lat' dir='ltr'><strong>quam</strong></span> <span class='ocrx_word' id='word_1_172' title='bbox 3240 1027 3455 1085; x_wconf 90' lang='lat' dir='ltr'><strong>Domini</strong></span> 
     </span>
    </p>
   </div>
   <div class='ocr_carea' id='block_1_25' title="bbox 1862 1116 2513 1189">
    <p class='ocr_par' dir='ltr' id='par_1_25' title="bbox 1862 1116 2513 1189">
     <span class='ocr_line' id='line_1_25' title="bbox 1862 1116 2513 1189; baseline 0.005 -18"><span class='ocrx_word' id='word_1_173' title='bbox 1862 1130 2081 1189; x_wconf 90' lang='lat' dir='ltr'><strong>quoque</strong></span> <span class='ocrx_word' id='word_1_174' title='bbox 2099 1118 2272 1172; x_wconf 91' lang='lat' dir='ltr'><strong>virtus</strong></span> <span class='ocrx_word' id='word_1_175' title='bbox 2287 1116 2513 1174; x_wconf 86' lang='lat' dir='ltr'><strong>assistit.</strong></span> 
     </span>
    </p>
   </div>
   <div class='ocr_carea' id='block_1_26' title="bbox 1934 1210 3459 1285">
    <p class='ocr_par' dir='ltr' id='par_1_26' title="bbox 1934 1210 3459 1285">
     <span class='ocr_line' id='line_1_26' title="bbox 1934 1210 3459 1285; baseline 0.003 -18"><span class='ocrx_word' id='word_1_176' title='bbox 1934 1210 2168 1267; x_wconf 82' lang='lat' dir='ltr'><strong>Tradere</strong></span> <span class='ocrx_word' id='word_1_177' title='bbox 2195 1212 2496 1285; x_wconf 88' lang='lat' dir='ltr'><strong>hujusmodi</strong></span> <span class='ocrx_word' id='word_1_178' title='bbox 2535 1212 2750 1269; x_wconf 77' lang='lat' dir='ltr'><strong>Salante</strong></span> <span class='ocrx_word' id='word_1_179' title='bbox 2777 1215 2831 1269; x_wconf 88' lang='lat' dir='ltr'><strong>in</strong></span> <span class='ocrx_word' id='word_1_180' title='bbox 2851 1214 3116 1270; x_wconf 88' lang='lat' dir='ltr'><strong>interitum</strong></span> <span class='ocrx_word' id='word_1_181' title='bbox 3145 1216 3336 1272; x_wconf 88' lang='lat' dir='ltr'><strong>carnis.</strong></span> <span class='ocrx_word' id='word_1_182' title='bbox 3384 1215 3459 1274; x_wconf 84' lang='lat' dir='ltr'><strong>Ut</strong></span> 
     </span>
    </p>
   </div>
   <div class='ocr_carea' id='block_1_27' title="bbox 1863 1304 3450 1381">
    <p class='ocr_par' dir='ltr' id='par_1_27' title="bbox 1863 1304 3450 1381">
     <span class='ocr_line' id='line_1_27' title="bbox 1863 1304 3450 1381; baseline 0.003 -19"><span class='ocrx_word' id='word_1_183' title='bbox 1863 1304 2160 1376; x_wconf 88' lang='lat' dir='ltr'><strong>arripiendi</strong></span> <span class='ocrx_word' id='word_1_184' title='bbox 2216 1306 2365 1361; x_wconf 90' lang='lat' dir='ltr'><strong>illum</strong></span> <span class='ocrx_word' id='word_1_185' title='bbox 2422 1308 2782 1378; x_wconf 85' lang='lat' dir='ltr'><strong>corporaliter</strong></span> <span class='ocrx_word' id='word_1_186' title='bbox 2842 1308 3042 1365; x_wconf 83' lang='lat' dir='ltr'><strong>habeat</strong></span> <span class='ocrx_word' id='word_1_187' title='bbox 3095 1320 3450 1381; x_wconf 87' lang='lat' dir='ltr'><strong>potestatem.</strong></span> 
     </span>
    </p>
   </div>
   <div class='ocr_carea' id='block_1_28' title="bbox 1864 1400 3559 1473">
    <p class='ocr_par' dir='ltr' id='par_1_28' title="bbox 1864 1400 3559 1473">
     <span class='ocr_line' id='line_1_28' title="bbox 1864 1400 3559 1473; baseline 0.002 -18"><span class='ocrx_word' id='word_1_188' title='bbox 1864 1401 2020 1469; x_wconf 86' lang='lat' dir='ltr'><strong>Quod</strong></span> <span class='ocrx_word' id='word_1_189' title='bbox 2042 1416 2165 1458; x_wconf 90' lang='lat' dir='ltr'><strong>cum</strong></span> <span class='ocrx_word' id='word_1_190' title='bbox 2193 1401 2394 1458; x_wconf 88' lang='lat' dir='ltr'><strong>viderit</strong></span> <span class='ocrx_word' id='word_1_191' title='bbox 2417 1416 2479 1458; x_wconf 86' lang='lat' dir='ltr'><strong>se</strong></span> <span class='ocrx_word' id='word_1_192' title='bbox 2506 1418 2608 1459; x_wconf 90' lang='lat' dir='ltr'><strong>nec</strong></span> <span class='ocrx_word' id='word_1_193' title='bbox 2647 1404 2829 1459; x_wconf 90' lang='lat' dir='ltr'><strong>carnis</strong></span> <span class='ocrx_word' id='word_1_194' title='bbox 2855 1403 2964 1473; x_wconf 92' lang='lat' dir='ltr'><strong>hic,</strong></span> <span class='ocrx_word' id='word_1_195' title='bbox 3020 1417 3124 1460; x_wconf 90' lang='lat' dir='ltr'><strong>nec</strong></span> <span class='ocrx_word' id='word_1_196' title='bbox 3170 1406 3223 1460; x_wconf 91' lang='lat' dir='ltr'><strong>in</strong></span> <span class='ocrx_word' id='word_1_197' title='bbox 3270 1403 3453 1461; x_wconf 77' lang='lat' dir='ltr'><strong>futuro</strong></span> <span class='ocrx_word' id='word_1_198' title='bbox 3555 1400 3559 1411; x_wconf 85' lang='grc'><strong>“</strong></span> 
     </span>
    </p>
   </div>
   <div class='ocr_carea' id='block_1_29' title="bbox 1862 1494 3454 1567">
    <p class='ocr_par' dir='ltr' id='par_1_29' title="bbox 1862 1494 3454 1567">
     <span class='ocr_line' id='line_1_29' title="bbox 1862 1494 3454 1567; baseline 0.002 -16"><span class='ocrx_word' id='word_1_199' title='bbox 1862 1494 2087 1566; x_wconf 87' lang='lat' dir='ltr'><strong>spiritus</strong></span> <span class='ocrx_word' id='word_1_200' title='bbox 2116 1495 2364 1566; x_wconf 88' lang='lat' dir='ltr'><strong>requiem</strong></span> <span class='ocrx_word' id='word_1_201' title='bbox 2392 1495 2703 1551; x_wconf 90' lang='lat' dir='ltr'><strong>habiturum</strong></span> <span class='ocrx_word' id='word_1_202' title='bbox 2733 1514 2746 1550; x_wconf 90' lang='lat'>:</span> <span class='ocrx_word' id='word_1_203' title='bbox 2782 1497 2850 1553; x_wconf 87' lang='lat' dir='ltr'><strong>de</strong></span> <span class='ocrx_word' id='word_1_204' title='bbox 2878 1497 3023 1554; x_wconf 82' lang='lat' dir='ltr'><strong>facto</strong></span> <span class='ocrx_word' id='word_1_205' title='bbox 3078 1499 3338 1567; x_wconf 74' lang='lat' dir='ltr'><strong>paeniteat</strong></span> <span class='ocrx_word' id='word_1_206' title='bbox 3390 1506 3454 1554; x_wconf 89' lang='lat' dir='ltr'><strong>ut</strong></span> 
     </span>
    </p>
   </div>
   <div class='ocr_carea' id='block_1_30' title="bbox 1862 1586 3458 1661">
    <p class='ocr_par' dir='ltr' id='par_1_30' title="bbox 1862 1586 3458 1661">
     <span class='ocr_line' id='line_1_30' title="bbox 1862 1586 3458 1661; baseline 0.003 -18"><span class='ocrx_word' id='word_1_207' title='bbox 1862 1588 2126 1644; x_wconf 88' lang='lat' dir='ltr'><strong>salvetur.</strong></span> <span class='ocrx_word' id='word_1_208' title='bbox 2149 1586 2278 1644; x_wconf 86' lang='lat' dir='ltr'><strong>Sive</strong></span> <span class='ocrx_word' id='word_1_209' title='bbox 2304 1588 2387 1643; x_wconf 93' lang='lat' dir='ltr'><strong>sic</strong></span> <span class='ocrx_word' id='word_1_210' title='bbox 2417 1589 2644 1658; x_wconf 88' lang='lat' dir='ltr'><strong>quisque</strong></span> <span class='ocrx_word' id='word_1_211' title='bbox 2672 1602 2772 1661; x_wconf 88' lang='lat' dir='ltr'><strong>pro</strong></span> <span class='ocrx_word' id='word_1_212' title='bbox 2796 1590 3006 1645; x_wconf 89' lang='lat' dir='ltr'><strong>meritis</strong></span> <span class='ocrx_word' id='word_1_213' title='bbox 3030 1591 3143 1646; x_wconf 91' lang='lat' dir='ltr'><strong>suis</strong></span> <span class='ocrx_word' id='word_1_214' title='bbox 3169 1591 3237 1646; x_wconf 91' lang='lat' dir='ltr'><strong>de</strong></span> <span class='ocrx_word' id='word_1_215' title='bbox 3266 1590 3458 1647; x_wconf 88' lang='lat' dir='ltr'><strong>Eccle-</strong></span> 
     </span>
    </p>
   </div>
   <div class='ocr_carea' id='block_1_31' title="bbox 1860 1680 3457 1752">
    <p class='ocr_par' dir='ltr' id='par_1_31' title="bbox 1860 1680 3457 1752">
     <span class='ocr_line' id='line_1_31' title="bbox 1860 1680 3457 1752; baseline 0.003 -17"><span class='ocrx_word' id='word_1_216' title='bbox 1860 1681 1943 1735; x_wconf 88' lang='lat' dir='ltr'><strong>sia</strong></span> <span class='ocrx_word' id='word_1_217' title='bbox 1975 1680 2217 1752; x_wconf 88' lang='lat' dir='ltr'><strong>pellitur,</strong></span> <span class='ocrx_word' id='word_1_218' title='bbox 2243 1680 2458 1737; x_wconf 77' lang='lat' dir='ltr'><strong>Satance</strong></span> <span class='ocrx_word' id='word_1_219' title='bbox 2487 1681 2718 1737; x_wconf 85' lang='lat' dir='ltr'><strong>traditur</strong></span> <span class='ocrx_word' id='word_1_220' title='bbox 2745 1683 2999 1751; x_wconf 83' lang='lat' dir='ltr'><strong>poteStati</strong></span> <span class='ocrx_word' id='word_1_221' title='bbox 3034 1700 3049 1736; x_wconf 91' lang='lat'><strong>:</strong></span> <span class='ocrx_word' id='word_1_222' title='bbox 3084 1694 3144 1738; x_wconf 95' lang='lat' dir='ltr'><strong>ut</strong></span> <span class='ocrx_word' id='word_1_223' title='bbox 3172 1683 3302 1739; x_wconf 90' lang='lat' dir='ltr'><strong>dum</strong></span> <span class='ocrx_word' id='word_1_224' title='bbox 3328 1698 3457 1739; x_wconf 90' lang='lat' dir='ltr'><strong>caro</strong></span> 
     </span>
    </p>
   </div>
   <div class='ocr_carea' id='block_1_32' title="bbox 1863 1774 3455 1846">
    <p class='ocr_par' dir='ltr' id='par_1_32' title="bbox 1863 1774 3455 1846">
     <span class='ocr_line' id='line_1_32' title="bbox 1863 1774 3455 1846; baseline 0.002 -19"><span class='ocrx_word' id='word_1_225' title='bbox 1863 1774 1981 1844; x_wconf 86' lang='lat' dir='ltr'><strong>ejus</strong></span> <span class='ocrx_word' id='word_1_226' title='bbox 2009 1788 2110 1844; x_wconf 91' lang='lat' dir='ltr'><strong>per</strong></span> <span class='ocrx_word' id='word_1_227' title='bbox 2148 1774 2521 1844; x_wconf 80' lang='lat' dir='ltr'><strong>ptenitentiam</strong></span> <span class='ocrx_word' id='word_1_228' title='bbox 2573 1774 2798 1841; x_wconf 78' lang='lat' dir='ltr'><strong>amicta,</strong></span> <span class='ocrx_word' id='word_1_229' title='bbox 2844 1775 3130 1846; x_wconf 83' lang='lat' dir='ltr'><strong>quemdam</strong></span> <span class='ocrx_word' id='word_1_230' title='bbox 3178 1776 3455 1831; x_wconf 87' lang='lat' dir='ltr'><strong>interitum</strong></span> 
     </span>
    </p>
   </div>
   <div class='ocr_carea' id='block_1_33' title="bbox 228 1868 3461 1945">
    <p class='ocr_par' dir='ltr' id='par_1_33' title="bbox 228 1868 3461 1945">
     <span class='ocr_line' id='line_1_33' title="bbox 228 1868 3461 1945; baseline -0.001 -19"><span class='ocrx_word' id='word_1_231' title='bbox 228 1871 383 1930; x_wconf 90' lang='lat' dir='ltr'><strong>Sicut</strong></span> <span class='ocrx_word' id='word_1_232' title='bbox 426 1872 617 1945; x_wconf 86' lang='lat' dir='ltr'><strong>ubique</strong></span> <span class='ocrx_word' id='word_1_233' title='bbox 656 1874 713 1928; x_wconf 87' lang='lat' dir='ltr'><strong>in</strong></span> <span class='ocrx_word' id='word_1_234' title='bbox 763 1875 906 1929; x_wconf 90' lang='lat' dir='ltr'><strong>omni</strong></span> <span class='ocrx_word' id='word_1_235' title='bbox 952 1871 1189 1928; x_wconf 86' lang='lat' dir='ltr'><strong>Ecclesia</strong></span> <span class='ocrx_word' id='word_1_236' title='bbox 1238 1872 1417 1928; x_wconf 79' lang='lat' dir='ltr'><strong>dcccc.</strong></span> <span class='ocrx_word' id='word_1_237' title='bbox 1471 1871 1758 1938; x_wconf 90' lang='lat' dir='ltr'><strong>Quomodo</strong></span> <span class='ocrx_word' id='word_1_238' title='bbox 1786 1875 1837 1937; x_wconf 86' lang='lat' dir='ltr'><strong>B</strong></span> <span class='ocrx_word' id='word_1_239' title='bbox 1864 1868 2088 1939; x_wconf 88' lang='lat' dir='ltr'><strong>patitur,</strong></span> <span class='ocrx_word' id='word_1_240' title='bbox 2118 1868 2343 1937; x_wconf 89' lang='lat' dir='ltr'><strong>spiritus</strong></span> <span class='ocrx_word' id='word_1_241' title='bbox 2370 1882 2743 1924; x_wconf 82' lang='lat' dir='ltr'><strong>conservetur.</strong></span> <span class='ocrx_word' id='word_1_242' title='bbox 2780 1869 2954 1925; x_wconf 82' lang='lat' dir='ltr'><strong>Habet</strong></span> <span class='ocrx_word' id='word_1_243' title='bbox 2995 1871 3137 1925; x_wconf 89' lang='lat' dir='ltr'><strong>enim</strong></span> <span class='ocrx_word' id='word_1_244' title='bbox 3164 1879 3461 1926; x_wconf 83' lang='lat' dir='ltr'><strong>consuetu-</strong></span> 
     </span>
    </p>
   </div>
   <div class='ocr_carea' id='block_1_34' title="bbox 151 1963 1755 2038">
    <p class='ocr_par' dir='ltr' id='par_1_34' title="bbox 151 1963 1755 2038">
     <span class='ocr_line' id='line_1_34' title="bbox 151 1963 1755 2038; baseline 0.001 -18"><span class='ocrx_word' id='word_1_245' title='bbox 151 1980 378 2037; x_wconf 89' lang='lat' dir='ltr'><strong>semper</strong></span> <span class='ocrx_word' id='word_1_246' title='bbox 403 1973 461 2021; x_wconf 91' lang='lat' dir='ltr'><strong>et</strong></span> <span class='ocrx_word' id='word_1_247' title='bbox 489 1966 695 2038; x_wconf 90' lang='lat' dir='ltr'><strong>ubique</strong></span> <span class='ocrx_word' id='word_1_248' title='bbox 731 1981 916 2023; x_wconf 91' lang='lat' dir='ltr'><strong>meum</strong></span> <span class='ocrx_word' id='word_1_249' title='bbox 963 1965 1273 2038; x_wconf 82' lang='lat' dir='ltr'><strong>exemplum</strong></span> <span class='ocrx_word' id='word_1_250' title='bbox 1325 1980 1451 2021; x_wconf 89' lang='lat' dir='ltr'><strong>cum</strong></span> <span class='ocrx_word' id='word_1_251' title='bbox 1501 1963 1755 2022; x_wconf 90' lang='lat' dir='ltr'><strong>doctrina</strong></span> 
     </span>
    </p>
   </div>
   <div class='ocr_carea' id='block_1_35' title="bbox 158 2056 473 2113">
    <p class='ocr_par' dir='ltr' id='par_1_35' title="bbox 158 2056 473 2113">
     <span class='ocr_line' id='line_1_35' title="bbox 158 2056 473 2113; baseline -0.006 -1"><span class='ocrx_word' id='word_1_252' title='bbox 158 2056 473 2113; x_wconf 81' lang='lat' dir='ltr'><strong>concordat.</strong></span> 
     </span>
    </p>
   </div>
   <div class='ocr_carea' id='block_1_36' title="bbox 240 2147 1756 2220">
    <p class='ocr_par' dir='ltr' id='par_1_36' title="bbox 240 2147 1756 2220">
     <span class='ocr_line' id='line_1_36' title="bbox 240 2147 1756 2220; baseline 0.003 -18"><span class='ocrx_word' id='word_1_253' title='bbox 240 2147 522 2220; x_wconf 81' lang='lat' dir='ltr'><strong>Tamquam</strong></span> <span class='ocrx_word' id='word_1_254' title='bbox 548 2164 653 2204; x_wconf 87' lang='lat' dir='ltr'><strong>non</strong></span> <span class='ocrx_word' id='word_1_255' title='bbox 675 2159 920 2205; x_wconf 82' lang='lat' dir='ltr'><strong>venturus</strong></span> <span class='ocrx_word' id='word_1_256' title='bbox 948 2148 1046 2204; x_wconf 90' lang='lat' dir='ltr'><strong>sim</strong></span> <span class='ocrx_word' id='word_1_257' title='bbox 1069 2148 1140 2203; x_wconf 88' lang='lat' dir='ltr'><strong>ad</strong></span> <span class='ocrx_word' id='word_1_258' title='bbox 1166 2163 1275 2204; x_wconf 74' lang='lat' dir='ltr'><strong>vos.</strong></span> <span class='ocrx_word' id='word_1_259' title='bbox 1301 2147 1400 2205; x_wconf 77' lang='lat' dir='ltr'><strong>Hic</strong></span> <span class='ocrx_word' id='word_1_260' title='bbox 1418 2148 1609 2220; x_wconf 88' lang='lat' dir='ltr'><strong>incipit</strong></span> <span class='ocrx_word' id='word_1_261' title='bbox 1627 2163 1756 2207; x_wconf 86' lang='lat' dir='ltr'><strong>cau-</strong></span> 
     </span>
    </p>
   </div>
   <div class='ocr_carea' id='block_1_37' title="bbox 156 2242 957 2314">
    <p class='ocr_par' dir='ltr' id='par_1_37' title="bbox 156 2242 957 2314">
     <span class='ocr_line' id='line_1_37' title="bbox 156 2242 957 2314; baseline -0.001 -17"><span class='ocrx_word' id='word_1_262' title='bbox 156 2256 273 2297; x_wconf 87' lang='lat' dir='ltr'><strong>sam</strong></span> <span class='ocrx_word' id='word_1_263' title='bbox 298 2242 680 2297; x_wconf 80' lang='lat' dir='ltr'><strong>fornicationis</strong></span> <span class='ocrx_word' id='word_1_264' title='bbox 706 2256 957 2314; x_wconf 83' lang='lat' dir='ltr'><strong>arguere.</strong></span> 
     </span>
    </p>
   </div>
   <div class='ocr_carea' id='block_1_38' title="bbox 228 2334 1751 2405">
    <p class='ocr_par' dir='ltr' id='par_1_38' title="bbox 228 2334 1751 2405">
     <span class='ocr_line' id='line_1_38' title="bbox 228 2334 1751 2405; baseline -0.001 -13"><span class='ocrx_word' id='word_1_265' title='bbox 228 2334 326 2392; x_wconf 85' lang='lat' dir='ltr'><strong>Sic</strong></span> <span class='ocrx_word' id='word_1_266' title='bbox 353 2335 532 2405; x_wconf 84' lang='lat' dir='ltr'><strong>inﬂati</strong></span> <span class='ocrx_word' id='word_1_267' title='bbox 557 2343 677 2390; x_wconf 87' lang='lat' dir='ltr'><strong>sunt</strong></span> <span class='ocrx_word' id='word_1_268' title='bbox 703 2334 941 2404; x_wconf 86' lang='lat' dir='ltr'><strong>quidam.</strong></span> <span class='ocrx_word' id='word_1_269' title='bbox 972 2334 1192 2391; x_wconf 85' lang='lat' dir='ltr'><strong>Veniam</strong></span> <span class='ocrx_word' id='word_1_270' title='bbox 1217 2344 1390 2390; x_wconf 86' lang='lat' dir='ltr'><strong>autem</strong></span> <span class='ocrx_word' id='word_1_271' title='bbox 1416 2335 1487 2390; x_wconf 86' lang='lat' dir='ltr'><strong>ad</strong></span> <span class='ocrx_word' id='word_1_272' title='bbox 1511 2351 1599 2391; x_wconf 81' lang='lat' dir='ltr'><strong>vos</strong></span> <span class='ocrx_word' id='word_1_273' title='bbox 1626 2337 1751 2405; x_wconf 89' lang='lat' dir='ltr'><strong>cito,</strong></span> 
     </span>
    </p>
   </div>
   <div class='ocr_carea' id='block_1_39' title="bbox 164 2426 1756 2495">
    <p class='ocr_par' dir='ltr' id='par_1_39' title="bbox 164 2426 1756 2495">
     <span class='ocr_line' id='line_1_39' title="bbox 164 2426 1756 2495; baseline 0.002 -13"><span class='ocrx_word' id='word_1_274' title='bbox 164 2427 203 2482; x_wconf 87' lang='lat' dir='ltr'><strong>si</strong></span> <span class='ocrx_word' id='word_1_275' title='bbox 229 2426 491 2482; x_wconf 88' lang='lat' dir='ltr'><strong>Dominus</strong></span> <span class='ocrx_word' id='word_1_276' title='bbox 510 2427 750 2481; x_wconf 81' lang='lat' dir='ltr'><strong>uoluerit.</strong></span> <span class='ocrx_word' id='word_1_277' title='bbox 798 2426 1029 2483; x_wconf 87' lang='lat' dir='ltr'><strong>Tamdiu</strong></span> <span class='ocrx_word' id='word_1_278' title='bbox 1051 2428 1250 2495; x_wconf 85' lang='lat' dir='ltr'><strong>aliquis</strong></span> <span class='ocrx_word' id='word_1_279' title='bbox 1275 2428 1344 2485; x_wconf 89' lang='lat' dir='ltr'><strong>de</strong></span> <span class='ocrx_word' id='word_1_280' title='bbox 1366 2429 1597 2485; x_wconf 86' lang='lat' dir='ltr'><strong>scientia</strong></span> <span class='ocrx_word' id='word_1_281' title='bbox 1621 2428 1756 2485; x_wconf 80' lang='lat' dir='ltr'><strong>falsa</strong></span> 
     </span>
    </p>
   </div>
   <div class='ocr_carea' id='block_1_40' title="bbox 154 2520 1755 2593">
    <p class='ocr_par' dir='ltr' id='par_1_40' title="bbox 154 2520 1755 2593">
     <span class='ocr_line' id='line_1_40' title="bbox 154 2520 1755 2593; baseline 0.002 -17"><span class='ocrx_word' id='word_1_282' title='bbox 154 2536 214 2576; x_wconf 84' lang='lat' dir='ltr'><strong>se</strong></span> <span class='ocrx_word' id='word_1_283' title='bbox 255 2520 451 2592; x_wconf 76' lang='lat' dir='ltr'><strong>iactat,</strong></span> <span class='ocrx_word' id='word_1_284' title='bbox 494 2534 779 2591; x_wconf 90' lang='lat' dir='ltr'><strong>usquequo</strong></span> <span class='ocrx_word' id='word_1_285' title='bbox 825 2535 969 2577; x_wconf 74' lang='lat' dir='ltr'><strong>verte</strong></span> <span class='ocrx_word' id='word_1_286' title='bbox 1008 2520 1253 2578; x_wconf 61' lang='lat' dir='ltr'><strong>scientia;</strong></span> <span class='ocrx_word' id='word_1_287' title='bbox 1298 2521 1627 2593; x_wconf 63' lang='lat' dir='ltr'><strong>praedicator</strong></span> <span class='ocrx_word' id='word_1_288' title='bbox 1655 2522 1755 2579; x_wconf 88' lang='lat' dir='ltr'><strong>ad-</strong></span> 
     </span>
    </p>
   </div>
   <div class='ocr_carea' id='block_1_41' title="bbox 156 2614 331 2670">
    <p class='ocr_par' dir='ltr' id='par_1_41' title="bbox 156 2614 331 2670">
     <span class='ocr_line' id='line_1_41' title="bbox 156 2614 331 2670; baseline 0 -1"><span class='ocrx_word' id='word_1_289' title='bbox 156 2614 331 2670; x_wconf 88' lang='lat' dir='ltr'><strong>venit.</strong></span> 
     </span>
    </p>
   </div>
   <div class='ocr_carea' id='block_1_42' title="bbox 238 2704 1757 2779">
    <p class='ocr_par' dir='ltr' id='par_1_42' title="bbox 238 2704 1757 2779">
     <span class='ocr_line' id='line_1_42' title="bbox 238 2704 1757 2779; baseline 0.003 -20"><span class='ocrx_word' id='word_1_290' title='bbox 238 2704 312 2760; x_wconf 88' lang='lat' dir='ltr'><strong>Et</strong></span> <span class='ocrx_word' id='word_1_291' title='bbox 348 2721 645 2777; x_wconf 85' lang='lat' dir='ltr'><strong>cognoscam</strong></span> <span class='ocrx_word' id='word_1_292' title='bbox 688 2721 795 2761; x_wconf 90' lang='lat' dir='ltr'><strong>non</strong></span> <span class='ocrx_word' id='word_1_293' title='bbox 845 2721 1132 2762; x_wconf 88' lang='lat' dir='ltr'><strong>sermonem</strong></span> <span class='ocrx_word' id='word_1_294' title='bbox 1172 2722 1351 2762; x_wconf 87' lang='lat' dir='ltr'><strong>eorum</strong></span> <span class='ocrx_word' id='word_1_295' title='bbox 1376 2746 1394 2775; x_wconf 92' lang='lat'><strong>,</strong></span> <span class='ocrx_word' id='word_1_296' title='bbox 1445 2708 1536 2778; x_wconf 85' lang='lat' dir='ltr'><strong>qui</strong></span> <span class='ocrx_word' id='word_1_297' title='bbox 1585 2708 1757 2779; x_wconf 88' lang='lat' dir='ltr'><strong>inﬂati</strong></span> 
     </span>
    </p>
   </div>
   <div class='ocr_carea' id='block_1_43' title="bbox 165 2797 1759 2870">
    <p class='ocr_par' dir='ltr' id='par_1_43' title="bbox 165 2797 1759 2870">
     <span class='ocr_line' id='line_1_43' title="bbox 165 2797 1759 2870; baseline 0.001 -18"><span class='ocrx_word' id='word_1_298' title='bbox 165 2807 316 2866; x_wconf 82' lang='lat' dir='ltr'><strong>sunt,</strong></span> <span class='ocrx_word' id='word_1_299' title='bbox 336 2797 695 2852; x_wconf 76' lang='lat' dir='ltr'><strong>sedvirtutem.</strong></span> <span class='ocrx_word' id='word_1_300' title='bbox 728 2798 1065 2855; x_wconf 85' lang='lat' dir='ltr'><strong>Examinaho</strong></span> <span class='ocrx_word' id='word_1_301' title='bbox 1093 2812 1201 2854; x_wconf 91' lang='lat' dir='ltr'><strong>non</strong></span> <span class='ocrx_word' id='word_1_302' title='bbox 1223 2798 1553 2870; x_wconf 68' lang='lat' dir='ltr'><strong>eloquentiae</strong></span> <span class='ocrx_word' id='word_1_303' title='bbox 1602 2813 1759 2870; x_wconf 90' lang='lat' dir='ltr'><strong>pom-</strong></span> 
     </span>
    </p>
   </div>
   <div class='ocr_carea' id='block_1_44' title="bbox 166 2890 1757 2963">
    <p class='ocr_par' dir='ltr' id='par_1_44' title="bbox 166 2890 1757 2963">
     <span class='ocr_line' id='line_1_44' title="bbox 166 2890 1757 2963; baseline 0.002 -17"><span class='ocrx_word' id='word_1_304' title='bbox 166 2907 321 2963; x_wconf 89' lang='lat' dir='ltr'><strong>pam,</strong></span> <span class='ocrx_word' id='word_1_305' title='bbox 354 2892 446 2947; x_wconf 81' lang='lat' dir='ltr'><strong>sed</strong></span> <span class='ocrx_word' id='word_1_306' title='bbox 492 2891 930 2948; x_wconf 87' lang='lat' dir='ltr'><strong>conversationis</strong></span> <span class='ocrx_word' id='word_1_307' title='bbox 976 2890 1249 2960; x_wconf 79' lang='lat' dir='ltr'><strong>effectum,</strong></span> <span class='ocrx_word' id='word_1_308' title='bbox 1279 2892 1369 2948; x_wconf 91' lang='lat' dir='ltr'><strong>ubi</strong></span> <span class='ocrx_word' id='word_1_309' title='bbox 1412 2892 1586 2949; x_wconf 90' lang='lat' dir='ltr'><strong>virtus</strong></span> <span class='ocrx_word' id='word_1_310' title='bbox 1630 2892 1757 2950; x_wconf 87' lang='lat' dir='ltr'><strong>ﬁdei</strong></span> 
     </span>
    </p>
   </div>
   <div class='ocr_carea' id='block_1_45' title="bbox 159 2986 589 3057">
    <p class='ocr_par' dir='ltr' id='par_1_45' title="bbox 159 2986 589 3057">
     <span class='ocr_line' id='line_1_45' title="bbox 159 2986 589 3057; baseline -0.005 -13"><span class='ocrx_word' id='word_1_311' title='bbox 159 3000 291 3044; x_wconf 82' lang='lat' dir='ltr'><strong>esse</strong></span> <span class='ocrx_word' id='word_1_312' title='bbox 308 2986 589 3057; x_wconf 89' lang='lat' dir='ltr'><strong>probatur.</strong></span> 
     </span>
    </p>
   </div>
   <div class='ocr_carea' id='block_1_46' title="bbox 228 3077 1753 3151">
    <p class='ocr_par' dir='ltr' id='par_1_46' title="bbox 228 3077 1753 3151">
     <span class='ocr_line' id='line_1_46' title="bbox 228 3077 1753 3151; baseline 0 -16"><span class='ocrx_word' id='word_1_313' title='bbox 228 3079 360 3135; x_wconf 84' lang='lat' dir='ltr'><strong>Non</strong></span> <span class='ocrx_word' id='word_1_314' title='bbox 380 3080 519 3134; x_wconf 89' lang='lat' dir='ltr'><strong>enim</strong></span> <span class='ocrx_word' id='word_1_315' title='bbox 543 3080 599 3135; x_wconf 89' lang='lat' dir='ltr'><strong>in</strong></span> <span class='ocrx_word' id='word_1_316' title='bbox 622 3094 857 3135; x_wconf 86' lang='lat' dir='ltr'><strong>sermone</strong></span> <span class='ocrx_word' id='word_1_317' title='bbox 880 3087 957 3135; x_wconf 87' lang='lat' dir='ltr'><strong>est</strong></span> <span class='ocrx_word' id='word_1_318' title='bbox 974 3095 1193 3151; x_wconf 84' lang='lat' dir='ltr'><strong>regnum</strong></span> <span class='ocrx_word' id='word_1_319' title='bbox 1214 3077 1334 3149; x_wconf 85' lang='lat' dir='ltr'><strong>Dei,</strong></span> <span class='ocrx_word' id='word_1_320' title='bbox 1356 3078 1448 3135; x_wconf 90' lang='lat' dir='ltr'><strong>sed</strong></span> <span class='ocrx_word' id='word_1_321' title='bbox 1473 3079 1529 3134; x_wconf 91' lang='lat' dir='ltr'><strong>in</strong></span> <span class='ocrx_word' id='word_1_322' title='bbox 1547 3081 1753 3135; x_wconf 82' lang='lat' dir='ltr'><strong>virtute.</strong></span> 
     </span>
    </p>
   </div>
   <div class='ocr_carea' id='block_1_47' title="bbox 155 3170 1750 3243">
    <p class='ocr_par' dir='ltr' id='par_1_47' title="bbox 155 3170 1750 3243">
     <span class='ocr_line' id='line_1_47' title="bbox 155 3170 1750 3243; baseline -0.001 -14"><span class='ocrx_word' id='word_1_323' title='bbox 155 3174 255 3230; x_wconf 83' lang='lat' dir='ltr'><strong>ilic</strong></span> <span class='ocrx_word' id='word_1_324' title='bbox 274 3172 542 3238; x_wconf 88' lang='lat' dir='ltr'><strong>ostendit,</strong></span> <span class='ocrx_word' id='word_1_325' title='bbox 573 3172 705 3227; x_wconf 89' lang='lat' dir='ltr'><strong>nihil</strong></span> <span class='ocrx_word' id='word_1_326' title='bbox 727 3171 991 3243; x_wconf 88' lang='lat' dir='ltr'><strong>prodesse</strong></span> <span class='ocrx_word' id='word_1_327' title='bbox 1011 3170 1312 3230; x_wconf 89' lang='lat' dir='ltr'><strong>doctrinam</strong></span> <span class='ocrx_word' id='word_1_328' title='bbox 1344 3171 1553 3242; x_wconf 88' lang='lat' dir='ltr'><strong>absque</strong></span> <span class='ocrx_word' id='word_1_329' title='bbox 1590 3171 1750 3242; x_wconf 84' lang='lat' dir='ltr'><strong>justi-</strong></span> 
     </span>
    </p>
   </div>
   <div class='ocr_carea' id='block_1_48' title="bbox 1862 1960 3452 2032">
    <p class='ocr_par' dir='ltr' id='par_1_48' title="bbox 1862 1960 3452 2032">
     <span class='ocr_line' id='line_1_48' title="bbox 1862 1960 3452 2032; baseline 0.001 -15"><span class='ocrx_word' id='word_1_330' title='bbox 1862 1961 2044 2018; x_wconf 89' lang='lat' dir='ltr'><strong>dinem</strong></span> <span class='ocrx_word' id='word_1_331' title='bbox 2075 1960 2376 2032; x_wconf 85' lang='lat' dir='ltr'><strong>Scriptura,</strong></span> <span class='ocrx_word' id='word_1_332' title='bbox 2404 1969 2466 2017; x_wconf 92' lang='lat' dir='ltr'><strong>ut</strong></span> <span class='ocrx_word' id='word_1_333' title='bbox 2503 1962 2778 2018; x_wconf 89' lang='lat' dir='ltr'><strong>hominem</strong></span> <span class='ocrx_word' id='word_1_334' title='bbox 2810 1960 2865 2017; x_wconf 90' lang='lat' dir='ltr'><strong>in</strong></span> <span class='ocrx_word' id='word_1_335' title='bbox 2915 1974 3089 2032; x_wconf 90' lang='lat' dir='ltr'><strong>parte,</strong></span> <span class='ocrx_word' id='word_1_336' title='bbox 3139 1972 3311 2018; x_wconf 91' lang='lat' dir='ltr'><strong>totum</strong></span> <span class='ocrx_word' id='word_1_337' title='bbox 3366 1964 3452 2018; x_wconf 89' lang='lat' dir='ltr'><strong>in-</strong></span> 
     </span>
    </p>
   </div>
   <div class='ocr_carea' id='block_1_49' title="bbox 1862 2051 3457 2124">
    <p class='ocr_par' dir='ltr' id='par_1_49' title="bbox 1862 2051 3457 2124">
     <span class='ocr_line' id='line_1_49' title="bbox 1862 2051 3457 2124; baseline 0.003 -17"><span class='ocrx_word' id='word_1_338' title='bbox 1862 2052 2094 2124; x_wconf 90' lang='lat' dir='ltr'><strong>telligat.</strong></span> <span class='ocrx_word' id='word_1_339' title='bbox 2118 2051 2249 2108; x_wconf 89' lang='lat' dir='ltr'><strong>Sive</strong></span> <span class='ocrx_word' id='word_1_340' title='bbox 2271 2053 2362 2120; x_wconf 89' lang='lat' dir='ltr'><strong>ita,</strong></span> <span class='ocrx_word' id='word_1_341' title='bbox 2396 2051 2523 2123; x_wconf 88' lang='lat' dir='ltr'><strong>quia</strong></span> <span class='ocrx_word' id='word_1_342' title='bbox 2547 2064 2603 2108; x_wconf 91' lang='lat' dir='ltr'><strong>et</strong></span> <span class='ocrx_word' id='word_1_343' title='bbox 2630 2053 2720 2109; x_wconf 90' lang='lat' dir='ltr'><strong>hic</strong></span> <span class='ocrx_word' id='word_1_344' title='bbox 2763 2053 3063 2124; x_wconf 70' lang='lat' dir='ltr'><strong>Scriptura:</strong></span> <span class='ocrx_word' id='word_1_345' title='bbox 3090 2069 3210 2111; x_wconf 90' lang='lat' dir='ltr'><strong>mos</strong></span> <span class='ocrx_word' id='word_1_346' title='bbox 3238 2064 3342 2123; x_wconf 89' lang='lat' dir='ltr'><strong>est,</strong></span> <span class='ocrx_word' id='word_1_347' title='bbox 3397 2063 3457 2111; x_wconf 90' lang='lat' dir='ltr'><strong>ut</strong></span> 
     </span>
    </p>
   </div>
   <div class='ocr_carea' id='block_1_50' title="bbox 1860 2144 3454 2219">
    <p class='ocr_par' dir='ltr' id='par_1_50' title="bbox 1860 2144 3454 2219">
     <span class='ocr_line' id='line_1_50' title="bbox 1860 2144 3454 2219; baseline 0.002 -18"><span class='ocrx_word' id='word_1_348' title='bbox 1860 2145 1916 2201; x_wconf 90' lang='lat' dir='ltr'><strong>in</strong></span> <span class='ocrx_word' id='word_1_349' title='bbox 1938 2160 2105 2201; x_wconf 89' lang='lat' dir='ltr'><strong>carne</strong></span> <span class='ocrx_word' id='word_1_350' title='bbox 2129 2144 2376 2201; x_wconf 85' lang='lat' dir='ltr'><strong>carnales</strong></span> <span class='ocrx_word' id='word_1_351' title='bbox 2405 2156 2561 2201; x_wconf 88' lang='lat' dir='ltr'><strong>actus</strong></span> <span class='ocrx_word' id='word_1_352' title='bbox 2590 2146 2815 2203; x_wconf 89' lang='lat' dir='ltr'><strong>interire</strong></span> <span class='ocrx_word' id='word_1_353' title='bbox 2842 2165 2856 2202; x_wconf 93' lang='lat'><strong>:</strong></span> <span class='ocrx_word' id='word_1_354' title='bbox 2886 2147 2942 2202; x_wconf 90' lang='lat' dir='ltr'><strong>in</strong></span> <span class='ocrx_word' id='word_1_355' title='bbox 2965 2146 3163 2217; x_wconf 90' lang='lat' dir='ltr'><strong>spiritu</strong></span> <span class='ocrx_word' id='word_1_356' title='bbox 3184 2163 3315 2205; x_wconf 87' lang='lat' dir='ltr'><strong>vero</strong></span> <span class='ocrx_word' id='word_1_357' title='bbox 3338 2149 3454 2219; x_wconf 89' lang='lat' dir='ltr'><strong>spi-</strong></span> 
     </span>
    </p>
   </div>
   <div class='ocr_carea' id='block_1_51' title="bbox 1860 2239 3455 2299">
    <p class='ocr_par' dir='ltr' id='par_1_51' title="bbox 1860 2239 3455 2299">
     <span class='ocr_line' id='line_1_51' title="bbox 1860 2239 3455 2299; baseline 0.003 -5"><span class='ocrx_word' id='word_1_358' title='bbox 1860 2239 2076 2295; x_wconf 85' lang='lat' dir='ltr'><strong>ritualis</strong></span> <span class='ocrx_word' id='word_1_359' title='bbox 2106 2240 2453 2295; x_wconf 87' lang='lat' dir='ltr'><strong>conversatio</strong></span> <span class='ocrx_word' id='word_1_360' title='bbox 2490 2239 2638 2294; x_wconf 87' lang='lat' dir='ltr'><strong>salva</strong></span> <span class='ocrx_word' id='word_1_361' title='bbox 2683 2240 2798 2295; x_wconf 90' lang='lat' dir='ltr'><strong>ﬁeri</strong></span> <span class='ocrx_word' id='word_1_362' title='bbox 2844 2240 3274 2297; x_wconf 89' lang='lat' dir='ltr'><strong>demonstretur.</strong></span> <span class='ocrx_word' id='word_1_363' title='bbox 3320 2243 3455 2299; x_wconf 88' lang='lat' dir='ltr'><strong>Item</strong></span> 
     </span>
    </p>
   </div>
   <div class='ocr_carea' id='block_1_52' title="bbox 1862 2332 3455 2404">
    <p class='ocr_par' dir='ltr' id='par_1_52' title="bbox 1862 2332 3455 2404">
     <span class='ocr_line' id='line_1_52' title="bbox 1862 2332 3455 2404; baseline 0.002 -15"><span class='ocrx_word' id='word_1_364' title='bbox 1862 2333 1952 2389; x_wconf 91' lang='lat' dir='ltr'><strong>hic</strong></span> <span class='ocrx_word' id='word_1_365' title='bbox 1973 2334 2211 2390; x_wconf 85' lang='lat' dir='ltr'><strong>ostendit</strong></span> <span class='ocrx_word' id='word_1_366' title='bbox 2236 2333 2470 2404; x_wconf 85' lang='lat' dir='ltr'><strong>ejectum</strong></span> <span class='ocrx_word' id='word_1_367' title='bbox 2492 2345 2647 2390; x_wconf 85' lang='lat' dir='ltr'><strong>extra</strong></span> <span class='ocrx_word' id='word_1_368' title='bbox 2670 2332 2971 2390; x_wconf 87' lang='lat' dir='ltr'><strong>Ecclesiam</strong></span> <span class='ocrx_word' id='word_1_369' title='bbox 2994 2334 3187 2389; x_wconf 88' lang='lat' dir='ltr'><strong>rabido</strong></span> <span class='ocrx_word' id='word_1_370' title='bbox 3217 2349 3315 2392; x_wconf 91' lang='lat' dir='ltr'><strong>ore</strong></span> <span class='ocrx_word' id='word_1_371' title='bbox 3339 2336 3455 2392; x_wconf 70' lang='lat' dir='ltr'><strong>da:-</strong></span> 
     </span>
    </p>
   </div>
   <div class='ocr_carea' id='block_1_53' title="bbox 1863 2426 3456 2497">
    <p class='ocr_par' dir='ltr' id='par_1_53' title="bbox 1863 2426 3456 2497">
     <span class='ocr_line' id='line_1_53' title="bbox 1863 2426 3456 2497; baseline 0.002 -16"><span class='ocrx_word' id='word_1_372' title='bbox 1863 2440 2085 2481; x_wconf 90' lang='lat' dir='ltr'><strong>monum</strong></span> <span class='ocrx_word' id='word_1_373' title='bbox 2112 2426 2482 2493; x_wconf 89' lang='lat' dir='ltr'><strong>lacerandum,</strong></span> <span class='ocrx_word' id='word_1_374' title='bbox 2532 2426 2578 2481; x_wconf 91' lang='lat' dir='ltr'><strong>si</strong></span> <span class='ocrx_word' id='word_1_375' title='bbox 2611 2427 2979 2497; x_wconf 87' lang='lat' dir='ltr'><strong>permanserit</strong></span> <span class='ocrx_word' id='word_1_376' title='bbox 3029 2426 3225 2482; x_wconf 89' lang='lat' dir='ltr'><strong>nolens</strong></span> <span class='ocrx_word' id='word_1_377' title='bbox 3270 2427 3456 2484; x_wconf 88' lang='lat' dir='ltr'><strong>carnis</strong></span> 
     </span>
    </p>
   </div>
   <div class='ocr_carea' id='block_1_54' title="bbox 1862 2520 3455 2592">
    <p class='ocr_par' dir='ltr' id='par_1_54' title="bbox 1862 2520 3455 2592">
     <span class='ocr_line' id='line_1_54' title="bbox 1862 2520 3455 2592; baseline 0.003 -17"><span class='ocrx_word' id='word_1_378' title='bbox 1862 2520 1991 2576; x_wconf 87' lang='lat' dir='ltr'><strong>vitia</strong></span> <span class='ocrx_word' id='word_1_379' title='bbox 2043 2520 2372 2576; x_wconf 87' lang='lat' dir='ltr'><strong>mortiﬁcare</strong></span> <span class='ocrx_word' id='word_1_380' title='bbox 2401 2564 2416 2589; x_wconf 97' lang='lat'><strong>,</strong></span> <span class='ocrx_word' id='word_1_381' title='bbox 2470 2528 2531 2577; x_wconf 92' lang='lat' dir='ltr'><strong>ut</strong></span> <span class='ocrx_word' id='word_1_382' title='bbox 2578 2520 2751 2592; x_wconf 88' lang='lat' dir='ltr'><strong>possit</strong></span> <span class='ocrx_word' id='word_1_383' title='bbox 2798 2521 2963 2577; x_wconf 85' lang='lat' dir='ltr'><strong>vitam</strong></span> <span class='ocrx_word' id='word_1_384' title='bbox 3008 2532 3251 2579; x_wconf 87' lang='lat' dir='ltr'><strong>sanctam</strong></span> <span class='ocrx_word' id='word_1_385' title='bbox 3293 2538 3455 2580; x_wconf 90' lang='lat' dir='ltr'><strong>recu-</strong></span> 
     </span>
    </p>
   </div>
   <div class='ocr_carea' id='block_1_55' title="bbox 1864 2630 2079 2687">
    <p class='ocr_par' dir='ltr' id='par_1_55' title="bbox 1864 2630 2079 2687">
     <span class='ocr_line' id='line_1_55' title="bbox 1864 2630 2079 2687; baseline -0.014 -14"><span class='ocrx_word' id='word_1_386' title='bbox 1864 2630 2079 2687; x_wconf 88' lang='lat' dir='ltr'><strong>perare.</strong></span> 
     </span>
    </p>
   </div>
   <div class='ocr_carea' id='block_1_56' title="bbox 1938 2708 3457 2781">
    <p class='ocr_par' dir='ltr' id='par_1_56' title="bbox 1938 2708 3457 2781">
     <span class='ocr_line' id='line_1_56' title="bbox 1938 2708 3457 2781; baseline 0.003 -17"><span class='ocrx_word' id='word_1_387' title='bbox 1938 2708 2007 2764; x_wconf 88' lang='lat' dir='ltr'><strong>Ut</strong></span> <span class='ocrx_word' id='word_1_388' title='bbox 2035 2710 2251 2781; x_wconf 87' lang='lat' dir='ltr'><strong>spiritus</strong></span> <span class='ocrx_word' id='word_1_389' title='bbox 2290 2709 2464 2765; x_wconf 88' lang='lat' dir='ltr'><strong>salvus</strong></span> <span class='ocrx_word' id='word_1_390' title='bbox 2514 2711 2581 2765; x_wconf 87' lang='lat' dir='ltr'><strong>sit</strong></span> <span class='ocrx_word' id='word_1_391' title='bbox 2628 2711 2681 2765; x_wconf 92' lang='lat' dir='ltr'><strong>in</strong></span> <span class='ocrx_word' id='word_1_392' title='bbox 2720 2711 2804 2765; x_wconf 86' lang='lat' dir='ltr'><strong>die</strong></span> <span class='ocrx_word' id='word_1_393' title='bbox 2843 2710 3056 2767; x_wconf 86' lang='lat' dir='ltr'><strong>Domini</strong></span> <span class='ocrx_word' id='word_1_394' title='bbox 3100 2713 3268 2768; x_wconf 85' lang='lat' dir='ltr'><strong>nostri</strong></span> <span class='ocrx_word' id='word_1_395' title='bbox 3321 2710 3457 2769; x_wconf 73' lang='lat' dir='ltr'><strong>Iesu</strong></span> 
     </span>
    </p>
   </div>
   <div class='ocr_carea' id='block_1_57' title="bbox 1863 2803 3453 2877">
    <p class='ocr_par' dir='ltr' id='par_1_57' title="bbox 1863 2803 3453 2877">
     <span class='ocr_line' id='line_1_57' title="bbox 1863 2803 3453 2877; baseline 0 -16"><span class='ocrx_word' id='word_1_396' title='bbox 1863 2804 2076 2861; x_wconf 81' lang='lat' dir='ltr'><strong>Christi.</strong></span> <span class='ocrx_word' id='word_1_397' title='bbox 2101 2804 2365 2872; x_wconf 88' lang='lat' dir='ltr'><strong>Quoniam</strong></span> <span class='ocrx_word' id='word_1_398' title='bbox 2393 2807 2448 2860; x_wconf 93' lang='lat' dir='ltr'><strong>in</strong></span> <span class='ocrx_word' id='word_1_399' title='bbox 2478 2805 2731 2875; x_wconf 91' lang='lat' dir='ltr'><strong>spiritum</strong></span> <span class='ocrx_word' id='word_1_400' title='bbox 2780 2803 3012 2862; x_wconf 86' lang='lat' dir='ltr'><strong>Satanas</strong></span> <span class='ocrx_word' id='word_1_401' title='bbox 3039 2807 3287 2877; x_wconf 90' lang='lat' dir='ltr'><strong>accipere</strong></span> <span class='ocrx_word' id='word_1_402' title='bbox 3341 2823 3453 2862; x_wconf 90' lang='lat' dir='ltr'><strong>non</strong></span> 
     </span>
    </p>
   </div>
   <div class='ocr_carea' id='block_1_58' title="bbox 1863 2896 3336 2969">
    <p class='ocr_par' dir='ltr' id='par_1_58' title="bbox 1863 2896 3336 2969">
     <span class='ocr_line' id='line_1_58' title="bbox 1863 2896 3336 2969; baseline 0.002 -17"><span class='ocrx_word' id='word_1_403' title='bbox 1863 2906 2044 2969; x_wconf 88' lang='lat' dir='ltr'><strong>potest</strong></span> <span class='ocrx_word' id='word_1_404' title='bbox 2062 2906 2407 2967; x_wconf 88' lang='lat' dir='ltr'><strong>potestatem,</strong></span> <span class='ocrx_word' id='word_1_405' title='bbox 2437 2906 2498 2953; x_wconf 88' lang='lat' dir='ltr'><strong>ut</strong></span> <span class='ocrx_word' id='word_1_406' title='bbox 2524 2897 2737 2953; x_wconf 88' lang='lat' dir='ltr'><strong>Domini</strong></span> <span class='ocrx_word' id='word_1_407' title='bbox 2763 2896 2974 2967; x_wconf 84' lang='lat' dir='ltr'><strong>judicio</strong></span> <span class='ocrx_word' id='word_1_408' title='bbox 3002 2910 3336 2955; x_wconf 85' lang='lat' dir='ltr'><strong>reservetur.</strong></span> 
     </span>
    </p>
   </div>
   <div class='ocr_carea' id='block_1_59' title="bbox 1935 2989 3458 3061">
    <p class='ocr_par' dir='ltr' id='par_1_59' title="bbox 1935 2989 3458 3061">
     <span class='ocr_line' id='line_1_59' title="bbox 1935 2989 3458 3061; baseline 0.001 -16"><span class='ocrx_word' id='word_1_409' title='bbox 1935 2989 2063 3045; x_wconf 84' lang='lat' dir='ltr'><strong>Non</strong></span> <span class='ocrx_word' id='word_1_410' title='bbox 2088 2999 2162 3045; x_wconf 86' lang='lat' dir='ltr'><strong>est</strong></span> <span class='ocrx_word' id='word_1_411' title='bbox 2192 2989 2328 3044; x_wconf 91' lang='lat' dir='ltr'><strong>bona</strong></span> <span class='ocrx_word' id='word_1_412' title='bbox 2369 2990 2615 3060; x_wconf 83' lang='lat' dir='ltr'><strong>gloriatio</strong></span> <span class='ocrx_word' id='word_1_413' title='bbox 2639 2998 2806 3044; x_wconf 82' lang='lat' dir='ltr'><strong>vestra</strong></span> <span class='ocrx_word' id='word_1_414' title='bbox 2836 2991 3113 3055; x_wconf 81' lang='lat' dir='ltr'><strong>:nescitis,</strong></span> <span class='ocrx_word' id='word_1_415' title='bbox 3135 2992 3259 3061; x_wconf 85' lang='lat' dir='ltr'><strong>quia</strong></span> <span class='ocrx_word' id='word_1_416' title='bbox 3289 2990 3458 3047; x_wconf 82' lang='lat' dir='ltr'><strong>modi-</strong></span> 
     </span>
    </p>
   </div>
   <div class='ocr_carea' id='block_1_60' title="bbox 1861 3082 3454 3153">
    <p class='ocr_par' dir='ltr' id='par_1_60' title="bbox 1861 3082 3454 3153">
     <span class='ocr_line' id='line_1_60' title="bbox 1861 3082 3454 3153; baseline 0 -15"><span class='ocrx_word' id='word_1_417' title='bbox 1861 3097 1981 3138; x_wconf 88' lang='lat' dir='ltr'><strong>cum</strong></span> <span class='ocrx_word' id='word_1_418' title='bbox 2002 3082 2311 3153; x_wconf 76' lang='lat' dir='ltr'><strong>fermentum</strong></span> <span class='ocrx_word' id='word_1_419' title='bbox 2335 3088 2496 3136; x_wconf 88' lang='lat' dir='ltr'><strong>totam</strong></span> <span class='ocrx_word' id='word_1_420' title='bbox 2543 3096 2767 3135; x_wconf 81' lang='lat' dir='ltr'><strong>massam</strong></span> <span class='ocrx_word' id='word_1_421' title='bbox 2795 3082 3125 3150; x_wconf 85' lang='lat' dir='ltr'><strong>corrumpit?</strong></span> <span class='ocrx_word' id='word_1_422' title='bbox 3167 3082 3454 3152; x_wconf 81' lang='lat' dir='ltr'><strong>lgnoratis,</strong></span> 
     </span>
    </p>
   </div>
   <div class='ocr_carea' id='block_1_61' title="bbox 1860 3174 3458 3247">
    <p class='ocr_par' dir='ltr' id='par_1_61' title="bbox 1860 3174 3458 3247">
     <span class='ocr_line' id='line_1_61' title="bbox 1860 3174 3458 3247; baseline -0.001 -15"><span class='ocrx_word' id='word_1_423' title='bbox 1860 3177 1990 3247; x_wconf 90' lang='lat' dir='ltr'><strong>quia</strong></span> <span class='ocrx_word' id='word_1_424' title='bbox 2019 3176 2166 3231; x_wconf 90' lang='lat' dir='ltr'><strong>malo</strong></span> <span class='ocrx_word' id='word_1_425' title='bbox 2194 3175 2446 3247; x_wconf 81' lang='lat' dir='ltr'><strong>exemplo</strong></span> <span class='ocrx_word' id='word_1_426' title='bbox 2478 3182 2703 3245; x_wconf 87' lang='lat' dir='ltr'><strong>possunt</strong></span> <span class='ocrx_word' id='word_1_427' title='bbox 2731 3174 2951 3245; x_wconf 89' lang='lat' dir='ltr'><strong>plurimi</strong></span> <span class='ocrx_word' id='word_1_428' title='bbox 2972 3174 3236 3231; x_wconf 83' lang='lat' dir='ltr'><strong>interire?</strong></span> <span class='ocrx_word' id='word_1_429' title='bbox 3265 3176 3370 3232; x_wconf 82' lang='lat' dir='ltr'><strong>Sed</strong></span> <span class='ocrx_word' id='word_1_430' title='bbox 3400 3186 3458 3231; x_wconf 92' lang='lat' dir='ltr'><strong>et</strong></span> 
     </span>
    </p>
   </div>
   <div class='ocr_carea' id='block_1_62' title="bbox 156 3262 3452 3340">
    <p class='ocr_par' dir='ltr' id='par_1_62' title="bbox 156 3262 3452 3340">
     <span class='ocr_line' id='line_1_62' title="bbox 156 3262 3452 3340; baseline 0 -15"><span class='ocrx_word' id='word_1_431' title='bbox 156 3270 243 3325; x_wconf 62' lang='lat' dir='ltr'><strong>tia</strong></span> <span class='ocrx_word' id='word_1_432' title='bbox 263 3267 554 3340; x_wconf 86' lang='lat' dir='ltr'><strong>operibus,</strong></span> <span class='ocrx_word' id='word_1_433' title='bbox 586 3268 636 3324; x_wconf 91' lang='lat' dir='ltr'><strong>ei</strong></span> <span class='ocrx_word' id='word_1_434' title='bbox 666 3267 762 3339; x_wconf 90' lang='lat' dir='ltr'><strong>qui</strong></span> <span class='ocrx_word' id='word_1_435' title='bbox 789 3281 900 3324; x_wconf 92' lang='lat' dir='ltr'><strong>non</strong></span> <span class='ocrx_word' id='word_1_436' title='bbox 930 3266 1115 3335; x_wconf 80' lang='lat' dir='ltr'><strong>faciat,</strong></span> <span class='ocrx_word' id='word_1_437' title='bbox 1166 3282 1288 3339; x_wconf 65' lang='lat' dir='ltr'><strong>quae</strong></span> <span class='ocrx_word' id='word_1_438' title='bbox 1344 3266 1590 3323; x_wconf 78' lang='lat' dir='ltr'><strong>iacienda</strong></span> <span class='ocrx_word' id='word_1_439' title='bbox 1635 3282 1762 3339; x_wconf 89' lang='lat' dir='ltr'><strong>per-</strong></span> <span class='ocrx_word' id='word_1_440' title='bbox 1786 3274 1833 3340; x_wconf 74' lang='grc' dir='ltr'>ο</span> <span class='ocrx_word' id='word_1_441' title='bbox 1866 3284 1963 3339; x_wconf 89' lang='lat' dir='ltr'><strong>per</strong></span> <span class='ocrx_word' id='word_1_442' title='bbox 1987 3268 2149 3323; x_wconf 90' lang='lat' dir='ltr'><strong>unius</strong></span> <span class='ocrx_word' id='word_1_443' title='bbox 2178 3267 2462 3334; x_wconf 88' lang='lat' dir='ltr'><strong>delictum,</strong></span> <span class='ocrx_word' id='word_1_444' title='bbox 2515 3262 2571 3322; x_wconf 86' lang='lat' dir='ltr'><strong>in</strong></span> <span class='ocrx_word' id='word_1_445' title='bbox 2600 3282 2821 3323; x_wconf 89' lang='lat' dir='ltr'><strong>omnem</strong></span> <span class='ocrx_word' id='word_1_446' title='bbox 2848 3267 3110 3339; x_wconf 89' lang='lat' dir='ltr'><strong>populum</strong></span> <span class='ocrx_word' id='word_1_447' title='bbox 3134 3267 3452 3326; x_wconf 77' lang='lat' dir='ltr'><strong>Judteorum</strong></span> 
     </span>
    </p>
   </div>
   <div class='ocr_carea' id='block_1_63' title="bbox 153 3360 383 3416">
    <p class='ocr_par' dir='ltr' id='par_1_63' title="bbox 153 3360 383 3416">
     <span class='ocr_line' id='line_1_63' title="bbox 153 3360 383 3416; baseline -0.004 0"><span class='ocrx_word' id='word_1_448' title='bbox 153 3360 383 3416; x_wconf 84' lang='lat' dir='ltr'><strong>suadet.</strong></span> 
     </span>
    </p>
   </div>
   <div class='ocr_carea' id='block_1_64' title="bbox 225 3448 1758 3522">
    <p class='ocr_par' dir='ltr' id='par_1_64' title="bbox 225 3448 1758 3522">
     <span class='ocr_line' id='line_1_64' title="bbox 225 3448 1758 3522; baseline 0.001 -17"><span class='ocrx_word' id='word_1_449' title='bbox 225 3450 380 3515; x_wconf 75' lang='lat' dir='ltr'><strong>Quid</strong></span> <span class='ocrx_word' id='word_1_450' title='bbox 402 3450 563 3505; x_wconf 80' lang='lat' dir='ltr'><strong>uultis</strong></span> <span class='ocrx_word' id='word_1_451' title='bbox 577 3450 605 3505; x_wconf 70' lang='grc' dir='ltr'>Ρ</span> <span class='ocrx_word' id='word_1_452' title='bbox 643 3450 916 3522; x_wconf 86' lang='lat' dir='ltr'><strong>Benignus</strong></span> <span class='ocrx_word' id='word_1_453' title='bbox 946 3450 1204 3522; x_wconf 75' lang='lat' dir='ltr'><strong>magister</strong></span> <span class='ocrx_word' id='word_1_454' title='bbox 1222 3448 1614 3522; x_wconf 81' lang='lat' dir='ltr'><strong>discipulorum</strong></span> <span class='ocrx_word' id='word_1_455' title='bbox 1635 3464 1758 3506; x_wconf 88' lang='lat' dir='ltr'><strong>cor-</strong></span> 
     </span>
    </p>
   </div>
   <div class='ocr_carea' id='block_1_65' title="bbox 153 3543 1760 3615">
    <p class='ocr_par' dir='ltr' id='par_1_65' title="bbox 153 3543 1760 3615">
     <span class='ocr_line' id='line_1_65' title="bbox 153 3543 1760 3615; baseline -0.001 -14"><span class='ocrx_word' id='word_1_456' title='bbox 153 3546 467 3615; x_wconf 88' lang='lat' dir='ltr'><strong>reptionem</strong></span> <span class='ocrx_word' id='word_1_457' title='bbox 497 3544 552 3599; x_wconf 93' lang='lat' dir='ltr'><strong>in</strong></span> <span class='ocrx_word' id='word_1_458' title='bbox 580 3558 768 3600; x_wconf 87' lang='lat' dir='ltr'><strong>eorum</strong></span> <span class='ocrx_word' id='word_1_459' title='bbox 791 3551 1058 3615; x_wconf 86' lang='lat' dir='ltr'><strong>potestate</strong></span> <span class='ocrx_word' id='word_1_460' title='bbox 1089 3543 1350 3599; x_wconf 88' lang='lat' dir='ltr'><strong>dimittit:</strong></span> <span class='ocrx_word' id='word_1_461' title='bbox 1409 3550 1470 3599; x_wconf 90' lang='lat' dir='ltr'><strong>ut</strong></span> <span class='ocrx_word' id='word_1_462' title='bbox 1514 3544 1559 3598; x_wconf 92' lang='lat' dir='ltr'><strong>si</strong></span> <span class='ocrx_word' id='word_1_463' title='bbox 1584 3544 1760 3614; x_wconf 66' lang='lat' dir='ltr'><strong>pinni-</strong></span> 
     </span>
    </p>
   </div>
   <div class='ocr_carea' id='block_1_66' title="bbox 155 3635 1757 3703">
    <p class='ocr_par' dir='ltr' id='par_1_66' title="bbox 155 3635 1757 3703">
     <span class='ocr_line' id='line_1_66' title="bbox 155 3635 1757 3703; baseline 0.001 -10"><span class='ocrx_word' id='word_1_464' title='bbox 155 3648 274 3695; x_wconf 87' lang='lat' dir='ltr'><strong>tere</strong></span> <span class='ocrx_word' id='word_1_465' title='bbox 301 3637 500 3703; x_wconf 88' lang='lat' dir='ltr'><strong>velint,</strong></span> <span class='ocrx_word' id='word_1_466' title='bbox 534 3635 994 3694; x_wconf 75' lang='lat' dir='ltr'><strong>clementissimus</strong></span> <span class='ocrx_word' id='word_1_467' title='bbox 1050 3638 1366 3693; x_wconf 88' lang='lat' dir='ltr'><strong>consolator</strong></span> <span class='ocrx_word' id='word_1_468' title='bbox 1414 3637 1649 3693; x_wconf 88' lang='lat' dir='ltr'><strong>adesset.</strong></span> <span class='ocrx_word' id='word_1_469' title='bbox 1699 3637 1757 3695; x_wconf 88' lang='lat' dir='ltr'><strong>Si</strong></span> 
     </span>
    </p>
   </div>
   <div class='ocr_carea' id='block_1_67' title="bbox 156 3728 1676 3798">
    <p class='ocr_par' dir='ltr' id='par_1_67' title="bbox 156 3728 1676 3798">
     <span class='ocr_line' id='line_1_67' title="bbox 156 3728 1676 3798; baseline -0.001 -12"><span class='ocrx_word' id='word_1_470' title='bbox 156 3739 344 3786; x_wconf 84' lang='lat' dir='ltr'><strong>autem</strong></span> <span class='ocrx_word' id='word_1_471' title='bbox 372 3728 603 3795; x_wconf 88' lang='lat' dir='ltr'><strong>nollent,</strong></span> <span class='ocrx_word' id='word_1_472' title='bbox 631 3729 804 3784; x_wconf 91' lang='lat' dir='ltr'><strong>durus</strong></span> <span class='ocrx_word' id='word_1_473' title='bbox 826 3729 971 3784; x_wconf 90' lang='lat' dir='ltr'><strong>ultor</strong></span> <span class='ocrx_word' id='word_1_474' title='bbox 998 3729 1278 3784; x_wconf 84' lang='lat' dir='ltr'><strong>assisteret</strong></span> <span class='ocrx_word' id='word_1_475' title='bbox 1309 3732 1676 3798; x_wconf 87' lang='lat' dir='ltr'><strong>peccatorum.</strong></span> 
     </span>
    </p>
   </div>
   <div class='ocr_carea' id='block_1_68' title="bbox 230 3821 1758 3894">
    <p class='ocr_par' dir='ltr' id='par_1_68' title="bbox 230 3821 1758 3894">
     <span class='ocr_line' id='line_1_68' title="bbox 230 3821 1758 3894; baseline 0.001 -17"><span class='ocrx_word' id='word_1_476' title='bbox 230 3821 301 3877; x_wconf 86' lang='lat' dir='ltr'><strong>In</strong></span> <span class='ocrx_word' id='word_1_477' title='bbox 330 3823 479 3894; x_wconf 77' lang='lat' dir='ltr'><strong>virga</strong></span> <span class='ocrx_word' id='word_1_478' title='bbox 516 3824 717 3877; x_wconf 82' lang='lat' dir='ltr'><strong>ueniam</strong></span> <span class='ocrx_word' id='word_1_479' title='bbox 745 3823 815 3877; x_wconf 91' lang='lat' dir='ltr'><strong>ad</strong></span> <span class='ocrx_word' id='word_1_480' title='bbox 840 3839 929 3878; x_wconf 78' lang='lat' dir='ltr'><strong>vos</strong></span> <span class='ocrx_word' id='word_1_481' title='bbox 954 3867 970 3891; x_wconf 97' lang='lat'><strong>,</strong></span> <span class='ocrx_word' id='word_1_482' title='bbox 1015 3839 1083 3876; x_wconf 91' lang='lat' dir='ltr'><strong>an</strong></span> <span class='ocrx_word' id='word_1_483' title='bbox 1126 3822 1183 3877; x_wconf 87' lang='lat' dir='ltr'><strong>in</strong></span> <span class='ocrx_word' id='word_1_484' title='bbox 1209 3823 1466 3877; x_wconf 87' lang='lat' dir='ltr'><strong>charitate</strong></span> <span class='ocrx_word' id='word_1_485' title='bbox 1494 3830 1541 3877; x_wconf 86' lang='lat' dir='ltr'><strong>et</strong></span> <span class='ocrx_word' id='word_1_486' title='bbox 1572 3823 1758 3893; x_wconf 88' lang='lat' dir='ltr'><strong>spiritu</strong></span> 
     </span>
    </p>
   </div>
   <div class='ocr_carea' id='block_1_69' title="bbox 161 3912 1756 3985">
    <p class='ocr_par' dir='ltr' id='par_1_69' title="bbox 161 3912 1756 3985">
     <span class='ocr_line' id='line_1_69' title="bbox 161 3912 1756 3985; baseline 0.001 -17"><span class='ocrx_word' id='word_1_487' title='bbox 161 3913 617 3969; x_wconf 78' lang='lat' dir='ltr'><strong>mansuetudinis?</strong></span> <span class='ocrx_word' id='word_1_488' title='bbox 644 3913 804 3982; x_wconf 87' lang='lat' dir='ltr'><strong>Quali</strong></span> <span class='ocrx_word' id='word_1_489' title='bbox 843 3913 996 3985; x_wconf 87' lang='lat' dir='ltr'><strong>virga</strong></span> <span class='ocrx_word' id='word_1_490' title='bbox 1024 3913 1173 3968; x_wconf 87' lang='lat' dir='ltr'><strong>venit</strong></span> <span class='ocrx_word' id='word_1_491' title='bbox 1191 3912 1384 3969; x_wconf 89' lang='lat' dir='ltr'><strong>Petrus</strong></span> <span class='ocrx_word' id='word_1_492' title='bbox 1404 3912 1474 3969; x_wconf 86' lang='lat' dir='ltr'><strong>ad</strong></span> <span class='ocrx_word' id='word_1_493' title='bbox 1490 3914 1756 3971; x_wconf 85' lang='lat' dir='ltr'><strong>Ananiam</strong></span> 
     </span>
    </p>
   </div>
   <div class='ocr_carea' id='block_1_70' title="bbox 159 4007 1405 4081">
    <p class='ocr_par' dir='ltr' id='par_1_70' title="bbox 159 4007 1405 4081">
     <span class='ocr_line' id='line_1_70' title="bbox 159 4007 1405 4081; baseline -0.001 -16"><span class='ocrx_word' id='word_1_494' title='bbox 159 4018 218 4065; x_wconf 87' lang='lat' dir='ltr'><strong>et</strong></span> <span class='ocrx_word' id='word_1_495' title='bbox 245 4007 596 4081; x_wconf 80' lang='lat' dir='ltr'><strong>Sapphirsm,</strong></span> <span class='ocrx_word' id='word_1_496' title='bbox 626 4017 683 4065; x_wconf 89' lang='lat' dir='ltr'><strong>et</strong></span> <span class='ocrx_word' id='word_1_497' title='bbox 710 4010 831 4078; x_wconf 90' lang='lat' dir='ltr'><strong>ipse</strong></span> <span class='ocrx_word' id='word_1_498' title='bbox 859 4009 1060 4065; x_wconf 80' lang='lat' dir='ltr'><strong>Paulus</strong></span> <span class='ocrx_word' id='word_1_499' title='bbox 1077 4008 1146 4065; x_wconf 88' lang='lat' dir='ltr'><strong>ad</strong></span> <span class='ocrx_word' id='word_1_500' title='bbox 1166 4023 1405 4080; x_wconf 82' lang='lat' dir='ltr'><strong>magum.</strong></span> 
     </span>
    </p>
   </div>
   <div class='ocr_carea' id='block_1_71' title="bbox 782 4169 1119 4228">
    <p class='ocr_par' dir='ltr' id='par_1_71' title="bbox 782 4169 1119 4228">
     <span class='ocr_line' id='line_1_71' title="bbox 782 4169 1119 4228; baseline 0 0"><span class='ocrx_word' id='word_1_501' title='bbox 782 4169 1010 4228; x_wconf 82' lang='lat' dir='ltr'><strong>CAPUT</strong></span> <span class='ocrx_word' id='word_1_502' title='bbox 1051 4171 1119 4228; x_wconf 83' lang='lat' dir='ltr'><strong>V.</strong></span> 
     </span>
    </p>
   </div>
   <div class='ocr_carea' id='block_1_72' title="bbox 1635 4266 1648 4289">
    <p class='ocr_par' dir='ltr' id='par_1_72' title="bbox 1635 4266 1648 4289">
     <span class='ocr_line' id='line_1_72' title="bbox 1635 4266 1648 4289; baseline 0 0"><span class='ocrx_word' id='word_1_503' title='bbox 1635 4266 1648 4289; x_wconf 67' lang='grc' dir='ltr'>ν</span> 
     </span>
    </p>
   </div>
   <div class='ocr_carea' id='block_1_73' title="bbox 226 4308 1754 4383">
    <p class='ocr_par' dir='ltr' id='par_1_73' title="bbox 226 4308 1754 4383">
     <span class='ocr_line' id='line_1_73' title="bbox 226 4308 1754 4383; baseline 0.003 -18"><span class='ocrx_word' id='word_1_504' title='bbox 226 4309 464 4365; x_wconf 88' lang='lat' dir='ltr'><strong>Omnino</strong></span> <span class='ocrx_word' id='word_1_505' title='bbox 491 4308 725 4365; x_wconf 78' lang='lat' dir='ltr'><strong>auditur.</strong></span> <span class='ocrx_word' id='word_1_506' title='bbox 775 4308 1027 4366; x_wconf 90' lang='lat' dir='ltr'><strong>Ostendit</strong></span> <span class='ocrx_word' id='word_1_507' title='bbox 1071 4325 1240 4382; x_wconf 90' lang='lat' dir='ltr'><strong>quare</strong></span> <span class='ocrx_word' id='word_1_508' title='bbox 1268 4311 1550 4383; x_wconf 89' lang='lat' dir='ltr'><strong>superiora</strong></span> <span class='ocrx_word' id='word_1_509' title='bbox 1578 4312 1754 4369; x_wconf 86' lang='lat' dir='ltr'><strong>mina-</strong></span> 
     </span>
    </p>
   </div>
   <div class='ocr_carea' id='block_1_74' title="bbox 149 4404 380 4463">
    <p class='ocr_par' dir='ltr' id='par_1_74' title="bbox 149 4404 380 4463">
     <span class='ocr_line' id='line_1_74' title="bbox 149 4404 380 4463; baseline 0 -3"><span class='ocrx_word' id='word_1_510' title='bbox 149 4415 239 4463; x_wconf 85' lang='lat' dir='ltr'><strong>tus</strong></span> <span class='ocrx_word' id='word_1_511' title='bbox 284 4404 380 4461; x_wconf 86' lang='lat' dir='ltr'><strong>sit.</strong></span> 
     </span>
    </p>
   </div>
   <div class='ocr_carea' id='block_1_75' title="bbox 223 4496 1756 4570">
    <p class='ocr_par' dir='ltr' id='par_1_75' title="bbox 223 4496 1756 4570">
     <span class='ocr_line' id='line_1_75' title="bbox 223 4496 1756 4570; baseline -0.001 -16"><span class='ocrx_word' id='word_1_512' title='bbox 223 4499 383 4554; x_wconf 85' lang='lat' dir='ltr'><strong>Inter</strong></span> <span class='ocrx_word' id='word_1_513' title='bbox 406 4514 495 4553; x_wconf 77' lang='lat' dir='ltr'><strong>vos</strong></span> <span class='ocrx_word' id='word_1_514' title='bbox 518 4496 814 4570; x_wconf 77' lang='lat' dir='ltr'><strong>fornicatio,</strong></span> <span class='ocrx_word' id='word_1_515' title='bbox 855 4504 902 4551; x_wconf 90' lang='lat' dir='ltr'><strong>et</strong></span> <span class='ocrx_word' id='word_1_516' title='bbox 930 4498 1048 4552; x_wconf 88' lang='lat' dir='ltr'><strong>talis</strong></span> <span class='ocrx_word' id='word_1_517' title='bbox 1097 4497 1401 4569; x_wconf 81' lang='lat' dir='ltr'><strong>fornicatio,</strong></span> <span class='ocrx_word' id='word_1_518' title='bbox 1457 4498 1624 4567; x_wconf 85' lang='lat' dir='ltr'><strong>qualis</strong></span> <span class='ocrx_word' id='word_1_519' title='bbox 1665 4515 1756 4555; x_wconf 88' lang='lat' dir='ltr'><strong>nec</strong></span> 
     </span>
    </p>
   </div>
   <div class='ocr_carea' id='block_1_76' title="bbox 146 4589 1752 4663">
    <p class='ocr_par' dir='ltr' id='par_1_76' title="bbox 146 4589 1752 4663">
     <span class='ocr_line' id='line_1_76' title="bbox 146 4589 1752 4663; baseline 0.002 -18"><span class='ocrx_word' id='word_1_520' title='bbox 146 4592 287 4645; x_wconf 87' lang='lat' dir='ltr'><strong>inter</strong></span> <span class='ocrx_word' id='word_1_521' title='bbox 316 4599 493 4663; x_wconf 87' lang='lat' dir='ltr'><strong>gentes</strong></span> <span class='ocrx_word' id='word_1_522' title='bbox 520 4606 539 4645; x_wconf 92' lang='lat'><em>:</em></span> <span class='ocrx_word' id='word_1_523' title='bbox 592 4590 668 4644; x_wconf 89' lang='lat' dir='ltr'><strong>ita</strong></span> <span class='ocrx_word' id='word_1_524' title='bbox 693 4598 749 4643; x_wconf 88' lang='lat' dir='ltr'><strong>ut</strong></span> <span class='ocrx_word' id='word_1_525' title='bbox 776 4605 992 4643; x_wconf 75' lang='lat' dir='ltr'><strong>uxorem</strong></span> <span class='ocrx_word' id='word_1_526' title='bbox 1047 4591 1210 4659; x_wconf 86' lang='lat' dir='ltr'><strong>patris</strong></span> <span class='ocrx_word' id='word_1_527' title='bbox 1237 4591 1319 4645; x_wconf 90' lang='lat' dir='ltr'><strong>sui</strong></span> <span class='ocrx_word' id='word_1_528' title='bbox 1345 4590 1530 4663; x_wconf 82' lang='lat' dir='ltr'><strong>aliquis</strong></span> <span class='ocrx_word' id='word_1_529' title='bbox 1549 4589 1752 4648; x_wconf 84' lang='lat' dir='ltr'><strong>habeat.</strong></span> 
     </span>
    </p>
   </div>
   <div class='ocr_carea' id='block_1_77' title="bbox 148 4680 1336 4752">
    <p class='ocr_par' dir='ltr' id='par_1_77' title="bbox 148 4680 1336 4752">
     <span class='ocr_line' id='line_1_77' title="bbox 148 4680 1336 4752; baseline -0.002 -15"><span class='ocrx_word' id='word_1_530' title='bbox 148 4682 205 4737; x_wconf 91' lang='lat' dir='ltr'><strong>ln</strong></span> <span class='ocrx_word' id='word_1_531' title='bbox 240 4682 522 4751; x_wconf 84' lang='lat' dir='ltr'><strong>Ecclesia,</strong></span> <span class='ocrx_word' id='word_1_532' title='bbox 551 4682 637 4737; x_wconf 92' lang='lat' dir='ltr'><strong>cui</strong></span> <span class='ocrx_word' id='word_1_533' title='bbox 665 4696 759 4736; x_wconf 88' lang='lat' dir='ltr'><strong>vos</strong></span> <span class='ocrx_word' id='word_1_534' title='bbox 788 4696 1029 4752; x_wconf 66' lang='lat' dir='ltr'><strong>praeesse</strong></span> <span class='ocrx_word' id='word_1_535' title='bbox 1057 4680 1336 4737; x_wconf 87' lang='lat' dir='ltr'><strong>videmini.</strong></span> 
     </span>
    </p>
   </div>
   <div class='ocr_carea' id='block_1_78' title="bbox 218 4774 1752 4846">
    <p class='ocr_par' dir='ltr' id='par_1_78' title="bbox 218 4774 1752 4846">
     <span class='ocr_line' id='line_1_78' title="bbox 218 4774 1752 4846; baseline -0.001 -15"><span class='ocrx_word' id='word_1_536' title='bbox 218 4775 296 4831; x_wconf 81' lang='lat' dir='ltr'><strong>Et</strong></span> <span class='ocrx_word' id='word_1_537' title='bbox 330 4790 417 4829; x_wconf 74' lang='lat' dir='ltr'><strong>vos</strong></span> <span class='ocrx_word' id='word_1_538' title='bbox 444 4774 619 4845; x_wconf 89' lang='lat' dir='ltr'><strong>inﬂati</strong></span> <span class='ocrx_word' id='word_1_539' title='bbox 647 4774 769 4828; x_wconf 89' lang='lat' dir='ltr'><strong>estis</strong></span> <span class='ocrx_word' id='word_1_540' title='bbox 790 4789 810 4828; x_wconf 90' lang='lat'><strong><em>:</em></strong></span> <span class='ocrx_word' id='word_1_541' title='bbox 860 4783 909 4828; x_wconf 88' lang='lat' dir='ltr'><strong>et</strong></span> <span class='ocrx_word' id='word_1_542' title='bbox 934 4790 1038 4828; x_wconf 87' lang='lat' dir='ltr'><strong>non</strong></span> <span class='ocrx_word' id='word_1_543' title='bbox 1067 4775 1233 4846; x_wconf 87' lang='lat' dir='ltr'><strong>magis</strong></span> <span class='ocrx_word' id='word_1_544' title='bbox 1252 4778 1445 4829; x_wconf 83' lang='lat' dir='ltr'><strong>luctum</strong></span> <span class='ocrx_word' id='word_1_545' title='bbox 1475 4775 1752 4830; x_wconf 83' lang='lat' dir='ltr'><strong>habuistis.</strong></span> 
     </span>
    </p>
   </div>
   <div class='ocr_carea' id='block_1_79' title="bbox 148 4864 1755 4940">
    <p class='ocr_par' dir='ltr' id='par_1_79' title="bbox 148 4864 1755 4940">
     <span class='ocr_line' id='line_1_79' title="bbox 148 4864 1755 4940; baseline 0.002 -19"><span class='ocrx_word' id='word_1_546' title='bbox 148 4866 308 4923; x_wconf 79' lang='lat' dir='ltr'><strong>Vana</strong></span> <span class='ocrx_word' id='word_1_547' title='bbox 336 4864 562 4922; x_wconf 87' lang='lat' dir='ltr'><strong>scientia</strong></span> <span class='ocrx_word' id='word_1_548' title='bbox 593 4864 879 4933; x_wconf 83' lang='lat' dir='ltr'><strong>inﬂamini,</strong></span> <span class='ocrx_word' id='word_1_549' title='bbox 907 4876 962 4922; x_wconf 90' lang='lat' dir='ltr'><strong>et</strong></span> <span class='ocrx_word' id='word_1_550' title='bbox 1009 4881 1198 4922; x_wconf 89' lang='lat' dir='ltr'><strong>curam</strong></span> <span class='ocrx_word' id='word_1_551' title='bbox 1238 4867 1307 4923; x_wconf 90' lang='lat' dir='ltr'><strong>de</strong></span> <span class='ocrx_word' id='word_1_552' title='bbox 1350 4868 1459 4938; x_wconf 89' lang='lat' dir='ltr'><strong>his,</strong></span> <span class='ocrx_word' id='word_1_553' title='bbox 1510 4869 1599 4936; x_wconf 92' lang='lat' dir='ltr'><strong>qui</strong></span> <span class='ocrx_word' id='word_1_554' title='bbox 1633 4884 1755 4940; x_wconf 88' lang='lat' dir='ltr'><strong>per-</strong></span> 
     </span>
    </p>
   </div>
   <div class='ocr_carea' id='block_1_80' title="bbox 144 4957 1755 5030">
    <p class='ocr_par' dir='ltr' id='par_1_80' title="bbox 144 4957 1755 5030">
     <span class='ocr_line' id='line_1_80' title="bbox 144 4957 1755 5030; baseline 0.002 -15"><span class='ocrx_word' id='word_1_555' title='bbox 144 4970 283 5015; x_wconf 86' lang='lat' dir='ltr'><strong>eunt</strong></span> <span class='ocrx_word' id='word_1_556' title='bbox 313 4974 423 5015; x_wconf 91' lang='lat' dir='ltr'><strong>non</strong></span> <span class='ocrx_word' id='word_1_557' title='bbox 446 4957 657 5015; x_wconf 87' lang='lat' dir='ltr'><strong>habetis</strong></span> <span class='ocrx_word' id='word_1_558' title='bbox 684 4976 697 5013; x_wconf 91' lang='lat'><strong>:</strong></span> <span class='ocrx_word' id='word_1_559' title='bbox 743 4967 802 5014; x_wconf 91' lang='lat' dir='ltr'><strong>ut</strong></span> <span class='ocrx_word' id='word_1_560' title='bbox 826 4970 920 5013; x_wconf 85' lang='lat' dir='ltr'><strong>aut</strong></span> <span class='ocrx_word' id='word_1_561' title='bbox 941 4960 1313 5030; x_wconf 76' lang='lat' dir='ltr'><strong>corrigantur,</strong></span> <span class='ocrx_word' id='word_1_562' title='bbox 1341 4968 1438 5016; x_wconf 89' lang='lat' dir='ltr'><strong>aut</strong></span> <span class='ocrx_word' id='word_1_563' title='bbox 1465 4960 1533 5015; x_wconf 92' lang='lat' dir='ltr'><strong>ab</strong></span> <span class='ocrx_word' id='word_1_564' title='bbox 1566 4960 1755 5018; x_wconf 86' lang='lat' dir='ltr'><strong>Eccle-</strong></span> 
     </span>
    </p>
   </div>
   <div class='ocr_carea' id='block_1_81' title="bbox 142 5051 1750 5126">
    <p class='ocr_par' dir='ltr' id='par_1_81' title="bbox 142 5051 1750 5126">
     <span class='ocr_line' id='line_1_81' title="bbox 142 5051 1750 5126; baseline 0.001 -19"><span class='ocrx_word' id='word_1_565' title='bbox 142 5053 224 5107; x_wconf 80' lang='lat' dir='ltr'><strong>sia</strong></span> <span class='ocrx_word' id='word_1_566' title='bbox 252 5062 606 5121; x_wconf 84' lang='lat' dir='ltr'><strong>separentur.</strong></span> <span class='ocrx_word' id='word_1_567' title='bbox 643 5051 774 5105; x_wconf 90' lang='lat' dir='ltr'><strong>Cum</strong></span> <span class='ocrx_word' id='word_1_568' title='bbox 808 5051 980 5107; x_wconf 88' lang='lat' dir='ltr'><strong>honos</strong></span> <span class='ocrx_word' id='word_1_569' title='bbox 1031 5064 1282 5123; x_wconf 80' lang='lat' dir='ltr'><strong>paetores</strong></span> <span class='ocrx_word' id='word_1_570' title='bbox 1340 5067 1556 5123; x_wconf 87' lang='lat' dir='ltr'><strong>semper</strong></span> <span class='ocrx_word' id='word_1_571' title='bbox 1600 5054 1750 5126; x_wconf 87' lang='lat' dir='ltr'><strong>lega-</strong></span> 
     </span>
    </p>
   </div>
   <div class='ocr_carea' id='block_1_82' title="bbox 144 5143 1747 5217">
    <p class='ocr_par' dir='ltr' id='par_1_82' title="bbox 144 5143 1747 5217">
     <span class='ocr_line' id='line_1_82' title="bbox 144 5143 1747 5217; baseline -0.001 -14"><span class='ocrx_word' id='word_1_572' title='bbox 144 5162 295 5216; x_wconf 85' lang='lat' dir='ltr'><strong>mus,</strong></span> <span class='ocrx_word' id='word_1_573' title='bbox 326 5146 515 5216; x_wconf 79' lang='lat' dir='ltr'><strong>populi</strong></span> <span class='ocrx_word' id='word_1_574' title='bbox 546 5143 780 5201; x_wconf 87' lang='lat' dir='ltr'><strong>deﬁesse</strong></span> <span class='ocrx_word' id='word_1_575' title='bbox 810 5155 1031 5216; x_wconf 87' lang='lat' dir='ltr'><strong>peccata</strong></span> <span class='ocrx_word' id='word_1_576' title='bbox 1066 5162 1082 5201; x_wconf 91' lang='lat'><strong>:</strong></span> <span class='ocrx_word' id='word_1_577' title='bbox 1109 5144 1179 5202; x_wconf 89' lang='lat' dir='ltr'><strong>Ut</strong></span> <span class='ocrx_word' id='word_1_578' title='bbox 1205 5145 1496 5201; x_wconf 85' lang='lat' dir='ltr'><strong>Jeremiam</strong></span> <span class='ocrx_word' id='word_1_579' title='bbox 1529 5148 1618 5217; x_wconf 92' lang='lat' dir='ltr'><strong>qui</strong></span> <span class='ocrx_word' id='word_1_580' title='bbox 1644 5146 1747 5202; x_wconf 89' lang='lat' dir='ltr'><strong>ait:</strong></span> 
     </span>
    </p>
   </div>
   <div class='ocr_carea' id='block_1_83' title="bbox 141 5237 1747 5309">
    <p class='ocr_par' dir='ltr' id='par_1_83' title="bbox 141 5237 1747 5309">
     <span class='ocr_line' id='line_1_83' title="bbox 141 5237 1747 5309; baseline 0.002 -15"><span class='ocrx_word' id='word_1_581' title='bbox 141 5239 282 5304; x_wconf 85' lang='lat' dir='ltr'><strong>Quis</strong></span> <span class='ocrx_word' id='word_1_582' title='bbox 313 5237 464 5293; x_wconf 84' lang='lat' dir='ltr'><strong>dabit</strong></span> <span class='ocrx_word' id='word_1_583' title='bbox 488 5237 651 5307; x_wconf 89' lang='lat' dir='ltr'><strong>capiti</strong></span> <span class='ocrx_word' id='word_1_584' title='bbox 680 5251 802 5292; x_wconf 92' lang='lat' dir='ltr'><strong>meo</strong></span> <span class='ocrx_word' id='word_1_585' title='bbox 830 5252 1045 5309; x_wconf 90' lang='lat' dir='ltr'><strong>aquam,</strong></span> <span class='ocrx_word' id='word_1_586' title='bbox 1097 5245 1154 5294; x_wconf 88' lang='lat' dir='ltr'><strong>et</strong></span> <span class='ocrx_word' id='word_1_587' title='bbox 1178 5238 1349 5294; x_wconf 85' lang='lat' dir='ltr'><strong>oculis</strong></span> <span class='ocrx_word' id='word_1_588' title='bbox 1380 5240 1518 5295; x_wconf 88' lang='lat' dir='ltr'><strong>meis</strong></span> <span class='ocrx_word' id='word_1_589' title='bbox 1540 5240 1747 5298; x_wconf 78' lang='lat' dir='ltr'><strong>fontem</strong></span> 
     </span>
    </p>
   </div>
   <div class='ocr_carea' id='block_1_84' title="bbox 140 5318 1751 5403">
    <p class='ocr_par' dir='ltr' id='par_1_84' title="bbox 140 5318 1751 5403">
     <span class='ocr_line' id='line_1_84' title="bbox 140 5318 1751 5403; baseline 0.004 -18"><span class='ocrx_word' id='word_1_590' title='bbox 140 5331 557 5403; x_wconf 77' lang='lat' dir='ltr'><strong>lacrymarum?</strong></span> <span class='ocrx_word' id='word_1_591' title='bbox 577 5339 637 5384; x_wconf 91' lang='lat' dir='ltr'><strong>ut</strong></span> <span class='ocrx_word' id='word_1_592' title='bbox 668 5328 1002 5399; x_wconf 77' lang='lat' dir='ltr'><strong>OSIenderet,</strong></span> <span class='ocrx_word' id='word_1_593' title='bbox 1032 5331 1139 5387; x_wconf 89' lang='lat' dir='ltr'><strong>sibi</strong></span> <span class='ocrx_word' id='word_1_594' title='bbox 1167 5347 1277 5389; x_wconf 94' lang='lat' dir='ltr'><strong>non</strong></span> <span class='ocrx_word' id='word_1_595' title='bbox 1306 5331 1559 5390; x_wconf 80' lang='lat' dir='ltr'><strong>affectum</strong></span> <span class='ocrx_word' id='word_1_596' title='bbox 1596 5318 1751 5391; x_wconf 85' lang='lat' dir='ltr'><strong>dolo-</strong></span> 
     </span>
    </p>
   </div>
   <div class='ocr_carea' id='block_1_85' title="bbox 139 5421 998 5494">
    <p class='ocr_par' dir='ltr' id='par_1_85' title="bbox 139 5421 998 5494">
     <span class='ocr_line' id='line_1_85' title="bbox 139 5421 998 5494; baseline 0 -17"><span class='ocrx_word' id='word_1_597' title='bbox 139 5426 246 5488; x_wconf 86' lang='lat' dir='ltr'><strong>ris,</strong></span> <span class='ocrx_word' id='word_1_598' title='bbox 276 5423 376 5477; x_wconf 86' lang='lat' dir='ltr'><strong>sed</strong></span> <span class='ocrx_word' id='word_1_599' title='bbox 409 5422 683 5494; x_wconf 83' lang='lat' dir='ltr'><strong>lacrymas</strong></span> <span class='ocrx_word' id='word_1_600' title='bbox 704 5421 998 5478; x_wconf 82' lang='lat' dir='ltr'><strong>defecisse.</strong></span> 
     </span>
    </p>
   </div>
   <div class='ocr_carea' id='block_1_86' title="bbox 218 5513 1744 5593">
    <p class='ocr_par' dir='ltr' id='par_1_86' title="bbox 218 5513 1744 5593">
     <span class='ocr_line' id='line_1_86' title="bbox 218 5513 1744 5593; baseline 0.005 -25"><span class='ocrx_word' id='word_1_601' title='bbox 218 5513 299 5569; x_wconf 82' lang='lat' dir='ltr'><strong>Ut</strong></span> <span class='ocrx_word' id='word_1_602' title='bbox 326 5513 543 5568; x_wconf 90' lang='lat' dir='ltr'><strong>tollatur</strong></span> <span class='ocrx_word' id='word_1_603' title='bbox 572 5517 638 5568; x_wconf 89' lang='lat' dir='ltr'><strong>de</strong></span> <span class='ocrx_word' id='word_1_604' title='bbox 661 5514 831 5571; x_wconf 86' lang='lat' dir='ltr'><strong>medio</strong></span> <span class='ocrx_word' id='word_1_605' title='bbox 858 5524 1105 5585; x_wconf 82' lang='lat' dir='ltr'><strong>vestrum,</strong></span> <span class='ocrx_word' id='word_1_606' title='bbox 1144 5517 1234 5587; x_wconf 85' lang='lat' dir='ltr'><strong>qui</strong></span> <span class='ocrx_word' id='word_1_607' title='bbox 1284 5517 1383 5573; x_wconf 88' lang='lat' dir='ltr'><strong>hoc</strong></span> <span class='ocrx_word' id='word_1_608' title='bbox 1435 5535 1566 5592; x_wconf 89' lang='lat' dir='ltr'><strong>opus</strong></span> <span class='ocrx_word' id='word_1_609' title='bbox 1604 5520 1744 5593; x_wconf 80' lang='lat' dir='ltr'><strong>fecit.</strong></span> 
     </span>
    </p>
   </div>
   <div class='ocr_carea' id='block_1_87' title="bbox 140 5605 1749 5685">
    <p class='ocr_par' dir='ltr' id='par_1_87' title="bbox 140 5605 1749 5685">
     <span class='ocr_line' id='line_1_87' title="bbox 140 5605 1749 5685; baseline 0.002 -22"><span class='ocrx_word' id='word_1_610' title='bbox 140 5605 283 5663; x_wconf 81' lang='lat' dir='ltr'><strong>Sive</strong></span> <span class='ocrx_word' id='word_1_611' title='bbox 314 5605 501 5674; x_wconf 90' lang='lat' dir='ltr'><strong>homo,</strong></span> <span class='ocrx_word' id='word_1_612' title='bbox 524 5606 615 5676; x_wconf 91' lang='lat' dir='ltr'><strong>qui</strong></span> <span class='ocrx_word' id='word_1_613' title='bbox 644 5607 887 5677; x_wconf 86' lang='lat' dir='ltr'><strong>peccavit</strong></span> <span class='ocrx_word' id='word_1_614' title='bbox 917 5608 1166 5679; x_wconf 88' lang='lat' dir='ltr'><strong>tollatur,</strong></span> <span class='ocrx_word' id='word_1_615' title='bbox 1223 5610 1343 5667; x_wconf 88' lang='lat' dir='ltr'><strong>sive</strong></span> <span class='ocrx_word' id='word_1_616' title='bbox 1366 5610 1601 5669; x_wconf 89' lang='lat' dir='ltr'><strong>Satanas</strong></span> <span class='ocrx_word' id='word_1_617' title='bbox 1652 5611 1749 5685; x_wconf 69' lang='lat' dir='ltr'><strong>eji.</strong></span> 
     </span>
    </p>
   </div>
   <div class='ocr_carea' id='block_1_88' title="bbox 144 5696 1455 5773">
    <p class='ocr_par' dir='ltr' id='par_1_88' title="bbox 144 5696 1455 5773">
     <span class='ocr_line' id='line_1_88' title="bbox 144 5696 1455 5773; baseline 0.005 -18"><span class='ocrx_word' id='word_1_618' title='bbox 144 5698 359 5765; x_wconf 66' lang='lat' dir='ltr'><strong>cietur,</strong></span> <span class='ocrx_word' id='word_1_619' title='bbox 390 5696 519 5754; x_wconf 90' lang='lat' dir='ltr'><strong>dum</strong></span> <span class='ocrx_word' id='word_1_620' title='bbox 542 5713 653 5754; x_wconf 91' lang='lat' dir='ltr'><strong>non</strong></span> <span class='ocrx_word' id='word_1_621' title='bbox 675 5697 840 5756; x_wconf 88' lang='lat' dir='ltr'><strong>habet</strong></span> <span class='ocrx_word' id='word_1_622' title='bbox 868 5716 963 5771; x_wconf 89' lang='lat' dir='ltr'><strong>per</strong></span> <span class='ocrx_word' id='word_1_623' title='bbox 992 5717 1151 5773; x_wconf 90' lang='lat' dir='ltr'><strong>quem</strong></span> <span class='ocrx_word' id='word_1_624' title='bbox 1177 5712 1455 5772; x_wconf 87' lang='lat' dir='ltr'><strong>operetur.</strong></span> 
     </span>
    </p>
   </div>
   <div class='ocr_carea' id='block_1_89' title="bbox 214 5788 1749 5871">
    <p class='ocr_par' dir='ltr' id='par_1_89' title="bbox 214 5788 1749 5871">
     <span class='ocr_line' id='line_1_89' title="bbox 214 5788 1749 5871; baseline 0.007 -25"><span class='ocrx_word' id='word_1_625' title='bbox 214 5788 344 5861; x_wconf 79' lang='lat' dir='ltr'><strong>Ego</strong></span> <span class='ocrx_word' id='word_1_626' title='bbox 370 5790 579 5862; x_wconf 85' lang='lat' dir='ltr'><strong>quidem</strong></span> <span class='ocrx_word' id='word_1_627' title='bbox 608 5793 791 5849; x_wconf 80' lang='lat' dir='ltr'><strong>absens</strong></span> <span class='ocrx_word' id='word_1_628' title='bbox 818 5809 1055 5866; x_wconf 87' lang='lat' dir='ltr'><strong>corpore,</strong></span> <span class='ocrx_word' id='word_1_629' title='bbox 1081 5810 1306 5865; x_wconf 64' lang='lat' dir='ltr'><strong>praesens</strong></span> <span class='ocrx_word' id='word_1_630' title='bbox 1330 5806 1501 5852; x_wconf 88' lang='lat' dir='ltr'><strong>autem</strong></span> <span class='ocrx_word' id='word_1_631' title='bbox 1524 5799 1712 5871; x_wconf 85' lang='lat' dir='ltr'><strong>spiritu</strong></span> <span class='ocrx_word' id='word_1_632' title='bbox 1730 5818 1749 5855; x_wconf 92' lang='lat'><strong><em>:</em></strong></span> 
     </span>
    </p>
   </div>
   <div class='ocr_carea' id='block_1_90' title="bbox 128 5887 1748 5961">
    <p class='ocr_par' dir='ltr' id='par_1_90' title="bbox 128 5887 1748 5961">
     <span class='ocr_line' id='line_1_90' title="bbox 128 5887 1748 5961; baseline 0.009 -20"><span class='ocrx_word' id='word_1_633' title='bbox 128 5887 260 5959; x_wconf 58' lang='grc' dir='ltr'><strong>ᾖ.</strong></span> <span class='ocrx_word' id='word_1_634' title='bbox 282 5887 526 5961; x_wconf 73' lang='lat' dir='ltr'><strong>judicari</strong></span> <span class='ocrx_word' id='word_1_635' title='bbox 558 5896 615 5944; x_wconf 90' lang='lat' dir='ltr'><strong>ut</strong></span> <span class='ocrx_word' id='word_1_636' title='bbox 651 5904 894 5961; x_wconf 66' lang='lat' dir='ltr'><strong>partem.</strong></span> <span class='ocrx_word' id='word_1_637' title='bbox 945 5889 1274 5951; x_wconf 65' lang='lat' dir='ltr'><strong>Praesentem</strong></span> <span class='ocrx_word' id='word_1_638' title='bbox 1305 5908 1368 5951; x_wconf 89' lang='lat' dir='ltr'><strong>se</strong></span> <span class='ocrx_word' id='word_1_639' title='bbox 1397 5908 1519 5955; x_wconf 84' lang='lat' dir='ltr'><strong>esse</strong></span> <span class='ocrx_word' id='word_1_640' title='bbox 1538 5894 1671 5954; x_wconf 86' lang='lat' dir='ltr'><strong>dicit</strong></span> <span class='ocrx_word' id='word_1_641' title='bbox 1695 5898 1748 5956; x_wconf 92' lang='lat' dir='ltr'><strong>in</strong></span> 
     </span>
    </p>
   </div>
   <div class='ocr_carea' id='block_1_91' title="bbox 1860 3358 2728 3430">
    <p class='ocr_par' dir='ltr' id='par_1_91' title="bbox 1860 3358 2728 3430">
     <span class='ocr_line' id='line_1_91' title="bbox 1860 3358 2728 3430; baseline -0.005 -13"><span class='ocrx_word' id='word_1_642' title='bbox 1860 3360 1998 3417; x_wconf 87' lang='lat' dir='ltr'><strong>iram</strong></span> <span class='ocrx_word' id='word_1_643' title='bbox 2031 3361 2126 3416; x_wconf 91' lang='lat' dir='ltr'><strong>Dei</strong></span> <span class='ocrx_word' id='word_1_644' title='bbox 2157 3358 2391 3430; x_wconf 88' lang='lat' dir='ltr'><strong>legimus</strong></span> <span class='ocrx_word' id='word_1_645' title='bbox 2420 3358 2728 3415; x_wconf 88' lang='lat' dir='ltr'><strong>advenisse.</strong></span> 
     </span>
    </p>
   </div>
   <div class='ocr_carea' id='block_1_92' title="bbox 1932 3450 3451 3525">
    <p class='ocr_par' dir='ltr' id='par_1_92' title="bbox 1932 3450 3451 3525">
     <span class='ocr_line' id='line_1_92' title="bbox 1932 3450 3451 3525; baseline 0 -19"><span class='ocrx_word' id='word_1_646' title='bbox 1932 3450 2235 3525; x_wconf 76' lang='lat' dir='ltr'><strong>Expurgate</strong></span> <span class='ocrx_word' id='word_1_647' title='bbox 2260 3460 2402 3505; x_wconf 86' lang='lat' dir='ltr'><strong>vetus</strong></span> <span class='ocrx_word' id='word_1_648' title='bbox 2424 3450 2756 3520; x_wconf 74' lang='lat' dir='ltr'><strong>fermentum,</strong></span> <span class='ocrx_word' id='word_1_649' title='bbox 2792 3458 2849 3505; x_wconf 92' lang='lat' dir='ltr'><strong>ut</strong></span> <span class='ocrx_word' id='word_1_650' title='bbox 2888 3450 3002 3505; x_wconf 90' lang='lat' dir='ltr'><strong>sitis</strong></span> <span class='ocrx_word' id='word_1_651' title='bbox 3029 3466 3161 3506; x_wconf 86' lang='lat' dir='ltr'><strong>nova</strong></span> <span class='ocrx_word' id='word_1_652' title='bbox 3187 3459 3451 3521; x_wconf 64' lang='lat' dir='ltr'><strong>§consper-</strong></span> 
     </span>
    </p>
   </div>
   <div class='ocr_carea' id='block_1_93' title="bbox 1860 3542 3453 3615">
    <p class='ocr_par' dir='ltr' id='par_1_93' title="bbox 1860 3542 3453 3615">
     <span class='ocr_line' id='line_1_93' title="bbox 1860 3542 3453 3615; baseline 0 -13"><span class='ocrx_word' id='word_1_653' title='bbox 1860 3546 1964 3613; x_wconf 91' lang='lat' dir='ltr'><strong>sio,</strong></span> <span class='ocrx_word' id='word_1_654' title='bbox 1988 3546 2121 3601; x_wconf 86' lang='lat' dir='ltr'><strong>sicut</strong></span> <span class='ocrx_word' id='word_1_655' title='bbox 2148 3546 2270 3600; x_wconf 89' lang='lat' dir='ltr'><strong>estis</strong></span> <span class='ocrx_word' id='word_1_656' title='bbox 2297 3544 2490 3615; x_wconf 77' lang='lat' dir='ltr'><strong>asymi.</strong></span> <span class='ocrx_word' id='word_1_657' title='bbox 2536 3542 2683 3599; x_wconf 85' lang='lat' dir='ltr'><strong>Nihil</strong></span> <span class='ocrx_word' id='word_1_658' title='bbox 2726 3544 2780 3599; x_wconf 91' lang='lat' dir='ltr'><strong>in</strong></span> <span class='ocrx_word' id='word_1_659' title='bbox 2815 3543 2971 3601; x_wconf 87' lang='lat' dir='ltr'><strong>vobis</strong></span> <span class='ocrx_word' id='word_1_660' title='bbox 3013 3546 3453 3602; x_wconf 87' lang='lat' dir='ltr'><strong>conversationis</strong></span> 
     </span>
    </p>
   </div>
   <div class='ocr_carea' id='block_1_94' title="bbox 1861 3636 3451 3710">
    <p class='ocr_par' dir='ltr' id='par_1_94' title="bbox 1861 3636 3451 3710">
     <span class='ocr_line' id='line_1_94' title="bbox 1861 3636 3451 3710; baseline 0 -15"><span class='ocrx_word' id='word_1_661' title='bbox 1861 3639 2109 3710; x_wconf 63' lang='lat' dir='ltr'><strong>pristinae</strong></span> <span class='ocrx_word' id='word_1_662' title='bbox 2132 3636 2476 3708; x_wconf 87' lang='lat' dir='ltr'><strong>relinquatis,</strong></span> <span class='ocrx_word' id='word_1_663' title='bbox 2505 3636 2648 3708; x_wconf 89' lang='lat' dir='ltr'><strong>quod</strong></span> <span class='ocrx_word' id='word_1_664' title='bbox 2674 3636 3043 3695; x_wconf 87' lang='lat' dir='ltr'><strong>sinceritatem</strong></span> <span class='ocrx_word' id='word_1_665' title='bbox 3072 3638 3246 3710; x_wconf 89' lang='lat' dir='ltr'><strong>possit</strong></span> <span class='ocrx_word' id='word_1_666' title='bbox 3292 3649 3451 3696; x_wconf 87' lang='lat' dir='ltr'><strong>natu-</strong></span> 
     </span>
    </p>
   </div>
   <div class='ocr_carea' id='block_1_95' title="bbox 1860 3744 2341 3800">
    <p class='ocr_par' dir='ltr' id='par_1_95' title="bbox 1860 3744 2341 3800">
     <span class='ocr_line' id='line_1_95' title="bbox 1860 3744 2341 3800; baseline -0.008 -12"><span class='ocrx_word' id='word_1_667' title='bbox 1860 3746 1936 3788; x_wconf 66' lang='lat' dir='ltr'><strong>rae</strong></span> <span class='ocrx_word' id='word_1_668' title='bbox 1965 3744 2341 3800; x_wconf 89' lang='lat' dir='ltr'><strong>corrumpere.</strong></span> 
     </span>
    </p>
   </div>
   <div class='ocr_carea' id='block_1_96' title="bbox 1936 3822 3450 3890">
    <p class='ocr_par' dir='ltr' id='par_1_96' title="bbox 1936 3822 3450 3890">
     <span class='ocr_line' id='line_1_96' title="bbox 1936 3822 3450 3890; baseline 0 -12"><span class='ocrx_word' id='word_1_669' title='bbox 1936 3823 2137 3878; x_wconf 85' lang='lat' dir='ltr'><strong>Etenim</strong></span> <span class='ocrx_word' id='word_1_670' title='bbox 2182 3822 2377 3890; x_wconf 84' lang='lat' dir='ltr'><strong>pascha</strong></span> <span class='ocrx_word' id='word_1_671' title='bbox 2424 3830 2657 3877; x_wconf 88' lang='lat' dir='ltr'><strong>nostrum</strong></span> <span class='ocrx_word' id='word_1_672' title='bbox 2686 3863 2702 3888; x_wconf 93' lang='lat'><strong>,</strong></span> <span class='ocrx_word' id='word_1_673' title='bbox 2734 3822 3031 3877; x_wconf 82' lang='lat' dir='ltr'><strong>immolatus</strong></span> <span class='ocrx_word' id='word_1_674' title='bbox 3068 3832 3145 3879; x_wconf 85' lang='lat' dir='ltr'><strong>est</strong></span> <span class='ocrx_word' id='word_1_675' title='bbox 3190 3822 3450 3879; x_wconf 84' lang='lat' dir='ltr'><strong>Christus.</strong></span> 
     </span>
    </p>
   </div>
   <div class='ocr_carea' id='block_1_97' title="bbox 1859 3913 3450 3988">
    <p class='ocr_par' dir='ltr' id='par_1_97' title="bbox 1859 3913 3450 3988">
     <span class='ocr_line' id='line_1_97' title="bbox 1859 3913 3450 3988; baseline 0.001 -18"><span class='ocrx_word' id='word_1_676' title='bbox 1859 3913 2047 3988; x_wconf 83' lang='lat' dir='ltr'><strong>Itaque</strong></span> <span class='ocrx_word' id='word_1_677' title='bbox 2084 3914 2371 3986; x_wconf 72' lang='lat' dir='ltr'><strong>epulamur,</strong></span> <span class='ocrx_word' id='word_1_678' title='bbox 2427 3931 2531 3969; x_wconf 87' lang='lat' dir='ltr'><strong>non</strong></span> <span class='ocrx_word' id='word_1_679' title='bbox 2581 3915 2637 3968; x_wconf 88' lang='lat' dir='ltr'><strong>in</strong></span> <span class='ocrx_word' id='word_1_680' title='bbox 2686 3914 2933 3985; x_wconf 78' lang='lat' dir='ltr'><strong>fermento</strong></span> <span class='ocrx_word' id='word_1_681' title='bbox 2974 3915 3151 3983; x_wconf 84' lang='lat' dir='ltr'><strong>veteri,</strong></span> <span class='ocrx_word' id='word_1_682' title='bbox 3206 3931 3368 3984; x_wconf 88' lang='lat' dir='ltr'><strong>neque</strong></span> <span class='ocrx_word' id='word_1_683' title='bbox 3394 3918 3450 3971; x_wconf 90' lang='lat' dir='ltr'><strong>in</strong></span> 
     </span>
    </p>
   </div>
   <div class='ocr_carea' id='block_1_98' title="bbox 1860 4006 3456 4080">
    <p class='ocr_par' dir='ltr' id='par_1_98' title="bbox 1860 4006 3456 4080">
     <span class='ocr_line' id='line_1_98' title="bbox 1860 4006 3456 4080; baseline 0.001 -17"><span class='ocrx_word' id='word_1_684' title='bbox 1860 4008 2110 4080; x_wconf 82' lang='lat' dir='ltr'><strong>fermento</strong></span> <span class='ocrx_word' id='word_1_685' title='bbox 2128 4006 2341 4062; x_wconf 78' lang='lat' dir='ltr'><strong>malitia:</strong></span> <span class='ocrx_word' id='word_1_686' title='bbox 2365 4017 2412 4062; x_wconf 89' lang='lat' dir='ltr'><strong>et</strong></span> <span class='ocrx_word' id='word_1_687' title='bbox 2432 4008 2673 4077; x_wconf 78' lang='lat' dir='ltr'><strong>nequitiw</strong></span> <span class='ocrx_word' id='word_1_688' title='bbox 2700 4022 2718 4059; x_wconf 91' lang='lat'><em>:</em></span> <span class='ocrx_word' id='word_1_689' title='bbox 2763 4008 2853 4062; x_wconf 86' lang='lat' dir='ltr'><strong>sed</strong></span> <span class='ocrx_word' id='word_1_690' title='bbox 2880 4009 2936 4061; x_wconf 85' lang='lat' dir='ltr'><strong>iu</strong></span> <span class='ocrx_word' id='word_1_691' title='bbox 2962 4008 3158 4079; x_wconf 72' lang='lat' dir='ltr'><strong>azymis</strong></span> <span class='ocrx_word' id='word_1_692' title='bbox 3184 4009 3456 4065; x_wconf 63' lang='lat' dir='ltr'><strong>sinceritao</strong></span> 
     </span>
    </p>
   </div>
   <div class='ocr_carea' id='block_1_99' title="bbox 1862 4099 3452 4171">
    <p class='ocr_par' dir='ltr' id='par_1_99' title="bbox 1862 4099 3452 4171">
     <span class='ocr_line' id='line_1_99' title="bbox 1862 4099 3452 4171; baseline 0.002 -14"><span class='ocrx_word' id='word_1_693' title='bbox 1862 4102 1928 4157; x_wconf 84' lang='lat' dir='ltr'><strong>tis</strong></span> <span class='ocrx_word' id='word_1_694' title='bbox 1949 4110 1998 4156; x_wconf 88' lang='lat' dir='ltr'><strong>et</strong></span> <span class='ocrx_word' id='word_1_695' title='bbox 2028 4101 2279 4156; x_wconf 78' lang='lat' dir='ltr'><strong>veritatis.</strong></span> <span class='ocrx_word' id='word_1_696' title='bbox 2326 4099 2443 4155; x_wconf 89' lang='lat' dir='ltr'><strong>Non</strong></span> <span class='ocrx_word' id='word_1_697' title='bbox 2496 4100 2693 4171; x_wconf 87' lang='lat' dir='ltr'><strong>ﬁgura,</strong></span> <span class='ocrx_word' id='word_1_698' title='bbox 2741 4100 2839 4157; x_wconf 88' lang='lat' dir='ltr'><strong>sed</strong></span> <span class='ocrx_word' id='word_1_699' title='bbox 2891 4102 3111 4157; x_wconf 89' lang='lat' dir='ltr'><strong>veritas.</strong></span> <span class='ocrx_word' id='word_1_700' title='bbox 3170 4101 3239 4157; x_wconf 86' lang='lat' dir='ltr'><strong>Et</strong></span> <span class='ocrx_word' id='word_1_701' title='bbox 3276 4102 3452 4159; x_wconf 66' lang='lat' dir='ltr'><strong>Judaei</strong></span> 
     </span>
    </p>
   </div>
   <div class='ocr_carea' id='block_1_100' title="bbox 1858 4193 3449 4266">
    <p class='ocr_par' dir='ltr' id='par_1_100' title="bbox 1858 4193 3449 4266">
     <span class='ocr_line' id='line_1_100' title="bbox 1858 4193 3449 4266; baseline 0.001 -16"><span class='ocrx_word' id='word_1_702' title='bbox 1858 4194 2077 4266; x_wconf 90' lang='lat' dir='ltr'><strong>quidem</strong></span> <span class='ocrx_word' id='word_1_703' title='bbox 2105 4200 2311 4263; x_wconf 88' lang='lat' dir='ltr'><strong>septem</strong></span> <span class='ocrx_word' id='word_1_704' title='bbox 2328 4193 2525 4249; x_wconf 89' lang='lat' dir='ltr'><strong>diebus</strong></span> <span class='ocrx_word' id='word_1_705' title='bbox 2552 4208 2740 4266; x_wconf 81' lang='lat' dir='ltr'><strong>azyma</strong></span> <span class='ocrx_word' id='word_1_706' title='bbox 2770 4193 3152 4250; x_wconf 84' lang='lat' dir='ltr'><strong>comedehant.</strong></span> <span class='ocrx_word' id='word_1_707' title='bbox 3180 4193 3291 4251; x_wconf 88' lang='lat' dir='ltr'><strong>Nos</strong></span> <span class='ocrx_word' id='word_1_708' title='bbox 3314 4212 3449 4252; x_wconf 91' lang='lat' dir='ltr'><strong>vero</strong></span> 
     </span>
    </p>
   </div>
   <div class='ocr_carea' id='block_1_101' title="bbox 1857 4285 3446 4357">
    <p class='ocr_par' dir='ltr' id='par_1_101' title="bbox 1857 4285 3446 4357">
     <span class='ocr_line' id='line_1_101' title="bbox 1857 4285 3446 4357; baseline 0 -14"><span class='ocrx_word' id='word_1_709' title='bbox 1857 4302 2099 4357; x_wconf 89' lang='lat' dir='ltr'><strong>semper,</strong></span> <span class='ocrx_word' id='word_1_710' title='bbox 2144 4285 2192 4340; x_wconf 90' lang='lat' dir='ltr'><strong>si</strong></span> <span class='ocrx_word' id='word_1_711' title='bbox 2231 4285 2552 4357; x_wconf 84' lang='lat' dir='ltr'><strong>simpliciter</strong></span> <span class='ocrx_word' id='word_1_712' title='bbox 2598 4294 2655 4341; x_wconf 86' lang='lat' dir='ltr'><strong>et</strong></span> <span class='ocrx_word' id='word_1_713' title='bbox 2682 4300 2819 4356; x_wconf 90' lang='lat' dir='ltr'><strong>pure</strong></span> <span class='ocrx_word' id='word_1_714' title='bbox 2858 4300 3161 4342; x_wconf 87' lang='lat' dir='ltr'><strong>versemur.</strong></span> <span class='ocrx_word' id='word_1_715' title='bbox 3213 4286 3349 4355; x_wconf 91' lang='lat' dir='ltr'><strong>Quia</strong></span> <span class='ocrx_word' id='word_1_716' title='bbox 3394 4288 3446 4343; x_wconf 90' lang='lat' dir='ltr'><strong>in</strong></span> 
     </span>
    </p>
   </div>
   <div class='ocr_carea' id='block_1_102' title="bbox 1859 4378 3450 4451">
    <p class='ocr_par' dir='ltr' id='par_1_102' title="bbox 1859 4378 3450 4451">
     <span class='ocr_line' id='line_1_102' title="bbox 1859 4378 3450 4451; baseline 0 -14"><span class='ocrx_word' id='word_1_717' title='bbox 1859 4389 2077 4451; x_wconf 84' lang='lat' dir='ltr'><strong>septem</strong></span> <span class='ocrx_word' id='word_1_718' title='bbox 2107 4378 2302 4435; x_wconf 89' lang='lat' dir='ltr'><strong>diebus</strong></span> <span class='ocrx_word' id='word_1_719' title='bbox 2323 4379 2559 4434; x_wconf 88' lang='lat' dir='ltr'><strong>mundus</strong></span> <span class='ocrx_word' id='word_1_720' title='bbox 2584 4387 2669 4435; x_wconf 88' lang='lat' dir='ltr'><strong>est</strong></span> <span class='ocrx_word' id='word_1_721' title='bbox 2697 4378 2890 4445; x_wconf 82' lang='lat' dir='ltr'><strong>factus,</strong></span> <span class='ocrx_word' id='word_1_722' title='bbox 2920 4378 3011 4449; x_wconf 86' lang='lat' dir='ltr'><strong>qui</strong></span> <span class='ocrx_word' id='word_1_723' title='bbox 3034 4394 3249 4448; x_wconf 87' lang='lat' dir='ltr'><strong>semper</strong></span> <span class='ocrx_word' id='word_1_724' title='bbox 3270 4378 3324 4435; x_wconf 91' lang='lat' dir='ltr'><strong>in</strong></span> <span class='ocrx_word' id='word_1_725' title='bbox 3349 4394 3450 4437; x_wconf 90' lang='lat' dir='ltr'><strong>suo</strong></span> 
     </span>
    </p>
   </div>
   <div class='ocr_carea' id='block_1_103' title="bbox 1860 4470 3449 4543">
    <p class='ocr_par' dir='ltr' id='par_1_103' title="bbox 1860 4470 3449 4543">
     <span class='ocr_line' id='line_1_103' title="bbox 1860 4470 3449 4543; baseline -0.003 -11"><span class='ocrx_word' id='word_1_726' title='bbox 1860 4475 2056 4532; x_wconf 90' lang='lat' dir='ltr'><strong>ordine</strong></span> <span class='ocrx_word' id='word_1_727' title='bbox 2079 4473 2405 4531; x_wconf 87' lang='lat' dir='ltr'><strong>revolvitur.</strong></span> <span class='ocrx_word' id='word_1_728' title='bbox 2432 4472 2499 4528; x_wconf 85' lang='lat' dir='ltr'><strong>Et</strong></span> <span class='ocrx_word' id='word_1_729' title='bbox 2526 4470 2765 4543; x_wconf 84' lang='lat' dir='ltr'><strong>quatidie</strong></span> <span class='ocrx_word' id='word_1_730' title='bbox 2790 4472 2948 4527; x_wconf 89' lang='lat' dir='ltr'><strong>nobis</strong></span> <span class='ocrx_word' id='word_1_731' title='bbox 2966 4486 3139 4541; x_wconf 84' lang='lat' dir='ltr'><strong>agnus</strong></span> <span class='ocrx_word' id='word_1_732' title='bbox 3160 4472 3449 4540; x_wconf 88' lang='lat' dir='ltr'><strong>occiditur,</strong></span> 
     </span>
    </p>
   </div>
   <div class='ocr_carea' id='block_1_104' title="bbox 1860 4564 3457 4639">
    <p class='ocr_par' dir='ltr' id='par_1_104' title="bbox 1860 4564 3457 4639">
     <span class='ocr_line' id='line_1_104' title="bbox 1860 4564 3457 4639; baseline -0.001 -15"><span class='ocrx_word' id='word_1_733' title='bbox 1860 4576 1917 4625; x_wconf 90' lang='lat' dir='ltr'><strong>et</strong></span> <span class='ocrx_word' id='word_1_734' title='bbox 1944 4567 2145 4639; x_wconf 89' lang='lat' dir='ltr'><strong>pascha</strong></span> <span class='ocrx_word' id='word_1_735' title='bbox 2190 4566 2436 4638; x_wconf 90' lang='lat' dir='ltr'><strong>quotidie</strong></span> <span class='ocrx_word' id='word_1_736' title='bbox 2482 4566 2825 4621; x_wconf 71' lang='lat' dir='ltr'><strong>celebramus</strong></span> <span class='ocrx_word' id='word_1_737' title='bbox 2857 4579 2873 4621; x_wconf 89' lang='lat'><strong>:</strong></span> <span class='ocrx_word' id='word_1_738' title='bbox 2905 4566 2950 4619; x_wconf 91' lang='lat' dir='ltr'><strong>si</strong></span> <span class='ocrx_word' id='word_1_739' title='bbox 2980 4564 3308 4621; x_wconf 73' lang='lat' dir='ltr'><strong>fermentum</strong></span> <span class='ocrx_word' id='word_1_740' title='bbox 3339 4582 3457 4623; x_wconf 87' lang='lat' dir='ltr'><strong>ma-</strong></span> 
     </span>
    </p>
   </div>
   <div class='ocr_carea' id='block_1_105' title="bbox 1780 4657 3547 4733">
    <p class='ocr_par' dir='ltr' id='par_1_105' title="bbox 1780 4657 3547 4733">
     <span class='ocr_line' id='line_1_105' title="bbox 1780 4657 3547 4733; baseline -0.003 -12"><span class='ocrx_word' id='word_1_741' title='bbox 1780 4667 1835 4731; x_wconf 88' lang='lat' dir='ltr'><strong>D</strong></span> <span class='ocrx_word' id='word_1_742' title='bbox 1860 4664 1993 4722; x_wconf 72' lang='lat' dir='ltr'><strong>litis:</strong></span> <span class='ocrx_word' id='word_1_743' title='bbox 2022 4670 2080 4718; x_wconf 90' lang='lat' dir='ltr'><strong>et</strong></span> <span class='ocrx_word' id='word_1_744' title='bbox 2105 4661 2363 4733; x_wconf 71' lang='lat' dir='ltr'><strong>nequitia:</strong></span> <span class='ocrx_word' id='word_1_745' title='bbox 2392 4675 2498 4715; x_wconf 92' lang='lat' dir='ltr'><strong>non</strong></span> <span class='ocrx_word' id='word_1_746' title='bbox 2529 4658 2809 4715; x_wconf 88' lang='lat' dir='ltr'><strong>habemus.</strong></span> <span class='ocrx_word' id='word_1_747' title='bbox 2857 4657 2998 4726; x_wconf 89' lang='lat' dir='ltr'><strong>Quid</strong></span> <span class='ocrx_word' id='word_1_748' title='bbox 3022 4667 3108 4715; x_wconf 88' lang='lat' dir='ltr'><strong>est</strong></span> <span class='ocrx_word' id='word_1_749' title='bbox 3132 4660 3277 4715; x_wconf 89' lang='lat' dir='ltr'><strong>enim</strong></span> <span class='ocrx_word' id='word_1_750' title='bbox 3296 4660 3451 4721; x_wconf 88' lang='lat' dir='ltr'><strong>aliud</strong></span> <span class='ocrx_word' id='word_1_751' title='bbox 3537 4674 3547 4687; x_wconf 75' lang='lat'><strong>&#39;</strong></span> 
     </span>
    </p>
   </div>
   <div class='ocr_carea' id='block_1_106' title="bbox 1862 4752 3449 4827">
    <p class='ocr_par' dir='ltr' id='par_1_106' title="bbox 1862 4752 3449 4827">
     <span class='ocr_line' id='line_1_106' title="bbox 1862 4752 3449 4827; baseline -0.005 -10"><span class='ocrx_word' id='word_1_752' title='bbox 1862 4761 1966 4817; x_wconf 90' lang='lat' dir='ltr'><strong>nisi</strong></span> <span class='ocrx_word' id='word_1_753' title='bbox 2007 4756 2291 4827; x_wconf 91' lang='lat' dir='ltr'><strong>corruptio</strong></span> <span class='ocrx_word' id='word_1_754' title='bbox 2316 4764 2547 4823; x_wconf 69' lang='lat' dir='ltr'><strong>naturae,</strong></span> <span class='ocrx_word' id='word_1_755' title='bbox 2572 4752 2925 4819; x_wconf 80' lang='lat' dir='ltr'><strong>fermentum,</strong></span> <span class='ocrx_word' id='word_1_756' title='bbox 2978 4752 3125 4823; x_wconf 83' lang='lat' dir='ltr'><strong>quod</strong></span> <span class='ocrx_word' id='word_1_757' title='bbox 3177 4761 3234 4809; x_wconf 92' lang='lat' dir='ltr'><strong>et</strong></span> <span class='ocrx_word' id='word_1_758' title='bbox 3273 4753 3449 4823; x_wconf 87' lang='lat' dir='ltr'><strong>ipsum</strong></span> 
     </span>
    </p>
   </div>
   <div class='ocr_carea' id='block_1_107' title="bbox 1846 4843 3450 4925">
    <p class='ocr_par' dir='ltr' id='par_1_107' title="bbox 1846 4843 3450 4925">
     <span class='ocr_line' id='line_1_107' title="bbox 1846 4843 3450 4925; baseline -0.005 -17"><span class='ocrx_word' id='word_1_759' title='bbox 1846 4853 2010 4925; x_wconf 82' lang='lat' dir='ltr'><strong>prius</strong></span> <span class='ocrx_word' id='word_1_760' title='bbox 2062 4865 2094 4905; x_wconf 86' lang='lat' dir='ltr'><strong>a</strong></span> <span class='ocrx_word' id='word_1_761' title='bbox 2150 4846 2384 4903; x_wconf 87' lang='lat' dir='ltr'><strong>naturali</strong></span> <span class='ocrx_word' id='word_1_762' title='bbox 2432 4844 2723 4903; x_wconf 86' lang='lat' dir='ltr'><strong>dulcedine</strong></span> <span class='ocrx_word' id='word_1_763' title='bbox 2778 4843 3044 4901; x_wconf 83' lang='lat' dir='ltr'><strong>recedens</strong></span> <span class='ocrx_word' id='word_1_764' title='bbox 3074 4885 3092 4913; x_wconf 92' lang='lat'><strong>,</strong></span> <span class='ocrx_word' id='word_1_765' title='bbox 3142 4844 3450 4901; x_wconf 89' lang='lat' dir='ltr'><strong>adulterino</strong></span> 
     </span>
    </p>
   </div>
   <div class='ocr_carea' id='block_1_108' title="bbox 1859 4938 2512 5012">
    <p class='ocr_par' dir='ltr' id='par_1_108' title="bbox 1859 4938 2512 5012">
     <span class='ocr_line' id='line_1_108' title="bbox 1859 4938 2512 5012; baseline -0.012 -11"><span class='ocrx_word' id='word_1_766' title='bbox 1859 4960 2021 5003; x_wconf 90' lang='lat' dir='ltr'><strong>acore</strong></span> <span class='ocrx_word' id='word_1_767' title='bbox 2041 4952 2355 5012; x_wconf 89' lang='lat' dir='ltr'><strong>corruptum</strong></span> <span class='ocrx_word' id='word_1_768' title='bbox 2382 4948 2468 4996; x_wconf 91' lang='lat' dir='ltr'><strong>est</strong></span> <span class='ocrx_word' id='word_1_769' title='bbox 2488 4938 2512 4992; x_wconf 68' lang='grc' dir='ltr'><strong>’ἰ</strong></span> 
     </span>
    </p>
   </div>
   <div class='ocr_carea' id='block_1_109' title="bbox 1930 5030 3452 5111">
    <p class='ocr_par' dir='ltr' id='par_1_109' title="bbox 1930 5030 3452 5111">
     <span class='ocr_line' id='line_1_109' title="bbox 1930 5030 3452 5111; baseline -0.009 -14"><span class='ocrx_word' id='word_1_770' title='bbox 1930 5038 2137 5111; x_wconf 83' lang='lat' dir='ltr'><strong>Scripsi</strong></span> <span class='ocrx_word' id='word_1_771' title='bbox 2183 5036 2322 5093; x_wconf 83' lang='lat' dir='ltr'><strong>vobis</strong></span> <span class='ocrx_word' id='word_1_772' title='bbox 2345 5035 2402 5090; x_wconf 87' lang='lat' dir='ltr'><strong>in</strong></span> <span class='ocrx_word' id='word_1_773' title='bbox 2423 5033 2681 5107; x_wconf 83' lang='lat' dir='ltr'><strong>Epistola,</strong></span> <span class='ocrx_word' id='word_1_774' title='bbox 2712 5048 2776 5087; x_wconf 87' lang='lat' dir='ltr'><strong>ne</strong></span> <span class='ocrx_word' id='word_1_775' title='bbox 2820 5031 3254 5087; x_wconf 87' lang='lat' dir='ltr'><strong>commisceamini</strong></span> <span class='ocrx_word' id='word_1_776' title='bbox 3283 5030 3452 5099; x_wconf 79' lang='lat' dir='ltr'><strong>[orni-</strong></span> 
     </span>
    </p>
   </div>
   <div class='ocr_carea' id='block_1_110' title="bbox 1857 5123 3446 5199">
    <p class='ocr_par' dir='ltr' id='par_1_110' title="bbox 1857 5123 3446 5199">
     <span class='ocr_line' id='line_1_110' title="bbox 1857 5123 3446 5199; baseline -0.009 -8"><span class='ocrx_word' id='word_1_777' title='bbox 1857 5134 2036 5191; x_wconf 86' lang='lat' dir='ltr'><strong>cariis.</strong></span> <span class='ocrx_word' id='word_1_778' title='bbox 2067 5129 2192 5187; x_wconf 84' lang='lat' dir='ltr'><strong>Non</strong></span> <span class='ocrx_word' id='word_1_779' title='bbox 2213 5130 2389 5199; x_wconf 84' lang='lat' dir='ltr'><strong>utique</strong></span> <span class='ocrx_word' id='word_1_780' title='bbox 2408 5127 2703 5199; x_wconf 81' lang='lat' dir='ltr'><strong>fornicariis</strong></span> <span class='ocrx_word' id='word_1_781' title='bbox 2724 5124 2881 5198; x_wconf 84' lang='lat' dir='ltr'><strong>hujus</strong></span> <span class='ocrx_word' id='word_1_782' title='bbox 2910 5123 3107 5191; x_wconf 88' lang='lat' dir='ltr'><strong>mundi,</strong></span> <span class='ocrx_word' id='word_1_783' title='bbox 3132 5132 3226 5175; x_wconf 90' lang='lat' dir='ltr'><strong>aut</strong></span> <span class='ocrx_word' id='word_1_784' title='bbox 3250 5123 3446 5187; x_wconf 79' lang='lat' dir='ltr'><strong>avaris,</strong></span> 
     </span>
    </p>
   </div>
   <div class='ocr_carea' id='block_1_111' title="bbox 1852 5217 3444 5298">
    <p class='ocr_par' dir='ltr' id='par_1_111' title="bbox 1852 5217 3444 5298">
     <span class='ocr_line' id='line_1_111' title="bbox 1852 5217 3444 5298; baseline -0.009 -12"><span class='ocrx_word' id='word_1_785' title='bbox 1852 5240 1942 5286; x_wconf 87' lang='lat' dir='ltr'><strong>aut</strong></span> <span class='ocrx_word' id='word_1_786' title='bbox 1970 5226 2273 5298; x_wconf 84' lang='lat' dir='ltr'><strong>rapacibus,</strong></span> <span class='ocrx_word' id='word_1_787' title='bbox 2297 5232 2387 5278; x_wconf 89' lang='lat' dir='ltr'><strong>aut</strong></span> <span class='ocrx_word' id='word_1_788' title='bbox 2416 5221 2574 5277; x_wconf 90' lang='lat' dir='ltr'><strong>idolis</strong></span> <span class='ocrx_word' id='word_1_789' title='bbox 2601 5219 2956 5277; x_wconf 77' lang='lat' dir='ltr'><strong>servientibus.</strong></span> <span class='ocrx_word' id='word_1_790' title='bbox 3016 5217 3132 5272; x_wconf 86' lang='lat' dir='ltr'><strong>lloc</strong></span> <span class='ocrx_word' id='word_1_791' title='bbox 3172 5217 3346 5288; x_wconf 87' lang='lat' dir='ltr'><strong>ipsum</strong></span> <span class='ocrx_word' id='word_1_792' title='bbox 3389 5217 3444 5272; x_wconf 89' lang='lat' dir='ltr'><strong>in</strong></span> 
     </span>
    </p>
   </div>
   <div class='ocr_carea' id='block_1_112' title="bbox 1854 5308 3443 5394">
    <p class='ocr_par' dir='ltr' id='par_1_112' title="bbox 1854 5308 3443 5394">
     <span class='ocr_line' id='line_1_112' title="bbox 1854 5308 3443 5394; baseline -0.008 -15"><span class='ocrx_word' id='word_1_793' title='bbox 1854 5325 1957 5380; x_wconf 86' lang='lat' dir='ltr'><strong>hac</strong></span> <span class='ocrx_word' id='word_1_794' title='bbox 1986 5320 2234 5394; x_wconf 86' lang='lat' dir='ltr'><strong>Epistola</strong></span> <span class='ocrx_word' id='word_1_795' title='bbox 2253 5319 2331 5375; x_wconf 90' lang='lat' dir='ltr'><strong>ita</strong></span> <span class='ocrx_word' id='word_1_796' title='bbox 2356 5315 2577 5388; x_wconf 88' lang='lat' dir='ltr'><strong>scripsi,</strong></span> <span class='ocrx_word' id='word_1_797' title='bbox 2604 5330 2712 5371; x_wconf 93' lang='lat' dir='ltr'><strong>non</strong></span> <span class='ocrx_word' id='word_1_798' title='bbox 2740 5324 2798 5369; x_wconf 88' lang='lat' dir='ltr'><strong>ut</strong></span> <span class='ocrx_word' id='word_1_799' title='bbox 2835 5326 2867 5365; x_wconf 89' lang='lat' dir='ltr'><strong>a</strong></span> <span class='ocrx_word' id='word_1_800' title='bbox 2889 5308 3171 5381; x_wconf 87' lang='lat' dir='ltr'><strong>gentibus,</strong></span> <span class='ocrx_word' id='word_1_801' title='bbox 3228 5309 3324 5366; x_wconf 89' lang='lat' dir='ltr'><strong>sed</strong></span> <span class='ocrx_word' id='word_1_802' title='bbox 3374 5310 3443 5366; x_wconf 91' lang='lat' dir='ltr'><strong>ab</strong></span> 
     </span>
    </p>
   </div>
   <div class='ocr_carea' id='block_1_113' title="bbox 1852 5402 3433 5488">
    <p class='ocr_par' dir='ltr' id='par_1_113' title="bbox 1852 5402 3433 5488">
     <span class='ocr_line' id='line_1_113' title="bbox 1852 5402 3433 5488; baseline -0.01 -13"><span class='ocrx_word' id='word_1_803' title='bbox 1852 5418 1939 5475; x_wconf 89' lang='lat' dir='ltr'><strong>his</strong></span> <span class='ocrx_word' id='word_1_804' title='bbox 1964 5415 2058 5488; x_wconf 90' lang='lat' dir='ltr'><strong>qui</strong></span> <span class='ocrx_word' id='word_1_805' title='bbox 2090 5424 2316 5486; x_wconf 89' lang='lat' dir='ltr'><strong>peccant</strong></span> <span class='ocrx_word' id='word_1_806' title='bbox 2347 5414 2401 5467; x_wconf 88' lang='lat' dir='ltr'><strong>in</strong></span> <span class='ocrx_word' id='word_1_807' title='bbox 2431 5409 2697 5475; x_wconf 86' lang='lat' dir='ltr'><strong>Ecclesia,</strong></span> <span class='ocrx_word' id='word_1_808' title='bbox 2733 5402 3091 5475; x_wconf 86' lang='lat' dir='ltr'><strong>separemini:</strong></span> <span class='ocrx_word' id='word_1_809' title='bbox 3126 5402 3207 5458; x_wconf 81' lang='lat' dir='ltr'><strong>sin</strong></span> <span class='ocrx_word' id='word_1_810' title='bbox 3231 5413 3433 5469; x_wconf 88' lang='lat' dir='ltr'><strong>autem,</strong></span> 
     </span>
    </p>
   </div>
   <div class='ocr_carea' id='block_1_114' title="bbox 1852 5493 3439 5575">
    <p class='ocr_par' dir='ltr' id='par_1_114' title="bbox 1852 5493 3439 5575">
     <span class='ocr_line' id='line_1_114' title="bbox 1852 5493 3439 5575; baseline -0.013 -8"><span class='ocrx_word' id='word_1_811' title='bbox 1852 5509 1994 5567; x_wconf 87' lang='lat' dir='ltr'><strong>mori</strong></span> <span class='ocrx_word' id='word_1_812' title='bbox 2022 5505 2337 5564; x_wconf 89' lang='lat' dir='ltr'><strong>debueratis</strong></span> <span class='ocrx_word' id='word_1_813' title='bbox 2365 5521 2380 5558; x_wconf 87' lang='lat'><strong>:</strong></span> <span class='ocrx_word' id='word_1_814' title='bbox 2411 5518 2548 5575; x_wconf 88' lang='lat' dir='ltr'><strong>quos</strong></span> <span class='ocrx_word' id='word_1_815' title='bbox 2589 5500 2791 5557; x_wconf 91' lang='lat' dir='ltr'><strong>idcirco</strong></span> <span class='ocrx_word' id='word_1_816' title='bbox 2812 5498 3084 5569; x_wconf 65' lang='lat' dir='ltr'><strong>pracipue</strong></span> <span class='ocrx_word' id='word_1_817' title='bbox 3122 5495 3306 5550; x_wconf 90' lang='lat' dir='ltr'><strong>vivere</strong></span> <span class='ocrx_word' id='word_1_818' title='bbox 3356 5493 3439 5547; x_wconf 84' lang='lat' dir='ltr'><strong>in-</strong></span> 
     </span>
    </p>
   </div>
   <div class='ocr_carea' id='block_1_115' title="bbox 1854 5584 3448 5669">
    <p class='ocr_par' dir='ltr' id='par_1_115' title="bbox 1854 5584 3448 5669">
     <span class='ocr_line' id='line_1_115' title="bbox 1854 5584 3448 5669; baseline -0.011 -10"><span class='ocrx_word' id='word_1_819' title='bbox 1854 5602 2016 5660; x_wconf 89' lang='lat' dir='ltr'><strong>terim</strong></span> <span class='ocrx_word' id='word_1_820' title='bbox 2044 5600 2189 5657; x_wconf 89' lang='lat' dir='ltr'><strong>Deus</strong></span> <span class='ocrx_word' id='word_1_821' title='bbox 2207 5597 2399 5668; x_wconf 86' lang='lat' dir='ltr'><strong>voluit,</strong></span> <span class='ocrx_word' id='word_1_822' title='bbox 2429 5610 2539 5669; x_wconf 89' lang='lat' dir='ltr'><strong>quo</strong></span> <span class='ocrx_word' id='word_1_823' title='bbox 2566 5591 2970 5653; x_wconf 85' lang='lat' dir='ltr'><strong>cohabitatione</strong></span> <span class='ocrx_word' id='word_1_824' title='bbox 2997 5597 3178 5647; x_wconf 89' lang='lat' dir='ltr'><strong>vestra</strong></span> <span class='ocrx_word' id='word_1_825' title='bbox 3214 5584 3448 5660; x_wconf 87' lang='lat' dir='ltr'><strong>proﬁce-</strong></span> 
     </span>
    </p>
   </div>
   <div class='ocr_carea' id='block_1_116' title="bbox 1856 5698 2277 5761">
    <p class='ocr_par' dir='ltr' id='par_1_116' title="bbox 1856 5698 2277 5761">
     <span class='ocr_line' id='line_1_116' title="bbox 1856 5698 2277 5761; baseline -0.01 0"><span class='ocrx_word' id='word_1_826' title='bbox 1856 5710 1980 5761; x_wconf 89' lang='lat' dir='ltr'><strong>rent</strong></span> <span class='ocrx_word' id='word_1_827' title='bbox 2008 5698 2277 5757; x_wconf 84' lang='lat' dir='ltr'><strong>inﬁdeles.</strong></span> 
     </span>
    </p>
   </div>
   <div class='ocr_carea' id='block_1_117' title="bbox 1927 5784 3446 5869">
    <p class='ocr_par' dir='ltr' id='par_1_117' title="bbox 1927 5784 3446 5869">
     <span class='ocr_line' id='line_1_117' title="bbox 1927 5784 3446 5869; baseline -0.009 -16"><span class='ocrx_word' id='word_1_828' title='bbox 1927 5797 2173 5869; x_wconf 83' lang='lat' dir='ltr'><strong>Alioquin</strong></span> <span class='ocrx_word' id='word_1_829' title='bbox 2197 5794 2488 5851; x_wconf 81' lang='lat' dir='ltr'><strong>debueratis</strong></span> <span class='ocrx_word' id='word_1_830' title='bbox 2525 5794 2589 5849; x_wconf 88' lang='lat' dir='ltr'><strong>de</strong></span> <span class='ocrx_word' id='word_1_831' title='bbox 2619 5794 2715 5847; x_wconf 81' lang='lat' dir='ltr'><strong>hoc</strong></span> <span class='ocrx_word' id='word_1_832' title='bbox 2742 5792 2935 5847; x_wconf 88' lang='lat' dir='ltr'><strong>mundo</strong></span> <span class='ocrx_word' id='word_1_833' title='bbox 2964 5790 3146 5846; x_wconf 67' lang='lat' dir='ltr'><strong>exisse.</strong></span> <span class='ocrx_word' id='word_1_834' title='bbox 3177 5786 3304 5845; x_wconf 85' lang='lat' dir='ltr'><strong>Sive</strong></span> <span class='ocrx_word' id='word_1_835' title='bbox 3334 5784 3446 5841; x_wconf 80' lang='lat' dir='ltr'><strong>ita:</strong></span> 
     </span>
    </p>
   </div>
   <div class='ocr_carea' id='block_1_118' title="bbox 1855 5882 3452 5963">
    <p class='ocr_par' dir='ltr' id='par_1_118' title="bbox 1855 5882 3452 5963">
     <span class='ocr_line' id='line_1_118' title="bbox 1855 5882 3452 5963; baseline -0.013 -7"><span class='ocrx_word' id='word_1_836' title='bbox 1855 5894 1942 5956; x_wconf 86' lang='lat' dir='ltr'><strong>sin</strong></span> <span class='ocrx_word' id='word_1_837' title='bbox 1962 5902 2170 5963; x_wconf 89' lang='lat' dir='ltr'><strong>autem,</strong></span> <span class='ocrx_word' id='word_1_838' title='bbox 2193 5892 2397 5951; x_wconf 90' lang='lat' dir='ltr'><strong>melius</strong></span> <span class='ocrx_word' id='word_1_839' title='bbox 2425 5887 2581 5953; x_wconf 83' lang='lat' dir='ltr'><strong>vobis</strong></span> <span class='ocrx_word' id='word_1_840' title='bbox 2603 5887 2781 5947; x_wconf 77' lang='lat' dir='ltr'><strong>fuerat</strong></span> <span class='ocrx_word' id='word_1_841' title='bbox 2802 5887 2871 5946; x_wconf 86' lang='lat' dir='ltr'><strong>de</strong></span> <span class='ocrx_word' id='word_1_842' title='bbox 2896 5884 2998 5942; x_wconf 84' lang='lat' dir='ltr'><strong>hac</strong></span> <span class='ocrx_word' id='word_1_843' title='bbox 3025 5884 3147 5943; x_wconf 87' lang='lat' dir='ltr'><strong>luce</strong></span> <span class='ocrx_word' id='word_1_844' title='bbox 3165 5882 3452 5954; x_wconf 79' lang='lat' dir='ltr'><strong>migrasse,</strong></span> 
     </span>
    </p>
   </div>
  </div>
