3978 6286
442 286 451 299 ’
518 328 619 385 ist
1573 328 1633 385 s.
1675 286 2059 385 ntenonrsn
2094 326 2378 389 ossuum
2417 331 2776 390 HANTISSA.
3164 281 3170 287 ’
3694 337 3785 394 ns

522 458 685 516 quam
716 444 962 518 indigere
1013 459 1111 517 per
1138 442 1615 525 cpmmonitionem
1650 461 1675 498 a
1708 445 1950 515 gentium
1979 461 2105 501 con-
2136 446 2191 508 Δ
2213 447 2417 516 sapiens
2462 450 2752 521 quisquam,
2801 450 2889 522 qui
2941 452 3103 519 possit
3143 452 3386 523 judicare
3428 452 3559 507 inter
3585 454 3786 523 fratrem

523 543 696 594 sortio
725 538 982 606 separari.
2213 557 2383 593 suum.
2413 540 2749 598 Erubeseere
2780 542 3016 609 debetis,
3065 558 3133 599 eo
3162 546 3304 614 quod
3347 528 3510 600 nemo
3539 546 3609 600 sit
3660 547 3787 603 inter

599 629 757 684 Nunc
792 641 966 683 autem
1010 630 1197 702 scripsi
1244 631 1408 696 uobis,
1457 647 1561 685 non
1599 632 1950 687 commisceri.
2004 632 2112 688 Sed
2215 648 2313 687 vos
2332 644 2437 688 tam
2467 635 2703 703 sapiens,
2734 635 2823 703 qui
2845 640 3057 692 noverit
3082 649 3277 693 causas
3299 639 3441 692 inter
3468 637 3660 694 fratres
3686 638 3785 694 dis-

523 723 694 792 magis
716 720 860 793 quod
891 722 1107 792 scripsi,
1134 722 1266 777 “hoc
1307 733 1414 791 est,
1451 740 1518 779 ne
1573 724 1772 779 talibus
1814 724 2113 796 conjunga—
2214 739 2440 781 cernere
2471 742 2487 779 :
2518 738 2575 778 ιιι
2603 743 2710 780 non
2737 741 2962 781 necesse
2989 728 3064 782 sit
3087 728 3301 795 publice
3323 727 3558 798 litigare.

525 815 679 871 mini.
2290 818 2396 873 Sed
2426 819 2585 889 frater
2613 837 2731 873 cum
2757 820 2919 891 fratre
2936 820 3140 893 judicia
3165 821 3447 888 contendit,
3476 830 3527 876 et
3548 822 3645 875 hoc
3662 824 3785 895 apud

597 908 658 962 Si
685 908 728 962 is
756 908 847 978 qui
888 908 1049 979 frater
1074 908 1393 974 nominatur,
1422 910 1557 963 inter
1594 922 1683 963 vos
1706 917 1779 962 est
1808 908 2113 977 fornicator,
2217 916 2474 985 inﬁdeles.
2504 916 2716 988 Duplex
2752 927 3035 986 peccatum
3071 926 3177 983 est,
3196 926 3252 971 et
3278 917 3420 988 quod
3440 916 3646 987 judicio
3670 932 3784 974 cen-

523 1011 613 1055 aut
643 1017 848 1069 avarus,
874 1012 965 1057 aut
1008 999 1168 1055 idolis
1217 1002 1473 1069 serviens,
1526 1010 1618 1054 aut
1669 1000 1981 1067 maledicus,
2024 1010 2116 1057 aut
2218 1008 2460 1075 tenditis,
2490 1013 2545 1065 et
2564 1008 2686 1080 quia
2714 1009 2857 1079 apud
2886 1009 3134 1065 inﬁdeles
3160 1020 3260 1065 vos
3286 1009 3353 1066 ad
3385 1009 3573 1081 iurgia
3611 1022 3780 1081 provo-

524 1095 776 1160 ebriosus,
805 1103 895 1147 aut
923 1109 1108 1165 rapax.
1138 1092 1338 1147 Nones
1392 1093 1506 1148 sola
1561 1092 1818 1163 opinione
1863 1092 2118 1148 vitandus
2218 1101 2378 1155 catis.

527 1197 633 1243 est.
666 1187 773 1242 Sed
796 1188 841 1240 si
864 1186 984 1257 quis
1017 1188 1185 1243 irater
1202 1186 1325 1242 solo
1365 1185 1587 1241 nomine
1609 1186 1932 1255 appellatur,
1993 1198 2114 1240 cum
2288 1194 2412 1250 lam
2460 1194 2665 1265 quidem
2706 1195 2914 1250 οηιηὶηο
2963 1192 3207 1251 delictum
3245 1206 3320 1249 nt
3354 1194 3415 1251 in
3450 1195 3607 1251 nobis.
3668 1195 3770 1252 iam

528 1278 825 1335 fornicator
852 1278 1160 1348 detegatur,
1185 1288 1277 1333 aut
1299 1277 1406 1340 fur.
1438 1277 1506 1355 ab
1536 1276 1641 1332 hoc
1665 1276 1910 1345 separari
1953 1276 2114 1347 jube-
2220 1286 2323 1344 hoc
2348 1288 2521 1344 solum
2550 1287 2808 1345 delicium
2837 1296 2941 1357 εει,
2971 1289 3118 1359 (μιοά
3148 1294 3338 1344 eam"
3362 1298 3679 1360 ρτωοοριω
3702 1290 3769 1345 te.

534 1389 655 1427 mnr
680 1370 872 1435 {sicut
895 1372 1157 1442 scriptum
1179 1380 1263 1427 est
1294 1387 1308 1425 :
1359 1369 1459 1438 Qui
1504 1370 1759 1439 seiungit
1787 1367 2116 1435 fornicariis,
2224 1379 2347 1435 eius
2373 1380 2596 1435 Chrile

526 1480 758 1536 nequam
822 1473 907 1520 est
956 1481 969 1518 :
1030 1464 1265 1535 putredo
1335 1473 1391 1521 et
1463 1462 1663 1521 vermis
1722 1462 2120 1520 haereditsbunt
2298 1473 2447 1540 Quod
2472 1475 2669 1543 judicia
2697 1473 2893 1530 habetis
2926 1473 3061 1529 inter
3088 1487 3200 1529 eos.
3227 1473 3331 1541 Qui
3370 1486 3599 1543 semper
3629 1485 3783 1542 pseem

531 1573 679 1615 eum.
2225 1566 2426 1622 habere
2467 1567 2776 1633 deberetis,
2825 1567 2990 1624 etiam
3027 1581 3152 1625 cum
3203 1579 3384 1622 rerum
3432 1564 3787 1637 temporalium

607 1648 736 1707 Cum
763 1648 1066 1719 huiusmodi
1094 1666 1187 1707 nec
1203 1650 1372 1706 cibum
1394 1668 1616 1708 sumere.
1645 1650 1756 1708 Nec
1776 1665 2120 1708 communem
2223 1659 2553 1717 detrimento
2590 1671 2882 1715 servatam.

528 1742 745 1815 quidem
778 1743 957 1800 cibum
986 1756 1112 1799 cum
1146 1743 1344 1801 talibus
1376 1742 1809 1816 participaqndum
1839 1759 1960 1801 esse
1990 1754 2121 1800 COII-
2302 1753 2478 1818 Quare
2509 1768 2616 1807 non
2644 1755 2811 1825 magis
2857 1752 3123 1824 injuriam,
3151 1750 3427 1823 accipitis?
3487 1749 3669 1818 Quare
3714 1767 3781 1805 su

530 1838 719 1893 cessit.
2155 1844 2202 1911 Β
2230 1846 2394 1918 magis
2421 1847 2657 1915 fraudem
2695 1846 2973 1919 patimini?
3003 1844 3109 1901 Sed
3138 1862 3224 1900 vos
3260 1844 3519 1918 injuriam.
3543 1844 3730 1915 facitis,
3754 1853 3785 1896 et

608 1929 747 1997 Quid
782 1930 919 1987 enim
960 1927 1088 1985 mihi
1132 1929 1195 1985 de
1240 1928 1326 1985 his
1370 1931 1460 2003 qui
1503 1931 1631 2004 foris
1679 1939 1800 1988 sunt
1834 1931 2122 2003 judicare?
2229 1938 2506 2011 fraudatis.
2559 1938 2693 1994 Cum
2763 1938 2913 1994 illata
2958 1935 3255 1995 secundum
3300 1934 3583 2008 Evangelii
3628 1950 3791 2005 prace-

532 2022 648 2081 Hoc
685 2032 790 2092 est,
823 2023 892 2081 de
919 2022 1247 2079 inﬁdelibus.
2228 2042 2398 2104 ptum,
2419 2040 2473 2087 et
2497 2032 2709 2087 Domini
2737 2033 3043 2103 exemplum
3075 2031 3341 2099 patienter
3369 2031 3649 2087 sustinere
3666 2030 3793 2086 debe-

602 2120 793 2176 Nonne
818 2121 986 2176 dehis
1010 2120 1100 2192 qui
1123 2120 1266 2175 intus
1314 2128 1456 2185 sunt,
1504 2136 1592 2175 uos
1630 2120 1935 2195 judicatis?
1981 2119 2123 2177 Nam
2229 2126 2362 2181 retis
2400 2142 2415 2179 :
2449 2134 2547 2180 vos
2574 2126 2881 2180 econtrario
2920 2140 3027 2179 non
3058 2124 3233 2181 solum
3283 2138 3390 2179 non
3418 2120 3684 2188 suﬂertis,
3719 2121 3791 2176 sed

531 2230 620 2270 eos
648 2214 738 2283 qui
772 2213 901 2283 foris
932 2222 1052 2269 sunt
1080 2212 1221 2268 Deus
1263 2213 1543 2285 judicabit.
1584 2212 1859 2284 Numquid
1890 2230 1996 2270 non
2026 2229 2124 2271 vos
2227 2218 2391 2273 etiam
2420 2232 2525 2271 non
2556 2217 2873 2272 facientibus
2897 2215 3174 2286 irrogatis.

528 2307 602 2364 de
631 2306 714 2363 his
737 2308 868 2362 solis
891 2306 983 2377 qui
1012 2316 1139 2361 sunt
1176 2307 1313 2362 intra
1348 2306 1644 2363 Ecclesium
1666 2306 1955 2377 judicatis?
2299 2306 2367 2364 Et
2398 2311 2493 2363 hoc
2518 2309 2784 2379 fratribus.
2808 2307 2960 2377 Quod
2987 2322 3092 2362 nec
3118 2304 3349 2365 inimicis
3380 2304 3621 2363 reddere
3661 2303 3793 2360 debe-

603 2402 813 2471 Auferte
835 2402 1027 2454 malum
1052 2416 1116 2455 ex
1137 2399 1279 2455 vobis
1308 2401 1453 2469 ipsis.
1480 2399 1599 2469 Quo
1631 2400 1840 2457 facilius
1862 2416 1958 2456 eos
1997 2414 2125 2473 pos-
2228 2404 2390 2472 retis,
2422 2402 2677 2460 fratribus
2704 2403 2884 2460 facere
2912 2418 3017 2458 non
3050 2401 3274 2458 timetis.

536 2497 655 2552 sitis
682 2495 879 2552 docere
909 2495 999 2566 qui
1028 2494 1165 2550 foris
1192 2505 1339 2550 sunt.
2297 2497 2380 2552 An
2409 2498 2613 2554 nescitis
2641 2500 2765 2570 quia
2798 2498 2962 2569 iniqui
2998 2498 3145 2570 regni
3169 2495 3266 2551 Dei
3308 2511 3411 2551 non
3437 2494 3795 2567 possidebunt!

1428 2651 1468 2663 η
2229 2590 2386 2657 Quod
2418 2606 2643 2661 regnum
2676 2593 2768 2646 Dei
2802 2607 2907 2646 non
2942 2588 3320 2660 possidebunt,
3352 2589 3456 2644 nisi
3489 2590 3677 2647 omnia
3695 2601 3801 2658 per:

1139 2650 1370 2711 CAPUT
1402 2651 1489 2708 “-
2229 2650 2347 2739 gata
2375 2650 2631 2754 baptismi
2658 2684 2833 2752 gratia
2860 2650 3136 2739 diluuntur
3166 2684 3190 2738 ἓ

607 2789 771 2845 Audet
807 2788 997 2859 aliquis
1046 2799 1269 2843 vestrum
1319 2788 1514 2842 habens
1566 2790 1829 2860 negotium
1874 2788 2124 2843 adversus

2302 2778 2482 2834 Nolite
2500 2794 2712 2835 errare:
2760 2796 2920 2851 neque
2967 2776 3259 2850 fornicarii,
3314 2791 3483 2847 neque
3526 2776 3685 2832 idolis
3710 2791 3799 2830 ser-

530 2882 770 2938 alterum.
790 2881 965 2938 Audet
994 2882 1188 2953 aliquis
1216 2890 1405 2936 contra
1440 2893 1769 2951 praeceptum
1794 2882 2007 2937 Domini
2031 2896 2125 2938 ve-
2227 2873 2441 2937 viantes.
2463 2888 2626 2941 neque
2646 2870 2894 2938 adulteri,
2927 2887 3088 2941 neque
3122 2870 3322 2933 molles,
3354 2884 3519 2935 neque
3580 2869 3804 2923 masculo-

536 2979 675 3039 nire,
706 2977 941 3031 dicentis
987 2993 999 3029 :
1043 2975 1099 3030 Si
1129 2977 1249 3044 quis
1277 2974 1395 3027 vult
1426 2982 1609 3029 tecum
1649 2974 1853 3043 judicio
1899 2986 2128 3029 conten-
2228 2983 2346 3021 Tum
2392 2965 2761 3029 concubitores,
2811 2980 2972 3035 neque
3015 2964 3175 3033 fures.
3227 2978 3389 3032 neque
3429 2962 3607 3027 αυανίο
3668 2975 3805 3029 Mi"

545 3069 701 3134 dere,
734 3078 791 3123 et
819 3076 1038 3122 caetera.
1065 3065 1369 3120 Notandum
1392 3065 1534 3135 quod
1564 3065 1856 3135 aliquando
1886 3068 2116 3136 Aposto-

2236 3058 2437 3122 ebriosi,
2469 3074 2629 3127 neque
2674 3058 2935 3122 maledici,
2988 3072 3153 3127 neque
3188 3070 3427 3127 rapaces,
3460 3069 3683 3125 regnum
3726 3052 3807 3106 Dei

538 3160 626 3215 lus
650 3160 706 3215 in
737 3159 916 3215 medio
937 3172 1114 3213 causa:
1142 3171 1302 3228 quam
1332 3162 1442 3227 agit
1470 3157 1731 3225 quosdam
1758 3171 1955 3212 sensus
1981 3159 2124 3215 inse—
2229 3151 2580 3225 possidebunt.
2625 3150 2802 3206 Nolite
2860 3164 3047 3206 errare
3068 3190 3085 3218 ,
3138 3156 3393 3220 putantes
3447 3147 3609 3203 vobis
3656 3148 3806 3202 solam

538 3261 643 3318 rat,
694 3255 750 3307 et
786 3250 855 3307 de
905 3252 1075 3307 latere
1116 3252 1311 3320 iactet,
1368 3249 1566 3320 quibus
1599 3248 1894 3320 explicitis,
1933 3266 2126 3308 rursus
2154 3240 2200 3311 C
2234 3246 2393 3302 ﬁdem
2443 3244 2697 3300 sufﬁcere
2737 3243 2803 3299 ad
2847 3244 3118 3308 salutem.
3165 3255 3288 3298 cum
3330 3256 3497 3297 οῐῐιιιο
3546 3251 3807 3310 peccatum

537 3353 844 3402 revertatur
874 3344 941 3400 ad
973 3360 1214 3399 causam.
2230 3353 2575 3409 permanens,
2606 3338 2861 3393 excludat
2890 3353 2920 3391 a
2946 3351 3116 3407 regno
3146 3353 3160 3390 :
3192 3336 3333 3390 sicut
3360 3334 3427 3389 ad
3461 3335 3680 3391 Galatas
3706 3334 3805 3387 ait:

609 3439 850 3493 Judicari
888 3438 1031 3510 apud
1070 3439 1293 3507 iniquos,
1325 3440 1374 3493 et
1419 3452 1521 3492 non
1564 3438 1708 3507 apud
1733 3439 1975 3494 sanctos?
2030 3439 2128 3496 Hic
2230 3433 2510 3490 Manifesta
2538 3442 2665 3487 sunt
2699 3447 2864 3502 opera
2907 3432 3128 3497 carnis,
3158 3444 3279 3502 qua
3306 3439 3471 3494 sunt,
3503 3426 3804 3490 (mutatio,

541 3530 805 3603 probatur
841 3530 1177 3586 Christianos
1229 3539 1358 3586 tunc
1395 3529 1606 3601 judices
1634 3545 1741 3586 non
1772 3530 1964 3597 tuisse,
1997 3532 2125 3603 quia
2233 3523 2632 3588 immunditiae.
2686 3521 3064 3577 countentiones
3094 3562 3111 3586 .
3165 3522 3263 3576 iraa
3288 3560 3303 3585 .
3350 3530 3408 3576 οι
3458 3520 3545 3575 his
3576 3516 3797 3580 similia.

554 3624 724 3694 iniqui
755 3624 1029 3680 dicuntur.
2230 3637 2351 3692 quas
2418 3621 2655 3692 praedico
2715 3620 2869 3674 vobis
2921 3638 2935 3673 :
2982 3620 3239 3689 quoniam
3293 3619 3386 3686 qui
3441 3616 3557 3670 talia
3596 3620 3791 3680 agunt.

608 3718 691 3773 An
719 3718 945 3782 nescitis,
976 3717 1218 3785 quoniam
1260 3718 1425 3772 sancti
1474 3718 1537 3771 de
1565 3718 1660 3772 hoc
1694 3719 1891 3773 mundo
1912 3720 2127 3787 judica-
2230 3728 2454 3786 regnum
2482 3714 2576 3768 Dei
2610 3726 2717 3768 non
2742 3721 3165 3781 consequentur.
3199 3711 3325 3767 Ideo
3354 3718 3525 3765 autem
3553 3706 3751 3760 addidit
3776 3744 3790 3765 .

540 3809 702 3866 bunt?
745 3810 899 3879 Quod
949 3810 1213 3865 Dominus
1239 3809 1547 3881 repromisit
1568 3809 1873 3879 discipulis,
1907 3810 2125 3867 dicens:
2230 3820 2284 3863 et
2311 3808 2393 3864 his
2413 3807 2608 3862 similia
2640 3822 2654 3860 ε
2686 3821 2755 3861 ne
2775 3806 2895 3877 quis
2922 3815 3162 3875 negaret,
3195 3814 3395 3874 prater
3423 3806 3538 3858 haec
3562 3802 3663 3856 alia
3685 3812 3805 3855 esse

542 3903 836 3969 Sedebitis,
866 3916 919 3959 et
946 3904 1366 3975 vosjudicantes
1415 3902 1702 3959 duodecim
1729 3904 1897 3959 tribus
1921 3905 2082 3960 Israel
2112 3923 2126 3960 :
2233 3912 2451 3974 peccata
2478 3944 2493 3969 ,
2522 3917 2642 3973 quine
2666 3915 2889 3970 regnum
2923 3901 3018 3955 Dei
3052 3899 3404 3970 prohiberent
3432 3899 3653 3952 intrare.

539 3998 700 4053 etiam
725 3996 975 4051 omnibus
1006 3998 1113 4051 hoc
1145 3996 1488 4065 promittens,
1515 3996 1605 4066 qui
1638 4012 1732 4051 eos
1765 3995 1969 4051 iuerint
2009 3997 2132 4054 itni-
2304 3996 2369 4050 Et
2391 3998 2497 4050 hare
2514 3996 2793 4066 aliquando
2829 3994 3041 4064 quidam
3085 3994 3280 4064 fuistis,
3326 3991 3417 4046 sed
3458 3991 3628 4046 abluti
3672 3991 3800 4048 estis.

540 4090 657 4143 tati.
686 4086 819 4143 Nam
844 4104 910 4144 ex
940 4088 1072 4157 ipsis
1100 4104 1236 4143 unus
1267 4089 1444 4158 periit,
1470 4089 1625 4158 cujus
1649 4088 1772 4144 loco
1820 4090 1962 4145 alius
2011 4104 2133 4146 suo-
2232 4093 2321 4147 sed
2343 4092 2651 4159 sanctiﬁcati
2679 4091 2822 4157 estis,
2879 4090 2970 4144 sed
3010 4090 3290 4161 justificati
3330 4093 3478 4142 estis.
3529 4088 3711 4145 Nolite
3758 4086 3815 4139 de

539 4184 707 4238 cessit
738 4198 754 4238 :
785 4183 871 4238 cui
903 4182 1037 4237 nihil
1069 4183 1244 4238 fuerat
1279 4184 1690 4252 repromissum.
1744 4184 1947 4238 Paulus
1999 4198 2135 4253 quo-
2233 4187 2525 4258 praeteritis
2548 4189 2737 4240 timere
2756 4185 3237 4255 peccatis,t:intum
3262 4200 3328 4237 ne
3355 4193 3477 4253 post
3503 4183 3815 4254 baptismum

540 4289 647 4345 que
698 4284 752 4330 et
806 4274 1082 4331 Barnabas
1121 4275 1349 4345 apostoli
1414 4284 1541 4331 sunt
1587 4275 1821 4331 ordinati
1868 4293 1895 4329 a
1946 4286 2111 4334 sancti

2240 4283 2586 4353 delinquatis.
2623 4280 2733 4337 Aut
2781 4280 2874 4348 qui
2909 4291 2967 4335 ut
3018 4282 3221 4335 assolet
3272 4291 3595 4349 praeventus
3646 4280 3811 4337 fuerit,

541 4368 768 4439 δβίνῖίυ·
1696 4392 1706 4405 κ
1758 4414 1763 4419 ς
2236 4376 2301 4429 ad
2335 4374 2703 4445 promittentium
2763 4383 3135 4428 convertatur.
3197 4374 3325 4427 Item
3382 4373 3571 4426 omnia
3619 4382 3818 4441 peccata

620 4459 690 4515 Et
726 4461 773 4516 si
817 4462 871 4516 in
914 4461 1055 4517 vobis
1077 4460 1405 4534 iudicabitur
1444 4461 1686 4517 mundus.
1736 4460 1862 4519 Sive
1891 4476 1988 4534 per
2014 4477 2131 4533 vos,
2237 4468 2489 4538 baptismi
2517 4466 2689 4535 gratia
2721 4466 3021 4521 diluuntur.
3056 4464 3195 4520 item
3240 4463 3348 4519 alia
3376 4466 3661 4533 expositio
3688 4483 3701 4518 :
3727 4464 3821 4518 Hoc

548 4554 635 4610 vel
654 4562 838 4610 vestro
861 4555 1129 4624 exemplo.
2236 4569 2424 4616 contra
2450 4559 2738 4615 haereticos
2764 4557 2919 4627 dicit,
2962 4557 3054 4628 qui
3098 4556 3403 4623 Christum,
3450 4566 3511 4614 et
3567 4557 3820 4629 Spiritum

618 4645 834 4720 Ιηάὶῃηὶ
859 4649 994 4715 estis,
1020 4646 1106 4717 qui
1126 4648 1189 4703 de
1218 4648 1445 4703 minimis
1456 4647 1722 4720 judicetis.
1751 4648 1973 4707 Nescitis
2001 4668 2137 4723 quo-
2161 4628 2215 4691 Ῑ)
2241 4665 2485 4710 sanctum
2508 4671 2535 4707 a
2564 4654 2679 4708 Deo
2702 4654 2870 4709 Patre
2891 4667 3148 4722 separare
3175 4660 3467 4707 conantur.
3515 4628 3627 4707 Hic
3683 4652 3811 4705 enim

544 4741 685 4795 niam
724 4740 935 4814 angelos
977 4742 1588 4814 judicabimus:quanto
1619 4745 1782 4816 magis
1821 4746 2139 4802 stecularie!
2238 4749 2542 4806 ostenditur
2567 4748 2822 4818 quoniam
2854 4747 2992 4803 sicut
3044 4745 3231 4807 Pater.
3281 4745 3352 4802 ita
3382 4755 3440 4800 et
3465 4744 3749 4811 Christus,
3782 4752 3825 4797 et

552 4834 692 4906 Ergo
720 4834 922 4906 indigni
969 4844 1097 4890 sunt
1140 4837 1208 4892 de
1236 4837 1397 4891 rebus
1426 4834 1635 4908 exiguis
1660 4838 1932 4908 judicare,
1958 4840 2050 4909 qui
2079 4849 2135 4899 et
2240 4844 2476 4916 Spiritus
2528 4851 2749 4899 sanctus
2802 4850 3023 4913 peccata
3080 4841 3274 4909 abluit,
3324 4840 3629 4911 iustiﬁcat,
3678 4852 3826 4911 atque

547 4930 808 4986 mundum
852 4939 1023 4985 totum
1055 4939 1111 4986 et
1152 4931 1373 5002 angelos
1393 4931 1735 5000 judicabant.
1763 4933 1890 4988 Illos
1916 4938 2136 5005 angelos
2240 4938 2558 4995 sanctiﬁcat.

541 5024 655 5093 qui,
684 5038 808 5080 cum
830 5037 1050 5079 carnem
1079 5037 1187 5078 non
1220 5023 1528 5091 habuerint,
1555 5040 1787 5097 peccare
1813 5028 2130 5098 voluerunt,
2313 5030 2381 5086 In
2408 5032 2613 5087 nomine
2636 5028 2845 5083 Domini
2874 5027 3036 5082 nostri
3061 5024 3187 5083 Iesu
3230 5025 3425 5081 Christi
3466 5033 3516 5080 et
3556 5026 3621 5079 in
3657 5025 3834 5098 spiritu

546 5115 604 5173 hi
627 5118 716 5185 qui
748 5117 802 5173 in
832 5130 1000 5174 carne
1021 5119 1190 5173 sancti
1218 5132 1341 5173 esse
1372 5118 1661 5175 voluerunt
1677 5120 2016 5190 judicabant.
2243 5123 2343 5180 Dei
2373 5125 2555 5179 nostri.
2588 5121 2772 5180 Abluti
2801 5121 2854 5176 in
2887 5118 3111 5176 nomine
3137 5116 3366 5180 Christi,
3388 5117 3730 5176 sanctiﬁcati
3750 5132 3835 5187 per

621 5212 915 5268 Saecularia
943 5213 1101 5287 igitur
1116 5213 1325 5285 judicia
1354 5216 1399 5269 si
1430 5214 1731 5271 habueritis.
1780 5215 1912 5284 Quae
1949 5217 2016 5271 de
2050 5229 2144 5274 re-
2243 5218 2493 5289 spiritum
2523 5216 2640 5272 Dei.

545 5303 649 5360 bus
677 5305 861 5359 smenli
885 5305 1159 5362 oriuntur.
2320 5310 2511 5366 Omnia
2536 5309 2662 5364 mihi
2685 5308 2860 5373 licent,
2912 5304 3003 5361 sed
3050 5316 3154 5360 non
3177 5302 3354 5358 omnia
3404 5302 3717 5370 expediunt.
3741 5298 3837 5367 Qui

619 5394 1038 5470 Contcrnptibiles
1065 5402 1154 5471 qui
1182 5409 1301 5455 sunt
1326 5400 1382 5455 in
1409 5400 1663 5470 Ecclesia,
1696 5403 1818 5459 illos
1849 5405 2143 5461 constituite
2244 5404 2312 5459 de
2329 5401 2689 5458 fornicatione
2732 5400 3021 5467 tractabat,
3067 5397 3240 5453 voluit
3266 5396 3448 5467 gulam
3482 5404 3535 5451 et
3568 5394 3844 5463 intempe-

550 5492 620 5546 ad
635 5493 1006 5564 judicandum.
1034 5495 1267 5550 Possunt
1297 5495 1365 5551 de
1396 5496 1478 5551 his
1510 5498 1673 5552 etiam
1704 5499 1780 5553 illi
1807 5499 1897 5566 qui
1926 5498 2137 5554 minimi
2244 5499 2503 5559 rantiam,
2535 5494 2812 5549 materiam
2845 5490 3220 5548 fornicationis
3240 5488 3557 5553 ostendere,
3591 5499 3655 5543 et
3682 5485 3842 5542 simul

550 5594 677 5640 sunt
700 5584 753 5640 in
785 5583 1023 5641 Ecclesia
1043 5586 1309 5656 judicare.
1335 5588 1469 5644 ltem
1494 5591 1932 5657 contemptibiles
1957 5593 2012 5645 in
2038 5592 2141 5648 Ee-
2244 5590 2548 5646 destruere.
2582 5586 2714 5642 Item
2746 5586 2851 5642 hoc
2871 5584 3040 5640 dicit:
3074 5584 3201 5653 quia
3232 5581 3391 5638 liberi
3422 5595 3544 5635 sum
3594 5581 3842 5645 arbitrii,

546 5679 715 5735 clesia
739 5693 835 5735 eos
874 5679 1085 5749 judices
1122 5680 1253 5737 dicit
1274 5696 1411 5753 quos
1438 5683 1672 5754 appellat
1705 5685 1759 5740 in
1790 5684 2140 5743 inferioribus
2244 5691 2299 5738 et
2324 5680 2449 5735 licet
2472 5678 2605 5735 mihi
2635 5694 2797 5751 agere
2826 5678 2973 5751 quod
3022 5676 3185 5733 velim
3220 5694 3234 5727 :
3266 5690 3375 5730 non
3431 5684 3615 5730 tamen
3668 5673 3845 5731 debeo

548 5769 826 5825 inﬁdeles.
856 5802 859 5805 »
2245 5775 2366 5847 ipse
2395 5773 2575 5844 aliquo
2612 5781 2838 5843 peccato
2865 5784 2989 5827 esse
3016 5768 3317 5838 subjectus.
3371 5794 3382 5805 κ

625 5860 708 5917 Διί
735 5866 1094 5945 uerecundiam
1117 5874 1337 5924 uestram
1364 5868 1502 5927 dico.
1538 5868 1629 5929 Sic
1657 5886 1761 5928 non
1786 5870 2016 5949 est-inter
2046 5885 2139 5929 vos
2218 5897 2227 5901 -
2322 5867 2515 5925 Uumia
2540 5866 2669 5923 mihi
2691 5865 2866 5933 licent,
2890 5863 2980 5919 sed
3005 5878 3098 5935 ego
3127 5862 3222 5921 sub
3250 5860 3450 5919 nullius
3500 5860 3725 5932 redigar
3755 5872 3847 5933 pe-
