3978 6286
127 358 243 414 735

828 348 1371 411 COMMENTARIUS
1411 352 1478 411 ΙΝ
1520 350 1903 410 EPISTOLAM
1943 354 1964 410 1
2002 355 2094 411 ΑΙ)
2133 354 2289 412 COR.
2329 355 2481 414 CAP.
2526 354 2641 417 \‘ll.

3322 356 3427 414 τδι

124 473 331 523 testate.
364 464 503 519 Esca
530 463 713 531 ventri,
734 471 783 520 et
813 472 990 519 venter
1021 466 1171 519 escis.
1199 464 1351 520 Licet
1379 465 1538 520 nobis
1568 481 1722 520 man-
1757 476 1805 528 Α
1912 466 1982 521 Et
2006 484 2107 523 non
2139 470 2259 524 estis
2310 474 2481 527 vestri.
2516 472 2695 542 Empti
2727 473 2863 527 enim
2888 473 3007 527 estis
3032 470 3194 545 pretio
3220 486 3426 546 magno.

120 561 334 615 ducare
357 569 412 613 et
432 558 643 625 bibere,
668 556 765 613 sed
785 557 828 612 si
861 558 1088 611 nimium
1125 559 1296 612 ventri
1329 558 1533 613 subditi
1558 557 1726 613 fueri-

121 670 272 719 mus,
302 652 483 720 ipsum
512 650 721 705 licitum
772 649 940 703 trahit
990 663 1090 704 nos
1120 650 1188 704 ad
1219 648 1426 714 illicita,
1469 650 1573 704 hoc
1613 659 1721 714 est,

119 746 185 799 ad
220 744 636 800 fornicationem
662 761 676 795 :
708 742 781 797 ita
810 752 867 798 et
890 742 959 797 de
985 743 1242 797 omnibus
1280 743 1722 813 intelligendum,

118 854 247 909 qua:
274 853 399 895 cum
428 846 715 907 peccatum
744 851 851 892 non
881 846 1029 903 sunt,
1054 838 1374 892 occasiones
1401 846 1577 891 tamen
1603 850 1727 907 pos-

120 943 249 987 sunt
279 944 482 1001 capere
502 930 853 985 delictorum.

188 1023 342 1079 Deus
366 1033 541 1077 autem
565 1023 707 1077 hunc
728 1033 776 1077 et
806 1022 942 1076 hanc
966 1022 1214 1077 destruet.
1255 1022 1325 1078 Et
1354 1021 1472 1078 hmo
1502 1022 1629 1091 duo,
1672 1022 1727 1079 id

120 1124 221 1181 est,
262 1131 443 1172 escam
472 1128 524 1171 et
552 1127 825 1181 ventrem,
877 1125 933 1169 et
961 1115 1260 1181 hominem,
1296 1115 1378 1170 his
1422 1116 1723 1183 subditum,

120 1220 170 1267 et
196 1208 582 1279 voluptatibus
619 1207 974 1263 servientem.
1028 1208 1161 1263 item
1215 1208 1267 1263 in
1321 1209 1726 1265 resurrectione

123 1311 474 1357 mortuorum
504 1314 609 1356 non
640 1299 955 1355 destruetur
997 1301 1206 1359 ventris
1257 1301 1591 1368 substantia,
1627 1302 1723 1357 sed

120 1412 243 1452 esus
277 1395 553 1460 ciborum,
585 1403 639 1449 et
664 1393 871 1449 ventris
890 1407 1055 1463 opera
1101 1396 1411 1449 cessabunt.
1456 1392 1724 1461 Quoniam

123 1504 353 1560 regnum
380 1488 647 1543 caelorum
673 1487 817 1543 sicut
840 1486 985 1540 idem
1009 1487 1309 1556 Apostolus
1334 1486 1403 1542 sd
1450 1487 1729 1542 Romanos

129 1582 279 1647 dicit,
316 1596 499 1653 neque
526 1595 670 1647 esca,
700 1594 877 1652 neque
901 1588 1064 1652 potus
1085 1588 1190 1637 est.

189 1675 398 1746 Corpus
438 1684 609 1729 autem
658 1691 762 1728 non
816 1675 1185 1744 fornicationi,
1233 1675 1326 1730 sed
1371 1670 1600 1731 Domino
1630 1692 1649 1730 :
1678 1684 1727 1731 et

127 1767 386 1821 Dominus
441 1767 671 1838 corpori.
730 1765 849 1821 Non
916 1766 1283 1835 fornicationi,
1338 1768 1433 1823 sed
1496 1765 1725 1824 Domino

1829 559 1929 626 Qui
1959 577 2062 617 non
2095 575 2175 617 eSt
2202 578 2351 629 suus,
2384 582 2490 621 non
2522 568 2685 623 debet
2738 583 2849 621 suae
2876 566 3139 620 voluntati
3170 566 3377 620 servire
3412 582 3427 619 :

1829 653 1925 709 sed
1951 655 2093 709 illius
2116 670 2142 708 a
2172 671 2277 726 quo
2301 667 2513 727 emptus
2544 658 2964 725 est,secundum
3000 658 3166 725 ipsius
3188 657 3427 726 jussum,

1828 746 2057 804 dicentis
2088 749 2229 818 :Qui
2256 752 2371 806 vult
2402 760 2524 822 post
2574 768 2659 807 me
2720 752 2927 820 venire,
2960 754 3191 820 abneget
3221 759 3427 804 semet-

1830 842 2002 911 ipsum
2036 842 2157 897 sibi.
2201 841 2257 900 Si
2300 844 2442 899 enim
2488 845 2650 900 homo
2704 860 2735 899 a
2776 857 2939 900 servo
2972 857 3142 913 pauca
3196 841 3428 913 pecunia

1780 928 2144 1013 ‘comparat,
2202 938 2516 991 continuam
2580 937 2749 1010 exigit
2802 935 3167 1004 servitutem,
3220 924 3421 1002 quanto

1830 1028 2000 1101 magis
2035 1030 2126 1084 ille
2160 1030 2375 1099 quinos
2402 1048 2495 1085 sua
2522 1041 2696 1087 morte
2727 1028 3003 1086 redemit!
3039 1028 3188 1085 Sicut
3211 1031 3286 1083 ait
3326 1026 3431 1083 Pe-

1832 1135 1986 1179 trus:
2028 1122 2273 1179 Scientes
2329 1126 2475 1196 quod
2524 1140 2629 1181 non
2679 1124 3152 1193 corruptibilibus,
3202 1130 3455 1193 argento

1832 1217 1919 1271 vel
1951 1232 2084 1272 auro
2132 1216 2399 1288 redempti
2450 1218 2583 1273 estis
2614 1217 2682 1273 de
2714 1231 2852 1272 vana
2901 1227 3079 1271 vestra
3136 1228 3428 1270 conversa-

1831 1310 1975 1365 tione
2024 1321 2265 1381 paternre
2308 1312 2640 1375 traditionis,
2693 1311 2790 1366 sed
2847 1308 3089 1379 pretioso
3141 1309 3426 1377 Sanguine,

1828 1404 1978 1474 quasi
2010 1406 2132 1475 agni
2165 1404 2497 1460 immaculati
2528 1415 2583 1460 et
2618 1402 3036 1460 incontaminati
3066 1402 3289 1457 Christi.
3314 1402 3431 1457 Ali-

1830 1494 2258 1552 ter:Rescindit
2281 1497 2575 1568 emptionis
2632 1507 2845 1567 pactum
2896 1495 3146 1567 quisquis
3188 1496 3431 1550 inculca-

1830 1588 2073 1659 veritjus
2098 1590 2404 1645 testamenti
2442 1609 2456 1647 :
2496 1601 2548 1646 et
2576 1605 2605 1645 a
2638 1588 2823 1644 servili
2863 1588 3183 1644 conditione
3216 1587 3429 1642 alienus

1830 1694 1932 1749 est,
1964 1685 2055 1755 qui
2086 1684 2335 1740 libertate
2360 1698 2471 1739 sua:
2513 1684 2808 1739 voluntatis
2833 1698 2935 1737 non
2962 1682 3284 1753 impeditur.

1900 1777 2227 1848 Gloriﬁcatc,
2250 1786 2299 1833 et
2320 1789 2521 1849 portate
2547 1776 2712 1833 Deum
2749 1779 2800 1831 in
2824 1793 3043 1848 corpore
3077 1786 3267 1831 vestro.
3294 1775 3429 1831 Glo-

126 1860 448 1917 esbibeatur
478 1875 494 1915 :
519 1870 576 1914 et
613 1861 872 1915 Dominus
922 1861 1141 1932 corpori
1194 1861 1562 1932 copulabitur.
1617 1861 1726 1918 Do—
1753 1864 1798 1923 B
1827 1868 2035 1924 riflcate
2064 1870 2234 1925 Deum
2265 1870 2473 1925 actibus
2502 1870 2719 1937 vestris,
2768 1880 2821 1924 et
2872 1874 3085 1939 portate
3113 1880 3259 1933 eum,
3303 1866 3423 1934 ejus

125 1956 302 2010 minus
329 1954 477 2010 enim
508 1953 790 2011 nobiscum
846 1964 929 2011 est
982 1956 1238 2025 quamdiu
1290 1954 1560 2012 fuerimus
1597 1971 1719 2013 cum

136 2048 230 2105 illo
262 2066 277 2103 :
322 2047 371 2103 si
388 2047 850 2120 dereliquerimus
867 2063 1017 2115 eum.
1035 2058 1092 2105 et
1119 2048 1213 2107 ille
1238 2064 1339 2107 nos
1355 2050 1719 2123 derelinquet.

212 2141 355 2197 Deus
382 2158 497 2196 vero
528 2150 576 2197 et
601 2141 886 2198 Dominum
911 2145 1203 2210 suscitavit,
1246 2153 1296 2199 et
1338 2160 1431 2200 nos
1460 2145 1725 2201 suscitabit

132 2251 218 2303 per
234 2234 476 2289 virtutem
500 2249 671 2291 suam.
703 2234 844 2303 Quia
867 2244 1033 2306 caput
1059 2244 1308 2291 nostrum
1334 2237 1643 2302 suscitavit,
1668 2247 1724 2293 et

142 2344 227 2385 nos
256 2328 575 2395 suscitabit,
602 2331 651 2383 si
683 2338 864 2385 tamen
892 2329 1021 2400 ejus
1035 2330 1284 2387 membra
1312 2344 1411 2402 per
1465 2333 1725 2387 sanctita-

145 2432 233 2476 tem
254 2438 383 2477 esse
417 2438 752 2481 mereamur.

196 2512 431 2569 Nescitis
478 2514 729 2584 quoniam
778 2530 1001 2583 corpora
1068 2526 1241 2571 vestra
1319 2517 1551 2573 membra
1607 2526 1728 2573 sunt

134 2604 357 2661 Christi?
376 2606 573 2661 Omnis
601 2606 872 2675 Ecclesia,
910 2622 1112 2679 corpus
1137 2609 1342 2665 Christi
1376 2617 1461 2666 est
1485 2629 1499 2666 ι
1525 2611 1727 2681 singuli

134 2707 319 2753 autem
345 2699 610 2754 membra.

208 2790 423 2846 Totiens
441 2809 563 2865 ergo
583 2794 810 2848 membra
832 2794 1041 2853 Christi.
1062 2796 1223 2852 Tollit
1238 2792 1441 2853 Christi
1462 2798 1728 2874 membra,

134 2885 185 2940 id
211 2894 315 2949 est,
337 2887 605 2943 abscindit
630 2903 692 2945 se
717 2904 745 2944 a
774 2904 1006 2962 corpore
1026 2891 1263 2960 Christi,
1288 2894 1378 2964 qui
1406 2894 1625 2965 junctus
1646 2894 1738 2950 est

134 2982 427 3038 meretrici.

198 3070 423 3128 Faciam
461 3075 692 3130 ntemltra
723 3077 1005 3131 meretricis
1025 3077 1050 3126 ?
1073 3076 1241 3132 Absit.
1274 3078 1391 3134 Non
1423 3080 1566 3135 dixit
1622 3081 1733 3136 for-

135 3167 313 3222 nicarii
338 3184 355 3224 :
390 3176 451 3221 ut
473 3169 787 3223 ostenderet
807 3182 931 3223 eum
960 3170 1201 3239 ejusdem
1232 3179 1290 3227 et
1320 3174 1564 3229 criminis
1586 3186 1726 3242 esse,

1825 1960 2114 2033 imaginem
2158 1960 2571 2017 conservando:
2609 1961 2749 2018 sicut
2774 1961 2848 2015 ait
2894 1957 3064 2033 alibi:
3100 1957 3255 2017 Sicut
3302 1972 3430 2029 por-

1826 2055 2054 2108 tavimus
2078 2053 2368 2123 imaginem
2404 2054 2627 2123 terreni,
2685 2052 2759 2108 ita
2813 2029 3094 2123 portemus
3136 2050 3429 2123 imaginem

1825 2146 2087 2204 ctelestis.
2678 2204 2681 2209 ,

2426 2215 2655 2275 CAPUT
2696 2216 2813 2273 VII.

1898 2335 1978 2392 De
2046 2335 2231 2409 quibus
2290 2342 2461 2389 autem
2526 2332 2806 2406 scripsistis
2883 2328 3032 2386 mihi.
3097 2327 3291 2407 incipit
3360 2328 3430 2385 de

1828 2428 2091 2500 conjugiis
2138 2446 2151 2481 :
2192 2433 2318 2481 ante
2351 2424 2496 2482 enim
2544 2422 2876 2497 expugnavit
2922 2422 3135 2489 illicita,
3168 2437 3328 2494 quam
3356 2420 3427 2477 de

1828 2522 1991 2577 licitis
2022 2520 2357 2593 loqueretur.
3032 2540 3035 2543 η

1900 2614 2104 2671 Bonum
2135 2623 2210 2671 est
2238 2613 2435 2669 homini
2455 2612 2725 2668 mulierem
2773 2628 2875 2666 non
2924 2618 3158 2681 tangere.
3203 2606 3431 2679 Pr0pter

1830 2710 2222 2779 fornicationem
2267 2718 2436 2762 autem
2495 2706 2847 2777 unusquisque
2885 2720 3033 2759 suam
3078 2717 3294 2757 umorem
3326 2703 3426 2753 Ita-

1831 2802 1943 2855 beat
1972 2818 1991 2855 :
2017 2811 2066 2855 et
2083 2815 2404 2870 uitaquteque
2424 2816 2573 2853 suum
2596 2800 2762 2852 virum
2784 2795 2989 2850 habeat.
3011 2793 3174 2851 Uxori
3197 2795 3273 2847 vir
3290 2790 3435 2846 debi-

1831 2904 1938 2947 tum
1956 2892 2138 2947 reddat
2162 2908 2179 2944 :
2196 2892 2437 2947 similiter
2452 2900 2623 2945 autem
2644 2898 2691 2943 et
2716 2905 2848 2943 uxor
2873 2888 3003 2943 viro.
3027 2886 3233 2941 Bonum
3255 2885 3433 2941 fuerat

1832 2983 1989 3051 illud,
2015 2983 2156 3055 quod
2180 2984 2332 3039 vobis
2360 2984 2413 3038 in
2459 2982 2759 3053 primordio
2802 2979 3096 3052 prmdicavi
3131 2998 3146 3041 ς
3178 2978 3282 3034 hoc
3324 2980 3447 3046 est,

1831 3074 2135 3133 secundum
2170 3075 2409 3147 conjugii
2460 3090 2638 3139 usum,
2686 3089 2791 3129 non
2848 3084 3071 3142 tangere
3118 3071 3430 3127 mulierem.

1834 3164 1942 3227 Sed
1972 3172 2223 3241 quoniam
2272 3173 2470 3225 multos
2525 3169 2933 3223 incontinentes
2985 3166 3111 3220 huic
3163 3164 3433 3220 doctrinae

137 3261 471 3325 etnominis,
500 3260 654 3329 cujus
679 3261 766 3315 illa
794 3271 898 3317 est.
934 3262 1089 3333 Apud
1135 3264 1384 3319 homines
1434 3267 1580 3322 enim
1627 3266 1728 3322 mi-
1757 3247 1803 3311 (ἶ
1834 3263 2127 3337 scripsiStis
2155 3263 2415 3333 refragari
2452 3281 2467 3318 :
2507 3261 2839 3318 concedatur
2873 3258 3200 3323 remedium,
3233 3273 3299 3312 ne
3323 3256 3433 3311 for-

136 3366 221 3407 tius
240 3354 470 3409 vitietur
493 3354 618 3421 viri,
644 3370 803 3426 quam
829 3357 1075 3413 mulieris
1094 3358 1412 3414 admissum.

192 3450 268 3504 Att
291 3449 537 3514 nescitis,
562 3451 809 3519 quoniam
846 3453 935 3521 qui
984 3451 1218 3507 adhwret
1259 3453 1536 3523 meretrici,
1568 3471 1727 3509 unum

136 3557 307 3613 corpus
338 3542 615 3613 efficitur?
638 3552 788 3597 erunt
813 3545 969 3607 enim,
999 3545 1186 3613 inquit,
1212 3546 1315 3600 dua
1340 3548 1393 3601 in
1422 3562 1581 3602 carne
1600 3564 1723 3602 una.

133 3636 409 3700 Quomodo
432 3651 555 3691 cum
585 3652 759 3693 uxore
784 3638 951 3703 iicite,
978 3641 1051 3693 ita
1073 3650 1127 3695 et
1151 3641 1335 3696 lilicite
1371 3656 1497 3696 cum
1552 3657 1729 3697 inere-

128 3730 250 3785 trice
272 3745 386 3788 una
413 3744 548 3785 caro
572 3729 815 3787 efficitur
844 3746 940 3801 per
970 3746 1231 3789 amorem.
1386 3736 1387 3739 “

197 3824 293 3889 Qui
324 3832 508 3877 autem
528 3824 759 3879 adhaeret
791 3824 917 3887 Deo.
974 3842 1109 3881 unus
1162 3827 1379 3897 spiritus
1434 3837 1528 3883 est.
1582 3828 1728 3898 Quo-

131 3914 285 3970 modo
312 3932 415 3987 per
434 3918 618 3970 carnis
645 3931 832 3988 opera,
862 3932 993 3974 caro
1021 3919 1081 3973 fit
1106 3938 1119 3974 :
1150 3920 1221 3974 ita
1260 3934 1356 3990 per
1390 3935 1555 3992 opera
1603 3922 1723 3990 Dei,

129 4008 351 4077 Spiritus
374 4009 629 4065 efficitur.

192 4097 389 4179 fugite
405 4102 828 4171 fornicationem.
872 4102 1041 4173 Cujus
1092 4104 1301 4160 crimen
1355 4105 1555 4161 videtis
1602 4122 1727 4163 esse

126 4194 531 4263 gravissimum.

190 4289 367 4343 Omne
415 4288 553 4342 enim
589 4298 859 4359 peccatum
916 4289 1278 4360 quodcumque
1322 4290 1501 4359 fecerit
1547 4291 1723 4362 homo,

120 4396 258 4439 extra
293 4400 490 4453 corpus
539 4392 612 4438 est
662 4398 681 4438 :
724 4386 813 4455 qui
855 4394 1025 4439 autent
1069 4387 1378 4457 fornicatur,
1428 4387 1482 4440 in
1538 4402 1727 4458 corpus

123 4492 265 4531 suum
310 4486 517 4547 peccat.
572 4476 746 4532 Omne
814 4486 1088 4545 peccatum
1163 4488 1342 4548 potest
1387 4490 1442 4534 et
1511 4480 1579 4533 ab
1620 4494 1728 4535 uno

120 4570 437 4623 committi:
472 4569 563 4639 qui
621 4569 928 4624 membrum
982 4569 1088 4625 dici
1130 4580 1331 4641 potest,
1384 4586 1490 4626 non
1540 4580 1721 4627 tamen

1833 3358 2061 3415 nicando
2093 3356 2412 3411 moriantur.
2449 3354 2588 3425 Ergo
2629 3352 2733 3408 hoc
2760 3351 3005 3423 Apostoli
3054 3348 3330 3420 exemplo,
3373 3350 3430 3406 in

1830 3453 2021 3525 primis
2052 3451 2332 3522 virginitas
2378 3457 2433 3503 et
2468 3445 2806 3502 continentia
2857 3441 3206 3511 prredicatur.
3251 3439 3320 3495 Et
3375 3439 3427 3495 si

1830 3547 1951 3616 quis
1982 3560 2042 3600 se
2073 3540 2501 3599 incontinentem
2554 3554 2663 3593 non
2711 3537 2994 3592 erubuerit
3042 3534 3314 3596 confiteri,
3373 3532 3429 3588 in

1831 3638 2144 3709 languorem
2178 3631 2585 3689 incontinentim
2612 3630 2954 3694 reclamanti,
2990 3644 3096 3682 uon
3125 3626 3431 3697 deuegetur

1831 3732 2130 3788 remedium
2160 3728 2487 3800 nuptiarum.
2513 3726 2802 3795 Quomodo
2844 3726 2889 3780 si
2916 3726 3126 3796 peritus
3178 3723 3424 3778 medicus

1829 3830 2073 3901 inquieto
2095 3844 2262 3898 tegro,
2294 3835 2349 3881 et
2379 3823 2594 3896 neganti
2629 3836 2687 3879 se
2716 3836 2875 3894 posse
2903 3836 2933 3875 a
2960 3819 3135 3891 pomis
3169 3817 3427 3875 omnibus

1827 3922 2124 3987 abstinere,
2156 3919 2415 3975 concedat
2452 3919 2809 3987 aliquantum,
2854 3929 2921 3968 ne
2968 3912 3061 3967 ille
3112 3911 3422 3981 perniciosa

1828 4022 2141 4087 prtesumat.
2176 4008 2587 4065 incontinentis:
2617 4023 2805 4063 revera
2829 4021 2958 4061 usus
2980 4014 3035 4059 et
3066 4013 3334 4072 tempore,
3368 4010 3426 4058 et

1828 4116 2009 4173 astate,
2034 4114 2089 4160 et
2130 4105 2272 4168 loco,
2307 4110 2362 4158 et
2409 4100 2724 4155 infirmitate
2788 4098 3128 4169 prohibetur.
3186 4096 3424 4152 Castitas

1826 4217 1958 4257 vero
2012 4207 2187 4270 potest
2236 4196 2442 4266 jugiter
2493 4193 2777 4249 cusmdiri.
2813 4191 2946 4247 illud
2988 4206 3116 4261 ergo
3163 4190 3426 4245 debemus

1828 4306 2105 4367 appetere,
2138 4290 2281 4364 quod
2305 4290 2515 4345 facilius
2533 4288 2807 4343 custodire
2852 4286 2973 4342 sine
3026 4284 3425 4356 impedimento

1829 4388 1937 4443 ullo
1975 4401 2283 4457 possumus.
2313 4381 2451 4439 etin
2487 4391 2748 4452 perpetuo
2778 4378 3080 4450 possidere.
3124 4376 3231 4433 Sed
3278 4375 3419 4446 obji-

1828 4494 1951 4537 cere
1981 4488 2259 4534 amatores
2282 4474 2515 4531 luxuriae
2552 4473 2728 4529 solent
2762 4491 2773 4525 :
2808 4470 2877 4527 Ut
2897 4469 3024 4541 quid
3069 4484 3200 4537 ergo
3247 4464 3423 4538 prima

1830 4574 1924 4629 Dei
1953 4570 2283 4635 benedictio,
2315 4582 2568 4624 crescere
2596 4574 2649 4621 et
2685 4563 3049 4634 multiplicare
3100 4561 3370 4618 concessit
3395 4563 3423 4614 't

122 4676 345 4732 corpus.
394 4660 452 4714 in
492 4660 854 4717 fornicatione
897 4672 1078 4717 autem
1116 4639 1225 4717 duo
1269 4639 1519 4733 pereunt,
1556 4664 1722 4720 etiam
1749 4639 1804 4700 D
1830 4667 1898 4725 Ut
1920 4675 2066 4723 terra
2096 4663 2304 4720 scilicet
2330 4661 2672 4733 repleretur:
2704 4672 2809 4729 qua
2836 4656 2949 4727 jsm
2974 4655 3220 4727 impleta,
3254 4653 3422 4711 debe-

121 4770 343 4828 corpus.
376 4755 611 4811 Gravius
641 4770 775 4826 ergo
797 4756 997 4810 malum
1023 4765 1128 4825 est,
1164 4757 1216 4810 in
1246 4771 1354 4828 quo
1374 4758 1499 4812 duae
1521 4758 1723 4815 anima:

120 4852 457 4905 moriuntur.
488 4846 729 4903 Gravare
752 4848 863 4902 vult
900 4847 1275 4903 fornicationis
1318 4864 1562 4917 causam,
1596 4866 1721 4921 qua:

119 4940 220 4998 illis
278 4956 384 5013 per
421 4940 876 4995 consuetudinem
917 4940 1191 4995 levissima
1241 4940 1544 4996 videbatur.
1588 4941 1719 4998 item

118 5032 217 5087 alia
247 5032 572 5103 expositio:
602 5031 679 5087 Do
711 5031 795 5087 his
816 5032 907 5102 qui
954 5042 1081 5087 sunt
1130 5032 1185 5088 in
1234 5034 1485 5105 conjugio
1516 5035 1720 5091 consti-

120 5127 234 5195 tuti,
259 5125 566 5197 Apostolns
589 5126 758 5181 sumit
797 5126 1127 5195 exemplum.
1176 5126 1485 5194 Quomodo,
1518 5130 1714 5200 inquit,

115 5222 385 5291 scriptum
415 5231 540 5276 est:
572 5220 746 5276 Erunt
774 5220 885 5275 duo
921 5222 973 5275 in
1013 5235 1177 5275 carne
1208 5236 1313 5276 una
1359 5238 1372 5274 :
1418 5221 1470 5277 id
1498 5230 1602 5288 est,
1634 5223 1719 5278 vir

117 5324 165 5368 et
197 5330 369 5381 uxor,
393 5329 566 5370 unum
585 5329 784 5385 corpus
815 5314 1067 5370 efficitur.
1092 5315 1247 5371 Unde
1279 5315 1326 5371 si
1353 5315 1545 5387 aliquis
1572 5316 1719 5386 ipso-

113 5422 231 5463 rum
263 5408 435 5463 fuerit
458 5406 778 5473 fornicatus,
812 5419 999 5478 peccat
1028 5408 1081 5462 in
1113 5410 1297 5473 alium,
1331 5410 1485 5479 quasi
1514 5410 1566 5463 in
1597 5426 1721 5480 pro-

116 5504 298 5572 prium
363 5518 581 5571 corpus.
650 5501 883 5557 Residua
931 5510 1113 5556 autem
1165 5514 1406 5572 peccata,
1462 5505 1716 5573 specialia

116 5594 555 5665 uniuscujusque
586 5603 713 5651 sunt
744 5611 761 5651 ι
792 5609 895 5651 nec
915 5596 1145 5651 alterum
1174 5595 1562 5652 condemnant.

182 5690 267 5744 An
292 5691 533 5760 nescitis,
559 5690 807 5761 quoniam
830 5689 1056 5744 membra
1086 5696 1273 5757 vestra,
1314 5692 1562 5764 templum
1601 5701 1721 5748 sunt

117 5781 365 5855 Spiritus
387 5784 570 5851 sancti,
605 5786 695 5855 qui
716 5786 767 5837 in
800 5781 937 5838 vobis
961 5786 1081 5837 est?
1119 5802 1267 5855 quem
1299 5783 1496 5841 habetis
1516 5804 1550 5841 a
1579 5786 1714 5845 Deo.

110 5875 212 5936 Cui
232 5878 629 5954 gravissimam
658 5878 919 5951 iniuriam
942 5877 1122 5937 facitis
1158 5878 1501 5938 fornicando.

1828 4778 1947 4819 mus
1987 4760 2055 4818 ab
2099 4757 2490 4815 incontinentia
2543 4766 2880 4823 temperare.
2938 4750 3044 4807 Sed
3102 4749 3300 4822 potuit,
3343 4748 3426 4802 in-

1826 4855 2003 4927 quies,
2036 4867 2225 4908 omncs
2255 4850 2504 4905 homines
2525 4849 2593 4903 de
2633 4855 2779 4903 terra
2816 4845 3079 4913 formare,
3124 4843 3173 4900 si
3205 4858 3423 4911 semper

1826 4947 1903 5003 illi
1954 4961 2081 5002 usus
2135 4943 2369 5015 conjugii
2416 4957 2525 4997 non
2568 4941 2745 4996 fuerat
2798 4940 3114 5009 placiturus.
3161 4936 3267 4991 Sed
3305 4953 3413 4991 non

1824 5040 2085 5113 quzeritur
2107 5036 2234 5109 quid
2265 5034 2457 5106 potuit,
2486 5034 2581 5089 sed
2608 5032 2733 5104 quid
2766 5029 2932 5088 fecit:
2969 5032 3053 5086 cui
3088 5029 3265 5086 omnia
3298 5043 3422 5095 pos-

1826 5134 2002 5190 sibilia
2046 5141 2190 5187 sunt.
2248 5129 2421 5200 Ipsam
2453 5128 2687 5199 denique
2734 5126 2900 5182 Evam
2956 5125 3129 5179 noluit
3172 5123 3240 5178 de
3272 5130 3419 5178 terra

1826 5227 2031 5292 facere,
2062 5222 2155 5281 sed
2185 5224 2252 5279 de
2283 5231 2453 5277 costa.
2486 5220 2543 5277 Si
2575 5232 2753 5275 autem
2786 5232 2940 5290 putas
2984 5216 3140 5271 nobis
3201 5213 3420 5283 antiqua

1825 5330 2069 5391 tempora
2113 5318 2164 5373 in
2197 5315 2448 5371 omnibus
2486 5312 2803 5379 convenire,
2848 5310 3061 5364 imitare
3094 5306 3291 5373 Adam,
3323 5309 3420 5377 qui

1828 5413 1993 5469 filiam
2025 5410 2108 5483 (ut
2138 5411 2207 5465 ita
2226 5405 2485 5479 dixerim)
2536 5420 2690 5461 suam
2730 5402 2943 5471 accepit
2982 5415 3231 5455 uxorem.
3280 5399 3418 5455 Cain

1826 5506 2097 5571 similiter,
2130 5504 2173 5558 si
2207 5519 2311 5557 non
2354 5501 2542 5571 pudet,
2566 5510 2623 5554 et
2648 5506 2896 5558 caeteros,
2923 5495 3013 5564 qui
3065 5494 3312 5565 proprias
3363 5495 3418 5551 in

1824 5597 2230 5658 matrimonium
2261 5609 2521 5668 accepere
2561 5605 2803 5650 sorores.
2832 5588 2987 5663 Quod
3036 5587 3083 5645 si
3134 5588 3251 5645 fieri
3304 5603 3416 5643 non

1822 5692 2006 5760 debet,
2030 5691 2211 5747 omnia
2243 5690 2530 5746 Dominum
2552 5683 2852 5744 secundum
2881 5683 3275 5755 przescientiam
3298 5680 3413 5739 suis

1821 5789 2159 5860 temporibus
2180 5789 2460 5844 ordinasse
2485 5785 2808 5841 credamus:
2835 5792 2895 5839 ut
2920 5782 3009 5853 qui
3045 5790 3178 5835 tunc
3208 5790 3408 5833 terram

1820 5881 2035 5956 impleri
2057 5880 2252 5950 voluit,
2275 5880 2437 5939 modo
2465 5878 2593 5953 plus
2621 5876 2799 5951 diligit
2829 5875 3159 5946 castitatem,
3217 5871 3305 5930 cui
3348 5876 3407 5928 et
