3978 6286
495 265 601 328 735

1539 259 1600 318 ε.
1641 255 2026 316 HIERONYMI
2063 255 2351 314 orsauu
2391 233 2751 314 MANTISSA.

3682 251 3781 310 756

495 382 700 457 grande
720 380 1001 454 prtemium
1023 376 1371 451 repromittit.
1418 375 1554 433 Illud
1583 377 1746 433 etiam
1790 373 2078 431 dicendum
2107 384 2164 446 Α
2187 382 2399 442 nentes,
2419 373 2512 430 uni
2531 389 2637 428 non
2660 370 2984 444 pratjudicet
3005 369 3326 429 continenti.
3351 369 3484 429 Item
3507 383 3576 428 ne
3598 385 3706 429 uno
3728 387 3782 430 se

496 486 604 546 est,
627 476 770 550 quod
798 491 896 532 nec
922 473 1218 531 secundum
1245 479 1399 527 vetus
1424 471 1854 538 Testamentum,
1914 483 2089 540 quos-

499 571 624 628 dam
648 583 852 625 uxores
884 567 1138 623 habuisse
1164 565 1463 622 videamus.
1503 564 1642 632 Quia
1671 563 1748 620 ibi
1777 577 1973 618 uxores
2021 561 2086 617 li-

497 665 756 722 berorum
785 675 946 718 causa
976 660 1178 717 habere
1208 658 1531 730 permissum
1561 665 1646 714 est
1680 673 1694 710 :
1723 670 1830 712 non
1857 663 2086 727 propter

500 758 721 815 nimiam
764 756 1044 814 libidinem
1087 754 1449 811 exercendam
1499 770 1513 806 :
1555 750 1648 823 qui
1687 752 1739 806 in
1784 751 1888 804 hoc
1929 749 2095 804 etiam

503 849 824 908 animalibus
856 847 1154 905 deteriores
1184 863 1305 904 esse
1331 855 1629 902 noscuntur
1659 862 1673 900 :
1705 860 1811 916 quo
1845 843 2092 899 necando

502 943 665 1008 filios,
714 943 944 1013 probant
979 955 1040 997 se
1082 956 1189 997 non
1229 940 1465 995 ﬁliorum
1506 952 1668 994 causa
1691 937 1958 1008 nupsisse.
1992 935 2095 1002 Qui

505 1047 688 1092 autem
719 1050 782 1090 ea
825 1035 940 1090 sola
969 1049 1130 1088 causa
1161 1033 1524 1104 conjungitur,
1556 1032 1736 1086 statim
1768 1044 1827 1085 se
1857 1029 2096 1084 abstinet

508 1138 633 1201 post
661 1134 1004 1196 conceptum.
1035 1126 1102 1182 Et
1131 1135 1379 1182 cessante
1403 1124 1515 1195 jam
1548 1137 1640 1193 per
1671 1131 1884 1178 aetatem
1912 1133 2093 1193 partu,

509 1231 688 1278 cessat
712 1229 768 1277 et
799 1235 948 1276 USUS.

581 1314 777 1369 Mulier
809 1316 892 1368 sui
929 1314 1159 1386 corporis
1194 1322 1495 1385 potestatem
1535 1330 1637 1367 non
1675 1312 1848 1380 habet,
1875 1311 1967 1366 sed
1996 1312 2096 1366 vir.

513 1409 772 1467 Similiter
800 1419 974 1464 autem
999 1419 1048 1464 et
1072 1410 1148 1461 vir
1173 1410 1256 1464 sui
1283 1409 1512 1479 corporis
1548 1416 1852 1478 potestatem
1885 1421 1991 1460 non
2013 1405 2107 1458 ha-

513 1502 620 1570 bet,
649 1502 739 1557 sed
767 1503 978 1556 mulier.
1013 1501 1224 1572 Corpus
1261 1501 1456 1556 dicitur
1485 1516 1647 1556 omne
1677 1499 1822 1570 quod
1853 1498 2112 1568 tangitur.

516 1597 670 1654 Sicut
700 1611 830 1666 ergo
858 1595 1054 1651 mulier
1080 1610 1279 1665 corpus
1307 1595 1502 1654 dicitur
1529 1595 1631 1649 viri
1667 1613 1680 1650 :
1712 1595 1784 1649 ita
1810 1602 1864 1649 et
1887 1593 1970 1648 vir
1993 1606 2115 1648 cor-

519 1704 621 1762 pus
664 1689 910 1744 mulieris
952 1688 1276 1759 appellatur.
1306 1686 1432 1742 ldeo
1461 1703 1636 1758 neque
1662 1688 1706 1741 si
1736 1686 1970 1742 voluerit
1991 1701 2114 1740 mu-

2190 472 2520 539 retrahente,
2550 471 2685 526 alius
2712 471 3022 528 fornieetur.

2265 568 2384 622 Hoc
2413 577 2585 621 autem
2625 565 2742 621 dico
2767 567 3052 622 secundum
3071 565 3453 638 indulgentiam
3469 609 3484 636 ,
3509 574 3557 622 et
3585 584 3688 623 non
3713 586 3781 625 se-

2200 661 2428 717 cundum
2465 660 2762 730 imperium.
2804 658 2935 715 Volo
2964 668 3139 714 autem
3171 676 3346 714 omnes
3387 675 3477 715 vos
3509 675 3618 714 esse
3663 663 3780 716 sicut

2200 755 2468 824 meipsum.
2501 753 2613 808 Hoc
2643 761 2700 808 ut
2729 753 2969 824 parvulis
3001 752 3278 824 indulgeo,
3306 768 3413 808 non
3443 755 3708 824 praecipio
3731 767 3778 812 ut

2201 843 2491 915 perlectis:
2524 859 2646 898 nam
2679 859 2869 900 omnes
2911 843 3162 899 homines
3217 846 3375 914 cupio
3406 844 3540 900 mihi
3592 845 3775 903 similes

2203 936 2453 992 inveniri.
2491 934 2625 990 Novi
2655 935 2799 991 enim
2828 943 3027 1006 quanta
3057 936 3280 992 castitas
3316 936 3574 993 mercede
3602 954 3773 1008 pense-

2205 1039 2310 1084 tur.
2344 1028 2646 1096 Numquam
2681 1028 2785 1086 hoc
2812 1028 3073 1084 voluisset
3100 1028 3423 1100 Apostolus,
3463 1031 3511 1084 si
3545 1029 3656 1086 ﬁeri
3674 1048 3772 1087 oni-

2205 1121 2334 1176 nino
2359 1135 2465 1176 non
2494 1127 2699 1191 posset.

2278 1214 2386 1272 Sed
2415 1214 2763 1285 unusquisque
2811 1215 3080 1286 praprium
3109 1213 3307 1268 donum
3351 1214 3508 1269 habet
3556 1231 3608 1268 ea:
3633 1213 3757 1271 Deo:

2207 1311 2345 1365 alius
2371 1311 2578 1380 quidem
2599 1311 2695 1378 sic,
2721 1309 2856 1364 alius
2882 1326 3000 1365 vero
3023 1309 3119 1364 sic.
3148 1307 3262 1364 Hoc
3287 1315 3371 1364 est
3390 1351 3406 1377 ,
3441 1309 3672 1380 propria:
3688 1324 3762 1364 vo-

2210 1404 2431 1460 luntatis
2459 1407 2670 1475 accepit
2692 1403 3030 1458 donativum.

2285 1498 2416 1553 Dico
2443 1507 2613 1552 autem
2640 1514 2744 1552 non
2768 1497 2942 1569 nuptis
2969 1505 3014 1552 et
3040 1497 3231 1552 viduis.
3254 1495 3452 1568 Incipit
3476 1495 3640 1551 aliam
3667 1511 3774 1550 cau-

2212 1597 2327 1649 s‘am
2360 1592 2428 1648 de
2456 1593 2715 1662 innuptis.

2285 1683 2490 1740 Bonum
2519 1694 2592 1738 est
2619 1685 2729 1739 illis
2749 1723 2764 1749 ,
2823 1684 2869 1738 si
2897 1684 2970 1737 sic
3001 1682 3369 1755 permanserint
3416 1682 3553 1736 sicut
3614 1691 3663 1735 et
3688 1698 3766 1752 ego.

517 1783 617 1838 lier
642 1783 916 1838 contraire
945 1798 957 1834 :
991 1782 1044 1836 in
1071 1796 1302 1851 corpore
1343 1795 1463 1850 suo,
1493 1780 1547 1835 id
1573 1789 1678 1845 est,
1711 1780 1767 1835 in
1805 1795 2000 1849 uxore,
2032 1779 2114 1834 vir
2141 1783 2190 1844 B
2217 1778 2536 1848 Magnopere
2563 1776 2928 1848 appetendum
2955 1785 3070 1844 est,
3121 1775 3267 1848 quod
3294 1791 3326 1831 a
3378 1782 3534 1831 tanto
3580 1774 3774 1832 doctore

516 1875 721 1947 poterit
745 1873 1036 1929 dominari.
1072 1873 1306 1928 Dubium
1333 1881 1511 1930 autem
1542 1889 1648 1929 non
1679 1883 1782 1941 est,
1807 1872 1978 1928 multo
2003 1886 2116 1926 ma-

516 1969 600 2041 gis
639 1968 859 2024 nolente
898 1967 1041 2031 viro,
1087 1982 1264 2038 neque
1309 1967 1362 2021 in
1407 1969 1582 2022 virum
1626 1967 1908 2022 mulierem
1956 1981 2118 2036 posse

518 2063 842 2134 przevalere.
874 2061 1140 2130 Quoniam
1170 2077 1298 2130 ergo
1322 2061 1390 2116 de
1412 2061 1624 2117 duobus
1654 2060 2118 2116 incontinentibus

519 2156 688 2223 dicit,
733 2156 985 2212 concedit
1027 2171 1097 2210 ex
1137 2155 1461 2211 necessitate
1501 2155 1825 2223 Apostolus,
1858 2162 1917 2208 ut
1957 2155 2009 2207 in
2039 2151 2117 2207 id-

519 2249 722 2321 ipsum,
746 2249 875 2319 quia
904 2248 1120 2318 utrique
1143 2247 1539 2304 incontinentes
1567 2257 1716 2312 sunt,
1743 2253 2118 2302 revertantur:

521 2342 893 2399 intercedente
934 2356 1274 2412 quacumque
1319 2340 1683 2396 dissensionis
1727 2354 1918 2405 causa,
1961 2337 2122 2392 ambo

522 2435 907 2492 fornicationis
936 2436 1142 2490 crimen
1170 2435 1477 2499 admittant,
1502 2435 1627 2504 quia
1658 2434 1870 2504 utrique
1892 2440 2019 2486 sunt
2039 2430 2122 2485 in-

527 2530 891 2584 continentes.
931 2527 1203 2582 Cazterum
1235 2534 1414 2583 autem
1445 2527 1490 2582 si
1525 2542 1664 2583 unus
1695 2543 1726 2583 e
1754 2526 1964 2582 duobus
1995 2539 2124 2580 con-

521 2621 770 2676 siderans
801 2619 1083 2690 praemium
1117 2619 1402 2684 castitatis,
1438 2619 1676 2673 voluerit
1700 2617 2003 2684 continere,
2037 2616 2124 2671 in-

533 2712 840 2770 continenti
869 2713 1134 2767 assentire
1161 2726 1268 2767 non
1299 2711 1484 2775 debet,
1516 2711 1613 2767 sed
1640 2711 1714 2765 ita
1745 2725 1926 2781 agere,
1960 2717 2020 2764 ut
2048 2711 2127 2764 vi-

529 2805 709 2864 dendo
745 2805 1130 2863 continentiam
1177 2805 1322 2860 illius
1365 2815 1695 2874 provocetur
1727 2804 2068 2858 incontinens
2102 2820 2115 2857 :

531 2899 656 2970 quia
683 2898 895 2953 luxuria
925 2898 992 2952 ad
1032 2896 1421 2952 continentiam
1451 2895 1683 2950 transire
1711 2894 1891 2960 debet,
1927 2909 2032 2946 non
2060 2891 2128 2947 ad

531 2991 806 3050 luxuriam
850 2990 1181 3046 continentia
1223 2990 1502 3045 declinare
1548 3006 1559 3041 :
1605 2991 1852 3058 quamvis
1882 2986 2129 3056 plurima:

536 3084 799 3142 mulieres
830 3081 1071 3137 castitati
1094 3081 1488 3141 contradicant,
1516 3079 1586 3132 ita
1615 3079 1764 3133 illum
1788 3079 1877 3146 qui
1901 3077 2132 3132 voluerit

2218 1873 2489 1930 laudatur.

2295 1967 2448 2035 Quod
2477 1966 2523 2021 si
2545 1981 2647 2022 non
2669 1968 2928 2021 continent
2953 2011 2968 2036 ,
2991 1965 3202 2020 nubant.
3225 1962 3530 2020 Notandum
3556 1961 3700 2035 quod
3724 1963 3782 2019 in-

2221 2061 2624 2118 continentibus
2651 2061 2851 2130 nuptiae
2878 2059 3265 2116 concedantur.

2299 2153 2488 2208 Melius
2515 2162 2589 2208 est
2617 2154 2754 2208 enim
2779 2154 2968 2208 nubere
3014 2170 3168 2223 quam
3196 2153 3298 2207 uri.
3328 2152 3469 2209 Malo
3501 2152 3784 2208 fornicatio-

2224 2248 2309 2302 nis
2364 2246 2557 2302 melius
2581 2255 2702 2311 εει,
2754 2245 2898 2316 quod
2929 2245 3052 2316 igne
3083 2246 3334 2315 punitur:
3364 2245 3512 2300 sicut
3562 2242 3724 2300 ludas
3747 2244 3786 2298 in

2224 2339 2420 2396 Genesi
2452 2339 2519 2394 de
2553 2352 2649 2393 sua
2678 2353 2820 2393 nuru
2845 2337 3183 2408 pronuntiat.

2298 2430 2398 2485 His
2419 2438 2588 2484 autem
2603 2470 2620 2497 ,
2639 2429 2728 2502 qui
2749 2429 3080 2484 matrimonio
3100 2428 3265 2498 iuncti
3283 2439 3424 2483 sunt.
3446 2426 3582 2484 Item
3598 2426 3662 2483 de
3680 2441 3796 2482 con-

2222 2524 2384 2596 jugiis
2409 2524 2631 2579 minime
2658 2537 2820 2578 causa
2849 2523 3033 2593 aliqua
3060 2521 3420 2579 dimittendis.

2298 2616 2578 2687 Prwciplo,
2606 2633 2708 2672 non
2730 2633 2841 2688 ego,
2865 2617 2954 2672 sed
2977 2615 3234 2672 Dominus
3253 2633 3272 2670 :
3295 2631 3510 2671 uxorem
3532 2633 3564 2670 a
3583 2617 3693 2670 viro
3714 2630 3796 2668 non

2233 2712 2511 2766 discedere.
2535 2710 2794 2767 Prohibet
2821 2709 3020 2766 dimitti
3040 2725 3385 2781 quacumque
3411 2726 3482 2766 ex
3513 2725 3678 2766 causa
3705 2752 3719 2776 ,
3747 2724 3798 2762 ne

2230 2805 2350 2861 aliis
2375 2804 2773 2874 coniungantur
2797 2803 3100 2860 secundum
3128 2803 3586 2860 consuetudinem
3610 2802 3803 2858 Judae-

2230 2917 2350 2956 rum
2369 2944 2384 2968 ,
2409 2915 2573 2970 quam
2599 2899 2857 2954 Dominus
2881 2899 3202 2968 interdixit,
3229 2900 3419 2955 dicens
3446 2918 3459 2952 :
3485 2899 3804 2968 Quicumque

2233 2994 2496 3049 dimiserit
2527 3008 2748 3048 uxorem
2788 3007 2939 3047 suam
2967 3033 2982 3056 ,
3031 3002 3264 3062 excepta
3311 3006 3477 3047 causa
3511 2989 3807 3046 fornicatio-

2232 3083 2351 3149 nis,
2375 3094 2429 3138 et
2459 3083 2619 3138 aliam
2651 3082 2908 3151 duxerit,
2933 3081 3258 3138 mmehatur.
3295 3082 3506 3138 Aliter:
3541 3081 3809 3150 Przecipio,

538 3176 842 3244 continere,
868 3188 1028 3246 agere
1049 3172 1269 3237 debere,
1301 3181 1357 3225 ut
1383 3169 1770 3226 ineontinentia
1796 3168 2056 3223 assentiat
2077 3168 2128 3221 in
2158 3181 2204 3244 ρ
2238 3191 2345 3231 non
2372 3191 2472 3247 ego
2492 3218 2508 3242 ,
2541 3175 2635 3232 sed
2667 3175 2962 3230 Dominus;
2993 3189 3220 3229 uxorem
3255 3190 3285 3228 ει
3326 3174 3446 3229 vim
3503 3189 3612 3228 ηοη
3655 3173 3813 3227 disce.

537 3270 771 3340 idipsum
822 3287 834 3323 :
875 3284 944 3323 ne
985 3269 1112 3322 dum
1145 3267 1237 3322 ille
1279 3265 1538 3330 continet,
1573 3263 1664 3318 illa
1695 3272 1906 3334 peccet.
1935 3261 2130 3316 Anima

540 3383 660 3440 quae
698 3366 1025 3438 peccaverit.
1071 3364 1185 3433 ipsa
1231 3363 1511 3418 morietur.
1547 3360 1657 3416 Nec
1696 3361 1840 3415 enim
1885 3358 2133 3415 servituti

540 3461 818 3532 subjectus
857 3469 942 3516 est
980 3459 1168 3523 frater,
1201 3467 1293 3511 aut
1339 3471 1494 3512 soror
1535 3457 1590 3510 in
1633 3453 1918 3525 ejusmodi.
1950 3454 2138 3524 Neque

541 3553 688 3610 enim
721 3553 932 3608 vocavit
961 3566 1061 3606 nos
1091 3551 1233 3606 Deus
1265 3553 1317 3605 in
1348 3548 1713 3614 immunditia,
1738 3547 1831 3602 sed
1856 3547 1910 3601 in
1935 3547 2135 3600 sancti-

540 3646 818 3701 ﬁcatione.
863 3644 1036 3700 Aliter
1077 3663 1089 3697 :
1140 3644 1274 3711 Quia
1315 3643 1485 3698 voluit
1512 3643 1629 3697 viro
1656 3655 1778 3697 esse
1803 3640 2137 3711 subjectam,

538 3739 712 3794 solam
740 3738 842 3792 sibi
873 3737 1095 3793 abstulit
1125 3737 1455 3792 libertatem.

616 3832 796 3886 Nolite
832 3832 1076 3899 fraudare
1112 3832 1328 3886 invicem
1369 3847 1385 3884 :
1430 3829 1530 3883 nisi
1557 3831 1688 3898 forte
1711 3845 1776 3884 ea:
1802 3845 2051 3883 consensu
2077 3827 2144 3882 ad

541 3935 772 3995 tempus,
811 3933 867 3976 ut
905 3925 1092 3979 vacetis
1130 3925 1375 3986 orationi,
1417 3935 1463 3978 et
1503 3927 1692 3977 iterum
1735 3923 2051 3977 revertimini
2090 3923 2145 3976 in

543 4016 789 4087 idipsum.
817 4015 1023 4088 Negare
1049 4017 1260 4072 videtur
1287 4016 1685 4072 incontinentes
1714 4015 1950 4071 orationi
1979 4030 2140 4085 posse

544 4124 740 4164 Vacare
780 4125 795 4163 :
837 4124 957 4178 quae
998 4109 1050 4162 in
1092 4124 1159 4163 eo
1199 4110 1382 4179 utique
1421 4109 1598 4164 minor
1623 4116 1706 4164 est
1730 4109 2137 4174 communione,

551 4218 656 4272 qua
682 4201 1057 4257 catechumeni
1085 4212 1140 4255 et
1159 4202 1488 4270 puenitentes
1516 4208 1696 4271 orant,
1721 4200 1812 4271 qui
1840 4201 2151 4256 communi-

547 4310 674 4349 care
700 4310 806 4348 non
836 4300 1083 4363 possunt.
1112 4293 1228 4346 Non
1260 4293 1435 4347 solum
1469 4293 1573 4348 hoc
1605 4294 1656 4348 in
1680 4307 1840 4362 novo,
1865 4292 1960 4348 sed
1983 4285 2147 4348 etiam

549 4390 604 4444 in
647 4391 820 4443 veteri
867 4387 1217 4443 Testamento
1255 4386 1663 4443 sanctiﬁcantur
1702 4404 1730 4443 a
1778 4389 2029 4455 muliere,
2077 4397 2138 4444 ut

551 4481 899 4536 descendenti
944 4481 1175 4536 Domino
1217 4482 1269 4534 in
1302 4490 1570 4547 montem,
1605 4482 1859 4538 assistere
1890 4496 2142 4537 merean—

2236 3270 2386 3326 dere.
2412 3269 2529 3324 Non
2558 3269 2684 3338 quia
2714 3269 2768 3323 in
2800 3282 2860 3323 se
2889 3282 2997 3322 non
3027 3267 3265 3324 habebat
3295 3267 3575 3323 Christum
3604 3267 3812 3336 loquen-

2241 3373 2347 3418 tem
2371 3405 2386 3430 ,
2413 3363 2534 3417 haec
2556 3363 2688 3416 dicit
2713 3404 2728 3428 ,
2757 3361 2851 3416 sed
2883 3370 2942 3416 ut
2969 3361 3254 3426 ostendat,
3279 3361 3404 3430 quia
3433 3361 3551 3431 ipse
3573 3357 3810 3414 Dominus

2244 3472 2342 3528 per
2362 3457 2717 3526 semetipsum
2745 3455 2813 3510 de
2841 3457 2940 3510 hoc
2969 3457 3021 3509 in
3052 3455 3349 3525 Evangelio
3372 3455 3532 3508 dixit.

2321 3549 2473 3616 Quod
2497 3551 2539 3604 si
2573 3549 2896 3615 discesserit,
2919 3565 3128 3602 manere
3149 3549 3426 3619 innuptam
3447 3564 3464 3599 :
3484 3556 3570 3600 aut
3593 3546 3690 3598 viro
3714 3559 3807 3596 suo

2245 3643 2589 3696 reconciliari.
2614 3639 2680 3694 Et
2704 3642 2778 3694 vir
2801 3657 3010 3696 uxorem
3033 3658 3134 3696 non
3155 3641 3402 3708 dimittat.
3427 3638 3476 3695 Si
3498 3637 3564 3691 ob
3582 3637 3804 3705 aliquam

2251 3752 2468 3796 causam
2499 3737 2856 3805 discesserit,
2880 3737 2972 3792 alii
3003 3723 3109 3792 non
3138 3736 3338 3791 nubat:
3362 3743 3455 3789 aut
3479 3748 3572 3788 suo
3602 3731 3744 3794 viro,
3771 3727 3820 3782 si

2248 3833 2519 3901 voluerit,
2565 3832 2984 3888 reconcilietur:
3018 3831 3145 3901 quia
3176 3829 3283 3886 hoc
3332 3844 3496 3901 quam
3548 3825 3700 3882 alteri
3727 3839 3822 3880 nu-

2249 3925 2380 3980 bere
2401 3965 2416 3989 ,
2440 3923 2633 3978 melius
2656 3937 2778 3978 esse
2804 3922 3153 3978 manifestum
3183 3930 3284 3977 est.

2324 4017 2466 4072 Nam
2492 4018 2690 4073 ueteris
2715 4018 2830 4071 dico
2852 4034 2968 4088 ego,
2997 4033 3100 4070 non
3127 4016 3401 4069 Dominus.
3427 4011 3724 4070 Consilium
3747 4008 3824 4072 do,

2253 4111 2398 4183 quod
2431 4111 2560 4165 mihi
2589 4111 2722 4167 utile
2751 4126 2873 4165 esse
2905 4110 3139 4165 videtur.

2324 4204 2388 4260 Si
2409 4205 2517 4272 quis
2541 4205 2704 4272 frater
2744 4219 2953 4257 uxorem
2991 4201 3144 4256 habet
3171 4202 3433 4270 inﬁdelem
3458 4243 3473 4266 ,
3511 4208 3560 4253 et
3592 4199 3704 4252 hrrc
3729 4212 3827 4250 cor-

2252 4298 2404 4352 sentit
2433 4296 2669 4350 habitare
2698 4312 2815 4349 cum
2844 4295 2934 4350 illo
2952 4336 2967 4360 ,
3008 4311 3112 4348 non
3137 4293 3366 4347 dimittat
3390 4293 3561 4346 illam.
3587 4289 3664 4344 Et
3690 4291 3732 4343 si
3755 4303 3825 4359 qua

2255 4390 2437 4443 mulier
2477 4388 2647 4458 ﬁdelis
2687 4387 2838 4441 habet
2879 4388 3044 4440 virum
3083 4385 3369 4454 inﬁdelem,
3404 4394 3450 4439 et
3481 4382 3568 4437 hic
3597 4383 3830 4436 consentit

2258 4483 2492 4536 habitare
2518 4497 2633 4533 cum
2659 4478 2759 4534 illa
2784 4525 2798 4546 ,
2843 4495 2944 4534 non
2980 4479 3208 4532 dimittat
3247 4478 3437 4530 virum.
3462 4475 3520 4531 Si
3553 4476 3685 4545 quis
3714 4472 3836 4529 solus

555 4584 663 4629 tur.
696 4572 794 4626 llic
838 4573 1095 4641 probatur
1133 4574 1259 4643 quid
1302 4575 1472 4643 possit
1499 4583 1755 4656 perpetua
1790 4576 2148 4644 continentia,
2179 4585 2231 4645 ι)
2257 4572 2548 4628 crediderit
2575 4589 2606 4627 e
2631 4571 2878 4629 duobus:
2912 4585 3018 4626 non
3049 4585 3156 4640 quo
3185 4568 3496 4639 permiserit
3528 4567 3750 4622 fidelem
3778 4565 3841 4618 inv

552 4663 600 4720 si
625 4675 829 4717 tantum
853 4665 1018 4718 valuit
1044 4665 1311 4719 triduana.
1340 4664 1496 4721 Unde
1520 4666 1652 4720 etin
1678 4665 1988 4736 Regnorum
2013 4666 2150 4722 libro

557 4771 754 4828 panem
783 4755 1178 4812 sacerdotalem
1209 4774 1315 4812 non
1347 4759 1447 4812 nisi
1479 4760 1823 4814 continentes
1853 4760 2150 4827 accipiunt.

559 4849 735 4916 Quam
765 4848 835 4902 ob
865 4863 1085 4903 causam
1111 4849 1406 4904 necessitas
1430 4851 1600 4920 legem
1629 4851 1844 4903 solvere
1871 4849 2154 4905 venialiter

564 4943 740 5012 potuit
765 4941 1019 5011 suifragio
1059 4940 1361 4997 charitatis.
1401 4942 1551 4997 Unde
1579 4953 1633 4998 et
1665 4943 1856 4998 Petrus
1885 4941 2154 5011 hortatur,

563 5046 779 5088 nostras
810 5034 1089 5088 orationes
1120 5032 1341 5088 minime
1369 5034 1621 5105 impediri
1649 5034 1868 5089 debere.

636 5128 721 5182 Ne
759 5137 918 5182 tentet
956 5145 1042 5181 vos
1091 5128 1319 5183 Satanas
1367 5140 1572 5201 propter
1612 5129 2042 5184 incontinentiam
2085 5147 2169 5185 re-

561 5233 749 5277 stram.
791 5222 1096 5278 Notandum
1132 5222 1283 5297 quod
1322 5222 1388 5278 ad
1429 5223 1566 5279 duos
1595 5223 1897 5292 respiciens
1931 5222 2163 5278 inconti-

639 5520 667 5549 α
706 5510 767 5568 S.
799 5513 1132 5581 Augustinus
1169 5514 1264 5571 lib.
1299 5531 1355 5571 tu
1377 5515 1445 5572 de
1475 5516 1829 5572 Peccatorum
1866 5515 2072 5570 Meritis
2106 5525 2163 5571 et

567 5586 804 5640 Remiss.
827 5587 925 5639 sub
949 5587 1291 5657 linea-“mune
1313 5589 1463 5642 Pauli
1484 5589 1662 5642 locum
1685 5603 1806 5642 cum
1831 5587 2164 5654 adduxisset,

575 5660 698 5730 Aut,
725 5657 918 5730 inquit,
948 5659 1021 5730 sic
1043 5665 1115 5710 est
1137 5660 1517 5730 accipiendum,
1540 5660 1973 5730 quemadmodum
2001 5672 2047 5712 et
2076 5677 2169 5714 nos

574 5729 703 5782 alibi
734 5729 802 5790 (l.
831 5728 943 5802 Ide
985 5728 1161 5802 serui.
1195 5729 1413 5802 Domini
1455 5733 1509 5784 in
1537 5728 1757 5800 monte)
1795 5738 1840 5783 et
1886 5729 2172 5802 Pelagius,

577 5815 695 5853 cum
717 5799 959 5875 eamdem
987 5797 1058 5855 ad
1087 5798 1378 5860 Corinthios
1413 5805 1687 5876 epistolam
1723 5797 2055 5882 retractaret',
2087 5817 2177 5860 ea;-

2261 4667 2405 4722 lideli
2442 4667 2716 4737 conjungi.
2757 4666 2875 4720 Non
2902 4666 3046 4720 enim
3070 4663 3239 4731 dixit,
3268 4663 3312 4720 si
3351 4663 3474 4734 quis
3510 4661 3705 4729 ducit,
3731 4659 3842 4719 sed.

2263 4760 2311 4814 si
2339 4760 2459 4829 quis
2486 4758 2649 4814 habet
2676 4757 2975 4813 infidelem.

2336 4849 2706 4919 Sanctiﬁcatus
2731 4859 2804 4903 est
2827 4851 2960 4903 enim
2980 4849 3056 4904 uir
3079 4849 3307 4919 inﬁdelis
3328 4890 3342 4914 ,
3369 4863 3461 4916 per
3481 4844 3770 4901 mulierem
3797 4842 3850 4912 ﬁ-

2265 4945 2461 5010 delem,
2487 4954 2534 4997 et
2562 4943 2889 5014 sanctiﬁcata
2922 4952 2996 4996 est
3041 4943 3221 4996 mulier
3244 4940 3471 5011 inﬁdelis
3491 4980 3506 5004 ,
3555 4955 3658 5010 per
3707 4939 3855 4992 virum

2268 5037 2494 5108 ﬁdelem.
2530 5036 2850 5106 Exemplum
2888 5045 2912 5071 ε
2945 5033 3154 5099 refert,
3197 5033 3323 5103 quia
3349 5046 3495 5102 saepe
3520 5029 3856 5102 contigerit,

2271 5141 2330 5186 ut
2360 5130 2655 5186 lucrilieret
2686 5131 2768 5184 vir
2799 5145 2892 5200 per
2923 5127 3229 5183 mulierem.
3263 5124 3419 5182 Unde
3442 5132 3497 5178 et
3522 5123 3734 5177 beatus
3767 5122 3853 5174 Pe-

2272 5231 2392 5279 trus
2416 5223 2491 5277 ait
2513 5239 2526 5278 :
2553 5221 2623 5278 Ut
2649 5221 2695 5276 si
2719 5223 2809 5292 qui
2831 5236 2941 5277 non
2967 5219 3200 5277 credunt
3220 5217 3408 5285 verbo,
3440 5229 3537 5286 per
3561 5214 3861 5271 mulierum

2273 5520 2464 5590 posuit.
2503 5518 2654 5584 Quod
2693 5520 2931 5590 exempla
2957 5521 3072 5592 jam
3111 5526 3590 5592 praecesserant,“
3620 5519 3872 5574 virorum.

2274 5607 2400 5661 quos
2432 5607 2637 5660 uxores,
2673 5601 2718 5644 et
2757 5591 3086 5660 feminarum,
3125 5606 3256 5656 quas
3291 5591 3463 5644 mariti
3501 5591 3874 5661 lucrifecernnt

2278 5659 2484 5716 Christo
2506 5703 2520 5725 ,
2544 5672 2649 5717 etc.
2679 5659 2789 5718 Nec
2819 5663 3040 5720 dubium
3076 5661 3320 5722 videtur.
3351 5661 3477 5733 Quin
3510 5659 3669 5722 hunc
3707 5664 3879 5722 locum

2285 5749 2396 5804 [)l'iB
2423 5735 2594 5792 oculis
2631 5735 2899 5795 habuerit.
