3978 6286
2546 280 2599 315 \

193 380 296 443 757
874 383 891 456 ζ
936 378 1480 446 COMMENTARIUS
1517 379 1584 444 IN
1624 380 2012 446 EPISTOLAM
2052 386 2073 443 l
2112 381 2204 445 AD
2240 382 2398 445 COR.
2439 385 2594 447 CAP.
2635 383 2756 447 VII.
3227 384 3234 393 ’
3380 385 3487 452 738

193 499 675 562 conversationem
705 500 827 561 sine
866 503 1039 562 verbo
1082 504 1357 563 Iucriﬁant
1386 523 1400 560 :
1431 504 1487 562 id
1524 512 1639 573 est,
1671 519 1793 562 cum
1820 508 1873 570 Α
1971 507 2081 564 Sed
2107 516 2155 563 et
2182 509 2226 562 si
2245 516 2387 581 poles
2414 508 2528 579 ﬁeri
2558 506 2705 577 liber,
2734 505 2900 580 magis
2930 512 3093 564 utere.
3122 504 3309 580 Usque
3351 508 3490 567 adeo

191 597 439 655 viderint
465 612 559 655 eas
589 598 643 654 in
675 597 876 655 melius
900 608 1295 668 commutatas,
1319 607 1655 672 cognoscant
1679 614 1797 656 om-
1896 616 2005 657 non
2030 601 2249 672 prodest
2269 602 2520 672 libertas,
2545 617 2644 658 nec
2666 602 2901 658 servitus
2931 609 3110 659 nocet.
3130 601 3265 659 Item
3293 602 3490 660 simili-

190 706 295 749 nes
320 733 337 759 ,
369 691 465 749 Dei
497 692 674 765 legem
705 692 779 749 ita
807 692 1204 749 consuetudine
1233 693 1531 749 inveterata
1556 692 1797 763 potuisse
1899 702 1983 751 ter
2003 693 2071 749 ad
2099 708 2193 750 eos
2219 694 2309 765 qui
2338 694 2684 751 matrimonio
2708 696 2879 765 juncti
2902 706 3059 764 sunt,
3082 696 3383 766 Apostolus
3409 696 3492 752 lo-

188 787 399 845 mutari
438 786 613 844 :item
638 786 761 844 ideo
801 786 882 844 vir
910 796 967 845 et
1011 803 1147 844 uxor
1186 788 1415 844 invicem
1455 788 1798 844 sanctiﬁcan-
1898 791 2104 859 quitur,
2128 788 2478 845 dicens:Sed
2500 789 2619 844 etsi
2650 788 3297 859 potesliberﬁeri,magis
3316 795 3491 848 utere:

187 891 325 940 tur:
364 881 491 955 quia
537 897 606 940 ex
643 882 941 939 traditione
985 882 1119 953 Dei,
1157 890 1360 940 sanctae
1392 892 1525 940 sunt
1562 882 1787 955 nuptiae.
1898 883 1943 937 si
1977 890 2159 953 tamen
2191 880 2289 936 tibi
2317 880 2430 937 Deo
2458 880 2653 953 pudice
2679 881 2885 938 volenti
2913 881 3152 949 servire,
3182 897 3290 938 non
3321 881 3485 939 fuerit

266 975 513 1047 Alioquin
530 974 631 1047 ﬁlii
650 977 800 1032 vestri
815 975 1070 1031 immundi
1084 986 1273 1032 essent:
1291 992 1425 1032 nunc
1444 986 1613 1032 autem
1633 977 1800 1032 sancti
1899 976 2131 1033 molesta
2154 1017 2170 1044 ,
2196 975 2414 1047 quando
2443 974 2585 1033 forte
2618 985 2711 1033 tuo
2738 976 3013 1034 consortio
3035 1017 3050 1047 ,
3084 977 3247 1034 etiam
3277 977 3394 1050 ipsa
3420 976 3491 1034 ad

195 1080 350 1127 sunt.
374 1069 433 1127 Si
459 1084 569 1126 non
604 1069 680 1126 ita
709 1079 885 1136 esset,
912 1078 974 1127 ut
1013 1069 1157 1137 dico,
1185 1069 1283 1126 ﬁlii
1310 1072 1480 1127 vestri
1511 1070 1688 1128 adhuc
1715 1071 1799 1126 in-
1826 1050 1844 1064 ’
1899 1066 2072 1124 Deum
2105 1066 2277 1139 possit
2301 1068 2568 1124 converti.

189 1163 393 1220 ﬁdeles
412 1171 803 1235 permanerent
826 1180 840 1218 :
862 1178 1011 1236 stupe
1034 1164 1179 1220 enim
1212 1164 1596 1236 contingeret,
1620 1172 1678 1220 ut
1700 1163 1799 1219 ﬁlii
1977 1160 2081 1228 Qui
2111 1161 2246 1216 enim
2270 1161 2325 1216 in
2346 1160 2574 1216 Domino
2600 1162 2810 1217 vocatus
2839 1170 2915 1216 est
2942 1178 3136 1230 servus,
3182 1161 3395 1219 libertus
3419 1171 3498 1220 est
3574 1178 3593 1189 '

187 1256 327 1313 illos
368 1264 655 1327 parentes,
701 1256 796 1328 qui
828 1254 1215 1324 crediderant,
1257 1264 1639 1329 sequerentur.
1688 1256 1801 1314 Sub
1903 1251 2137 1307 Domini.
2198 1252 2457 1308 Similiter
2500 1253 2588 1325 qui
2631 1253 2761 1308 liber
2802 1262 3010 1309 vocatus
3052 1263 3158 1319 est,
3201 1271 3374 1310 seruus
3420 1264 3496 1311 est

191 1364 310 1423 qua
338 1363 438 1421 spe
464 1349 613 1405 credi
642 1348 853 1418 voluit,
877 1348 1110 1406 alterum
1139 1348 1339 1405 salvari
1367 1363 1531 1421 posse
1548 1391 1564 1419 ,
1593 1358 1701 1405 tam
1731 1347 1799 1404 li-

190 1442 460 1500 berorum
492 1441 770 1511 exemplo,
796 1456 957 1519 quam
986 1441 1257 1514 conjugis.

278 1534 435 1603 Quod
469 1534 516 1590 si
548 1534 774 1605 inﬁdelis
812 1534 1061 1605 discedit,
1103 1535 1350 1591 discedat.
1394 1535 1618 1593 Maritus
1656 1536 1800 1593 enim

194 1629 286 1687 vel
313 1644 457 1687 uxor
481 1643 589 1685 non
619 1637 746 1685 sunt
764 1629 997 1688 Domino
1022 1629 1368 1701 praeferendi.

283 1719 417 1777 Non
442 1721 583 1777 enim
608 1721 842 1777 servituti
869 1721 1125 1795 subjectus
1152 1730 1228 1776 est
1251 1722 1433 1792 frater,
1460 1724 1539 1779 vel
1564 1737 1712 1778 soror
1748 1724 1805 1780 in

198 1812 488 1887 ejusmodi.
511 1811 632 1868 Non
664 1812 812 1869 enim
843 1811 915 1867 ita
947 1813 1145 1884 ligatus
1174 1821 1259 1868 est
1285 1811 1340 1868 in
1369 1812 1638 1885 ejusmodi
1668 1829 1800 1871 cau-

1904 1342 2117 1401 Clm'sti.
2147 1346 2249 1415 Qui
2291 1346 2527 1403 hominis
2556 1361 2747 1404 servus
2774 1356 2897 1417 est,
2946 1347 3084 1404 liber
3132 1358 3219 1404 est
3262 1346 3413 1416 Deo;
3441 1357 3498 1406 et

1904 1438 1998 1510 qui
2048 1438 2359 1494 hominibus
2387 1438 2526 1495 liber
2554 1447 2640 1495 est
2660 1482 2675 1509 ,
2708 1455 2899 1495 servus
2930 1448 3015 1495 est
3063 1439 3288 1497 Christi.
3317 1440 3494 1497 Ambo

1905 1544 2036 1601 ergo
2066 1546 2232 1587 unum
2264 1541 2409 1587 sunt.
2441 1531 2559 1588 Non
2590 1541 2674 1589 est
2699 1533 2841 1588 enim
2870 1548 3228 1604 personarum
3258 1533 3502 1607 acceptio

1907 1621 2050 1694 apud
2084 1622 2273 1679 Deum.

1981 1714 2161 1771 Pretio
2182 1717 2340 1789 empti
2361 1720 2519 1772 estis:
2542 1716 2705 1773 nolite
2729 1718 2846 1789 ﬁeri
2865 1721 2997 1775 servi
3019 1721 3307 1776 hominum.
3337 1719 3503 1778 Unus-

1907 1808 2122 1879 quisque
2162 1824 2285 1881 ergo
2308 1811 2360 1863 in
2386 1826 2487 1879 quo
2517 1819 2727 1867 vocatus
2752 1820 2829 1867 est
2853 1815 3039 1884 frater,
3080 1812 3137 1867 in
3160 1813 3256 1867 hoc
3298 1829 3505 1886 penna-

202 1920 298 1974 sa,
324 1904 481 1979 quasi
504 1922 635 1963 vere
665 1904 744 1962 illi
774 1906 987 1965 servire
1012 1921 1235 1964 necesse
1264 1906 1367 1978 sit,
1396 1917 1451 1965 et
1474 1917 1699 1981 propter
1723 1908 1805 1965 al-
1832 1905 1881 1967 B
1908 1910 2025 1957 neat
2052 1900 2194 1972 apud
2220 1901 2404 1957 Deum.
2434 1904 2621 1960 Pretio
2647 1904 2818 1975 empti
2839 1904 2970 1961 eStis
2992 1923 3003 1959 ε
3029 1904 3135 1961 hoc
3158 1914 3270 1974 est,
3295 1904 3501 1963 Christi

206 2008 387 2057 terum
419 2000 671 2057 interire.

285 2090 358 2147 In
384 2109 561 2164 pacem
582 2101 759 2149 autem
778 2094 976 2150 vocavit
1002 2110 1090 2150 vos
1114 2092 1273 2150 Deus.
1298 2093 1567 2153 Cancrum
1603 2112 1710 2154 non
1739 2097 1808 2155 ad

210 2185 496 2244 dissidiam
528 2202 719 2245 sumus
748 2190 969 2246 vocati:
997 2189 1145 2246 ultro
1194 2204 1323 2263 ergo
1373 2191 1653 2249 discedere
1697 2208 1809 2249 non

205 2278 498 2349 debemus.

279 2374 441 2431 Unde
471 2376 605 2431 enim
631 2377 752 2447 scis,
776 2376 983 2445 mulier,
1006 2379 1053 2432 si
1073 2378 1241 2433 virum
1268 2377 1467 2435 salvum
1495 2380 1681 2451 {ascies
1702 2379 1727 2434 ?
1752 2379 1813 2436 In

211 2467 439 2524 dubium
462 2468 685 2541 quidem
718 2470 933 2541 posuit:
963 2470 1060 2526 sed
1086 2485 1306 2542 semper
1330 2472 1581 2543 ambigua
1611 2473 1670 2528 in
1701 2488 1815 2529 me-

210 2561 319 2617 lius
342 2562 571 2619 evenire
603 2561 871 2619 credenda
904 2571 1051 2619 sunt.
1076 2563 1249 2620 Simul
1273 2564 1621 2636 quaerendum
1639 2607 1654 2633 ,
1680 2580 1817 2638 quo-

217 2652 390 2708 modo
414 2654 666 2724 superius
696 2652 1063 2709 sanctiﬁcatus
1089 2654 1320 2723 dicatur,
1344 2655 1411 2711 de
1432 2656 1587 2726 cujus
1614 2656 1703 2712 hic
1730 2671 1818 2712 sa-

220 2743 343 2800 lute
370 2744 645 2803 dubitatur
670 2765 683 2801 :
716 2746 821 2803 nisi
851 2747 1150 2806 secundum
1197 2746 1344 2805 hunc
1371 2764 1531 2820 quem
1559 2752 1816 2820 exposui-

224 2852 353 2894 mus
384 2837 735 2897 intellectum.

286 2932 394 2988 Aut
414 2933 551 2989 unde
576 2935 679 2988 scis
708 2933 805 3003 vir,
834 2934 879 2992 si
907 2934 1179 2992 mulierem
1204 2936 1397 2992 salvam
1418 2937 1575 3011 [acies
1597 2936 1696 2996 ?Si
1723 2953 1820 3010 per

211 3034 270 3084 te
294 3026 518 3095 credat,
550 3038 606 3085 et
636 3028 785 3087 salva
812 3029 925 3086 sit?
1177 3031 1180 3035 ’

286 3119 416 3178 Nisi
440 3122 714 3195 unicuique
740 3124 873 3179 sicut
902 3124 1075 3182 divisit
1101 3123 1377 3185 Dominus.
1406 3125 1825 3201 Unumquemque

1907 1995 2174 2067 sanguine
2201 1998 2502 2069 comparati
2531 2016 2544 2053 :
2574 1998 2709 2053 nihil
2731 2013 2860 2071 ergo
2887 2010 3115 2071 propter
3140 2000 3393 2058 homines
3416 2001 3495 2058 ia-

1908 2089 2105 2146 ciatis:
2152 2088 2294 2146 sicut
2324 2090 2453 2146 alibi
2483 2090 2593 2146 ait:
2641 2090 2759 2147 Non
2790 2091 2857 2145 ad
2907 2091 3123 2147 oculum
3167 2093 3501 2164 servientes,

1909 2182 2065 2255 quasi
2096 2182 2413 2240 hominibus
2437 2184 2753 2257 placentes:
2786 2185 2881 2241 sed
2912 2186 3066 2257 quasi
3094 2187 3239 2242 servi
3265 2186 3503 2258 Christi,

1909 2275 2172 2335 facientes
2194 2278 2531 2335 voluntatem
2558 2279 2654 2336 Dei
2687 2294 2758 2335 ex
2786 2280 2973 2336 animo
2995 2322 3010 2347 ,
3038 2290 3094 2337 et
3123 2289 3345 2337 caetera.

1984 2368 2063 2426 De
2091 2370 2372 2445 virginibus
2401 2382 2593 2428 autem.
2642 2373 2709 2428 Et
2734 2373 2803 2430 de
2829 2373 2933 2431 hoc
2960 2374 3381 2445 consuluerant,
3404 2377 3499 2434 ubi

1913 2473 2060 2521 esset
2086 2474 2352 2535 praecepta
2380 2466 2684 2537 virginitas.
3436 2478 3445 2491 '

1989 2558 2323 2632 Praeceptum
2346 2559 2555 2616 Domini
2587 2578 2687 2616 non
2710 2560 2893 2617 habeo.
2917 2561 3070 2631 Quod
3104 2562 3205 2619 sub
3227 2571 3503 2634 praecepto

1923 2659 2035 2721 est,
2059 2653 2104 2707 si
2128 2667 2233 2707 non
2254 2653 2560 2723 impleatur,
2585 2654 2759 2724 punit.
2789 2655 3073 2726 lmpletum
3094 2664 3271 2712 morte
3292 2666 3500 2712 tantum
3530 2708 3543 2715 κ

1917 2754 2087 2813 caret,
2112 2746 2237 2816 quia
2268 2746 2398 2801 nihil
2428 2762 2494 2803 ex
2522 2760 2581 2803 sc
2610 2748 2734 2803 dat:
2755 2749 2850 2805 sed
2876 2749 3018 2821 quod
3044 2750 3228 2817 debet,
3246 2753 3498 2808 exsolvit.

1995 2837 2282 2895 Consilium
2306 2850 2479 2895 autem
2501 2841 2591 2895 do.
2616 2842 2918 2898 Consilium
2943 2852 3028 2899 est
3057 2851 3237 2900 autem
3260 2844 3509 2902 Salvato-

1920 2932 1998 2989 ris
2028 2932 2261 2988 dicentis
2288 2951 2299 2987 :
2334 2933 2474 2990 Sunt
2521 2934 2611 3006 qui
2643 2949 2704 2991 se
2737 2944 3122 2993 castraverunt
3165 2947 3392 3011 prOpter
3421 2955 3513 2997 re-

1924 3037 2088 3095 gnum
2119 3024 2403 3081 caelorum.

2000 3118 2285 3192 Tamquam
2313 3121 2722 3177 misericordium
2746 3132 3050 3180 consecutus
3070 3140 3103 3179 a
3124 3121 3370 3181 Domino.
3396 3125 3509 3184 Suo

208 3216 351 3273 sicut
380 3217 579 3273 vocarit
631 3217 771 3274 Deus
796 3261 813 3288 ,
860 3220 935 3275 ita
959 3221 1181 3278 ambulet
1209 3239 1228 3277 :
1255 3232 1303 3279 et
1347 3224 1479 3279 sicut
1508 3224 1563 3279 in
1592 3223 1825 3280 omnibus
1927 3213 2182 3285 exemplo
2211 3212 2404 3282 ἀοθθῐν
2429 3231 2537 3271 non
2568 3216 2671 3272 ηῖδῖ
2695 3219 2748 3271 in
2776 3216 3005 3273 Domino
3033 3219 3393 3289 gloriandum.

210 3308 473 3367 Eeclesiis
501 3312 679 3368 doceo.
709 3311 809 3370 Vel
832 3329 957 3371 cum
987 3314 1197 3372 inﬁdeli
1240 3316 1475 3389 conjuge
1495 3359 1510 3385 ,
1544 3318 1627 3375 vel
1658 3320 1822 3375 etiam
1850 3292 1898 3360 θ
2006 3305 2074 3363 Ui
2105 3307 2202 3361 55m
2241 3307 2434 3378 βάειίεο
2458 3309 2668 3365 Domini
2703 3310 2809 3366 mei
2837 3325 3055 3383 semper
3100 3312 3326 3370 εθτνῖῑίο
3354 3328 3523 3371 θεου-

209 3419 341 3460 cum
384 3404 530 3461 ﬁdeli
571 3404 756 3480 [Mart.
805 3406 1034 3479 inﬁdeli]
1070 3425 1086 3465 :
1130 3408 1245 3467 sive
1286 3409 1340 3466 in
1386 3414 1674 3483 praeputio,
1705 3411 1825 3470 sive

210 3497 621 3555 circumcisus:
649 3514 840 3555 servus
870 3509 964 3556 aut
989 3501 1145 3559 liber.

288 3588 642 3646 Circumcisus
668 3591 860 3663 aliquis
882 3603 1092 3650 vocatus
1115 3603 1209 3662 est,
1242 3612 1344 3652 non
1367 3597 1595 3654 adducat
1618 3616 1826 3673 praepu-

214 3684 378 3740 tium.
405 3681 475 3739 In
503 3686 760 3756 prteputio
788 3696 960 3742 autem
990 3687 1179 3760 aliquis
1203 3700 1411 3745 vocatus
1455 3701 1530 3747 est
1554 3735 1569 3761 ,
1596 3709 1698 3747 non
1726 3694 1830 3747 cir-

218 3776 573 3833 cumcidatur.
623 3776 738 3833 Non
770 3786 926 3850 putet
972 3794 1035 3836 se
1088 3780 1361 3852 superﬂue
1405 3783 1827 3842 circumcisum:

234 3854 339 3931 nec
363 3872 432 3931 de
459 3873 567 3931 hoc
590 3874 894 3947 pceniteat:
923 3872 1024 3931 fuit
1050 3878 1195 3933 enim
1228 3893 1330 3935 suo
1359 3887 1608 3951 tempore
1634 3896 1830 3938 neces-

226 3966 452 4023 sarium.
503 3966 631 4025 Sive
668 3967 783 4025 hoc
812 3967 1019 4025 modo:
1050 3985 1162 4027 non
1190 3970 1424 4029 adducat
1471 3973 1829 4045 praeputium,

221 4075 340 4133 quo
368 4059 491 4118 sine
521 4059 656 4132 legis
689 4062 1033 4120 caeremoniis
1074 4064 1221 4119 vivat
1247 4082 1259 4119 :
1291 4065 1419 4136 quia
1453 4075 1578 4123 tunc
1604 4066 1833 4137 quibus-

216 4154 355 4210 dam
387 4142 636 4226 Apostoli
668 4155 1060 4226 permittebant
1098 4172 1264 4228 Opera
1292 4158 1485 4230 Iegalia
1513 4160 1790 4217 custodire
1813 4203 1830 4230 ,

220 4261 302 4303 ne
324 4246 508 4302 subito
527 4262 558 4303 a
582 4246 703 4319 lege
722 4248 977 4319 retracti,
1001 4250 1318 4305 scandalum
1342 4261 1674 4322 paterentur.
1699 4251 1833 4309 Item

217 4342 339 4397 alia
372 4339 678 4412 expositio:
704 4340 941 4398 Evidens
966 4350 1051 4397 est
1081 4341 1187 4397 hoc
1214 4342 1360 4410 loco,
1383 4359 1491 4398 non
1520 4343 1609 4400 hic
1631 4344 1700 4401 de
1727 4344 1837 4400 cir-

219 4433 580 4490 cumclsione
608 4434 823 4506 carnis,
862 4442 956 4490 aut
983 4436 1250 4507 praeputio
1297 4436 1616 4507 Apostolum
1648 4436 1835 4508 loqui:

2002 3408 2111 3456 tus.

1928 3415 2111 3473 palus.

1998 3490 2255 3549 Existimo
2282 3509 2403 3567 ergo
2430 3493 2531 3549 hoc
2569 3494 2760 3551 bonum
2786 3511 2914 3552 esse.
2972 3495 3085 3553 ilic.
3111 3499 3363 3554 existimo
3390 3499 3512 3556 'non

1928 3606 2032 3663 pro
2058 3590 2224 3648 dubio
2247 3591 2456 3662 posuit,
2482 3592 2579 3648 sed
2608 3608 2707 3663 pro
2730 3603 2921 3650 certo:
2949 3593 3090 3649 sicut
3110 3602 3167 3651 et
3192 3594 3323 3651 illud
3348 3613 3361 3650 :
3387 3595 3524 3652 Puto

1931 3684 2077 3741 enim
2108 3684 2253 3755 quod
2277 3692 2332 3740 et
2354 3699 2455 3756 ego
2486 3685 2736 3756 spiritum
2768 3686 2863 3742 Dei
2888 3685 3083 3743 habeo.

2003 3774 2224 3849 Propter
2268 3778 2543 3833 instantem
2574 3780 2948 3834 necessitatem.
2984 3779 3039 3834 Id
3068 3788 3188 3846 est,
3237 3782 3525 3851 praesentis

1932 3869 2060 3927 vita:
2086 3870 2436 3927 solitudinem
2464 3916 2479 3940 ,
2506 3888 2625 3940 qua:
2655 3872 2882 3929 multum
2914 3880 3096 3944 potest
3140 3874 3337 3929 obesse
3362 3874 3526 3944 justi-

1933 3964 2059 4020 tiaa:
2094 3972 2151 4021 et
2178 3980 2285 4036 qua
2315 3964 2590 4037 praecipue
2615 3964 2790 4036 juncti
2819 3966 3188 4023 matrimoniis
3237 3966 3524 4039 implican-

1935 4064 2046 4112 tur.

2010 4145 2275 4212 Quoniam
2300 4146 2490 4202 bonum
2514 4156 2587 4203 est
2613 4148 2808 4203 homini
2835 4149 2910 4205 sic
2932 4164 3058 4205 esse.
3085 4148 3295 4222 Duplex
3324 4151 3528 4208 bonum

1936 4252 2057 4300 est:
2086 4253 2144 4300 et
2171 4243 2628 4301 sollicitudinibus
2655 4244 2845 4302 mundi
2870 4260 3062 4302 carere
3080 4288 3095 4312 ,
3123 4254 3180 4302 et
3204 4246 3532 4318 virginitatis

1938 4338 2222 4409 praemium
2252 4348 2594 4410 exspectare.

2011 4430 2272 4504 Alligatus
2301 4447 2353 4487 es
2382 4433 2567 4501 uxori,
2599 4433 2705 4488 noli
2733 4448 2960 4505 quarere
3002 4432 3335 4490 solutionem.
3366 4433 3533 4491 Solu-

221 4543 419 4603 neque
439 4527 585 4584 enim
613 4526 733 4584 ﬁeri
765 4536 976 4599 potest,
1000 4530 1378 4586 circumcisum
1410 4531 1647 4603 aliquem
1679 4545 1825 4602 posse

1945 4532 2024 4580 tus
2046 4542 2100 4579 es
2126 4526 2190 4578 ab
2217 4542 2414 4593 uxore,
2444 4526 2554 4581 noli
2578 4543 2810 4597 quaerere
2839 4544 3074 4583 uxorem.
3114 4527 3193 4584 Ita
3243 4530 3364 4585 vult
3392 4532 3541 4593 solu-

217 4601 563 4695 pm'pmium
586 4621 894 4688 adducere;
918 4621 1013 4678 sed
1050 4623 1119 4679 ad
1147 4638 1243 4679 eos
1265 4638 1446 4681 sermo
1467 4601 1571 4693 egi,
1596 4601 1691 4696 qui
1716 4633 1844 4681 sum,
1867 4689 1911 4696 _
1948 4624 2034 4670 tos
2065 4630 2169 4671 non
2204 4616 2358 4686 ligari
2387 4636 2397 4669 :
2432 4617 2708 4689 quomodo
2737 4634 2839 4675 nec
2890 4620 3027 4676 solvi
3066 4620 3293 4678 dissidio
3344 4623 3539 4696 ligatos

220 4689 294 4774 in
321 4689 581 4785 conjugio
608 4713 899 4771 constituti
927 4733 941 4771 :
974 4714 1079 4770 hoc
1107 4716 1252 4771 enim
1300 4713 1436 4772 dicit
1471 4731 1486 4770 :
1538 4689 1593 4773 Si
1614 4689 1740 4788 quis
1771 4715 1838 4772 ad
1867 4689 1921 4751 Ῑ)
1945 4710 2201 4765 admittit.

220 4811 404 4867 ﬁdem
431 4807 529 4865 Dei
560 4810 896 4879 accesserit,
922 4824 1149 4865 uxorem
1183 4825 1292 4866 non
1323 4809 1568 4866 habens:
1601 4818 1825 4881 postmo

2016 4801 2077 4857 Si
2097 4811 2263 4856 autem
2285 4804 2543 4873 acceperis
2565 4819 2779 4860 uxorem
2805 4847 2819 4873 ,
2862 4822 2965 4861 non
2993 4808 3249 4880 peccasti;
3294 4817 3343 4864 et
3367 4810 3413 4864 si
3442 4826 3538 4865 nu-

222 4902 380 4960 dum
408 4900 666 4972 gentilem
696 4900 986 4973 conjugem
1020 4916 1127 4957 non
1157 4901 1329 4965 debet
1349 4901 1619 4973 accipere.
1652 4900 1708 4958 Si
1740 4916 1841 4957 au-
1942 4898 2282 4971 pserituirgo,
2315 4914 2416 4952 non
2457 4901 2705 4970 peccavit.
2729 4900 2868 4968 Quia
2893 4903 3077 4959 libera:
3104 4902 3399 4959 voluntatis
3437 4918 3535 4973 es,

230 5004 357 5051 sem
390 4991 443 5048 in
474 4991 568 5048 tali
598 4993 793 5064 copula
821 4994 1183 5063 constitutus,
1209 4993 1276 5048 ad
1307 4992 1469 5049 ﬁdem
1499 4992 1663 5049 fuerit
1687 5008 1847 5050 voca-
1946 4992 1993 5047 si
2017 5006 2121 5047 non
2149 4992 2231 5046 vis
2260 5006 2381 5047 esse
2405 4993 2599 5062 major,
2624 5002 2745 5050 esto
2772 4996 2859 5051 vel
2895 4997 3096 5053 minor.
3129 4996 3341 5067 Nuptiae
3390 4996 3538 5053 enim

224 5095 331 5143 lus
358 5128 374 5152 ,
410 5099 517 5140 non
542 5083 745 5141 debere
772 5099 896 5141 eum
926 5083 1207 5156 conjugale
1234 5084 1510 5139 vinculum
1536 5084 1765 5142 solvere.
1947 5093 2227 5156 peccatum
2260 5098 2366 5140 non
2394 5092 2558 5141 sunt:
2590 5086 2683 5142 sed
2716 5102 2815 5157 per
2862 5088 3284 5144 sollicitudinem
3316 5089 3539 5159 mundi,

314 5178 657 5234 Circumcisio
687 5176 819 5232 nihil
845 5186 950 5245 est,
994 5188 1043 5233 et
1086 5178 1400 5250 prwpulium
1450 5175 1581 5232 nihil
1609 5186 1711 5245 est,
1760 5178 1851 5233 sed
1953 5179 2045 5249 qui
2074 5178 2281 5233 nubunt
2301 5219 2315 5244 ,
2343 5179 2515 5251 legem
2548 5194 2767 5238 servare
2792 5181 2879 5237 vix
2907 5189 3156 5252 possunt.
3183 5182 3395 5239 Aliter:
3420 5182 3545 5241 Illos

231 5273 543 5331 observatio
586 5272 957 5329 mandatorum
1004 5270 1125 5327 Dei.
1160 5271 1274 5329 Hoc
1304 5281 1547 5343 tempore
1596 5288 1697 5330 nec
1726 5288 1852 5345 pro-
1954 5271 2086 5328 dicit
2111 5286 2217 5327 non
2246 5287 2473 5343 peccare
2500 5273 2545 5329 si
2580 5273 2817 5343 nubant,
2850 5275 2939 5343 qui
2971 5274 3207 5329 nondum
3241 5274 3354 5332 Deo
3381 5291 3548 5333 vove-

227 5370 411 5426 desse
439 5368 683 5438 poterit,
718 5381 819 5424 nec
863 5367 1077 5423 obesse.

323 5458 693 5532 Unusquisque
721 5460 777 5515 in
800 5476 904 5532 qua
924 5460 1192 5515 vocatione
1216 5468 1423 5515 uocatus
1443 5468 1517 5515 est
1534 5503 1549 5527 ,
1573 5460 1627 5515 in
1653 5475 1711 5515 ea
1735 5474 1853 5533 per-

230 5561 480 5611 maneat.
512 5550 703 5608 Servus
724 5560 935 5607 vocatus
960 5568 1013 5608 es
1029 5594 1043 5620 ,
1067 5569 1173 5607 non
1198 5553 1266 5606 sit
1288 5553 1380 5607 tibi
1407 5567 1564 5609 curat.
1587 5553 1852 5610 Christia-

244 5661 341 5703 na:
378 5643 627 5716 religioni
658 5644 903 5701 conditio
932 5660 1038 5700 non
1070 5652 1247 5716 potest
1273 5644 1473 5703 obesse
1515 5646 1746 5703 servilis.
1774 5644 1853 5702 Ne

238 5739 447 5796 dicas:
479 5753 610 5808 ergo
638 5738 913 5807 quomodo
942 5737 1055 5794 Deo
1086 5751 1304 5808 possum
1332 5738 1549 5808 placere
1568 5779 1585 5807 ,
1612 5738 1703 5810 qui
1732 5752 1852 5796 ser-

242 5846 364 5889 vus
392 5830 548 5887 sum?
575 5828 721 5887 Deus
746 5830 891 5887 enim
923 5846 1030 5887 non
1057 5831 1428 5891 conditionem
1460 5832 1700 5907 aspicit,
1756 5832 1853 5893 sed

252 5927 594 5987 voluntatem
620 5924 817 5999 quierit
841 5932 899 5984 et
930 5931 1190 5984 mentem.
1716 5938 1725 5945 ‘

1954 5364 2066 5421 rint
2089 5367 2419 5421 castitatem.
2446 5365 2715 5422 Carterum
2738 5411 2752 5436 ,
2777 5366 2866 5434 qui
2891 5365 2975 5421 vel
3007 5367 3059 5420 in
3091 5366 3259 5423 corde
3291 5383 3392 5425 suo
3425 5384 3549 5439 pro-

1952 5455 2136 5523 misit,
2184 5456 2229 5512 si
2281 5455 2424 5511 aliud
2459 5456 2685 5524 fecerit,
2732 5456 2894 5512 habet
2943 5456 3347 5514 damnationem
3377 5476 3390 5513 :
3420 5461 3547 5529 quia

1953 5547 2183 5619 primam
2208 5546 2370 5603 ﬁdem
2405 5550 2610 5603 irritam
2640 5548 2785 5603 fecit.
2807 5547 2964 5614 Quod
2995 5549 3139 5605 enim
3172 5561 3290 5606 erat
3316 5550 3549 5619 licitum,

1954 5648 2267 5712 pervotum
2306 5641 2409 5696 sibi
2442 5640 2570 5696 fecit
2602 5638 2885 5696 illicitum:
2911 5642 3054 5697 sicut
3085 5641 3309 5697 Ananiae
3335 5650 3392 5697 et
3417 5642 3553 5713 Sap-

1955 5733 2157 5805 phirae,
2192 5734 2389 5806 quibus
2414 5733 2483 5790 de
2526 5734 2702 5804 pretio
2750 5734 3111 5806 possessionis
3152 5750 3265 5791 sua:
3313 5735 3553 5794 retinere

1955 5829 2094 5886 nihil
2136 5830 2324 5886 licuit:
2353 5828 2423 5888 ob
2455 5842 2617 5900 quam
2646 5843 2867 5889 causam
2909 5837 2964 5888 et
2993 5827 3176 5888 subita
3214 5839 3390 5889 morte
3429 5845 3555 5904 pro-

1956 5922 2112 5984 strati
2137 5932 2283 5982 sunt.
