3978 6286
567 332 670 390 739

1605 333 1664 394 s.
1709 334 2091 394 inenost
2131 335 2417 398 OPEBUM
2456 338 2814 412 MaNTlSSA.
2881 337 2898 357 ί
3733 346 3811 406 uo
3911 337 3914 412 ἓ

631 451 1031 507 Tribnlationem
1049 459 1222 506 tamen
1241 451 1413 507 carnis
1432 451 1688 509 habebunt
1711 453 2234 528 liujasmodiJiazA
2258 457 2373 514 haec
2401 475 2500 515 nec
2535 462 2732 518 marito
2768 461 2956 533 (quem
3001 475 3110 520 non
3145 445 3332 536 liabet)
3379 464 3552 538 possit
3603 464 3811 538 placere,

555 544 762 601 ledicto
790 561 847 600 se
881 546 1004 599 Eva:
1034 542 1421 616 subjicientes,
1449 545 1564 603 sive
1599 547 2024 605 sollicitudinem
2051 564 2153 606 ste-

559 636 760 692 cularis
788 637 1160 692 tribulationis
1186 647 1241 692 et
1270 636 1502 692 tristitiae
1536 637 1827 716 patientur.
2088 621 2096 634 ’

549 713 552 716 λ
631 729 740 802 Ego
773 740 944 784 autem
984 730 1122 785 vobis
1151 748 1328 804 parco.
1381 727 1551 787 Vobis
1581 713 1916 802 virginibus,
1963 741 2024 788 ut
2052 734 2153 789 mi-

555 824 676 880 nori
708 820 890 880 labore
922 825 1184 895 majorem
1221 825 1443 894 possitis
1473 825 1696 895 implere
1719 825 2006 896 justitiam.

634 916 746 972 Hoc
774 920 946 990 itaque
968 919 1106 988 dico,
1135 917 1346 988 fratres.
1372 917 1470 974 llic
1493 920 1639 974 omni
1668 919 1966 974 intentione
1989 922 2150 976 etiam

557 1009 827 1067 habentes
871 1015 1078 1066 uxore‘s
1134 1010 1200 1066 ad
1263 1012 1652 1068 c0ntinentiam
1705 1012 2041 1084 cohortatur,
2094 1023 2178 1068 ut-

557 1106 728 1160 multo
759 1105 927 1175 magis
953 1105 1180 1160 suadeat
1203 1122 1308 1160 non
1341 1106 1546 1162 nubere
1574 1122 1679 1162 non
1715 1106 1994 1164 habentes.

631 1199 857 1272 Tempus
903 1199 1052 1254 breve
1098 1209 1214 1254 est:
1244 1199 1495 1270 reliquum
1523 1210 1628 1270 est,
1674 1210 1728 1255 ut
1759 1209 1807 1255 et
1834 1202 1918 1272 qui
1967 1200 2153 1256 habent

556 1309 764 1359 uxores,
793 1287 1054 1364 tamquam
1075 1309 1181 1347 non
1215 1293 1454 1348 habentes
1492 1295 1616 1348 sint.
1641 1294 1878 1365 Tempus
1905 1293 2028 1350 vitae
2055 1308 2152 1350 no-

553 1397 682 1440 strae
729 1383 998 1440 modicum
1029 1384 1226 1440 asserit
1255 1403 1268 1438 :
1324 1395 1386 1442 ut
1414 1385 1603 1440 doceat
1630 1387 2000 1456 voluptatem,
2031 1403 2150 1460 qua:

556 1484 668 1541 cito
696 1480 900 1554 ﬁnitur,
937 1499 1042 1536 non
1074 1497 1400 1554 magnOpere
1426 1482 1783 1552 appetendam
1811 1501 1824 1538 :
1853 1483 1949 1539 sed
1975 1484 2150 1553 magis

558 1578 1057 1648 ciincupiscendum
1115 1591 1241 1633 esse
1308 1586 1570 1632 aeternum
1627 1579 1912 1648 prtemium
1984 1578 2146 1635 casti-

555 1683 602 1730 ta
613 1675 701 1732 tis.
1699 1739 1711 1759 θ

629 1765 697 1820 Et
723 1766 810 1834 qui
835 1767 962 1837 flent
981 1806 997 1832 ,
1023 1775 1280 1835 tamquam
1301 1780 1404 1819 non
1431 1766 1612 1847 flentes
1636 1779 1656 1820 :
1696 1773 1743 1818 et
1765 1765 1855 1837 qui
1883 1766 2141 1839 gaudent,

2255 566 2357 608 nec
2379 552 2534 609 Deo?

2327 644 2496 702 Porro
2521 645 2618 700 hoc
2644 647 2714 702 ad
2739 648 3016 704 utilitatem
3063 660 3284 708 vestram
3319 651 3434 706 dico
3468 668 3488 707 :
3514 669 3624 708 non
3666 662 3717 708 ut
3758 654 3816 709 la-

2253 755 2441 810 queum
2460 741 2600 794 vobis
2621 741 2879 812 injiciam,
2912 742 3000 798 sed
3029 744 3097 800 ad
3125 744 3180 798 id
3210 745 3347 815 quod
3377 743 3651 802 honestum
3678 756 3759 813 est,
3778 757 3813 802 et

2254 837 2392 907 quod
2416 836 2715 906 facultatem
2742 840 2965 906 prtebeat
2994 843 3106 898 sine
3155 843 3521 913 impedimento
3573 845 3810 902 Dominum

2255 925 2584 982 obsecrandi.
2629 927 3021 990 Necessitatem
3070 935 3181 992 illis
3237 935 3453 996 videtur
3501 940 3804 1008 imponere:

2255 1017 2399 1073 Dicit
2423 1035 2504 1087 se,
2535 1021 2663 1092 quid
2685 1022 2795 1080 illis
2819 1025 3076 1096 expediat
3115 1043 3466 1090 commonere
3508 1045 3626 1085 eos.
3671 1031 3809 1088 Simul

2255 1113 2505 1178 attende.
2532 1115 2662 1187 quia
2685 1118 2728 1172 si
2759 1117 2863 1175 hoc
2887 1119 2993 1182 illis
3024 1122 3156 1196 utile
3183 1119 3322 1194 erat,
3355 1124 3502 1196 quod
3545 1126 3800 1196 Apostolus

2255 1209 2564 1276 suadebat;
2598 1209 2730 1270 illud
2758 1213 2938 1271 minus
2968 1213 3112 1297 futile
3159 1226 3308 1285 erat,
3359 1217 3510 1290 quod
3560 1217 3636 1275 illi
3674 1223 3796 1278 vole-

2253 1300 2402 1384 bant.

2328 1396 2390 1451 Si
2415 1398 2528 1468 quis
2555 1409 2726 1455 autem
2761 1408 2962 1474 turpem
2988 1420 3042 1459 se
3062 1404 3226 1464 uideri
3254 1405 3518 1462 existimat
3556 1423 3702 1478 super
3728 1409 3803 1464 air-

2249 1489 2369 1561 gine
2388 1506 2505 1558 sua,
2534 1493 2675 1563 quod
2697 1495 2764 1550 sit
2793 1496 3152 1569 superadulta.
3224 1498 3420 1570 Turpis
3475 1500 3650 1562 videri
3695 1513 3804 1574 pote-

2250 1582 2324 1637 rit
2345 1583 2389 1638 si
2419 1584 2728 1654 cupientem
2758 1588 3018 1662 virginem
3051 1606 3206 1651 suam
3251 1593 3460 1650 nubere
3483 1608 3601 1650 non
3631 1598 3806 1666 permit-

2250 1683 2351 1742 tat,
2419 1685 2474 1734 et
2538 1677 2631 1734 illa
2687 1678 2857 1737 fuerit
2921 1681 3210 1742 fornicata.
3244 1683 3376 1744 Item
3414 1685 3520 1743 hoc
3577 1688 3702 1746 loco
3732 1706 3799 1745 non

2250 1771 2657 1841 parentesdicit
2701 1773 2974 1848 virginum
3024 1773 3261 1834 ﬁliarum
3291 1796 3305 1835 :
3335 1795 3513 1851 neque
3553 1783 3706 1840 enim
3738 1800 3797 1854 po-

560 1875 822 1940 tamquam
846 1878 947 1915 non
986 1861 1266 1934 gaudentes
1291 1876 1309 1915 :
1337 1869 1380 1914 et
1413 1861 1498 1932 qui
1522 1869 1699 1914 emunt
1721 1900 1738 1928 ,
1764 1868 2023 1930 tamquam
2050 1877 2151 1916 non
2181 1854 2232 1931 B
2259 1863 2468 1919 testatis
2494 1864 2706 1945 illorum
2733 1877 2919 1935 potest
2947 1883 3072 1924 esse
3099 1869 3441 1942 propositum
3489 1871 3696 1929 aliene
3717 1889 3802 1930 con-

557 1957 920 2031 possidentes:
944 1964 989 2008 et
1018 1954 1105 2024 qui
1136 1963 1352 2009 utuntur
1379 1952 1475 2008 hoc
1502 1955 1692 2008 mundo
1717 1995 1732 2019 ,
1757 1962 2021 2026 tamquam
2047 1970 2149 2008 non

564 2060 796 2106 utantur.
823 2049 961 2116 Quia
989 2057 1046 2103 et
1099 2047 1245 2101 istud
1301 2047 1354 2100 in
1407 2045 1559 2100 brevi
1616 2045 1905 2101 transibit:
1939 2057 2147 2117 tempus

556 2129 703 2202 enim
739 2144 916 2200 omnis
945 2141 1040 2197 rei.
1073 2141 1175 2198 sub
1227 2141 1381 2196 sole:
1435 2148 1649 2211 tempus
1706 2139 2039 2212 plangendi,
2096 2148 2151 2195 et

555 2249 780 2293 cmtera.

635 2331 876 2386 Prwterit
902 2329 1035 2384 enim
1063 2328 1234 2402 ﬁgura
1277 2326 1437 2396 huius
1477 2325 1673 2382 mundi.
1723 2325 1839 2382 lloc
1885 2323 2146 2381 saeculum

558 2429 712 2499 quasi
764 2426 954 2480 umbra
1007 2423 1320 2492 pertransit.
1370 2419 1545 2476 Nolite
1593 2434 1722 2490 ergo
1771 2419 1838 2475 de
1890 2434 1956 2475 eo
2015 2419 2152 2474 mul-

551 2532 669 2578 tum
717 2535 836 2576 esse
886 2517 1143 2587 solliciti,
1197 2531 1264 2572 ne
1318 2514 1477 2586 hujus
1533 2512 1880 2584 possessione
1909 2511 2149 2583 pcrdatis

559 2627 841 2669 teternam.
898 2611 967 2665 Et
1024 2609 1249 2682 liguram
1281 2615 1615 2678 quaerentes,
1668 2605 1942 2676 incipiatis
1991 2605 2148 2659 amit—

556 2716 670 2764 tere
723 2705 1033 2760 veritatem.
1085 2703 1181 2759 llic
1229 2703 1374 2759 enim
1429 2699 1663 2758 mundus
1693 2744 1708 2768 ,
1753 2702 1930 2772 imago
1982 2699 2146 2755 futuri

571 2809 674 2857 est.
705 2798 761 2856 Si
791 2814 919 2870 ergo
952 2797 1071 2854 talis
1102 2808 1186 2853 est
1212 2796 1390 2866 imago
1413 2837 1428 2861 ,
1455 2796 1573 2866 ipsa
1597 2793 1798 2850 veritas
1829 2795 2004 2864 qualis
2026 2792 2147 2848 est?

557 2892 714 2954 Unde
743 2893 786 2947 si
818 2891 921 2949 hoc
948 2903 1055 2946 tam
1087 2890 1333 2960 impense
1357 2886 1616 2957 diligitis,
1641 2895 1842 2957 quanto
1873 2886 2046 2958 magis
2086 2885 2148 2940 il-

553 2988 643 3040 lud
669 2985 968 3054 impensius
995 2998 1178 3037 amare
1201 2981 1411 3036 debetis
1433 2980 1446 3033 l
1469 2978 1601 3034 Nam
1631 2979 1885 3034 saeculum
1911 2978 2016 3033 hoc
2045 2967 2145 3032 nos

556 3078 902 3143 dimissuros,
933 3073 1249 3146 quotidiana
1279 3071 1626 3127 morientium
1666 3071 1911 3142 exempla
1943 3078 2144 3127 testan-

552 3183 658 3227 tur.
694 3170 773 3225 An
807 3169 950 3224 forte
1004 3178 1104 3223 nes
1134 3164 1408 3222 credimus
1440 3164 1780 3219 immortales
1803 3204 1820 3230 ,
1853 3163 2002 3232 quasi
2039 3178 2142 3227 nos

551 3265 726 3320 simus
747 3278 811 3318 ex
849 3260 1165 3316 hominibus
1189 3258 1473 3331 generati?
1495 3255 1651 3314 Unde
1679 3256 1897 3326 sapiens
1928 3271 2141 3324 semper
2168 3247 2216 3316 C

553 3357 786 3412 aliorum
816 3356 1033 3410 casibus
1061 3353 1413 3409 emendatur:
1440 3352 1652 3406 dicente
1684 3349 1962 3421 Scriptura
1990 3368 2003 3404 :
2031 3349 2141 3403 Cor

549 3449 814 3521 sapientis
841 3447 894 3502 in
923 3446 1086 3503 domo
1111 3447 1312 3501 luctus.
1344 3445 1440 3502 llic
1466 3445 1616 3500 enim
1647 3443 1769 3498 ﬁnis
1797 3441 1944 3497 omni
1969 3441 2141 3498 homi-

549 3547 604 3604 ni
632 3564 644 3599 :
672 3555 725 3601 et
752 3546 840 3599 cui
875 3544 1023 3608 vult,
1049 3543 1196 3597 dabit
1223 3541 1420 3596 bonum
1454 3541 1508 3594 in
1537 3539 1703 3594 corde
1735 3554 1854 3595 suo.

629 3636 761 3692 Volo
793 3647 961 3690 autent
995 3653 1080 3690 vos
1109 3636 1224 3689 sine
1253 3632 1603 3688 sollicitudine
1625 3649 1755 3688 esse.
1787 3631 2057 3690 Debemus
2089 3645 2142 3689 et

547 3744 651 3786 nos
681 3729 838 3798 velle,
868 3726 1012 3800 quod
1045 3715 1342 3797 Apostolus
1365 3727 1508 3781 velle
1547 3741 1606 3781 se
1640 3727 1772 3780 dicit
1800 3745 1812 3779 :
1841 3743 1910 3782 ne
1957 3727 2142 3784 incon-

549 3821 812 3888 tinentes,
844 3829 1032 3876 contra
1063 3819 1179 3889 ejus
1213 3818 1499 3873 videamur
1521 3816 1701 3874 facere
1742 3820 2104 3888 voluntatem.

619 3916 720 3982 Qui
749 3917 860 3970 sine
890 3930 1049 3968 uxore
1074 3925 1167 3978 est,
1191 3913 1453 3967 sollicitus
1481 3921 1577 3981 est,
1601 3927 1715 3984 quea
1744 3909 1959 3967 Domini
1994 3924 2134 3983 sunt,

541 4006 802 4083 quomodo
833 4007 1034 4085 placeat
1056 4003 1187 4061 Deo.
1233 4007 1333 4073 Qui
1363 4004 1538 4062 autem
1575 4023 1691 4060 cum
1717 4024 1877 4063 uxore
1905 4017 2002 4076 est,
2032 4009 2138 4063 sol-

543 4107 717 4160 licitas
773 4113 844 4160 est
899 4119 1015 4176 qua:
1039 4113 1158 4156 sunt
1188 4103 1391 4158 mundi.
1435 4102 1660 4158 Multum
1710 4102 1866 4159 nobis
1920 4103 2138 4174 expedit

542 4196 913 4254 sollicitudine
946 4212 1136 4250 carere
1169 4195 1467 4262 mundana,
1503 4212 1568 4251 ne
1599 4195 1742 4251 forte
1771 4197 1942 4266 spinae
1972 4195 2138 4252 sulfu-

539 4301 664 4346 cent
695 4304 914 4352 semen,
949 4295 1003 4343 et
1028 4288 1212 4358 dicere
1265 4287 1627 4358 incipiamus:
1666 4286 1857 4344 Villam
1916 4305 2138 4361 compa-

541 4384 683 4450 ravi,
711 4383 878 4438 boves
909 4382 1036 4449 emi,
1059 4387 1295 4453 iuxorem
1340 4381 1506 4450 duxi,
1559 4381 1623 4438 ad
1678 4397 1890 4440 orenam
1947 4383 2135 4440 venire

543 4497 649 4537 non
695 4495 937 4552 possum.

493 4559 509 4581 ”
615 4551 887 4644 Quomodo
917 4574 1119 4646 placeat
1164 4551 1340 4630 uxori.
1399 4572 1570 4646 Quale
1623 4583 1711 4631 est
1752 4577 1909 4632 uxori
1960 4577 2129 4649 magis

540 4673 680 4728 velle
710 4671 949 4740 placere,
980 4686 1141 4741 quam
1172 4670 1326 4726 Deo?
2037 4667 2039 4670 ⁴

611 4765 678 4824 Et
703 4765 896 4821 divisus
927 4774 1020 4820 est.
1046 4764 1198 4834 Quod
1223 4764 1452 4820 divisum
1482 4775 1590 4843 est,
1612 4782 1781 4824 unum
1811 4784 1917 4825 non
1950 4777 2132 4840 potest

535 4879 660 4924 esse
692 4863 852 4938 :quia
886 4860 1064 4918 unitas
1112 4860 1438 4918 divisionem
1479 4864 1703 4919 omnino
1752 4879 1858 4922 non
1911 4867 2128 4938 accipit.

609 4957 677 5012 Et
703 4955 886 5012 mulier
918 4955 1134 5020 innupta
1177 4961 1224 5008 et
1277 4957 1420 5026 virgo
1447 4997 1462 5022 ,
1513 4957 1701 5029 cogitat
1757 4974 1874 5029 qua:
1916 4954 2133 5016 Domini

531 5061 652 5108 sunt
677 5069 694 5110 ε
724 5061 779 5107 ut
809 5050 874 5106 sit
895 5059 1075 5105 sancta
1099 5065 1312 5120 corpore
1335 5058 1382 5104 et
1412 5050 1620 5121 spiritu.
1645 5052 1887 5123 Corpore
1913 5054 1983 5110 ab
2029 5070 2129 5109 usu

538 5146 812 5220 conjugali
838 5162 852 5200 :
878 5144 1094 5215 spiritu,
1122 5158 1150 5197 a
1182 5158 1361 5200 rerum
1409 5144 1807 5200 mundanorum
1863 5148 2129 5205 sollicitu-

535 5239 665 5312 dine
693 5256 707 5297 :
731 5238 858 5294 dum
892 5246 1004 5294 tota
1029 5237 1215 5293 divino
1241 5237 1468 5294 servitio
1512 5239 1872 5308 mancipatur.

613 5330 740 5398 Qua:
761 5340 930 5385 autem
960 5338 1122 5400 nupta
1150 5341 1245 5399 est,
1274 5333 1464 5404 cogitat
1490 5348 1604 5402 qua:
1629 5343 1748 5387 sunt
1771 5334 1972 5406 mandi,
1993 5351 2125 5404 quo-

542 5423 696 5479 modo
724 5422 925 5494 placeat
954 5424 1082 5478 viro.
1117 5423 1350 5494 Nuptam
1380 5424 1494 5478 viro
1517 5425 1737 5496 placere
1767 5429 1990 5496 asserit,
2029 5445 2127 5486 eo-

531 5515 754 5592 gitando
782 5530 901 5586 quae
923 5515 1108 5571 mundi
1130 5526 1258 5571 sunt
1287 5533 1300 5570 :
1329 5515 1611 5584 innuptam
1639 5535 1771 5574 vero
1795 5520 1926 5586 Deo,
1975 5521 2120 5591 quod

535 5611 617 5667 illi
651 5609 798 5665 nulla
829 5622 965 5663 cura
993 5607 1066 5662 sit
1095 5608 1302 5663 smeuli.
1327 5606 1459 5677 Quae
1485 5625 1616 5681 ergo
1645 5611 1820 5668 virum
1869 5629 1978 5669 non
2028 5615 2123 5668 ba-

531 5704 648 5772 .pct,
674 5713 738 5774 et
766 5713 944 5758 tamen
980 5716 1100 5772 quze
1133 5702 1318 5758 mundi
1346 5712 1494 5769 sunt,
1521 5704 1759 5772 cogitat:
1791 5705 1879 5761 cui
1909 5708 2122 5778 placere

527 5798 850 5860 desiderat?
873 5796 1064 5854 Nonne
1098 5795 1318 5869 incipiet
1370 5798 1452 5855 illi
1487 5806 1653 5870 nupta
1684 5802 1950 5871 praeponi,
2003 5819 2122 5873 quae

537 5889 824 5960 cogitando
855 5888 1158 5957 mundana,
1194 5890 1532 5962 complacet,
1579 5891 1666 5950 vel
1703 5894 1902 5952 marito
1924 5937 1938 5962 ,
1991 5911 2117 5956 cum

2256 1957 2530 2022 tinentiae;
2559 1955 2653 2012 sed
2683 1974 3132 2032 unumquemque
3159 1962 3365 2019 habere
3401 1965 3648 2036 propria:
3675 1964 3805 2022 carnis

2251 2051 2558 2124 arbitrium,
2586 2067 2704 2108 eam
2731 2052 3103 2130 incorruptam
3131 2071 3377 2115 servare.

2328 2144 2394 2197 Et
2417 2145 2490 2199 ita
2519 2154 2721 2215 Oportet
2749 2147 2885 2215 ﬁeri,
2915 2147 3055 2220 quod
3082 2147 3214 2216 uult,
3237 2149 3405 2220 faciat
3437 2167 3457 2206 :
3487 2168 3594 2210 nou
3649 2161 3805 2225 peccet,

2252 2238 2297 2291 si
2326 2238 2506 2292 nubat.
2539 2237 2597 2294 Si
2630 2239 2700 2294 ita
2732 2254 2958 2295 necesse
2984 2240 3144 2296 fuerit
3176 2251 3396 2313 propter
3426 2243 3556 2310 tilias
3588 2248 3803 2302 volunta-

2240 2340 2410 2386 tem:
2447 2347 2569 2388 nam
2613 2345 2869 2403 parentes
2918 2333 3142 2404 quidem
3194 2351 3369 2407 usque
3423 2337 3493 2394 ad
3550 2339 3808 2411 legitimam

2253 2432 2469 2480 aetatem
2527 2426 2802 2482 custodire
2829 2427 3054 2493 debent,
3105 2439 3159 2486 et
3206 2429 3424 2498 docere,
3453 2433 3602 2502 quod
3649 2433 3814 2498 pretim

2251 2524 2366 2579 eSt;
2416 2515 2460 2570 si
2489 2523 2672 2572 autem
2703 2516 2794 2571 illa
2821 2517 3088 2590 noluerit,
3116 2518 3210 2574 liat
3232 2521 3380 2591 quod
3409 2536 3638 2579 necesse
3668 2533 3757 2582 eu.

2328 2607 2472 2662 Nam
2495 2610 2588 2681 qui
2612 2611 2790 2666 statuit
2812 2611 2866 2666 in
2893 2612 3048 2665 corde
3072 2630 3166 2668 suo
3194 2614 3522 2683 firmus,non
3543 2614 3734 2672 habent
3747 2633 3814 2672 Ie-

2254 2703 2541 2778 cessitatem
2565 2720 2584 2759 :
2609 2713 2913 2773 potestatem
2938 2716 3114 2761 autem
3145 2704 3343 2762 habens
3381 2725 3492 2765 sua
3535 2708 3814 2774 uohsutatis,

2250 2792 2416 2848 ethoc
2432 2794 2692 2867 judicavit
2716 2781 2771 2849 in
2797 2796 2951 2850 corde
2974 2814 3092 2868 suo,
3129 2805 3335 2855 servare
3376 2801 3630 2874 uirginem
3680 2819 3814 2866 suam.

2251 2887 2376 2942 bene
2412 2885 2563 2956 facit.
2591 2885 2688 2942 llle
2720 2885 2910 2942 ﬁrmus
2937 2891 3147 2955 statuit,
3192 2891 3348 2963 cujus
3371 2893 3574 2965 puella:
3613 2909 3818 2951 consen-

2249 2993 2373 3048 sus,
2425 2978 2594 3048 patris
2653 2980 2952 3035 lirmaverit
3003 2983 3360 3040 voluntatem.
3407 2985 3474 3041 Et
3521 3000 3633 3046 non
3687 2988 3813 3043 illum

2249 3072 2530 3141 compellit
2558 3070 2682 3127 tilite
2707 3074 3007 3132 necessitas
3035 3073 3250 3145 facere,
3279 3075 3426 3148 quod
3475 3077 3736 3148 nolebat,
3763 3078 3825 3134 si-

2247 3173 2336 3219 Cut
2365 3163 2514 3218 illttm
2540 3163 2606 3218 de
2633 3180 2741 3235 quo
2768 3179 2933 3236 supra
2959 3166 3170 3222 locutus
3194 3177 3300 3227 est.

2320 3256 2513 3331 Igitur,
2565 3267 2612 3312 et
2671 3259 2760 3332 qui
2801 3262 3128 3315 matrimonio
3163 3263 3344 3337 jungit
3384 3263 3638 3334 virginem
3672 3280 3818 3334 suam,

2246 3351 2373 3408 bene
2405 3350 2530 3425 facit
2553 3369 2573 3420 ,°
2597 3361 2644 3406 et
2671 3353 2760 3424 qui
2787 3369 2889 3408 non
2929 3355 3106 3426 jungit
3129 3396 3144 3423 ,
3179 3357 3365 3410 melius
3389 3358 3520 3429 facit
3551 3374 3570 3414 :
3608 3358 3681 3414 Ita
3707 3372 3823 3413 con-

2243 3444 2709 3513 cluditvirginum
2738 3461 2988 3511 causam,
3020 3441 3098 3502 'ut
3139 3462 3232 3504 eas
3257 3433 3426 3503 iaciat
3480 3451 3535 3506 in
3583 3449 3814 3516 omnibus

2241 3538 2523 3594 meliores.
2556 3536 2713 3594 Unde
2736 3536 3093 3608 prudentibus
3118 3552 3343 3620 semper
3377 3540 3597 3598 meliora
3623 3552 3674 3596 et
3702 3555 3816 3611 per-

2243 3629 2466 3690 fectiora
2498 3631 2754 3687 sectanda
2794 3642 2959 3687 sunt:
2999 3633 3120 3702 quia
3161 3649 3263 3690 nec
3317 3635 3374 3690 in
3426 3634 3794 3702 molaribus,

2241 3735 2295 3782 et
2325 3724 2542 3781 caducis
2571 3732 2772 3779 norunt
2803 3723 3176 3781 mediocribus
3205 3740 3332 3782 esse
3365 3727 3612 3784 contenti.

2229 3815 2232 3820 ’
2315 3817 2511 3873 Mulier
2535 3818 2752 3890 alligata
2783 3826 2854 3871 est
2877 3816 2996 3889 legi,
3025 3829 3220 3888 quanto
3249 3826 3478 3892 tempore
3504 3820 3576 3874 oir
3607 3819 3720 3890 ejus
3741 3817 3817 3873 ei-

2240 3914 2332 3969 vit.
2362 3907 2462 3966 Hic
2496 3912 2685 3982 incipit
2709 3897 2777 3968 de
2803 3909 3032 3982 bigamis
3054 3920 3110 3968 et
3139 3912 3344 3984 viduis.

2315 4003 2467 4077 Quod
2495 4005 2540 4059 si
2565 4003 2830 4058 dormierit
2861 3995 2938 4057 uir
2968 4005 3100 4072 eius,
3129 4003 3348 4074 liberata
3375 4014 3454 4062 est
3494 4023 3528 4060 a
3563 4006 3690 4080 lege.
3735 4005 3819 4062 Cui

2240 4110 2414 4155 autem
2447 4100 2576 4168 vult,
2609 4095 2795 4164 nubat,
2822 4106 3021 4152 tantum
3045 4098 3098 4150 in
3134 4097 3378 4153 Domino.
3409 4099 3721 4156 Secundum
3747 4099 3816 4155 le-

2238 4213 2362 4270 gem
2388 4191 2557 4251 libera
2589 4191 2729 4250 facta
2760 4183 2845 4250 est
2881 4210 2911 4249 a
2958 4196 3175 4252 vinculo
3229 4197 3531 4268 conjugali.
3587 4199 3741 4267 Quod
3785 4196 3819 4251 si

2239 4307 2340 4348 nec
2366 4301 2491 4345 tunc
2516 4288 2799 4345 continere
2836 4281 3100 4356 voluerit,
3139 4290 3516 4354 conceduntur
3544 4292 3628 4347 illi
3675 4292 3816 4348 etiam

2239 4383 2496 4442 secundae
2547 4384 2780 4454 nuptize,
2821 4390 3059 4440 tantum.
3091 4392 3150 4442 ut
3201 4372 3502 4440 inﬁdelium
3555 4386 3671 4444 ritu
3728 4398 3814 4441 non

2237 4479 2424 4535 nubat.
3001 4547 3004 4550 Α
3348 4550 3350 4552 _

2311 4571 2526 4627 Beatior
2546 4580 2719 4626 autem
2740 4570 2869 4638 erit,
2916 4570 2961 4625 si
3002 4571 3080 4625 sic
3132 4572 3498 4648 permanserit,
3547 4573 3821 4628 secundum

2154 4649 2210 4717 Β
2236 4683 2404 4722 meum
2428 4665 2722 4721 consilium.
2757 4664 2919 4719 Beata
2951 4661 3158 4720 habens
3196 4664 3450 4722 maritum
3473 4709 3491 4734 ,
3541 4666 3592 4721 si
3646 4675 3817 4722 custo-

2237 4765 2351 4820 diat
2375 4761 2704 4818 castitatem.
2730 4758 2951 4815 Beatior
2982 4757 3137 4815 vidua
3159 4802 3173 4830 ,
3207 4759 3336 4828 quia
3369 4758 3588 4816 minore
3646 4759 3827 4816 labore

2235 4857 2499 4927 majorem
2533 4852 2777 4911 inveniet
2805 4852 3133 4909 castitatem.
3164 4851 3489 4908 Beatissima
3515 4854 3698 4924 virgo,
3715 4867 3826 4932 qua:

2233 4951 2354 5011 sine
2377 4948 2562 5005 labore
2584 4947 2650 5002 ad
2676 4962 2948 5003 summum
2992 4946 3272 5016 prtemium
3308 4948 3480 5018 possit
3521 4949 3828 5018 pervenire.

2307 5041 2444 5098 Puto
2470 5051 2642 5096 autem
2670 5039 2808 5112 quod
2839 5049 2886 5094 et
2924 5055 3017 5112 ego
3051 5039 3293 5112 spiritum
3337 5038 3436 5094 Dei
3480 5039 3728 5098 habeam.
3759 5037 3832 5096 Ne

2234 5154 2416 5197 meum
2447 5136 2734 5194 consilium
2770 5144 3044 5208 tamquam
3073 5133 3373 5200 humanum
3401 5135 3799 5202 contemnatis.

2821 5235 3048 5294 CAPUT
3094 5235 3233 5296 VIII.

2305 5332 2482 5390 Deliis
2501 5344 2831 5402 antem,qme
2875 5330 3034 5386 idolis
3082 5329 3480 5400 sacriﬁcantur.
3539 5329 3748 5403 Incipit
3773 5333 3842 5386 dc

2227 5426 2571 5499 idolothytis,
2597 5425 2667 5480 de
2698 5425 2896 5496 quibus
2919 5423 3083 5484 etiam
3124 5420 3363 5490 dixerat.
3414 5421 3552 5492 Quia
3583 5424 3837 5495 quidam

2231 5509 2286 5580 in
2319 5520 2535 5591 templis
2557 5518 2812 5581 edebant.
2849 5515 3050 5574 idolum
3081 5503 3219 5573 nihil
3263 5530 3390 5574 esse
3441 5515 3737 5585 dicentes,
3786 5527 3844 5575 et

2230 5629 2477 5679 creatura
2509 5615 2602 5674 Dei
2623 5632 2686 5672 se
2721 5615 2923 5672 debere
2968 5615 3048 5672 uti
3072 5633 3090 5668 .:
3123 5623 3180 5674 et
3219 5615 3485 5672 errabant
3535 5617 3840 5674 verisimili

2225 5712 2439 5769 ratione
2467 5710 2702 5780 decepti.
2747 5709 2864 5766 Hoc
2901 5707 3293 5779 increpandam
3331 5708 3635 5778 Apostolus
3695 5709 3842 5767 dicit
3942 5707 3943 5762 l

2227 5805 2294 5864 ad
2323 5819 2441 5872 eos,
2475 5805 2564 5874 qui
2589 5804 2791 5864 habent
2817 5803 3105 5866 scientiam
3123 5801 3482 5872 diiudicandi,
3508 5802 3644 5864 nihil
3673 5817 3836 5873 esse,

2226 5899 2371 5973 quod
2391 5897 2555 5957 idolis
2584 5897 2916 5962 immolatur.
2939 5896 3056 5958 Hoc
3099 5910 3230 5969 ergo
3253 5895 3332 5954 ait
3356 5914 3372 5952 :
