3978 6286
199 354 293 414 761

947 352 1488 412 COMMENTARIUS
1526 352 1595 411 IN
1632 332 2023 413 marcum
2062 350 2086 407 ι
2125 349 2215 409 ΑΙ)
2252 300 2409 410 don.
2441 352 2595 410 CAP.
2640 352 2733 412 IX.

3378 353 3489 416 782

267 467 643 539 Ξσὲηιιιδζᾳιιὶα
679 458 857 524 omnes
884 468 1151 524 scientiam
1178 468 1444 523 habemus.
1478 467 1533 522 id
1558 474 1793 531 est,'non
1825 470 1872 529 Α
1976 463 2081 519 Per
2112 481 2262 533 quem
2291 466 2496 533 omnia,
2530 475 2576 520 et
2602 482 2695 519 nos
2742 479 2835 537 per
2877 464 3073 536 ipsum.
3131 463 3236 522 Per
3289 464 3487 523 Filium

195 561 449 617 omnibus
469 571 553 617 est
574 561 786 616 notitia.
819 560 885 616 Et
907 577 1007 616 nos
1028 576 1219 617 omnes
1241 563 1490 617 novimus
1503 559 1646 619 sicut
1673 575 1788 632 vos,

192 654 288 711 sed
319 664 450 709 sunt
469 653 635 723 aliqui
664 652 760 724 qui
785 654 1060 723 ignorant.

267 745 507 804 Scientia
527 746 703 816 inﬂat.
740 746 831 800 Illa
862 746 1113 809 scicntia,
1138 761 1259 815 qua:
1281 761 1348 801 ex
1372 760 1535 801 sensu
1568 744 1793 815 proprio

191 850 246 898 et
268 839 513 897 humano
544 839 854 906 descendit,
885 854 985 897 eos
1026 841 1117 910 qui
1150 850 1350 911 printer
1386 855 1507 895 eam
1553 840 1791 893 divinam

190 947 302 987 non
334 930 644 997 habuerint,
676 930 854 997 inﬂat,
880 943 936 986 et
958 946 1079 1001 quas
1107 932 1437 1000 conjeCturis
1462 930 1629 999 magis
1663 930 1792 986 niti-

192 1035 302 1089 tur,
337 1037 500 1093 quam
543 1022 838 1092 exemplis.
889 1020 1158 1079 Cancrum
1190 1024 1235 1077 si
1273 1023 1451 1079 divina
1507 1023 1675 1092 inﬂat,
1737 1031 1795 1078 ut

192 1116 418 1186 quidam
448 1124 663 1185 putant,
699 1130 868 1186 quare
891 1116 1012 1170 illos
1040 1115 1273 1185 amplius
1296 1114 1409 1172 vult
1436 1113 1687 1173 docendo
1714 1114 1795 1169 in-

193 1207 371 1264 ﬂare?
394 1209 459 1264 Et
482 1208 537 1264 in
569 1208 840 1279 principio
870 1206 1045 1278 ipsius
1080 1208 1371 1277 Epistolas,
1400 1208 1601 1278 gratias
1629 1223 1688 1265 se
1718 1206 1794 1263 di-

190 1303 265 1360 cit
318 1302 435 1359 Deo
475 1318 637 1373 agere
687 1325 700 1361 :
750 1302 894 1371 quod
936 1303 1087 1365 omni
1142 1303 1374 1359 scientia
1429 1303 1536 1361 sint
1577 1302 1790 1372 repleti.

190 1396 361 1453 Suum
385 1410 605 1465 quoque
634 1395 762 1450 alibi
794 1398 1049 1465 preponit
1074 1396 1383 1465 exemplum
1412 1438 1427 1463 ,
1460 1396 1650 1450 dicens
1678 1412 1691 1448 :
1729 1396 1795 1451 Et

192 1491 230 1547 si
253 1489 549 1561 imperitus
571 1504 851 1557 sermone,
886 1489 981 1547 sed
1012 1505 1117 1545 non
1145 1489 1395 1547 scientia.
1443 1488 1601 1559 Saepe
1629 1490 1793 1545 etiam

194 1587 374 1656 arguit
404 1585 738 1655 ignorantes.
792 1584 857 1641 Et
882 1583 1245 1653 ignorantiam
1286 1582 1523 1641 tenebris
1569 1598 1791 1652 compa—

196 1680 359 1735 ravit.
393 1678 615 1735 Galatas
641 1691 799 1747 atque
826 1676 1073 1731 stultitiae
1118 1685 1301 1741 notat,
1350 1690 1563 1731 necnon
1611 1675 1795 1746 Ephe-

196 1772 290 1827 siis
316 1770 507 1826 lumen
539 1767 819 1837 sapientiae
848 1767 1167 1838 suppliciter
1193 1767 1542 1838 deprecatur.

1897 554 2078 612 onlnia
2104 556 2243 613 facta
2273 566 2401 614 sunt
2429 576 2442 611 :
2470 557 2563 614 sed
2592 567 2645 613 et
2672 572 2773 614 nos
2804 572 2903 629 per
2946 559 3124 628 ipsum
3147 575 3342 617 sumus
3385 561 3494 617 sal-

1891 650 2021 706 vati.

1970 743 2078 799 Sed
2105 760 2207 798 non
2234 744 2287 797 in
2305 744 2540 799 omnibus
2568 752 2640 798 est
2666 744 2901 798 scientia.
2928 741 3045 798 Non
3071 758 3261 799 omnes
3288 744 3490 814 sciunt,

1891 837 2015 908 quia
2041 852 2137 907 per
2166 843 2539 907 contemptum
2572 836 2841 893 idolorum
2869 846 2925 894 et
2954 851 3062 895 non
3106 839 3275 907 magis
3319 853 3490 894 vene-

1893 929 2119 985 rationis
2149 931 2321 999 gratia
2360 927 2729 985 manducetis.

1972 1020 2198 1087 Quidam
2227 1016 2400 1074 autem
2425 1038 2543 1075 cum
2599 1021 2912 1077 conscientia
2957 1038 3118 1090 usque
3155 1038 3297 1078 nunc
3336 1022 3487 1090 idoli,

1894 1114 2047 1185 quasi
2072 1113 2427 1186 idolathytum
2452 1115 2789 1183 manducant,
2820 1125 2865 1171 et
2891 1118 3204 1173 conscientia
3257 1118 3491 1191 ipsorum

1897 1221 2014 1261 cum
2041 1206 2110 1260 sit
2130 1206 2360 1272 inﬁrma,
2391 1207 2663 1278 polluitur.
2689 1207 2919 1275 Quidam
2949 1209 3120 1279 ignari
3146 1211 3228 1267 sic
3254 1211 3480 1281 habent,

1893 1299 2069 1356 adnue
2091 1298 2147 1355 in
2174 1301 2515 1357 conscientia
2552 1314 2651 1357 sua
2688 1300 2962 1373 quomodo
3016 1313 3306 1375 antequam
3360 1320 3484 1369 cre-

1894 1392 2109 1461 derent,
2143 1393 2564 1451 manducabant.

1970 1484 2109 1539 Esca
2140 1495 2316 1540 autem
2346 1502 2439 1539 nos
2469 1500 2575 1537 non
2615 1485 2941 1541 commendat
2986 1485 3119 1541 Deo.
3166 1485 3321 1543 Sicut
3361 1487 3493 1549 dicit

1894 1582 2136 1651 Aggmus
2160 1582 2470 1653 propheta:
2512 1582 2582 1640 Et
2628 1582 2675 1636 si
2727 1582 3097 1639 manducastis
3148 1594 3205 1640 et
3254 1582 3490 1652 bibistis,

1896 1687 2082 1729 nonne
2107 1671 2262 1729 vobis
2288 1671 2658 1730 manducastis
2680 1680 2738 1727 et
2764 1671 2978 1729 bibistis
3004 1673 3028 1727 ?

1972 1763 2157 1836 Neque
2174 1766 2312 1820 enim
2343 1766 2387 1819 si
2417 1765 2922 1832 manducaverimus,
2946 1764 3325 1825 abundabintus
3348 1783 3369 1826 ε
3391 1784 3455 1823 ne
3479 1794 3487 1805 ε

267 1862 516 1917 Charitas
538 1877 657 1914 vero
677 1859 926 1930 (adiﬁcat.
960 1858 1095 1927 Quia
1127 1874 1231 1915 non
1258 1858 1489 1930 quatrit,
1521 1873 1645 1930 quae
1694 1872 1791 1914 sua
1826 1856 1868 1921 Β
1895 1873 1994 1927 quc
2034 1859 2080 1911 si
2127 1873 2232 1912 non
2279 1857 2789 1924 ntanducauerimus,
2840 1858 3159 1926 deﬁciamus.
3216 1860 3316 1917 Cui
3345 1860 3493 1921 enim

204 1964 355 2019 sunt,
388 1954 480 2008 sed
508 1967 636 2025 quae
661 1951 932 2008 a-diticent
966 1951 1183 2007 fratres.

275 2047 339 2102 Si
366 2047 475 2118 quis
500 2058 677 2103 ciuem
705 2062 758 2099 se
786 2044 1051 2099 existimat
1084 2044 1217 2100 scire
1261 2044 1466 2114 aliquid
1488 2085 1503 2110 ,
1528 2099 1537 2112 ,
1558 2044 1793 2099 nondum

205 2139 443 2211 cognovit
474 2137 923 2207 quatttadmodum
968 2144 1201 2208 oporteat
1249 2153 1361 2191 eum
1389 2137 1543 2191 scire.
1588 2136 1645 2192 Si
1671 2138 1793 2207 quis

196 2231 300 2289 sibi
330 2232 547 2289 videtur
574 2230 816 2300 sapiens,
848 2230 1051 2286 stultus
1078 2239 1202 2296 est;
1239 2229 1333 2301 qui
1364 2229 1505 2285 enim
1550 2244 1677 2285 vere
1703 2246 1794 2285 sa-

202 2327 355 2391 piens
403 2334 529 2390 est,
578 2322 1015 2393 insipientiorem
1059 2337 1118 2376 se
1167 2323 1421 2377 omnibus
1476 2322 1789 2378 arbitratur.

206 2416 349 2473 Unde
376 2418 638 2474 Salomon
669 2417 779 2474 ait:
803 2416 920 2472 Vidi
946 2418 1119 2475 virum
1140 2458 1155 2483 ,
1182 2418 1270 2488 qui
1295 2417 1400 2472 sibi
1432 2417 1649 2487 sapiens
1673 2434 1795 2473 esse

200 2513 508 2580 videbatur,
533 2524 587 2568 et
602 2527 753 2581 spem
786 2511 973 2567 habuit
1002 2511 1265 2582 insipiens
1291 2512 1463 2581 magis
1482 2527 1643 2581 quam
1676 2514 1790 2569 ille.

268 2606 330 2662 Si
362 2607 479 2678 quis
507 2616 679 2662 autem
711 2606 888 2677 diligit
919 2605 1106 2670 Deum,
1141 2605 1226 2660 hic
1257 2606 1494 2677 cognitus
1514 2615 1591 2661 est
1620 2606 1684 2661 ab
1710 2623 1791 2663 eo.

216 2700 316 2753 ille
342 2698 507 2770 diligit
528 2701 721 2765 Deum,
752 2699 844 2771 qui
875 2699 1104 2754 aediﬁcat
1135 2699 1351 2766 fratres,
1402 2703 1545 2755 sicut
1599 2700 1795 2756 dicitur

220 2789 392 2846 Petro
421 2808 433 2842 :
458 2789 511 2851 Si
537 2805 691 2847 amas
718 2806 828 2856 me,
854 2806 1015 2860 pasce
1038 2805 1167 2847 oves
1186 2805 1355 2847 meas.

274 2882 355 2936 De
384 2885 505 2937 escis
535 2893 737 2949 autem,
770 2901 884 2953 qua:
918 2884 1076 2939 idolis
1121 2884 1497 2950 immolantur,
1555 2876 1751 2941 scimus
1774 2929 1791 2955 ,

196 2978 321 3046 quia
351 2975 482 3030 nihil
509 2987 585 3030 est
625 2976 825 3031 idolum
861 2977 915 3031 in
960 2977 1153 3031 mundo
1179 3019 1196 3045 ,
1238 2979 1453 3048 etquod
1488 2976 1670 3033 nullus
1722 2989 1794 3032 est

202 3071 364 3137 Deus,
392 3070 493 3123 nisi
521 3087 677 3127 unus.
703 3069 954 3140 Repetit,
980 3070 1126 3140 quod
1179 3074 1430 3140 superius
1469 3072 1682 3129 dixerat
1730 3089 1794 3129 se

194 3164 366 3232 scire,
399 3172 457 3218 et
481 3163 612 3235 quid
643 3163 733 3230 sit,
762 3164 1067 3220 evidentius
1103 3165 1358 3223 ostendit.
1786 3160 1795 3169 ’

1894 1950 2118 2006 dubium
2144 1960 2251 2016 est,
2283 1950 2487 2007 nullum
2533 1965 2709 2019 neque
2755 1951 3137 2006 manducando
3186 1952 3488 2018 abundare,

1895 2049 2072 2116 neque
2102 2059 2210 2099 non
2237 2042 2617 2101 manducando
2641 2044 2837 2114 egere?
2862 2059 2982 2100 cum
3030 2047 3340 2103 econtrario
3370 2048 3481 2104 illis

1895 2136 2070 2204 magis
2109 2134 2453 2193 formidanda
2495 2135 2677 2206 inopia
2718 2136 2825 2203 sit,
2877 2138 2969 2206 qui
3010 2137 3191 2206 gulam
3246 2140 3486 2197 retinere

1892 2244 2006 2285 non
2048 2239 2274 2284 norunt.
2304 2228 2412 2285 Sed
2444 2229 2571 2300 quia
2596 2228 2955 2299 magnitudini
2987 2230 3111 2286 tidei
3159 2246 3274 2287 suae
3298 2273 3315 2299 ,
3370 2249 3490 2303 qua:

1896 2320 2054 2375 idolis
2077 2321 2351 2377 immolata
2380 2331 2506 2376 sunt
2532 2322 2700 2385 vesci,
2735 2321 3085 2377 ascribebant
3124 2340 3140 2377 :
3180 2323 3304 2380 ideo
3352 2327 3494 2395 Apo-

1894 2414 2067 2471 Stolus
2098 2400 2273 2480 neque
2296 2414 2352 2471 in
2377 2413 2486 2469 illis
2507 2413 2732 2470 edendis
2754 2413 2879 2470 lidei
2909 2414 3327 2484 abundantiam,
3382 2434 3493 2473 ue-

1895 2522 2000 2575 que
2033 2506 2084 2561 in
2121 2524 2229 2560 non
2256 2506 2485 2562 edendis
2514 2506 2755 2577 inopiam
2773 2522 2896 2563 esse
2928 2515 3177 2565 testatur.

1978 2598 2158 2653 Videte
2179 2607 2349 2654 autem
2374 2615 2436 2654 ne
2464 2599 2598 2668 [orte
2641 2599 2750 2654 ltwc
2784 2598 2993 2653 licentia
3037 2610 3221 2655 uestra.
3270 2600 3483 2669 Videte,
3547 2667 3552 2679 ι

1896 2707 1965 2747 ne
1996 2691 2143 2762 quod
2174 2693 2329 2747 vobis
2358 2693 2620 2748 sufﬁcere
2652 2694 2834 2748 minus
2865 2693 3090 2749 creditis
3112 2737 3128 2759 .
3173 2695 3296 2755 aliis
3323 2697 3488 2761 obsit.

1896 2784 2084 2843 Potest
2111 2794 2167 2841 et
2192 2785 2295 2841 illis
2322 2785 2428 2842 dici
2457 2786 2553 2857 qui
2579 2786 2870 2843 destruunt
2896 2786 3173 2859 exemplo,
3194 2789 3339 2871 quod
3364 2789 3495 2846 tedi-

1898 2879 2063 2935 ticant
2092 2878 2284 2935 verbo.

1973 2969 2359 3038 O/fendiculum
2376 2972 2482 3041 ﬁat
2506 2971 2750 3042 inﬁrmis.
2774 2970 2855 3030 Ne
2882 2987 2978 3044 per
2999 2987 3096 3030 vos
3134 2972 3413 3032 offendant
3437 2984 3496 3043 et

1897 3065 2113 3119 Cadunt.

1971 3158 2033 3214 Si
2058 3160 2198 3215 enim
2224 3160 2341 3231 quis
2371 3158 2562 3215 viderit
2586 3176 2705 3215 eum
2734 3161 2825 3232 qui
2874 3159 3038 3223 habet
3086 3160 3391 3233 scientiam,
3443 3162 3496 3217 in

264 3254 418 3309 Nam
446 3256 541 3309 etsi
567 3266 707 3322 sunt,
737 3257 825 3324 qui
856 3255 1102 3311 dicantur
1124 3257 1222 3325 dii,
1252 3259 1357 3312 sive
1394 3258 1448 3311 in
1490 3260 1650 3326 ctelo,
1694 3260 1799 3315 sive
1820 3245 1872 3311 C
1901 3252 2064 3306 idolio
2094 3251 2491 3316 recumbentem,
2522 3270 2692 3310 nonne
2714 3254 3031 3308 conscientia
3065 3258 3180 3328 ejus
3204 3296 3223 3324 ,
3262 3273 3380 3311 cum
3425 3258 3493 3313 sit

196 3350 247 3403 in
273 3360 429 3403 terra
456 3364 475 3403 .'
495 3350 751 3420 siquidem
779 3357 903 3404 sunt
925 3349 1002 3404 dii
1022 3350 1174 3407 multi
1210 3360 1259 3404 et
1288 3350 1487 3405 domini
1536 3352 1702 3408 multi.
1737 3353 1793 3409 In

194 3444 333 3501 caelo
358 3438 565 3514 angeli,
596 3455 651 3498 et
679 3443 853 3499 sancti
884 3442 939 3498 in
970 3455 1137 3510 terra,
1170 3443 1239 3501 de
1296 3445 1498 3515 quibus
1545 3445 1749 3503 dicitur
1778 3465 1793 3501 :

199 3538 306 3609 Ego
338 3536 487 3603 dixi,
515 3538 586 3593 dii
608 3536 744 3595 estis
776 3554 793 3590 :
833 3548 889 3593 et
918 3538 1123 3595 domini
1179 3550 1307 3594 sunt
1352 3540 1529 3599 sancti
1562 3557 1752 3599 eorum
1778 3583 1793 3607 ,

196 3648 332 3701 Quos
359 3631 710 3703 judicabant,
744 3634 812 3688 de
843 3632 1038 3701 quibus
1065 3632 1269 3688 dicitur
1302 3650 1315 3687 :
1341 3632 1670 3690 Judicabunt
1701 3650 1830 3713 ηιμ,

196 3726 413 3795 tiones,
444 3736 505 3782 et
526 3726 948 3784 dominabuntur
978 3728 1212 3796 populis.

272 3818 449 3875 Nobis
477 3831 648 3875 tamen
698 3838 834 3875 unus
862 3819 1005 3875 Deus
1040 3820 1222 3875 Pater.
1278 3820 1447 3889 Cujus
1484 3821 1683 3879 virtute
1730 3839 1794 3879 ex

206 3912 384 3973 nihilo
408 3916 591 3973 omnia
611 3924 741 3973 sunt
765 3924 970 3974 creata.
1004 3914 1138 3973 Item
1162 3914 1305 3971 hunc
1336 3915 1512 3971 locum
1558 3914 1796 3971 haeretici

200 4010 276 4066 ita
300 4011 598 4081 accipiunt,
631 4025 918 4080 personam
948 4010 1126 4068 Patris
1176 4009 1410 4081 Filiique
1453 4020 1797 4080 separantes,

195 4116 252 4159 ut
280 4102 477 4160 dicant
510 4120 675 4159 unum
707 4103 877 4159 Deum
907 4116 963 4161 et
982 4104 1222 4168 Patrem,
1249 4118 1313 4160 ex
1345 4120 1454 4175 quo
1483 4106 1666 4160 omnia
1697 4122 1713 4160 :
1742 4115 1799 4160 et

189 4199 393 4255 dicunt
422 4196 678 4261 Domino,
710 4196 760 4253 id
786 4205 894 4263 est,
926 4195 1169 4261 Christo,
1216 4210 1338 4253 esse
1386 4196 1670 4267 majorem,
1702 4212 1799 4266 per

186 4306 362 4362 quem
392 4288 596 4347 omnia.
631 4289 759 4345 Haec
791 4298 973 4345 autem
1008 4297 1067 4345 et
1100 4288 1239 4345 Filio
1286 4287 1433 4347 sicut
1482 4290 1631 4344 Patri
1681 4305 1802 4346 esse

182 4382 540 4448 communia,
574 4382 717 4439 idem
741 4381 1038 4451 Apostolus
1082 4381 1149 4437 ad
1178 4380 1450 4438 Romanos
1476 4382 1653 4449 docet,
1712 4384 1797 4438 di-

186 4489 333 4529 cens
377 4490 392 4525 :
422 4472 553 4539 Quis
570 4475 723 4535 enim
747 4474 1000 4542 cognovit
1032 4488 1253 4529 sensum
1284 4472 1547 4529 Domini?
1605 4474 1659 4531 id
1688 4484 1797 4541 est,

181 4565 430 4631 Clu-isti,
459 4578 568 4619 non
600 4563 700 4621 Dei
728 4563 907 4623 Patris
940 4582 951 4617 :
977 4564 1118 4620 sicut
1142 4564 1236 4625 ille
1261 4563 1416 4629 dicit,
1448 4575 1503 4621 et
1526 4565 1688 4623 infert
1719 4567 1801 4620 di-

182 4675 325 4717 cens
364 4658 544 4726 :Quia
575 4674 641 4713 ex
673 4659 815 4729 ipso,
845 4669 904 4715 et
945 4674 1041 4728 per
1069 4659 1279 4727 ipsum,
1309 4670 1366 4714 et
1420 4658 1475 4715 in
1517 4662 1635 4730 ipso
1676 4670 1801 4717 sunt

180 4754 408 4811 nuntia.
442 4753 599 4820 item,
644 4769 742 4824 per
780 4769 976 4825 quem,
1027 4754 1191 4809 etiam
1241 4753 1355 4811 Deo
1389 4753 1537 4811 Patri
1580 4756 1802 4813 ascribit

185 4854 345 4908 idem
379 4850 682 4923 Apostolus
712 4850 765 4905 in
798 4849 901 4905 bac
925 4850 1117 4908 eadem
1152 4852 1416 4922 Epistula,
1452 4853 1680 4909 dicens:
1714 4854 1803 4909 Fi-

178 4948 340 5003 delis
374 4943 545 5013 Deus,
582 4957 676 5013 per
705 4960 865 5011 quem
899 4945 1075 4998 vocati
1103 4943 1235 5001 estis
1274 4944 1326 5000 in
1356 4947 1800 5003 Communionem

180 5040 307 5097 Fili
334 5041 468 5109 ejus
496 5040 627 5097 Jesu
658 5038 859 5095 Christi
891 5037 1111 5095 Domini
1147 5039 1341 5093 nostri.

258 5134 363 5191 Ex
387 5151 490 5205 quo
520 5133 720 5198 omnia,
747 5142 794 5189 et
813 5148 905 5187 nos
934 5133 988 5187 in
1027 5131 1155 5200 illo,
1184 5142 1229 5186 et
1258 5149 1393 5189 unus
1423 5131 1681 5188 Dominus
1708 5131 1799 5189 Je-

175 5247 278 5286 sus
331 5226 600 5282 Christus.
647 5225 987 5281 Calumniam
1038 5242 1106 5282 ex
1149 5226 1249 5281 hoc
1290 5226 1409 5283 loco
1460 5238 1806 5284 commovent

174 5320 423 5389 Ariani,
456 5318 603 5391 quod
632 5334 752 5375 cum
782 5334 920 5374 unus
953 5326 1163 5373 tantum
1196 5317 1339 5374 Deus
1370 5319 1568 5374 dicitur
1618 5320 1799 5388 Pater,

174 5415 383 5474 Filius
400 5429 426 5468 a
450 5412 653 5469 deitatc
676 5410 954 5480 scjunctus
981 5410 1070 5466 sit.
1093 5409 1301 5478 Quibus
1324 5412 1763 5483 reapondendum
1786 5430 1800 5467 :

172 5515 224 5571 si
255 5511 401 5568 ideo
432 5522 538 5564 non
572 5514 659 5562 est
684 5506 849 5560 Filius
885 5505 1051 5575 Deus,
1084 5504 1208 5573 quia
1240 5520 1380 5560 unus
1421 5515 1505 5562 est
1533 5502 1674 5562 Deus
1704 5506 1805 5560 Pa-

176 5615 278 5660 ter
318 5619 340 5658 :
380 5616 513 5672 ergo
534 5611 591 5655 et
615 5599 774 5653 Pater
806 5614 910 5653 non
940 5600 1047 5652 erit
1080 5596 1359 5662 Dominus,
1390 5598 1515 5669 quia
1546 5615 1683 5654 unus
1721 5610 1805 5657 est

174 5693 480 5752 Dominus
506 5690 782 5747 Christus.
815 5689 868 5745 Si
900 5698 1079 5746 autem
1118 5688 1279 5745 Pater
1340 5703 1445 5745 non
1504 5692 1806 5765 excluditur

177 5810 211 5847 a
255 5788 658 5847 dominatione
691 5804 704 5840 :
744 5801 842 5840 nec
874 5783 1047 5840 Filius
1088 5800 1120 5841 a
1173 5783 1376 5845 deitate
1403 5802 1418 5841 :
1450 5786 1548 5843 sed
1596 5798 1804 5845 utrum-

174 5898 310 5960 que
357 5880 580 5952 utrique
608 5892 897 5937 commuuc
926 5884 1033 5935 est.

1898 3345 2127 3414 inﬁrma,
2160 3344 2511 3415 wdiﬁcabitur
2529 3346 2598 3400 ad
2628 3347 3052 3400 manducandum
3076 3349 3405 3420 idolothyta?
3426 3349 3499 3404 Et

1896 3435 2084 3509 peribit
2131 3436 2370 3507 inﬁrmus
2400 3435 2453 3489 in
2483 3444 2574 3490 tua
2615 3437 2827 3491 scicntia
2877 3437 3061 3506 frater,
3090 3448 3302 3511 propter
3343 3458 3494 3513 quem

1899 3526 2137 3582 Christus
2162 3537 2394 3581 mortuus
2421 3538 2495 3582 est
2528 3544 2545 3580 :
2579 3527 2670 3582 Sic
2696 3539 2868 3582 autem
2894 3542 3161 3601 peccantes
3196 3532 3248 3585 in
3273 3532 3486 3605 fratres,

1896 3628 1945 3672 et
2015 3619 2352 3691 percutientes
2416 3621 2780 3675 conscientiam
2838 3639 3012 3677 eorum
3076 3624 3369 3697 inﬁrmam,
3441 3628 3497 3683 in

1901 3708 2105 3767 Christo
2130 3712 2377 3783 peccatis.
2439 3710 2778 3783 Quicumque
2821 3714 3268 3795 scandalizaverit
3324 3735 3492 3775 unum

1900 3798 1968 3858 de
1992 3802 2205 3871 pusillis
2234 3803 2373 3870 i5tis,
2408 3804 2627 3876 expedit
2657 3807 2705 3861 ei
2740 3816 2796 3860 ut
2822 3807 2963 3861 mola
2994 3810 3233 3863 asinaria
3260 3824 3488 3881 suspen-

1900 3894 2060 3951 datur
2089 3896 2231 3950 collo
2255 3895 2412 3966 ejus,
2453 3910 2507 3951 et
2556 3898 2800 3953 mittatur
2837 3900 2887 3952 in
2938 3899 3264 3970 profundum
3307 3903 3497 3957 maris.

1900 3988 2113 4058 Quanto
2143 3988 2359 4059 gravior
2388 4004 2543 4059 paula
2570 3990 2693 4045 illos
2729 4002 3032 4062 exspectat,
3062 4004 3117 4047 ut
3155 3996 3222 4048 atl
3277 4010 3495 4066 compa-

1900 4080 2165 4135 rationem
2198 4078 2365 4147 illius,
2388 4067 2518 4135 'hoc
2540 4082 2684 4153 quod
2711 4083 3089 4154 gravissimum
3122 4093 3229 4155 est,
3254 4086 3371 4143 leve
3400 4104 3495 4160 pu-

1902 4184 2045 4230 tetur
2075 4175 2090 4228 l
2124 4174 2190 4229 Et
2211 4175 2529 4241 notandum,
2555 4177 2699 4247 quod
2742 4178 2792 4231 in
2821 4175 3039 4235 Christo
3091 4196 3321 4252 peccare
3349 4182 3499 4239 dixe-

1902 4267 1994 4331 rit,
2027 4267 2115 4337 qui
2147 4268 2198 4320 in
2231 4267 2478 4322 membro
2504 4270 2809 4337 peccaverit
2835 4269 3065 4327 Christi.

1980 4357 2309 4432 Quapropter
2338 4360 2381 4413 si
2413 4376 2528 4413 esca
2547 4363 2871 4416 scandalizat
2895 4363 3111 4430 fratrem
3141 4382 3332 4435 meum,
3392 4385 3497 4425 non

1902 4453 2230 4508 manducabo
2276 4468 2481 4507 carnem
2518 4455 2574 4507 in
2617 4465 2861 4508 teternum
2888 4500 2902 4524 ,
2960 4474 3024 4509 ne
3069 4459 3281 4525 fratrem
3330 4476 3500 4517 meum

1903 4547 2267 4601 scandalizent.
2312 4546 2426 4601 Neu
2456 4547 2630 4602 solum
2662 4563 2808 4614 esca,
2839 4548 2933 4605 sed
2960 4552 3164 4621 omnia,
3191 4568 3312 4624 qua:
3338 4568 3499 4612 scan-

1827 4634 1880 4697 D
1904 4638 2141 4696 dalisare
2166 4646 2424 4710 poterunt
2455 4639 2699 4696 fratrem.

2509 4805 2739 4865 CAPUT
2782 4806 2873 4865 IX.

1982 4943 2105 4999 Non
2150 4959 2266 4998 sum
2321 4942 2467 5010 liber,
2510 4959 2615 4998 non
2666 4958 2782 4998 sum
2823 4947 3114 5014 apostolus.
3158 4948 3313 5006 Sicut
3367 4952 3501 5011 alii?

1906 5039 2177 5109 Numquid
2222 5054 2329 5095 non
2380 5052 2525 5102 sum,
2589 5052 2743 5093 suam
2800 5039 3195 5111 illis'replicat
3244 5044 3495 5117 formam,

1906 5135 2050 5204 quod
2072 5132 2235 5189 etiam
2270 5132 2416 5188 licita
2444 5134 2863 5203 contempserit,
2895 5149 2965 5190 ne
2987 5134 3079 5190 alii
3108 5136 3226 5206 ejus
3260 5138 3501 5199 inﬁrma-

1904 5238 2103 5282 rentur
2126 5226 2402 5296 exemplo.

1980 5320 2172 5375 Nonne
2211 5318 2476 5375 Christum
2523 5317 2705 5373 Jesum
2750 5316 3313 5380 Dominum'nostrum
3359 5328 3501 5386 vidi?

1908 5412 2101 5468 Nonne
2124 5428 2255 5483 opus
2277 5426 2446 5464 meum
2468 5426 2558 5466 ros
2578 5412 2702 5465 estis
2726 5412 2782 5464 in
2805 5410 3066 5468 Domino?
3088 5412 3156 5469 Et
3177 5418 3223 5470 si
3253 5421 3372 5475 aliis
3398 5438 3501 5477 non

1906 5522 2018 5561 sunt
2041 5500 2335 5576 apostolus,
2360 5501 2447 5556 sed
2468 5511 2639 5559 tamen
2660 5501 2800 5557 vobis
2817 5518 2954 5561 sum.
2972 5504 3064 5563 .Atl
3080 5522 3221 5577 quos
3245 5525 3354 5568 non
3381 5529 3502 5569 sum

1910 5600 2155 5657 directus
2178 5612 2210 5652 a
2242 5595 2516 5653 Domino:
2549 5596 2602 5653 id
2626 5604 2733 5663 est,
2766 5596 2834 5652 ad
2864 5596 3102 5656 Judaios.

1986 5692 2129 5747 Nam
2163 5690 2491 5763 signaculum
2528 5686 2860 5760 apostolatus
2896 5674 2997 5747 nisi
3025 5709 3114 5748 vos
3149 5697 3270 5750 estis
3301 5697 3357 5752 in
3390 5696 3503 5754 Do-

1911 5789 2073 5844 mino.
2116 5784 2377 5841 Indicium
2416 5781 2757 5857 apostolatus
2798 5785 2904 5845 mei
2949 5795 3057 5853 est,
3084 5788 3229 5858 quod
3256 5804 3365 5861 per
3409 5810 3497 5851 me

1912 5882 2146 5941 Domino
2187 5877 2519 5951 credidistis,
2563 5876 2734 5953 signis
2765 5886 2822 5936 et
2860 5878 3156 5941 virtutibus
3197 5888 3509 5956 provocati.
