3978 6286
527 336 635 397 7ιὸ

1559 331 1623 391 S.
1660 330 2049 403 HIERONYMI
2084 332 2372 395 OPERUM
2406 331 2774 393 MANTISSA.

3698 337 3792 397 7H

601 451 726 509 Mea
770 446 997 523 defensio
1042 445 1183 520 apud
1202 418 1336 502 veos.
1387 442 1519 502 Inde
1558 447 1835 518 apostolus
1864 463 1986 506 esse
2027 448 2121 506 de-
2146 452 2201 513 A
2226 459 2336 507 stra
2364 450 2420 505 in
2448 448 2631 522 aliquo
2659 446 3111 519 reprehensibilis
3147 439 3421 525 videatur,
3454 451 3687 513 avaritia:
3710 472 3787 514 su-

527 549 811 710 tendis:
838 637 1180 711 interrogant,
1215 635 1324 691 hare
1353 642 1450 690 est.
1482 633 1538 691 In
1570 634 1765 693 Grteco
1798 634 1989 703 habet,
2030 636 2118 704 iu-

530 738 731 793 dicant.

602 825 871 900 Numquid
913 840 1019 881 non
1061 824 1308 879 habemus
1345 829 1655 897 potestatem
1691 822 2045 877 manducandi
2073 830 2122 876 et

530 921 779 979 bibendi?
809 919 1087 977 Habemus
1118 926 1445 989 potestatem
1477 930 1799 973 concessam
1828 930 1859 970 a
1890 914 2122 970 Domino

531 1017 601 1073 de
627 1022 846 1084 sumptu
874 1021 1061 1069 vestro
1086 1011 1328 1079 vivendi,
1361 1011 1483 1066 sine
1513 1020 1700 1065 nostro
1728 1008 1937 1065 labore.

607 1106 881 1178 Numquid
907 1123 1010 1161 non
1036 1104 1284 1159 habemus
1314 1110 1622 1176 potestatem
1654 1117 1886 1157 sororem
1912 1099 2125 1154 mulier-

535 1202 712 1259 culam
740 1199 1204 1256 circumducendi?
1242 1197 1361 1253 Non
1390 1196 1545 1262 dixit,
1576 1194 1832 1251 mulieres
1865 1192 2121 1260 ducendi,

531 1313 603 1355 ne
631 1296 700 1352 de
746 1294 1008 1351 uxoribus
1057 1292 1243 1349 dicere
1288 1299 1617 1362 putaretur:
1668 1286 1765 1344 sed
1816 1286 2124 1344 circumdu-

531 1391 712 1459 cendi,
768 1390 961 1461 inquit,
996 1403 1094 1459 per
1143 1385 1481 1457 provincias,
1533 1397 1658 1455 quae
1708 1380 2020 1439 necessaria
2055 1379 2123 1436 de

532 1486 645 1543 suis
674 1482 1027 1541 facultatibus
1063 1479 1458 1537 ministrarent.

620 1579 769 1635 Sicut
812 1589 860 1632 et
897 1578 1067 1632 cteteri
1090 1573 1337 1641 apostoli,
1366 1580 1416 1626 et
1450 1572 1637 1642 fratres
1661 1568 1907 1636 'Damini,
1945 1570 1996 1623 et
2028 1564 2125 1621 Ce-

533 1673 705 1746 phas?
741 1670 846 1725 Aut
884 1669 1027 1723 solus
1055 1683 1149 1739 ego
1179 1676 1229 1721 et
1258 1663 1530 1719 Barnabas
1562 1678 1670 1716 non
1698 1660 1948 1715 habemus
1979 1666 2124 1729 pate—

533 1774 721 1820 statem
748 1762 845 1817 hoc
870 1760 1157 1831 operandi?
1178 1758 1294 1813 Non
1319 1757 1441 1812 illos
1467 1754 1813 1821 condemnat,
1837 1753 1932 1808 sed
1962 1766 2121 1807 suum

2221 542 2464 613 spicione
2492 542 2782 600 maculata.

2293 633 2541 702 Nescitis,
2565 636 2813 709 quoniam
2838 638 2926 709 qui
2955 638 3013 693 in
3036 641 3266 695 sacraria
3293 652 3592 716 aperantur,
3614 660 3713 713 quae
3732 644 3782 700 de

2218 730 2450 784 sacrario
2476 738 2619 795 sunt,
2643 729 2837 785 edunt?
2862 730 2930 785 Et
2957 732 3048 803 qui
3077 734 3235 788 altari
3258 734 3574 802 deserviunt,
3599 752 3703 791 cum
3719 738 3780 792 al-

2221 823 2357 877 tario
2378 823 2739 895 participant?
2770 825 2922 895 Apud
2952 825 3172 883 Judaeos
3194 830 3495 887 secundum
3525 844 3776 888 consuetu-

2222 915 2403 973 dinem
2448 917 2655 973 veteris
2703 919 3061 990 Testamenti,
3112 923 3278 979 etiam
3326 923 3432 982 hoc
3482 926 3772 997 exemplum,

2221 1009 2416 1066 eadem
2446 1009 2770 1081 repetendo,
2792 1010 3098 1068 conﬁrmat.

2294 1105 2321 1158 1
2332 1113 2385 1159 ta
2409 1114 2461 1160 et
2483 1103 2743 1160 Dominus
2764 1106 3020 1161 ordinavit
3044 1107 3123 1162 his
3144 1109 3231 1181 qui
3252 1108 3596 1183 Evangelium
3612 1116 3772 1169 annun-

2224 1196 2377 1261 tiant,
2407 1197 2470 1250 de
2509 1196 2795 1269 Evangelia
2837 1200 3027 1255 vivere.
3064 1198 3181 1273 Ego
3220 1212 3392 1257 autem
3432 1204 3580 1260 nullo
3621 1204 3766 1261 borum

2223 1306 2350 1351 usus
2394 1307 2531 1347 sum.
2590 1292 2826 1373 Dicens:
2858 1292 3063 1365 Dignus
3111 1305 3197 1351 est
3242 1297 3531 1367 operarius
3564 1300 3769 1357 mercede

2298 1476 2427 1534 Non
2446 1486 2620 1533 autem
2644 1480 2831 1553 scripsi
2854 1479 2987 1549 lucc,
3018 1490 3077 1538 ut
3094 1483 3168 1538 ita
3193 1483 3326 1555 ﬁant
3350 1484 3407 1540 in
3430 1501 3533 1541 me.
3559 1484 3665 1542 Non
3686 1487 3767 1543 huc

2224 1572 2430 1630 idcirco
2475 1575 2697 1649 scribo,
2726 1585 2786 1631 ut
2825 1578 2909 1632 vel
2944 1577 3107 1633 modo
3146 1577 3239 1635 ﬁat
3273 1580 3416 1650 quod
3450 1590 3579 1638 ante
3616 1583 3763 1638 factum

2226 1683 2335 1725 non
2383 1669 2495 1725 sit:
2546 1668 2641 1724 sed
2691 1670 2847 1726 vobis
2888 1672 3140 1742 exempla
3180 1673 3401 1743 praebeo
3441 1682 3553 1729 tam
3594 1676 3753 1745 proprii,

2226 1778 2388 1834 quam
2429 1763 2591 1819 alieni
2637 1762 2967 1820 discriminis
3001 1783 3014 1819 :
3053 1765 3248 1821 saltem
3300 1766 3368 1822 ab
3417 1766 3623 1823 illicitis
3648 1766 3753 1823 absti-

534 1857 629 1914 dat
654 1855 986 1925 exemplum.
1030 1852 1115 1907 llli
1153 1852 1301 1907 enim
1337 1847 1675 1905 ﬁdelioribus
1704 1844 2077 1917 praedicabant
2108 1860 2123 1899 :
2154 1846 2204 1911 B
2230 1870 2384 1923 nere,
2415 1870 2537 1911 cum
2574 1855 2802 1912 videaris
2836 1871 2927 1914 me
2980 1857 3211 1915 aliorum
3250 1874 3415 1916 causa
3456 1860 3668 1929 ελιιιιίε,
3701 1861 3762 1916 (ιθ.

532 1960 591 2009 et
620 1950 761 2022 apud
784 1948 1005 2004 Judaeos
1031 1946 1253 2016 antiqua
1275 1945 1394 1999 haec
1415 1949 1535 1998 erat
1553 1939 1917 2009 consuetudo,
1948 1946 2008 1995 ut
2033 1953 2129 1995 ne-

537 2043 780 2101 cessaria
806 2039 1124 2096 doctoribus
1169 2052 1198 2092 a
1235 2034 1519 2105 discipulis
1540 2033 1953 2105 praeberentur:
1978 2030 2129 2103 quod

536 2147 730 2210 gentes
755 2134 933 2189 adhuc
961 2131 1126 2188 rudes
1157 2138 1373 2201 poterat
1404 2126 1801 2183 scandalizare.

609 2231 740 2300 Quis
762 2229 973 2283 militat.
1000 2227 1138 2284 Aliis
1166 2225 1330 2281 etiam
1354 2223 1628 2295 exemplis
1657 2222 1876 2293 probat,
1903 2218 2006 2279 sibi
2036 2218 2134 2276 de-

535 2322 707 2379 bitum
735 2322 840 2377 hoc
867 2321 1062 2377 fuisse.

608 2417 732 2473 Suis
757 2415 1029 2487 stipendiis
1058 2413 1346 2482 umquam?
1372 2410 1523 2479 Suis,
1552 2418 1607 2467 et
1636 2424 1745 2466 non
1777 2405 2130 2480 publicis,vel

539 2524 732 2568 eorum
765 2524 863 2580 pro
890 2508 1089 2580 quibus
1112 2506 1331 2562 militat.

613 2603 719 2670 Qui
770 2602 1242 2672 plantatvineam,
1277 2608 1325 2653 et
1368 2598 1433 2652 de
1478 2601 1651 2670 fructu
1696 2598 1810 2669 ejus
1849 2610 1955 2649 non
1991 2593 2135 2647 edit?

545 2696 679 2764 Quis
713 2695 881 2769 pascit
912 2709 1137 2767 gregem,
1168 2700 1217 2745 et
1242 2690 1308 2744 de
1338 2690 1467 2745 lacte
1491 2689 1658 2762 gregis
1684 2704 1789 2742 nan
1817 2686 2135 2741 manducat?

542 2789 652 2846 Per
677 2787 1144 2858 comparationem
1181 2785 1357 2839 vineae
1389 2791 1446 2838 et
1482 2782 1686 2853 gregis,
1720 2779 1979 2851 populum
2020 2777 2135 2833 vult

538 2880 783 2951 intelligi,
814 2881 956 2936 sicut
996 2877 1117 2935 ibi:
1155 2860 1383 2932 Vineam
1413 2875 1484 2930 de
1508 2873 1745 2945 Egypto
1779 2871 2131 2927 transtulisti.

545 2973 615 3031 Et
686 2976 923 3030 iterum:
971 2972 1125 3027 Dabo
1169 2971 1325 3027 vobis
1354 2976 1630 3039 ,pastores
1683 2966 1982 3023 secundum
2039 2980 2137 3021 cor

545 3082 751 3136 meum,
773 3074 831 3122 et
850 3074 1077 3136 pascent
1097 3078 1197 3119 vos
1218 3077 1341 3118 cum
1364 3061 1672 3131 disciplina.

621 3159 894 3232 Numquid
939 3157 1222 3213 secundum
1271 3155 1532 3210 hominem
1574 3155 1685 3209 hinc
1730 3152 1894 3209 dica.’
1929 3150 1988 3208 ld
2029 3161 2132 3221 est,

543 3255 808 3326 numquid
848 3253 1073 3325 proprio
1102 3260 1315 3306 tantum
1338 3264 1505 3306 sensu
1534 3246 1766 3319 loquor?

619 3370 701 3425 An
723 3378 770 3424 et
801 3368 885 3423 lea:
910 3366 1020 3423 hazc
1052 3382 1154 3421 non
1184 3364 1355 3420 dicit?
1383 3362 1648 3436 Scriptum
1672 3370 1746 3416 est
1778 3360 1914 3417 enim
1946 3361 2002 3415 in
2029 3360 2141 3433 lege

548 3460 765 3535 Moysi:
797 3459 922 3516 Non
950 3458 1194 3531 alligabis
1226 3475 1282 3513 as
1312 3457 1425 3512 bavi
1459 3455 1750 3510 trituranti.
1778 3453 2050 3525 Numquid
2076 3454 2140 3507 de

547 3556 705 3610 bobus
734 3571 861 3609 cura
890 3563 966 3608 est
991 3551 1138 3611 Dea?
1160 3551 1243 3606 An
1273 3559 1483 3623 propter
1512 3566 1608 3606 nos
1635 3551 1813 3620 utique
1851 3549 1960 3603 haec
1982 3548 2141 3603 dicit?

548 3651 692 3706 Nam
722 3658 936 3722 propter
962 3664 1056 3703 nos
1088 3648 1263 3718 utique
1289 3648 1482 3718 scripta
1524 3654 1663 3700 sunt.
1695 3643 1979 3712 Quomodo
2009 3657 2140 3714 ergo
2172 3688 2177 3693 .

547 3745 600 3803 ei
633 3746 702 3802 de
739 3743 1034 3816 pecoribus
1071 3758 1202 3798 cura
1244 3741 1367 3797 est?
1399 3740 1468 3795 Et
1515 3739 1583 3794 ad
1618 3737 1811 3794 Jonam
1843 3736 1912 3793 de
1948 3736 2142 3792 Ninive

546 3840 781 3896 dicitur:
811 3839 864 3895 in
890 3854 993 3909 qua
1021 3845 1149 3893 sunt
1175 3836 1449 3901 homines,
1475 3840 1530 3887 et
1561 3846 1759 3901 pecora
1796 3829 2002 3885 multa?
2033 3828 2140 3886 Sed

547 3934 616 3989 de
642 3934 774 4003 ipsis
797 3942 1022 4003 propter
1047 3928 1344 3997 hominem,
1366 3925 1453 3983 cui
1478 3934 1657 3982 creata
1682 3931 1830 3991 sunt,
1859 3938 1988 3980 cura
2012 3932 2095 3978 est
2124 3941 2136 3976 :

550 4043 677 4084 nam
705 4025 996 4082 deﬁciente
1037 4024 1282 4088 homine,
1319 4029 1374 4094 et
1420 4020 1520 4074 ista
1560 4015 1859 4074 deﬁciunt:
1908 4032 2017 4072 non
2061 4024 2142 4070 ta-

549 4135 673 4177 men
703 4119 927 4191 proprie
950 4116 1043 4172 Dei
1072 4131 1259 4171 curam
1282 4122 1586 4168 merentur.

625 4234 889 4303 Quoniam
916 4229 1062 4285 debet
1092 4230 1146 4283 in
1173 4245 1263 4299 spe
1287 4228 1375 4298 qui
1404 4234 1545 4289 arat,
1571 4239 1765 4281 arare:
1795 4232 1844 4278 et
1864 4221 1952 4293 qui
1982 4220 2140 4276 ινξιπι-

554 4341 657 4397 rat,
688 4330 743 4384 in
763 4345 852 4401 spe
877 4329 1077 4397 [ructus
1102 4321 1439 4397 percipiendi.
1467 4319 1639 4375 Debet
1671 4317 1905 4372 fructum
1937 4314 2021 4371 sui
2058 4315 2142 4369 la-

553 4425 699 4480 boris
729 4423 1053 4494 percipere:
1080 4428 1135 4475 et
1175 4417 1271 4489 qui
1299 4414 1536 4483 triturat,
1560 4412 1721 4469 debet
1749 4412 1820 4467 de
1860 4411 1978 4482 ipsa
2013 4424 2142 4466 area

555 4515 911 4572 manducare.

2229 1949 2339 2006 bita
2372 1965 2481 2005 non
2508 1951 2686 2007 minus
2706 1966 2866 2022 quam
2903 1950 3052 2007 licita
3081 1953 3496 2024 contempsisse.

2302 2041 2508 2097 Bonum
2537 2052 2610 2097 est
2636 2043 2776 2097 enim
2804 2042 2933 2097 mihi
2962 2045 3129 2117 magis
3153 2045 3308 2116 mori,
3334 2061 3489 2115 quam
3509 2055 3568 2102 ut
3598 2045 3773 2119 glorias:

2230 2150 2398 2189 nteant
2433 2135 2547 2207 quis
2578 2144 2810 2190 evacuet.
2844 2135 2913 2190 Et
2940 2134 2987 2191 si
3015 2136 3157 2192 fame
3188 2151 3452 2205 morerer,
3481 2140 3775 2210 propositum

2231 2242 2439 2299 meum,
2466 2228 2535 2284 de
2562 2242 2671 2299 quo
2700 2235 2827 2285 ante
2852 2227 3024 2284 Deum
3051 2228 3275 2300 glorior,
3309 2246 3607 2302 numquam
3644 2239 3781 2304 potest

2232 2318 2530 2375 immutari.

2306 2411 2449 2469 Nam
2486 2421 2534 2467 et
2560 2413 2606 2467 si
2642 2414 3082 2485 euangelizavera,
3106 2430 3212 2470 non
3238 2422 3320 2470 est
3344 2413 3471 2470 mihi
3494 2414 3699 2487 gloria:
3722 2431 3786 2470 ne-

2233 2505 2444 2559 cessitas
2465 2506 2601 2559 enim
2622 2505 2751 2560 mihi
2771 2506 3037 2562 incumbit.
3062 2505 3201 2562 Cum
3225 2507 3403 2563 omnia
3428 2506 3671 2564 feceritis
3690 2523 3786 2579 pre

2239 2607 2420 2669 cepta,
2453 2599 2638 2654 debita
2667 2616 2762 2656 vos
2789 2600 2953 2657 dicite
2991 2600 3338 2671 persolvisse.
3370 2599 3490 2656 Non
3537 2602 3679 2657 enim
3712 2602 3785 2656 ali-

2234 2693 2368 2765 quid
2408 2694 2640 2765 amplius
2666 2693 2892 2761 fecistis,
2923 2694 3067 2750 unde
3085 2694 3309 2765 gloriari
3336 2693 3579 2765 possitis.

2316 2784 2409 2839 Va:
2438 2787 2574 2840 enim
2613 2786 2743 2840 mihi
2771 2796 2868 2855 est,
2894 2787 2938 2842 si
2975 2802 3079 2841 non
3108 2786 3550 2861 eaangelizaaera.
3589 2787 3785 2843 Damm-

2243 2880 2449 2936 tionem
2501 2879 2698 2936 habeo.
3356 2932 3361 2947 _

2311 2972 2374 3029 Si
2401 2974 2539 3027 enim
2557 2973 2732 3029 valens
2761 2973 2859 3028 hoc
2888 2988 2987 3046 ago
3006 2971 3033 3027 ?
3049 2972 3331 3029 mercedem
3352 2973 3513 3029 habeo
3537 2989 3556 3029 :
3582 2975 3626 3029 si
3650 2983 3791 3028 autem

2237 3068 2451 3134 invitus,
2485 3068 2808 3136 dispensatio
2832 3070 2961 3124 mihi
2999 3069 3194 3124 credita
3236 3079 3331 3124 est.
3367 3068 3524 3125 Tunc
3553 3068 3711 3140 magis
3732 3068 3795 3123 vi-

2238 3160 2459 3218 debitur
2490 3162 2885 3232 voluntarium,
2927 3163 2975 3220 si
3017 3179 3205 3221 amore
3248 3164 3369 3236 ejus
3413 3166 3559 3223 licita
3588 3174 3800 3222 contem-

2165 3247 2212 3313 C
2243 3266 2461 3312 nantur.

2317 3348 2448 3415 Quae
2468 3357 2543 3402 est
2569 3364 2691 3421 ergo
2712 3363 2902 3405 merces
2924 3351 3076 3404 mea?
3101 3359 3159 3404 ut
3183 3349 3523 3425 Evangelium
3543 3350 3807 3425 praedicans

2242 3441 2353 3495 sine
2394 3450 2602 3514 sumptu
2634 3458 2824 3510 ponam
2856 3442 3216 3515 Evangelium,
3251 3454 3308 3498 ut
3334 3461 3440 3499 non
3465 3445 3649 3501 abutar
3675 3454 3811 3517 pote-

2242 3541 2374 3589 state
2401 3550 2517 3587 mea
2544 3534 2599 3588 in
2626 3531 2937 3607 Evangelia.
2962 3536 3454 3610 Quasi‘interroget
3487 3539 3623 3594 unde
3652 3539 3814 3609 majo-

2242 3641 2360 3682 rem
2390 3625 2563 3695 possit
2609 3625 2814 3683 habere
2846 3627 3173 3694 mercedem,
3205 3639 3260 3684 et.
3298 3630 3411 3701 ipse
3433 3628 3729 3699 reSpondet,
3760 3629 3808 3683 si

2242 3719 2411 3790 gratis
2450 3719 2807 3787 annuntiem,
2864 3734 2967 3777 nec
3013 3728 3301 3793 acceptam
3348 3735 3613 3780 exerceam
3656 3728 3810 3792 pole-

2244 3819 2462 3867 statam.

2317 3904 2458 3959 Nam
2487 3921 2605 3960 cum
2634 3905 2761 3961 liber
2789 3921 2953 3962 essem
2973 3923 3037 3962 ea:
3059 3908 3321 3978 omnibus,
3346 3909 3579 3963 omnium
3604 3922 3683 3961 nte
3712 3920 3816 3960 ser-

2243 4012 2363 4052 vum
2393 3998 2511 4069 feci,
2545 4006 2602 4052 ut
2628 3999 2805 4066 plures
2835 4000 3219 4071 lucrifacerem.
3248 4001 3384 4057 Cum
3413 4015 3627 4072 possem
3654 4000 3730 4055 uti
3764 3998 3814 4052 li-

2242 4088 2457 4147 bertate
2502 4105 2645 4159 mea,
2693 4091 2849 4148 etde
2893 4095 3108 4150 caeteris
3157 4109 3265 4151 non
3314 4108 3548 4151 curare:
3581 4093 3814 4150 omnibus

2246 4190 2425 4240 tamen
2454 4199 2773 4256 compassus
2796 4201 2938 4255 sum,
2974 4196 3032 4241 ut
3060 4201 3155 4243 eos
3181 4186 3421 4244 facerem
3449 4188 3651 4244 salvos.

2321 4277 2386 4330 Et
2408 4279 2575 4346 factus
2608 4294 2721 4333 sum
2745 4276 2948 4334 Judceis
2976 4288 3240 4351 tamquam
3261 4278 3510 4350 Indicus,
3542 4288 3599 4335 ut
3621 4279 3812 4335 Judcos

2244 4370 2494 4426 lucrarer.
2519 4370 2748 4440 Quando
2766 4388 2825 4429 se
2846 4373 3148 4445 puriﬁcavit
3175 4375 3228 4431 in
3254 4376 3484 4447 templo,
3510 4375 3652 4449 quod
3674 4375 3810 4432 Temo

2243 4477 2377 4533 pore
2406 4464 2596 4534 gratiae
2631 4463 2840 4520 sciebat
2863 4480 2986 4522 esse
3015 4466 3369 4537 superﬂuum.

2317 4554 2419 4610 His
2445 4558 2535 4627 qui
2557 4558 2651 4612 sub
2682 4557 2795 4629 lege
2826 4567 2965 4629 sunt,
2994 4559 3145 4630 quasi
3172 4560 3266 4615 sub
3291 4558 3404 4631 lege
3430 4575 3613 4617 essem.
3642 4558 3815 4615 Osten-

630 4630 691 4685 δέ
725 4644 817 4684 ηοδ
841 4627 984 4723 υοδμίδ
1018 4622 1316 4699 διίετίιυαιία
1346 4620 1731 4723 ’θἠίηραἶίθίωξ
1751 4633 2016 4723 ,πισΨξαῩί
2043 4624 2140 4723 ei"
2167 4650 2223 4713 D
2246 4645 2326 4702 dit
2352 4620 2627 4719 quomodo
2652 4620 2818 4705 fuerit
2846 4620 2967 4706 cum
2991 4620 3123 4722 ipsis
3150 4660 3207 4708 et
3231 4620 3622 4723 ipse-Judteus.
3647 4651 3816 4708 Potest

555 4724 602 4780 si
644 4740 737 4777 uos
767 4719 1001 4776 carnalia
1030 4730 1198 4775 vestra
1234 4718 1522 4773 metamus?
1553 4715 1612 4772 Si
1641 4715 1798 4770 vobis
1842 4713 2140 4785 spiritualia

554 4827 610 4873 et
638 4816 826 4872 divina
856 4813 1269 4881 seminavimus,
1292 4810 1554 4881 numquid
1578 4809 1922 4881 gravabimus
1951 4823 2073 4877 vos,
2096 4807 2142 4862 si

554 4926 586 4967 a
609 4910 790 4977 vobis,
817 4923 936 4980 quae
961 4908 1113 4963 carni
1138 4921 1275 4976 opus
1303 4913 1450 4973 sunt,
1480 4904 1711 4959 velimus
1736 4901 2021 4971 acciperet

631 5028 693 5083 Si
726 5026 820 5080 alii
856 5021 1125 5097 potestatis
1164 5029 1344 5075 vestra:
1376 5019 1652 5090 participes
1680 5026 1822 5084 sunt,
1846 5032 2005 5089 quare
2038 5031 2146 5069 non

559 5118 731 5187 potius
773 5117 907 5171 nos?
934 5114 994 5171 Si
1033 5112 1107 5168 illi
1144 5126 1175 5166 a
1198 5112 1355 5167 vobis
1380 5119 1747 5181 acceperunt:
1796 5108 1994 5180 quibus
2039 5108 2143 5163 mi-

460 5206 461 5209 “
558 5211 701 5263 nime
742 5208 1028 5274 debeatur,
1073 5203 1521 5275 pseudoapostoli
1558 5201 1786 5267 scilicet,
1826 5214 1965 5270 quos
2008 5199 2146 5254 nihil

519 5322 522 5326 λ
558 5300 713 5356 vobis
741 5312 954 5356 certum
985 5306 1072 5353 est
1100 5296 1421 5362 contulisse,
1449 5303 1654 5367 quanto
1684 5294 1855 5363 magis
1882 5307 1983 5347 nos
2004 5293 2146 5349 acci-

559 5407 687 5463 pere
717 5392 1041 5462 poterimus,
1069 5390 1118 5445 si
1144 5388 1301 5444 vobis
1328 5387 1490 5443 utiles
1514 5402 1637 5443 esse
1667 5386 1964 5442 sentimus!

631 5505 745 5561 Sed
779 5519 880 5558 non
909 5505 989 5558 usi
1018 5518 1195 5559 sumus
1225 5502 1323 5556 hac
1354 5509 1626 5573 potestate,
1656 5500 1749 5555 sed
1787 5500 1957 5556 omnia
1992 5499 2150 5555 susti-

556 5615 753 5665 nemus,
775 5612 839 5651 ne
856 5595 996 5668 quod
1022 5595 1399 5663 olfendiculum
1417 5594 1593 5648 demus
1616 5592 1902 5666 Evangelia
1924 5592 2141 5650 Christi.

560 5692 674 5749 Hoc
704 5700 811 5759 est,
842 5692 1039 5745 famem
1081 5698 1136 5743 et
1173 5689 1341 5756 sitim,
1373 5695 1429 5745 et
1456 5687 1757 5743 nuditatem
1790 5686 2146 5742 libentissime

559 5787 859 5843 toleramus
879 5803 892 5839 :
912 5802 982 5842 ne
1006 5800 1103 5856 per
1132 5800 1233 5842 nos
1258 5786 1591 5844 adversariis
1621 5786 1909 5843 occasione
1927 5796 2147 5858 accepta

562 5880 949 5939 devorantibus
992 5880 1303 5941 otiendatis.
1336 5882 1443 5940 Aut
1487 5898 1555 5942 ne
1582 5881 1666 5942 cui
1695 5881 2005 5956 praedicatio
2049 5897 2147 5941 no-

2245 4750 2304 4798 et
2350 4741 2425 4797 ita
2473 4742 2727 4815 intelligi,
2760 4743 2903 4815 quod
2935 4744 3311 4801 Samaritanus
3342 4747 3546 4803 dixerit
3572 4762 3691 4804 esse
3731 4742 3817 4799 sub

2247 4833 2367 4907 lege
2393 4851 2409 4894 :
2436 4834 2530 4906 qui
2554 4836 2727 4907 legem
2757 4844 2967 4892 tantum
2993 4837 3127 4893 Mosi
3152 4838 3412 4895 videntur
3433 4842 3703 4914 accipere.

2320 4925 2448 4982 Cum
2483 4929 2593 5001 ipse
2631 4945 2735 4984 nan
2768 4946 2929 4985 essen:
2969 4931 3060 4985 sub
3102 4930 3236 5004 lege,
3266 4942 3324 4988 ut
3363 4950 3449 4988 eos
3474 4936 3565 5005 qui
3606 4934 3697 4989 sub
3726 4930 3825 5003 lege

2249 5031 2394 5076 erant
2436 5022 2817 5093 lucrifacerem.
2864 5021 2985 5079 Non
3030 5032 3115 5079 est
3157 5026 3260 5080 sub
3315 5026 3434 5097 lege
3466 5026 3685 5098 littera,
3716 5036 3828 5097 qua

2252 5115 2631 5185 peccatoribus
2658 5116 2784 5173 data
2806 5132 2928 5175 esse
2955 5118 3334 5192 perscribitur.

2319 5227 2423 5284 His
2455 5230 2545 5300 qui
2583 5233 2694 5286 sine
2723 5233 2833 5304 lege
2870 5242 3037 5302 erant,
3070 5243 3335 5305 tamquam
3361 5236 3473 5292 sine
3510 5237 3619 5310 lege
3650 5247 3825 5290 essem.

2250 5325 2382 5382 Sine
2413 5327 2533 5397 lege
2563 5327 2756 5384 littera:
2783 5344 2798 5382 :
2830 5337 2886 5385 et
2913 5345 2944 5385 a
2974 5328 3228 5400 gentibus
3258 5331 3313 5387 in
3348 5330 3540 5403 primis
3569 5330 3737 5388 solam
3767 5326 3829 5381 li-

2250 5419 2373 5475 dem
2421 5422 2718 5491 quaerebat,
2749 5422 2904 5494 quasi
2947 5437 3054 5479 non
3104 5423 3333 5481 haberet
3378 5436 3648 5497 prmcepta
3698 5420 3831 5493 legis

2252 5511 2477 5579 Christi,
2508 5528 2629 5583 qua:
2658 5515 2782 5570 illos
2811 5513 3102 5573 observare
3127 5516 3373 5584 doceret,
3407 5520 3527 5574 sive
3557 5518 3609 5573 in
3638 5530 3706 5572 eo
3729 5524 3833 5583 quo

2249 5604 2373 5660 illos
2402 5604 2469 5660 ad
2505 5605 2630 5661 tidei
2658 5607 3035 5665 credulitatem
3074 5626 3182 5666 non
3209 5618 3316 5665 tam
3342 5610 3604 5682 legalibus
3627 5606 3833 5665 doctri-

2247 5697 2352 5764 nis,
2369 5712 2527 5769 quam
2541 5699 2948 5756 rationabilibus
2964 5703 3298 5773 argumentis
3310 5705 3661 5773 provocabat.
3682 5697 3834 5757 Sicut

2246 5790 2475 5849 Athenis
2505 5793 2701 5851 iecisse
2730 5793 3069 5865 perhibetur,
3109 5795 3463 5866 philosOphos
3498 5804 3553 5853 et
3592 5802 3833 5866 paganos

2246 5901 2344 5961 per
2380 5886 2799 5962 philosophiam,
2844 5899 2900 5950 et
2941 5902 3165 5950 ararum
3210 5889 3428 5951 titulum
3469 5882 3831 5954 exhortando,
