3978 6286
232 275 343 334 7.ιὸ

1006 256 1554 324 COMMENTARIUS
1592 256 1660 317 IN
1699 250 2087 315 EPISTOLAM
2125 252 2147 309 l
2187 250 2278 308 AD
2315 244 2471 309 COR.
2512 248 2666 307 CAP.
2709 246 2781 306 X.

3431 242 3538 305 746

232 392 366 447 dum
399 386 571 445 dicit:
603 381 843 440 Circuivi
883 394 1007 437 aras
1034 387 1266 447 vestras,
1299 386 1352 435 et
1382 385 1439 435 ut
1469 373 1687 448 quidam
1711 386 1830 430 ves-
1860 372 1915 434 Α
2011 365 2076 421 Et
2120 381 2294 421 omnes
2339 365 2571 421 eamdem
2615 357 2947 433 spiritualem
2980 370 3152 413 escam
3192 354 3538 413 manducaue-

233 498 380 545 trum
413 485 689 542 dixerunt.

308 584 444 639 Cum
485 582 594 636 sine
637 580 747 649 lege
794 575 893 631 Dei
932 590 1037 630 non
1084 587 1271 640 essem,
1304 569 1393 626 sed
1431 568 1486 623 in
1530 566 1637 641 lege
1679 578 1838 620 essem

236 675 458 741 Christi,
490 680 545 726 ut
577 670 938 742 lucrifacerem
960 684 1066 733 eos,
1098 666 1187 738 qui
1219 664 1328 719 sine
1355 663 1463 732 lege
1492 669 1660 713 erant.
1691 655 1839 713 Con-

237 776 323 823 tra
355 767 593 823 Arianos
622 772 681 820 et
710 761 1090 827 Photinianos,
1124 756 1269 829 quod
1301 754 1446 810 Deus
1472 753 1544 808 sit
1565 749 1839 806 Christus.

238 860 425 916 Etiam
480 860 587 914 hoc
637 853 959 923 notandum,
1008 849 1154 923 quod
1197 863 1397 905 novum
1432 846 1841 902 Testamentum

237 955 329 1011 lex
362 953 692 1024 appellatur.

317 1045 517 1099 Factus
546 1060 661 1099 sunt
682 1041 907 1113 inﬁrmis
928 1039 1191 1111 inﬁrmus,
1222 1046 1276 1092 ut
1304 1036 1543 1107 inﬁrmos
1570 1034 1847 1105 lucriface-

243 1157 380 1195 rem.
414 1139 647 1210 Propter
678 1136 923 1192 inﬁrmos
960 1133 1109 1190 olera
1150 1130 1502 1201 manducavi,
1527 1144 1652 1186 cum
1695 1141 1847 1184 secu-

242 1250 342 1292 rus
370 1231 864 1305 possem_carnibus
891 1229 1039 1286 vesci
1066 1226 1416 1299 promiscuis.

327 1327 579 1383 Umnibus
611 1325 785 1380 omnia
815 1327 984 1395 factus
1020 1336 1157 1389 sum,
1200 1328 1255 1373 ut
1288 1334 1460 1374 omnes
1493 1314 1711 1388 facerem
1741 1311 1851 1369 sal-

246 1437 363 1479 tos.
388 1420 506 1476 Non
534 1417 737 1489 aliquid
766 1416 923 1484 mihi,
953 1429 1056 1471 nec
1078 1425 1352 1483 quaerens,
1386 1408 1529 1480 quod
1558 1408 1686 1463 mihi
1719 1405 1851 1461 utile

247 1525 357 1585 est,
390 1514 489 1571 sed
522 1512 666 1583 quod
696 1510 901 1567 multis.
930 1508 1064 1564 Item
1092 1507 1249 1562 aliter
1276 1522 1290 1560 :
1319 1505 1377 1559 In
1419 1503 1503 1559 his
1531 1517 1651 1573 quae
1686 1514 1851 1569 supe-

246 1611 369 1667 rius
395 1607 822 1664 memoravimus
850 1623 860 1658 :
886 1618 994 1659 non
1019 1610 1080 1657 ut
1101 1599 1323 1672 quidam
1344 1597 1487 1653 male
1515 1594 1850 1665 existimant,

250 1702 409 1759 illum
440 1701 604 1757 etiam
641 1698 845 1754 illicitis
874 1695 1241 1752 consensisse.

1938 468 2079 525 runt,
2130 469 2179 513 et
2214 474 2388 513 omnes
2422 457 2657 512 eumdem
2697 464 2876 525 potum
2917 451 3241 519 spiritualem
3283 450 3534 506 biberunt.

1941 553 2164 619 Manna,
2197 551 2367 622 ﬁgura
2395 549 2643 621 corporis
2670 546 2870 605 Christi
2898 546 3018 601 fuit.

1941 651 1965 707 τ·
2014 644 2269 700 Bibebant
2305 652 2477 698 autem
2508 643 2569 697 de
2604 640 2872 715 spirituali
2896 646 3233 711 consequente
3263 653 3348 695 eos
3375 647 3539 710 petra.

1943 735 2202 794 Ostendit
2232 735 2535 808 apostolus,
2571 734 2827 805 quoniam
2858 732 3091 806 populus
3130 732 3318 803 Israel,
3349 748 3544 804 quam-

1945 829 2037 886 diu
2066 831 2122 885 in
2151 829 2371 885 deserto
2400 828 2515 893 iuit,
2547 842 2643 898 per
2664 842 2830 883 omne
2861 828 2969 883 iter
2992 840 3184 883 eorum
3214 826 3546 897 sequebatur

1946 938 2043 979 eos
2090 930 2263 993 petra.
2315 920 2471 977 Unde
2500 920 2704 991 populo
2750 934 2873 976 cum
2907 918 3057 975 omni
3104 919 3409 975 substantia
3448 932 3548 974 sua

1947 1019 2150 1074 ﬂuenta
2190 1016 2570 1077 sutfecerunt:
2615 1013 2793 1070 donec
2823 1012 3213 1084 pervenientes
3248 1013 3301 1068 in
3342 1019 3548 1069 terram

1949 1110 2131 1177 Moab,
2162 1117 2383 1181 puteum
2417 1106 2730 1164 eﬁ‘oderunt
2750 1121 3034 1177 aquarum,
3065 1115 3211 1163 terra
3239 1105 3552 1177 Repromis-

1949 1204 2120 1260 sionis
2142 1203 2198 1259 in
2224 1204 2474 1274 proximo
2497 1202 2817 1258 constituat.

2024 1295 2184 1351 Petra
2227 1304 2403 1351 autem
2449 1304 2559 1349 erat
2610 1294 2870 1349 Christus.
2940 1293 3076 1362 Quia
3125 1292 3381 1352 Christus
3433 1305 3553 1351 erat

1952 1389 2303 1463 postmodum
2356 1397 2685 1447 secuturus:
2739 1388 2896 1459 cujus
2949 1389 3175 1460 ﬁguram
3223 1398 3349 1445 tunc
3401 1399 3555 1460 petra

1955 1483 2196 1555 gerebat.
2252 1481 2460 1539 Idcirco
2517 1481 2748 1554 pulchre
2801 1481 2959 1554 dixit,
3022 1466 3396 1555 consequente
3458 1497 3557 1541 eos

1957 1588 2131 1650 petra.
3062 1632 3067 1636 .

2034 1670 2141 1727 Sed
2171 1671 2358 1727 nonin
2392 1666 2632 1742 pluribus
2669 1685 2844 1726 eorum
2886 1668 3268 1740 beneplacitum
3310 1681 3384 1727 est
3426 1670 3560 1729 Deo.

330 1795 520 1850 omnia
560 1802 731 1849 autem
767 1793 907 1865 ίαεεο
946 1799 1157 1862 propter
1194 1785 1558 1861 Evangeuum,
1592 1795 1649 1841 ηε
1685 1786 1854 1855 par";
1884 1774 1934 1837 Β
1964 1761 2104 1865 Alam
2126 1764 2372 1865 prostrati
2399 1763 2602 1865 suntin
2632 1763 2851 1818 deserto.
2879 1762 2959 1818 Ita
2988 1778 3119 1835 ergo
3151 1772 3208 1819 et
3240 1762 3395 1820 vobis
3432 1765 3559 1832 erit,

250 1904 375 1960 ceps
420 1889 534 1959 ejus
569 1886 794 1957 efﬁciar.
820 1883 890 1940 Ut
933 1884 987 1938 in
1034 1896 1100 1938 eo
1148 1886 1358 1951 partem
1400 1892 1613 1934 merear
1655 1877 1856 1933 habere

250 1994 381 2036 cum
409 1980 635 2035 sanctis.

331 2072 560 2129 Nescitis
587 2071 725 2142 quod
755 2070 810 2125 lii
846 2069 937 2139 qui
976 2069 1028 2123 in
1060 2069 1229 2124 stadio
1262 2076 1498 2135 currunt,
1534 2082 1706 2121 omnes
1736 2062 1854 2137 qui-

256 2168 375 2224 dem
415 2173 652 2233 currunt,
687 2164 780 2219 sed
817 2180 951 2217 unus
995 2162 1184 2232 accipit
1224 2162 1496 2217 bravium?
1525 2159 1616 2216 Sic
1642 2160 1856 2225 currite,

258 2267 322 2314 ut
359 2256 830 2329 comprehendatis.
866 2255 965 2309 llic
999 2254 1161 2309 stadii
1205 2268 1447 2321 cursum,
1486 2250 1732 2323 justititc,
1774 2249 1857 2306 vel

256 2356 391 2414 ﬁdei
437 2356 815 2427 comparavit:
847 2353 974 2425 quia
1022 2350 1296 2424 quomodo
1344 2349 1457 2406 illic
1505 2364 1627 2404 cum
1669 2361 1860 2403 omnes

256 2454 405 2507 intra
428 2450 664 2507 stadium
688 2456 939 2515 currunt,
974 2462 1081 2502 non
1116 2446 1219 2501 nisi
1247 2444 1339 2516 qui
1365 2444 1506 2501 bene
1532 2441 1856 2512 cucurrerit,

257 2543 463 2615 dignus
491 2541 718 2614 praemio
742 2540 1065 2610 iudicatur:
1107 2538 1182 2592 ita
1209 2544 1264 2593 et
1301 2536 1406 2604 hic,
1442 2537 1688 2607 quamvis
1720 2536 1862 2591 intra

265 2638 397 2693 ﬁdei
432 2645 606 2693 metas
637 2636 821 2691 cuncti
862 2634 1152 2690 credentes
1197 2632 1602 2697 contineantur,
1634 2630 1735 2685 soli
1776 2636 1861 2683 ta-

258 2745 389 2786 men
435 2729 529 2800 qui
571 2730 718 2799 juste
770 2727 1030 2794 vixerint,
1088 2725 1373 2797 praemium
1417 2724 1643 2779 caeleste
1688 2723 1864 2793 perci-

260 2824 437 2896 pient.
480 2823 611 2878 Item
653 2822 759 2877 hoc
790 2821 911 2876 loco
950 2820 1096 2875 inter
1141 2835 1260 2889 eos,
1291 2820 1383 2889 qui
1424 2819 1476 2873 in
1524 2816 1862 2873 stadiocur-

262 2926 416 2982 runt,
450 2931 615 2971 unum
649 2914 1007 2984 accipientem
1040 2912 1298 2983 palmam,
1337 2911 1609 2981 signiﬁcat
1648 2924 1863 2965 onmem

261 3022 415 3071 recte
449 3012 609 3067 ﬁdem
642 3018 944 3075 tenentem,
977 3018 1031 3064 et
1058 3014 1327 3078 prmeepta
1352 3013 1683 3062 servantem.

339 3104 528 3158 Omnis
557 3103 715 3169 enim,
748 3102 839 3172 qui
864 3100 919 3154 in
950 3116 1114 3171 agone
1137 3098 1425 3165 contendit,
1455 3098 1518 3150 ab
1541 3096 1778 3152 omnibus
1812 3111 1867 3150 se

1962 1860 2008 1914 si
2037 1873 2131 1913 eos
2164 1856 2456 1913 volueritis
2482 1857 2760 1928 peccando
2786 1858 3009 1913 imitari.

2034 1951 2165 2005 Hcce
2194 1960 2363 2006 autem
2390 1953 2443 2005 in
2469 1952 2638 2023 ﬁgura
2662 1955 2798 2023 facta
2828 1962 2946 2007 sunt
2975 1953 3158 2020 nostri,
3180 1961 3237 2007 ut
3263 1971 3367 2009 non
3397 1954 3559 2009 simus

1960 2047 2376 2115 concupiscentes
2423 2046 2718 2114 malorum,
2770 2047 2903 2100 sicut
2951 2056 2996 2100 et
3044 2046 3126 2101 illi
3168 2048 3565 2120 concupierunt.

1960 2138 2096 2210 lpsis
2124 2153 2251 2195 vere
2286 2136 2428 2193 facta
2458 2148 2605 2205 sunt,
2635 2152 2756 2208 quae
2795 2136 2850 2191 in
2879 2136 3051 2209 ﬁgura
3075 2148 3231 2194 erant
3257 2148 3463 2207 nostra,
3508 2147 3571 2193 ut

1962 2231 2251 2289 timeamus
2288 2231 2411 2287 talia
2452 2247 2633 2301 agere,
2677 2247 2745 2287 ne
2787 2232 2915 2287 talia
2965 2231 3326 2288 incurramus.
3376 2233 3571 2288 Omnia

1963 2326 2129 2395 enim,
2165 2342 2284 2397 qua:
2310 2326 2366 2380 in
2410 2326 2606 2395 populo
2637 2324 2803 2380 Israel
2852 2325 2947 2381 illo
2977 2335 3223 2399 tempore
3262 2327 3401 2383 facta
3445 2336 3573 2382 sunt

1962 2422 2017 2477 in
2042 2421 2229 2491 ﬁgura,
2255 2418 2474 2475 nuncin
2499 2416 2659 2473 nobis
2690 2418 2743 2472 in
2764 2418 2995 2474 veritate
3018 2419 3387 2475 celebrantur.
3418 2419 3575 2475 Sicut

1964 2515 2109 2573 enim
2142 2512 2216 2568 illi
2249 2527 2346 2583 per
2386 2512 2609 2583 Moysen
2640 2525 2707 2565 ex
2749 2509 2987 2583 Egypto
3029 2511 3244 2568 liberati
3291 2520 3462 2567 sunt:
3495 2514 3574 2567 sic

1964 2622 2066 2664 nos
2095 2622 2192 2678 per
2220 2605 2520 2675 quemlibet
2549 2603 2912 2668 sacerdotem,
2936 2603 3025 2660 vel
3050 2604 3331 2659 doctorem
3359 2604 3428 2660 de
3466 2618 3570 2659 sa:-

1966 2702 2093 2758 culo
2119 2701 2432 2755 liberamur.
2469 2696 2677 2752 Deinde
2702 2694 2995 2751 Christiani
3029 2696 3178 2762 facti,
3205 2696 3456 2752 ducimur
3477 2710 3574 2766 per

1966 2794 2218 2859 deserta;
2247 2800 2306 2847 ut
2331 2806 2430 2861 per
2453 2788 2772 2845 exercitium
2792 2796 3137 2859 contemptus
3160 2789 3345 2844 mundi
3367 2798 3421 2845 et
3446 2788 3571 2843 abs-

1968 2887 2256 2954 tinentiae,
2308 2884 2363 2939 in
2414 2881 2747 2939 oblivionem
2795 2882 2950 2936 nobis
3002 2890 3159 2936 erant
3205 2880 3425 2953 x’Egypti
3475 2894 3573 2936 vo-

1973 2982 2207 3053 luptates
2254 2996 2267 3032 :
2310 2979 2383 3033 ita
2427 2985 2487 3031 ut
2538 2975 2845 3031 nesciamus
2881 2974 2946 3029 ad
2988 2975 3247 3030 smculum
3292 2974 3575 3044 repedare.

1968 3076 2102 3133 Cum
2130 3088 2262 3130 vero
2293 3070 2550 3142 baptismi
2577 3083 2728 3124 mare
2758 3067 3078 3135 transimus,
3114 3076 3242 3123 tunc
3272 3068 3425 3124 nobis
3457 3068 3578 3124 dia-

263 3197 510 3252 abstinet.
554 3193 638 3250 Ab
666 3192 919 3249 omnibus
948 3190 1113 3259 escis,
1141 3206 1263 3262 quae
1292 3203 1511 3246 cursum
1543 3204 1729 3245 eorum
1763 3187 1864 3241 im-

1985 3170 2127 3227 bolus
2167 3183 2290 3224 cum
2339 3180 2439 3220 suo
2467 3162 2733 3231 exercitu,
2770 3173 3042 3233 tamquam
3072 3161 3285 3218 Pharao
3309 3162 3583 3234 demergi-

262 3289 457 3360 pedire
483 3294 908 3343 consueverunt.

339 3382 411 3437 Et
441 3380 523 3436 illi
555 3379 783 3450 quidem,
813 3387 873 3433 ut
913 3377 1303 3451 corruptibilem
1331 3392 1580 3432 coronam
1615 3375 1865 3446 accipiat,

265 3494 364 3533 nos
409 3464 1006 3547 autemiincorruptam.
1059 3472 1171 3546 Ego
1219 3473 1380 3545 igitur
1422 3473 1497 3527 sic
1540 3488 1714 3539 curro,
1764 3488 1868 3525 non

265 3571 423 3644 quasi
452 3571 506 3624 in
536 3570 789 3624 incertum
826 3585 843 3621 :
876 3568 951 3622 sic
977 3583 1175 3639 pugno,
1210 3582 1313 3620 non
1334 3566 1481 3636 quasi
1505 3582 1674 3619 aerem
1701 3566 1871 3619 verbe-

266 3682 415 3721 rans.
451 3664 562 3720 Sed
593 3664 792 3737 castigo
819 3678 1008 3733 corpus
1038 3677 1231 3727 meum,
1275 3669 1322 3715 et
1356 3662 1409 3715 in
1455 3661 1751 3715 servitutem
1784 3676 1869 3714 re-

266 3761 413 3833 digo.
446 3758 563 3813 Non
594 3759 649 3814 in
683 3773 884 3812 vanum
928 3771 1111 3821 curro,
1142 3755 1229 3811 vel
1273 3754 1415 3824 ﬁngo
1442 3762 1744 3819 certamen,
1774 3753 1870 3809 sed

269 3854 484 3924 castigo
508 3867 706 3923 corpus
737 3867 942 3915 meum,
965 3860 1021 3906 et
1052 3850 1298 3907 servituti
1322 3848 1555 3919 subjicio
1588 3864 1683 3919 per
1706 3848 1874 3902 absti—

268 3944 514 3999 nentiam
540 3951 595 3997 ct
621 3941 973 3997 alﬁictionem
994 3949 1158 4009 atque
1186 3939 1423 4006 labores,
1450 3938 1590 3993 sicut
1612 3938 1742 3992 alibi
1767 3938 1868 3992 ait:

270 4035 330 4093 In
356 4034 586 4105 jejuniis
615 4033 822 4099 multis,
854 4034 905 4087 in
939 4031 1162 4102 vigiliis,
1191 4032 1245 4084 in
1280 4028 1421 4085 fame
1457 4038 1511 4084 et
1548 4028 1663 4096 siti,
1695 4029 1748 4083 in
1781 4027 1875 4084 iri-

269 4144 405 4202 gore
445 4136 501 4184 et
542 4126 812 4193 nuditate,
854 4126 908 4180 in
952 4123 1250 4190 laboribus,
1296 4122 1349 4176 in
1382 4121 1719 4187 carceribus,
1764 4128 1871 4176 etc.

269 4222 429 4279 Sicut
458 4219 527 4275 ad
548 4218 833 4284 Hebraeos,
861 4215 1182 4288 prephetas,
1206 4222 1262 4271 et
1282 4213 1417 4269 alios
1441 4222 1658 4270 sanctos
1684 4225 1874 4282 passos

192 4300 199 4305 ’
271 4314 451 4372 multa
482 4312 605 4367 talia
630 4310 969 4367 memoravit.

350 4404 438 4461 Ne
463 4406 598 4474 forte
625 4421 741 4458 cum
768 4402 888 4457 aliis
920 4400 1330 4475 prmdicaeerim,
1360 4399 1470 4471 ipse
1497 4398 1743 4470 reprobus
1773 4396 1878 4467 elﬁ-

273 4502 406 4557 ciar.
437 4498 556 4555 Non
587 4495 836 4555 iaciendo
868 4512 988 4567 qua:
1014 4496 1159 4551 dico.

912 4587 1142 4644 CAPUT
1179 4585 1252 4644 Χ.

354 4684 501 4740 Nolo
548 4682 685 4739 enim
724 4698 812 4737 vos
859 4682 1127 4751 ignorare,
1169 4682 1381 4749 fratres,
1422 4677 1667 4750 quoniam
1712 4682 1881 4746 patres

278 4777 449 4832 nostri
475 4791 650 4831 omnes
678 4772 773 4828 sub
797 4770 930 4825 nube
957 4773 1190 4841 fuerunt,
1222 4779 1271 4825 et
1297 4785 1470 4823 omnes
1496 4785 1638 4822 mare
1666 4767 1885 4821 transie-

278 4877 427 4923 runt.
457 4866 537 4923 Nc
563 4866 687 4938 quis
710 4864 992 4921 conﬁdens
1016 4864 1070 4918 in
1092 4878 1160 4919 eo
1184 4864 1383 4928 solum,
1413 4861 1556 4933 quod
1581 4860 1886 4931 baptizatus

279 4968 408 5016 est:
442 4969 535 5014 aut
562 4958 617 5012 in
640 4971 765 5013 esca
801 4955 1091 5027 Spirituali,
1119 4954 1203 5010 vel
1227 4963 1379 5024 potu,
1412 4961 1562 5024 putet
1586 4951 1685 5006 sibi
1718 4953 1884 5007 Deum

286 5065 539 5123 parcere,
574 5050 620 5104 si
650 5048 956 5120 peccaverit
987 5064 1001 5102 :
1034 5046 1141 5102 tale
1172 5055 1384 5117 patrum
1418 5044 1669 5115 proponit
1696 5058 1887 5098 exem-

281 5146 460 5217 plum,
490 5157 599 5215 quo
644 5141 921 5209 ostendat,
957 5150 1083 5195 tunc
1132 5139 1231 5195 ista
1280 5138 1475 5194 merito
1506 5134 1809 5207 profutura,
1843 5135 1889 5189 si

284 5243 561 5309 praecepta
604 5241 913 5290 serventur.

364 5327 435 5382 Et
465 5343 643 5383 omnes
674 5327 729 5381 in
773 5325 956 5398 Moyse
988 5324 1241 5396 baptizati
1278 5330 1419 5379 sunt.
1454 5321 1511 5378 In
1560 5320 1765 5393 Moyse,
1801 5319 1894 5391 qui

287 5422 497 5481 Christi
546 5432 733 5494 typum
776 5420 1025 5492 gerebat.
1075 5420 1232 5487 Item,
1265 5420 1381 5475 lucc
1425 5418 1477 5473 in
1527 5416 1619 5471 illo
1651 5424 1896 5484 tempore

286 5520 451 5594 quasi
485 5520 540 5575 in
570 5518 764 5575 umbra
812 5530 865 5575 et
912 5526 1041 5591 typo
1090 5517 1315 5583 ﬁebant,
1359 5530 1467 5572 non
1517 5515 1571 5570 in
1621 5510 1893 5569 veritate:

295 5623 493 5687 postea
518 5627 649 5669 vero
679 5612 971 5683 praesentia
1002 5610 1203 5667 Christi
1229 5610 1588 5680 complentur.

372 5707 442 5763 In
472 5707 627 5773 nube,
658 5714 706 5761 et
745 5707 799 5761 in
830 5706 985 5761 mari.
1015 5705 1151 5774 Quia
1199 5714 1254 5761 et
1283 5704 1455 5763 nubes
1484 5702 1762 5776 proprium
1800 5698 1903 5757 Im.

312 5816 522 5863 morem
557 5809 759 5872 portat.

602 5896 879 5961 Psrnoc.
926 5891 1139 5957 XXX.

1974 3272 2082 3318 tur.
2114 3258 2321 3317 Deinde
2355 3270 2550 3311 manna
2572 3254 2841 3320 cibamur,
2875 3261 2931 3309 et
2961 3262 3144 3323 potum
3186 3253 3485 3325 accipimus
3509 3254 3580 3312 de

1972 3353 2180 3411 Christi
2208 3352 2376 3407 latere
2410 3354 2781 3403 emanantem.
2812 3344 3043 3399 Claritas
3075 3359 3293 3415 quoque
3337 3345 3581 3400 scientia:

1975 3456 2248 3516 tamquam
2272 3442 2530 3499 columna
2563 3438 2725 3510 ignis,
2759 3438 2812 3493 in
2846 3445 3006 3493 nocte
3033 3438 3219 3493 saeculi
3245 3437 3581 3493 demonstra-

1976 3548 2082 3605 tur,
2126 3545 2181 3592 et
2224 3536 2281 3590 in
2322 3529 2690 3589 tribulationis
2734 3540 2893 3597 325m,
2943 3529 3139 3584 divina:
3186 3529 3579 3586 consolationis

1976 3630 2119 3687 nube
2149 3626 2500 3698 protegimur.
2532 3622 2662 3677 Post
2690 3636 2811 3691 quae
2842 3620 3023 3675 omnia
3057 3621 3098 3675 si
3136 3621 3541 3690 peccaverimus
3561 3662 3577 3688 ,

1976 3725 2078 3781 ista
2102 3720 2260 3777 nobis
2289 3719 2403 3776 sola
2440 3714 2725 3786 suﬂ‘ragari
2769 3731 2878 3770 non
2923 3724 3181 3785 poterunt
3216 3732 3231 3769 :
3262 3716 3407 3770 sicut
3430 3724 3484 3771 et
3510 3715 3579 3771 ad

1977 3818 2238 3875 Hebraeos
2263 3813 2460 3869 dicitur
2492 3829 2504 3866 :
2535 3810 2749 3865 Irritam
2776 3810 2898 3879 quis
2930 3808 3135 3864 faciens
3164 3808 3334 3880 legem
3370 3809 3573 3881 Moysi,

1977 3912 2191 3968 duobus
2220 3917 2313 3964 aut
2337 3908 2510 3963 tribus
2544 3904 2799 3970 testibus,
2823 3903 2941 3958 sine
2967 3903 3069 3956 ulla
3103 3902 3456 3959 miseratione
3480 3919 3577 3974 pu-

1978 4008 2128 4064 nitur
2158 4024 2171 4059 :
2201 4005 2414 4074 Quanto
2446 4001 2615 4072 magis
2656 3997 2860 4069 putatis
2896 3996 3164 4052 deteriora
3216 3999 3415 4053 mereri
3446 4013 3575 4068 sup-

1978 4101 2158 4174 plicia,
2194 4098 2285 4169 qui
2311 4097 2505 4153 Filium
2544 4094 2637 4149 Dei
2663 4091 3107 4148 conculcaverit?
3134 4099 3187 4148 et
3210 4101 3427 4149 caetera.

2054 4195 2236 4266 Neque
2266 4192 2561 4246 idololatra:
2587 4188 2895 4260 eﬁiciamini,
2925 4188 3055 4241 sicut
3087 4188 3296 4256 quidam
3323 4206 3385 4244 ex
3405 4189 3531 4261 ipsis
3556 4208 3575 4247 :

1980 4286 2411 4361 quemadmodum
2446 4284 2696 4354 scriptum
2744 4290 2861 4336 est:
2892 4280 3041 4336 Sedit
3089 4282 3315 4352 papulas
3344 4286 3574 4340 mandu-

1981 4400 2100 4441 care
2119 4392 2169 4439 et
2199 4382 2385 4443 bibere,
2417 4390 2464 4433 et
2486 4385 2824 4433 surrexerunt
2851 4376 3048 4430 ludere.
3074 4374 3130 4429 In
3163 4374 3330 4431 idolio
3358 4392 3578 4433 recum-

1983 4476 2227 4534 bentium
2275 4487 2444 4543 usque
2486 4471 2623 4525 adeo
2668 4467 2943 4539 negotium
2994 4468 3326 4538 aggravavit,
3358 4479 3418 4524 ut
3458 4470 3580 4529 illos

1905 4559 1959 4613 n
1985 4567 2301 4626 idololatras
2324 4562 2492 4619 fuisse
2519 4561 2759 4617 deﬁniat.

2060 4660 2244 4730 Neque
2282 4656 2623 4729 fornicemur,
2657 4654 2787 4706 sicut
2825 4652 3038 4722 quidam
3073 4668 3135 4707 ex
3174 4653 3303 4721 ipsis
3335 4656 3582 4727 fornicati

1988 4760 2134 4819 sunt,
2163 4760 2210 4806 et
2234 4748 2526 4803 ceciderunt
2549 4762 2651 4798 una
2679 4744 2762 4798 die
2790 4743 2975 4816 riginti
3006 4745 3105 4798 tria
3130 4746 3320 4800 millia.
3374 4746 3580 4804 Notan-

1990 4847 2115 4903 dum
2147 4842 2291 4915 quod
2322 4855 2429 4895 non
2459 4838 2633 4893 soluat
2666 4835 2970 4892 idololatrze
2993 4837 3171 4907 perire
3198 4838 3470 4895 dicuntur.

2064 4938 2246 5004 Neque
2275 4941 2527 4988 tentemus
2561 4929 2851 4996 Christum,
2878 4929 3012 4984 sicut
3042 4930 3251 4998 quidam
3290 4946 3483 4985 eorum.
3520 4931 3587 4988 Et

1993 5030 2083 5089 hic
2122 5028 2370 5086 Christus
2419 5024 2563 5079 Deus
2612 5021 2921 5079 ostenditur
2954 5038 2967 5074 :
3000 5021 3121 5091 quia
3169 5020 3338 5077 Deum
3384 5020 3588 5080 dixisse

1993 5124 2225 5195 legimus
2260 5136 2273 5173 :
2308 5117 2679 5174 Tentaverunt
2711 5128 2798 5169 me
2828 5111 3032 5169 decies.

2068 5223 2439 5287 Tentaverunt,
2472 5228 2521 5274 et
2565 5235 2598 5272 α
2637 5213 2961 5288 serpentibus
2990 5213 3271 5282 perierunt.
3318 5213 3589 5287 Dicentes,

1998 5315 2257 5387 numquid
2288 5321 2472 5385 potest
2504 5311 2644 5367 Deus
2673 5322 2868 5379 parare
2889 5319 3134 5362 mensam
3166 5306 3218 5361 in
3250 5306 3507 5365 deserto?

2072 5407 2253 5479 Neque
2274 5401 2733 5465 murmuraveritis,
2762 5400 2891 5455 sicut
2917 5398 3129 5469 quidam
3153 5415 3331 5456 eorum
3361 5418 3600 5458 murmu-

2000 5508 2239 5556 rarerunt
2266 5514 2281 5551 :
2313 5506 2360 5553 et
2408 5496 2675 5567 perierunt
2718 5492 2783 5547 ab
2828 5492 3248 5548 exterminatore.
3279 5492 3336 5547 In
3369 5493 3599 5550 tribula-

2006 5596 2248 5653 tionibus
2281 5600 2501 5665 propter
2524 5589 2822 5646 Christum.

2083 5688 2211 5745 Παῖς
2258 5695 2428 5742 autem
2474 5682 2651 5738 omnia
2695 5682 2749 5736 in
2801 5680 2971 5753 ﬁgura
3017 5678 3381 5751 contingebant
3440 5681 3549 5735 illis
3597 5700 3616 5740 ,-

2015 5784 2207 5859 scripta
2249 5788 2369 5837 sunt
2398 5786 2579 5836 autem
2607 5775 2674 5831 ad
2720 5773 3095 5845 rorreptionem
3138 5771 3611 5833 nostram.0ntnia

2990 5864 3069 5924 2's
