3978 6286
369 266 477 324 747

1402 253 1461 310 S.
1505 251 1883 309 lllERONY-lll
1921 247 2208 308 OPERUM
2247 248 2611 307 MANTISSA.

3560 241 3666 313 ¹’148

373 396 494 452 qua:
526 378 634 436 illis
677 375 1044 447 contigerunt,
1081 369 1388 430 secundum
1425 369 1566 425 laeta
1610 382 1706 424 sua
1747 367 1969 439 quidem
1998 369 2049 429 A
2075 376 2207 451 esse,
2240 378 2287 420 et
2318 382 2508 421 mensw
2550 367 2947 422 dwmoniorum.
2981 364 3098 421 Non
3147 363 3379 436 potestis
3408 369 3468 419 et
3495 363 3586 420 Dei
3615 372 3666 421 et

371 479 700 544 receperunt
725 489 737 524 :
769 469 863 525 sed
893 479 1069 523 tamen
1101 466 1223 522 ideo
1246 465 1446 535 scripta
1476 473 1626 528 sunt,
1651 477 1725 517 ne
1748 476 1846 518 nos
1875 476 1970 530 pu-

375 578 553 621 temus
585 567 806 634 impune
839 575 1086 632 peccare.
1124 557 1181 615 Si
1223 557 1370 613 enim
1401 555 1581 612 adhuc
1619 554 1872 628 parvulis
1914 561 1970 608 et

378 654 607 711 rudibus
639 669 744 707 non
791 653 1064 724 pepercit,
1097 658 1304 721 quanto
1336 649 1508 719 magis
1551 647 1730 710 nobis,
1765 647 1852 718 qui
1887 645 1968 700 le-

379 764 497 819 gem
550 744 904 818 perlecﬁonis
949 743 1280 814 accepimus,
1334 757 1446 810 non
1488 749 1700 813 parcet,
1751 738 1799 794 si
1845 737 1970 792 talia

374 839 696 897 fecerimus!
1295 909 1299 914 ἧ

453 931 520 987 1η
550 949 678 1002 quos
719 931 847 1002 ﬁnes
889 930 1202 986 swculorum
1233 926 1566 1006 devenerunt.
1599 921 1659 986 In
1690 936 1830 995 quos
1861 930 1973 982 tota

378 1037 682 1098 temporum
713 1025 973 1096 perfectio
996 1020 1330 1080 decucurrit.

389 1104 393 1108 ’
446 1117 634 1189 Itaque
661 1118 750 1188 qui
778 1133 830 1170 se
863 1116 1129 1171 existimat
1160 1123 1329 1180 stare,
1361 1110 1530 1166 videat
1561 1126 1624 1164 ne
1667 1107 1845 1164 cadat.
1881 1105 1973 1163 Vi-

381 1210 532 1276 deat,
557 1223 626 1263 ne
656 1224 752 1279 per
782 1206 885 1263 hoc
909 1206 1088 1278 ipsum
1120 1203 1280 1259 cadat
1311 1221 1324 1257 :
1358 1200 1500 1274 quod
1544 1216 1602 1258 se
1630 1208 1779 1260 stare
1809 1199 1976 1256 ﬁrmi-

387 1314 467 1357 ter
497 1301 762 1373 gloriatur
797 1319 808 1353 :
845 1301 987 1364 sive,
1015 1297 1195 1352 videat
1223 1311 1290 1352 ne
1314 1295 1552 1374 fallatur.

451 1395 692 1451 Tentatio
723 1412 812 1448 vos
855 1411 960 1448 non
1002 1390 1392 1466 apprehendat,
1426 1389 1528 1443 nisi
1571 1390 1820 1442 humana.
1851 1383 1970 1442 Non

378 1489 536 1546 vobis
581 1489 732 1543 venit
768 1487 1113 1542 extrinsecus
1159 1485 1264 1539 ista
1313 1482 1563 1547 tentatio,
1613 1469 1774 1550 quam
1820 1477 1975 1530 vobis

379 1593 576 1656 sponte
602 1583 907 1653 generalis;
936 1595 1095 1651 quam
1128 1578 1291 1634 etiam
1337 1576 1381 1631 si
1417 1573 1704 1630 tormentis
1752 1584 1976 1647 cogere-

384 1679 536 1744 ntini,
571 1675 860 1731 admittere
894 1689 998 1728 non
1039 1669 1333 1728 deberetis.
1364 1667 1477 1724 Hoc
1507 1666 1628 1721 ideo
1655 1664 1808 1732 dicit,
1846 1662 1972 1734 quia

2075 459 2386 514 daemonum
2415 473 2542 514 esse
2569 458 2882 530 participes.

2154 552 2235 607 Au
2275 552 2589 606 cumulantur
2635 549 2960 608 Dominum?
3004 549 3109 606 Alii
3158 547 3376 606 codices
3429 547 3659 603 habent:

2076 641 2192 715 Ipsi
2232 660 2311 699 me
2351 645 2646 701 celaverunt
2677 646 2729 699 in
2774 643 3020 712 Domino,
3071 642 3177 700 huc
3226 651 3330 705 est,
3386 641 3456 698 ad
3496 642 3658 698 zelum

2079 728 2538 808 provocaveruut.

2153 829 2425 898 Numquid
2452 831 2696 901 fortiores
2720 830 2813 886 illo
2851 831 3068 886 sumus?
3093 830 3195 899 Qui
3223 830 3325 884 ista
3355 843 3466 884 non
3497 828 3615 885 fecit
3639 848 3652 886 :

2076 938 2200 979 nam
2232 926 2277 979 si
2307 925 2500 980 scisset
2531 925 2656 980 hinc
2689 923 2850 980 [idem
2880 923 3249 979 ﬁrmissimam
3280 923 3642 993 comprobari,

2076 1013 2131 1070 in
2161 1015 2260 1071 hoc
2287 1031 2500 1088 quoque
2529 1015 2770 1071 dedisset
2796 1016 3134 1087 exemplum.

2100 1093 2104 1096 n
2153 1109 2340 1162 Umnia
2363 1109 2489 1162 mihi
2515 1110 2688 1176 licent,
2718 1110 2807 1163 sed
2835 1126 2938 1163 non
2965 1110 3140 1164 omnia
3161 1108 3462 1180 expediunt.
3486 1107 3655 1164 Omnia

2077 1217 2198 1272 qua:
2228 1218 2254 1254 a
2281 1203 2398 1274 lege
2424 1218 2530 1257 non
2561 1203 2940 1272 prohibentur,
2969 1203 3135 1258 licent
3161 1219 3174 1256 :
3206 1201 3332 1274 quia
3357 1216 3454 1270 per
3483 1216 3538 1256 se
3563 1215 3652 1256 non

2079 1295 2278 1350 habent
2312 1306 2591 1366 peccatum
2675 1288 2770 1352 sed
2805 1312 2909 1351 non
2942 1283 3160 1366 semper
3191 1294 3522 1364 expediunt:
3550 1293 3656 1364 quia

2079 1389 2425 1444 occasionem
2465 1403 2869 1459 nonnumquam
2901 1379 3167 1459 generant
3196 1385 3566 1456 delinquendi.

2155 1481 2343 1536 Omnia
2383 1482 2509 1536 mihi
2538 1483 2712 1552 licent,
2745 1483 2835 1537 sed
2859 1500 2963 1539 non
3004 1484 3179 1536 omnia
3200 1481 3484 1551 cedi/icant.
3512 1479 3659 1536 Nemo

2079 1576 2216 1647 quod
2248 1592 2400 1632 suum
2429 1586 2501 1631 est
2529 1586 2749 1649 quierat,
2780 1577 2872 1633 sed
2902 1577 3041 1648 quod
3071 1577 3309 1644 alterius.
3332 1577 3504 1634 Omne
3531 1576 3655 1645 quod

2081 1669 2330 1740 expedit,
2380 1669 2539 1724 licet:
2593 1684 2702 1725 non
2741 1685 2903 1727 omne
2932 1669 3075 1740 quod
3108 1669 3266 1740 licet,
3295 1669 3544 1739 expedit;
3574 1669 3655 1740 sed

379 1779 680 1841 Spoutanea
735 1769 1033 1834 voluntate,
1103 1761 1382 1820 immolata
1467 1758 1625 1817 idolis
1681 1757 1978 1813 manduca-
2011 1766 2060 1826 Β
2086 1775 2185 1815 nos
2215 1760 2460 1832 Apostoli
2503 1763 2755 1833 exemplo
2787 1771 2840 1817 et
2884 1755 3088 1816 Christi
3137 1777 3245 1816 non
3284 1760 3545 1815 debemus
3584 1761 3658 1816 illa

387 1867 538 1919 bant.

451 1952 657 2008 Fidelis
678 1957 851 2005 autem
877 1949 1020 2003 Deus
1045 1958 1139 2017 est,
1173 1947 1260 2019 qui
1297 1963 1397 2003 non
1423 1945 1649 2019 patietur
1675 1959 1762 1998 eos
1785 1939 1978 1996 tentari

389 2060 553 2118 supra
579 2045 632 2098 id
655 2043 792 2116 quod
822 2039 1057 2114 potestis.
1092 2039 1192 2108 Qui
1223 2054 1283 2096 se
1315 2039 1586 2110 pollicitus
1626 2044 1710 2092 est
1749 2033 1831 2091 sui
1881 2047 1981 2088 n0-

395 2139 556 2195 minis
586 2151 748 2191 causa
777 2133 1177 2188 tribulationem
1211 2131 1540 2203 patientibus
1567 2128 1884 2195 all'uturum,
1919 2132 1979 2180 ut

392 2231 463 2288 ibi
502 2256 514 2288 :
547 2231 725 2287 Multa:
756 2227 1132 2284 tribulationes
1156 2227 1448 2300 iustorum,
1479 2232 1534 2280 et
1563 2234 1781 2290 cratera.

461 2325 566 2380 Sed
589 2323 740 2395 faciet
767 2322 923 2374 etiam
951 2335 1066 2373 cum
1100 2318 1379 2392 tentatione
1401 2327 1723 2389 proventum,
1749 2323 1804 2367 ut
1822 2313 1983 2384 possit

397 2419 673 2472 sustinere.
723 2414 840 2469 Non
888 2411 1206 2482 ampliorem
1248 2408 1402 2465 vobis
1453 2406 1861 2462 tribulationem
1893 2420 1984 2459 ve-

397 2515 514 2566 nire
544 2515 800 2582 patietur,
832 2521 991 2576 quam
1021 2503 1291 2559 sustinere
1311 2500 1554 2570 possitis.

489 2603 710 2675 [raptor
733 2599 893 2672 quod,
925 2595 1215 2650 charissimi
1247 2591 1396 2660 mihi,
1427 2592 1594 2664 fugite
1629 2590 1690 2643 ab
1730 2589 1993 2643 idolorum

395 2698 618 2752 cultura.
658 2691 724 2748 Ut
749 2690 1083 2762 prudentibus
1102 2688 1408 2758 loquor,vos
1438 2684 1538 2755 ipsi
1559 2683 1822 2757 judicate,
1848 2678 1989 2753 quod

394 2767 549 2846 dico."
570 2787 800 2857 PrOpter
823 2786 1027 2852 omnia,
1059 2795 1181 2854 quae
1208 2779 1457 2851 superius
1486 2773 1903 2862 comprehendi.

463 2883 614 2940 Calia:
637 2877 1036 2943 benedictionis,
1068 2875 1153 2927 cui
1185 2870 1556 2926 benedicimus.
1593 2869 1716 2924 ldeo
1754 2867 1987 2937 primum

399 2977 626 3033 calicem
684 2970 1023 3034 nominavit,
1081 2974 1140 3022 ut
1185 2964 1354 3044 possit
1402 2961 1470 3017 de
1519 2976 1658 3032 pane
1689 2960 1848 3014 latius
1881 2957 1992 3013 dis-

405 3083 615 3141 putare.

2086 1861 2294 1908 tantum
2327 1852 2680 1910 considerare
2715 1870 2835 1924 quae
2859 1853 3058 1921 licent,
3087 1853 3184 1909 sed
3209 1852 3298 1908 illa
3333 1853 3514 1924 potius
3556 1869 3661 1924 qua:

2082 1946 2242 2004 nobis
2268 1946 2564 2017 espediuut
2589 1988 2603 2012 ,
2635 1957 2690 2002 et
2713 1947 2988 2004 :edilicant
3017 1947 3217 2003 fratres
3242 1965 3252 2000 :
3293 1957 3353 2002 ut
3395 1962 3503 2002 non
3532 1961 3660 2016 qua:-

2080 2055 2267 2094 ramus
2299 2056 2420 2110 quae
2452 2039 2609 2096 nobis
2641 2040 2778 2096 solis
2807 2039 3178 2112 teniporaliter
3210 2040 3457 2112 prosint,
3483 2048 3539 2098 et
3562 2039 3667 2095 aliis

2083 2136 2219 2192 forte
2249 2146 2464 2191 nocent.

2161 2229 2322 2285 Omne
2351 2229 2490 2304 quod
2519 2231 2570 2285 in
2602 2218 2819 2285 macello
2856 2232 3011 2300 venit,
3040 2232 3354 2287 manducate
3386 2278 3399 2303 ,
3437 2233 3568 2288 nihil
3593 2233 3669 2286 in-

2087 2330 2421 2395 terrogantes,
2443 2332 2654 2395 prapter
2675 2325 3064 2379 conscientiam.
3091 2324 3149 2381 Si
3171 2325 3333 2380 vultis
3357 2325 3671 2380 manducare

2086 2432 2303 2483 carnes,
2338 2418 2530 2472 saltem
2558 2417 2626 2472 de
2655 2416 2885 2472 macello
2915 2401 3265 2490 comparate:
3303 2403 3510 2475 tantum
3535 2434 3598 2496 ne
3625 2418 3673 2474 in

2089 2508 2252 2563 idolio
2271 2508 2592 2575 comedatis,
2617 2521 2670 2566 et
2704 2511 2877 2566 nolite
2902 2505 3265 2583 interrogare,
3291 2522 3471 2567 utrum
3496 2512 3674 2567 immo-

2087 2600 2211 2655 latre
2231 2601 2340 2656 sint
2371 2619 2382 2654 :
2418 2618 2487 2658 ne
2506 2613 2898 2673 cognoscentes
2921 2620 3039 2674 vos,
3066 2605 3246 2662 omnia
3270 2607 3545 2662 immolata
3570 2620 3678 2661 esse

2092 2694 2501 2764 reSpondeant,
2547 2705 2732 2752 etnon
2784 2697 3005 2766 possitis
3037 2708 3260 2769 prepter
3305 2681 3678 2754 conscientiam

2093 2787 2442 2844 manduCare.

2168 2879 2378 2934 Domini
2406 2889 2478 2935 est
2505 2891 2666 2951 terra,
2691 2889 2739 2936 et
2759 2882 3026 2954 plenitudo
3055 2886 3192 2956 ejus.
3218 2883 3273 2940 Si
3299 2881 3519 2940 Domini
3544 2865 3680 2952 sunt,

2097 2973 2296 3028 munda
2329 2981 2456 3027 sunt
2483 2973 2664 3028 omnia
2699 2975 3021 3044 simpliciter
3052 2975 3354 3030 utentibus.
3461 2962 3464 2967 ’
3497 2963 3502 2968 ’

2175 3063 2236 3120 Si
2258 3066 2370 3135 quis
2404 3075 2549 3119 vocat
2572 3083 2660 3120 vos
2689 3067 2977 3135 inﬁdelium
3000 3068 3068 3121 ad
3093 3083 3310 3136 uenam,
3344 3077 3390 3122 et
3412 3067 3566 3121 uultis
3583 3066 3685 3118 ire:

411 3163 418 3168 '
478 3162 667 3218 Nonne
715 3153 1112 3213 communicatio
1167 3148 1438 3222 sanguinis
1478 3144 1668 3202 Clitis”
1717 3144 1825 3198 est?
1879 3141 1997 3198 8Ῐο-
2025 3155 2070 3218 C
2103 3174 2251 3212 omne
2277 3158 2415 3229 quod
2448 3160 2588 3214 vobis
2617 3161 2919 3230 apponitur,
2949 3161 3294 3216 manducate:
3325 3161 3460 3216 nihil
3480 3161 3687 3213 interro-

402 3268 460 3313 ut
511 3257 630 3325 ipse
687 3252 939 3309 Salvator
1002 3243 1136 3301 dicit
1189 3260 1204 3300 :
1256 3241 1356 3310 Qui
1413 3238 1704 3294 manducat
1761 3249 1980 3291 carnem

404 3364 605 3418 meam,
635 3354 690 3400 et
731 3342 931 3398 biberit
978 3335 1295 3407 sanguinem
1330 3348 1543 3400 meum,
1577 3332 1634 3386 in
1666 3346 1751 3386 me
1795 3339 1996 3395 manet,

409 3436 469 3498 et
499 3456 596 3511 ego
629 3437 683 3492 in
711 3451 798 3491 eo.

479 3533 547 3587 Et
574 3531 722 3604 panis
749 3543 897 3598 quem
920 3524 1228 3598 frangimus,
1258 3535 1424 3574 nonne
1451 3517 1784 3592 participatio
1810 3526 1997 3587 corpo-

413 3629 488 3684 ris
516 3623 724 3679 Domini
747 3621 863 3674 est?
889 3617 1145 3683 Quoniam
1175 3629 1308 3666 unus
1347 3612 1498 3683 panis
1527 3620 1575 3665 et
1613 3625 1772 3664 unum
1815 3623 2006 3677 corpus

424 3719 574 3776 multi
621 3731 823 3771 sumus.
880 3711 957 3767 lta
1008 3717 1066 3766 et
1113 3707 1263 3779 panis
1303 3703 1647 3772 idololatriae,
1699 3704 2006 3759 dminonum

419 3827 501 3886 par
518 3811 607 3868 tici
615 3810 760 3881 patio
787 3820 906 3863 esse
941 3810 1293 3858 monstratur.
1512 3877 1522 3892 .

495 3903 683 3960 Omnes
713 3898 922 3972 quidem
945 3895 1007 3948 de
1029 3909 1132 3948 uno
1160 3909 1315 3963 pane,
1349 3898 1394 3945 ct
1419 3888 1482 3943 de
1508 3886 1613 3942 uno
1648 3886 1806 3964 calice
1842 3888 2011 3972 parti-

425 4001 676 4067 cipamus.
727 3993 802 4046 lla
849 3989 893 4042 si
924 4003 1044 4043 cum
1078 3983 1379 4039 idololatris
1408 3980 1475 4036 de
1516 3995 1623 4037 uno
1663 3994 1802 4052 pane
1832 3993 2015 4034 come-

423 4093 624 4154 dimus,
651 4100 816 4142 unum
844 4073 964 4136 cum
995 4080 1100 4134 illis
1124 4091 1321 4147 corpus
1347 4075 1638 4132 efficimur.

429 4178 431 4180 ’
507 4183 689 4237 Videte
724 4172 890 4232 Israel
933 4171 1232 4234 secundum,
1263 4185 1491 4224 carnem.
1537 4168 1787 4223 (famulis
1826 4167 2014 4233 Israel,

427 4275 675 4333 carnales
725 4266 933 4325 hostias
973 4262 1237 4320 oiierebat
1267 4279 1279 4315 :
1315 4263 1453 4315 sicut
1499 4261 1819 4331 spiritualis,
1854 4260 2022 4315 sacri-

436 4371 554 4425 licia
587 4363 894 4437 spiritualia
921 4359 1078 4415 offert
1103 4355 1342 4413 Christo.
1386 4355 1516 4411 ltetn
1565 4356 1688 4410 ideo
1723 4353 2021 4411 secundum

437 4475 682 4524 carnem,
714 4453 855 4524 quod
890 4452 1044 4522 juxta
1092 4451 1326 4505 litteram
1359 4463 1466 4502 non
1515 4446 1872 4518 spiritualiter
1904 4461 2022 4501 sero

435 4559 668 4612 vieruut.

515 4643 702 4702 Nonne
745 4641 834 4713 qui
872 4640 1029 4695 edunt
1074 4636 1292 4701 hostias,
1326 4633 1606 4706 participes
1645 4641 1766 4688 sunt
1808 4633 2030 4688 altaris?

447 4744 598 4799 Sicut
642 4738 717 4793 illi
750 4735 974 4790 edentes
1013 4729 1241 4792 hostias,
1273 4727 1568 4798 participes
1617 4724 1818 4783 ﬁebant,
1864 4727 2028 4783 divini

446 4833 635 4891 altaris
668 4847 680 4884 :
714 4828 788 4882 ita
823 4825 910 4880 isti
943 4821 1194 4877 similiter
1218 4818 1510 4873 idolorum.

517 4924 655 4994 Quid
678 4919 826 4991 ergo?
849 4914 981 4969 Dico
1011 4913 1147 4984 quod
1177 4909 1332 4963 idolis
1359 4907 1689 4963 immolatum
1717 4910 1782 4963 sit
1812 4909 2031 4981 aliquid,

431 5021 532 5076 aut
555 5015 691 5089 quod
715 5013 912 5066 idolum
934 5007 995 5061 sit
1015 4994 1254 5074 aliquid?
1279 5001 1384 5056 Sed
1405 5017 1523 5072 qua:
1545 5001 1816 5055 immolant
1838 5012 2035 5072 gentes,

450 5108 719 5165 da’ntoniis
752 5099 1043 5163 immolant,
1078 5107 1123 5148 et
1153 5110 1255 5148 non
1291 5092 1422 5146 Deo.
1472 5089 1612 5145 Nolo
1641 5103 1812 5147 autem
1839 5107 1926 5148 vos
1955 5109 2041 5147 so-

450 5206 557 5258 cios
590 5199 699 5270 ﬁeri
743 5195 1143 5250 dwmoniorum.
1187 5183 1482 5249 Pratvenit,
1519 5199 1586 5240 ne
1625 5185 1746 5255 quis
1787 5183 1992 5242 dicere;
2026 5204 2036 5239 ε

453 5298 596 5364 Ergo
641 5290 776 5344 dicis
808 5289 917 5342 vim
966 5285 1201 5354 aliquam
1245 5277 1447 5334 habere
1493 5277 1722 5347 idolum,
1755 5279 1839 5334 vel
1882 5294 2041 5349 posse

457 5381 736 5458 polluere?
770 5379 907 5444 Non,
958 5377 1151 5447 inquit,
1195 5372 1400 5428 idolum
1452 5369 1771 5427 insensibile
1824 5371 2037 5441 polluit,

452 5481 547 5537 sed
589 5477 884 5537 daemones,
936 5468 1027 5539 qui
1068 5466 1285 5536 templis
1331 5464 1629 5536 przesident
1680 5463 1748 5519 ad
1793 5464 2042 5524 homines

452 5567 852 5642 depravandos,
880 5570 936 5618 et
965 5574 1067 5614 suo
1097 5557 1322 5612 servitio
1349 5555 1761 5626 mancipandos.

529 5661 651 5716 Non
699 5654 912 5728 potestis
964 5650 1183 5705 calicem
1224 5647 1438 5702 Domini
1491 5647 1675 5714 bibere,
1731 5656 1779 5700 et
1832 5647 2044 5703 calicem

456 5753 848 5812 da'mouiorum.
885 5744 1006 5803 Non
1035 5739 1251 5816 potestis
1281 5754 1470 5796 mensa:
1493 5737 1722 5814 Domini
1755 5741 2046 5813 participes

2109 3263 2318 3323 gentes,
2361 3261 2570 3324 propter
2589 3254 2976 3308 conscientiam.
3015 3247 3076 3308 Si
3114 3254 3229 3321 quis
3261 3264 3434 3309 autent
3473 3251 3691 3306 dixerit:

2107 3345 2223 3399 Hoc
2264 3346 2586 3400 immolatum
2613 3358 2685 3401 est
2716 3345 2908 3401 idolis:
2931 3346 3089 3401 nolite
3118 3347 3470 3412 manducare,
3501 3352 3694 3418 propter

2107 3438 2254 3490 illum
2276 3438 2364 3508 qui
2395 3438 2639 3492 indicavit
2657 3481 2672 3507 ,
2716 3447 2762 3493 et
2787 3448 2997 3510 propter
3019 3441 3401 3493 conscientiam.
3429 3435 3695 3494 Concessit

2109 3532 2190 3586 ire
2214 3532 2256 3584 si
2279 3530 2466 3586 velint.
2487 3531 2637 3586 Tunc
2658 3546 2787 3586 sane
2809 3532 2968 3588 debet
2988 3532 3325 3588 Christianus
3352 3534 3418 3587 ad
3442 3531 3696 3587 inﬁdelem

2112 3622 2212 3689 ire,
2237 3621 2281 3677 si
2304 3624 2454 3678 novit
2474 3638 2595 3679 esse
2616 3622 2948 3694 profectum;
2973 3624 3109 3680 sicut
3130 3623 3397 3691 Salvator,
3420 3623 3510 3694 qui
3528 3621 3589 3676 ad
3607 3620 3697 3675 hoc

2115 3713 2243 3776 ibat,
2267 3723 2324 3768 ut
2344 3722 2435 3768 aut
2456 3714 2603 3784 signa
2629 3715 2847 3783 faceret,
2874 3725 2965 3770 aut
2986 3715 3238 3772 doceret:
3269 3719 3406 3771 sicut
3425 3715 3560 3786 apud
3581 3712 3699 3783 pha-

2115 3808 2331 3864 ‘rismum
2359 3851 2374 3875 ,
2401 3809 2575 3878 primo
2605 3808 2778 3879 ipsum
2818 3809 2999 3865 docuit
3023 3852 3037 3876 ,
3063 3826 3168 3864 non
3196 3809 3391 3865 divites
3416 3804 3699 3880 pascendos

2117 3915 2258 3965 esse,
2292 3899 2387 3955 sed
2415 3900 2641 3957 debiles.
2675 3900 2878 3957 Deinde
2921 3903 3080 3958 simul
3108 3900 3509 3958 discumbentes
3533 3895 3701 3955 docuit

2121 3991 2473 4046 humilitatem
2519 3993 2679 4047 etiam
2718 3991 2771 4047 in
2815 3994 3062 4049 accubitu
3092 3995 3386 4051 custodire.
3439 3994 3699 4048 Postremo

2122 4083 2464 4153 legisperitos
2496 4085 2670 4154 arguit
2699 4087 3022 4156 arrogantia:
3048 4131 3061 4153 ,
3090 4101 3156 4141 eo
3185 4086 3326 4155 quod
3364 4102 3464 4143 nec
3502 4085 3597 4156 ipsi
3625 4096 3699 4138 re-

2124 4178 2448 4247 darguerem
2488 4178 2829 4248 superbiam,
2859 4195 2959 4235 nec
2981 4179 3114 4235 alios
3143 4189 3473 4250 paterentur.

2199 4268 2580 4322 Conscientiam
2619 4279 2791 4323 autem
2827 4269 2966 4339 dico,
3001 4287 3102 4324 non
3131 4279 3273 4324 tuam
3298 4316 3310 4339 ,
3354 4271 3446 4325 sed
3490 4270 3697 4324 alterius.

2127 4357 2205 4413 Ne
2232 4359 2352 4428 quis
2375 4367 2526 4428 putet
2552 4359 2644 4414 illa
2675 4375 2771 4416 vos
2801 4363 2954 4431 quasi
2984 4377 3166 4418 saneta
3201 4364 3512 4420 comedere.

2207 4451 2274 4506 Ut
2304 4453 2430 4523 quid
2453 4454 2587 4507 enim
2619 4454 2828 4509 libertas
2863 4472 2973 4509 mea
2987 4456 3260 4527 judicatur
3290 4457 3354 4510 ab
3393 4457 3564 4511 aliena
3600 4471 3704 4510 coa-

2055 4539 2109 4598 D
2135 4545 2393 4598 scientia?
2420 4543 2533 4600 lloc
2553 4553 2659 4610 est,
2691 4546 2758 4601 ad
2788 4562 2947 4618 quem
2979 4546 3279 4617 profectum
3309 4549 3384 4604 ita
3413 4559 3536 4606 utor
3564 4549 3707 4606 liber-

2139 4647 2249 4693 tate
2279 4653 2416 4704 mea,
2453 4648 2511 4692 ut
2539 4654 2624 4694 me
2653 4640 2792 4695 alius
2820 4640 3214 4710 reprehendat?

2214 4727 2274 4785 Si
2318 4745 2415 4800 ego
2446 4747 2561 4783 cum
2590 4732 2761 4802 gratia
2797 4732 3080 4805 participo,
3113 4732 3241 4805 quid
3271 4732 3598 4801 blasphemor
3631 4745 3712 4804 pro

2140 4839 2222 4889 eo,
2250 4822 2389 4891 quod
2409 4823 2604 4892 gratias
2636 4825 2772 4893 ago?
2801 4823 2914 4878 Non
2949 4823 3071 4879 ideo
3099 4825 3201 4878 sub
3232 4825 3405 4896 gratia
3439 4840 3645 4889 sumus,
3667 4833 3714 4876 ut

2143 4914 2246 4968 sub
2283 4913 2550 4968 libertatis
2596 4915 2780 4984 specie
2815 4915 3157 4971 occasionem
3197 4906 3389 4971 demus
3429 4915 3716 4972 inﬁdelibus

2149 5004 2588 5075 blasphemandi.

2221 5098 2338 5154 Sive
2369 5115 2487 5170 ergo
2524 5100 2848 5154 manducetis
2867 5144 2879 5166 ,
2910 5103 3014 5155 sive
3041 5101 3232 5167 bibitis,
3253 5102 3331 5156 rel
3352 5104 3504 5158 aliud
3520 5102 3635 5176 quid
3651 5100 3718 5170 fo-

2149 5190 2286 5256 citis,
2319 5191 2493 5245 omnia
2519 5191 2572 5245 in
2611 5191 2831 5263 gloriam
2863 5190 2961 5248 Dei
2988 5195 3164 5265 facite.
3197 5192 3338 5249 Nihil
3378 5197 3544 5267 magis
3573 5207 3717 5264 agen-

2150 5281 2276 5338 dum
2309 5293 2394 5338 est
2420 5284 2728 5339 Christiano
2755 5327 2770 5352 ,
2799 5301 2961 5357 quam
2999 5294 3058 5341 ut
3101 5287 3154 5341 in
3184 5289 3334 5343 omni
3378 5304 3544 5361 Opere
3578 5279 3714 5356 eius,

2152 5377 2246 5431 Dei
2293 5377 2464 5447 gloria
2512 5379 2835 5448 praedicetur
2876 5399 2888 5436 :
2940 5397 3041 5437 nec
3090 5381 3292 5454 aliquid
3343 5383 3545 5453 faciat,
3600 5379 3722 5438 unde

2151 5471 2350 5527 Christi
2381 5472 2627 5528 doctrina
2661 5476 2829 5544 possit
2857 5476 2908 5530 in
2939 5477 3120 5546 aliquo
3142 5477 3496 5547 reprehendi.

2224 5563 2351 5620 Sine
2381 5563 2666 5634 o/Tensioue
2687 5577 2844 5622 estote
2863 5567 3064 5624 ludatis
3086 5579 3131 5623 et
3151 5569 3413 5642 gentibus,
3435 5579 3482 5624 et
3506 5565 3724 5624 Ecclesiae

2156 5653 2276 5711 Dei.
2309 5656 2445 5723 Quia
2477 5669 2531 5713 et
2561 5659 2736 5716 Judaei
2767 5670 3038 5733 tamquam
3072 5662 3139 5718 de
3164 5663 3490 5720 idololatriis
3520 5659 3723 5718 scanda-

2156 5748 2268 5808 lum
2297 5752 2593 5826 patientes,
2624 5754 2850 5813 credcre
2891 5771 3001 5816 non
3045 5756 3317 5815 audebant
3343 5775 3354 5812 :
3388 5767 3442 5816 et
3473 5766 3654 5830 gentes
3678 5751 3722 5806 in
