3978 6286
458 328 563 387 751

1486 317 1545 377 S.
1591 313 1971 375 llIERUNYMl
2009 308 2295 372 OPERUM
2333 306 2696 369 MANTISSA.

3645 298 3732 359 752

538 434 665 494 Non
698 436 924 493 laudans
963 432 1101 503 quod
1142 448 1243 487 non
1284 430 1339 485 in
1381 429 1596 492 melius.
1626 428 1713 483 sed
1754 428 1807 481 in
1838 425 2062 481 deterius
2090 426 2143 489 Α
2239 424 2449 496 Accepit
2473 439 2683 493 panem,
2718 430 2768 476 et
2801 416 2998 493 gratias
3016 426 3175 490 agens
3198 414 3369 489 fregit,
3396 421 3445 471 et
3470 413 3598 469 dixit
3623 418 3733 470 :Ac-

467 531 773 589 convenitis.
818 526 1193 592 Subauditur,
1240 523 1491 595 vitupero
1533 521 1677 593 quod
1722 521 1778 576 in
1818 518 2062 576 deterius

466 624 754 698 proficitis.

542 719 783 773 Primum
812 716 1016 788 quidem
1043 710 1459 770 convenientibus
1486 708 1626 766 vobis
1656 708 1709 763 in
1744 706 2058 763 Ecclesium.

467 810 750 883 lncipitde
779 807 1154 866 sacramentis.

547 906 720 963 Audio
746 905 998 962 scissuras
1018 920 1126 959 esse
1147 903 1279 959 inter
1300 915 1409 969 vos,
1439 908 1486 956 et
1506 914 1569 954 ex
1591 906 1735 969 parte
1757 895 1933 952 credo.
1958 892 2061 951 Se-

470 1002 706 1059 cundum
730 998 876 1070 quod
897 997 1032 1053 mihi
1050 1012 1079 1051 a
1103 995 1333 1051 Domino
1350 992 1647 1049 revelatum
1667 997 1750 1047 est
1766 1006 1782 1049 :
1801 990 1917 1045 sive
1938 987 2062 1059 quia

472 1096 591 1153 scio
618 1094 993 1151 contentiosos
1016 1105 1115 1146 vos
1137 1104 1278 1147 esse.

541 1187 685 1243 Nam
715 1194 912 1257 Oportet
944 1192 990 1239 et
1015 1186 1234 1239 Iucreses
1256 1197 1365 1237 esse
1388 1197 1404 1236 :
1432 1191 1488 1236 ut
1515 1188 1562 1236 et
1584 1179 1671 1249 qui
1689 1177 1899 1251 probati
1918 1184 2060 1243 sunt,

470 1280 733 1353 manifesti
765 1280 891 1349 ﬁant
932 1279 989 1332 in
1018 1277 1178 1332 vobis.
1220 1276 1353 1344 Quia
1387 1275 1522 1331 tales
1564 1272 1943 1330 contentiones
1968 1268 2063 1324 ha-

467 1378 633 1444 betis,
669 1387 896 1430 necesse
921 1381 1005 1429 est
1032 1372 1195 1427 etiam
1226 1385 1325 1425 vos
1355 1383 1527 1440 usque
1553 1367 1621 1423 ad
1661 1367 1907 1422 haereses
1938 1377 2065 1435 per-

466 1469 677 1525 venire.
721 1466 871 1523 Sicut
896 1464 940 1520 si
968 1464 1119 1518 dicas
1145 1479 1157 1516 :
1180 1461 1273 1517 ille
1290 1461 1381 1532 qui
1405 1469 1614 1516 tantum
1638 1457 1802 1527 bibit,
1836 1467 2064 1511 necesse

466 1560 637 1617 habet
663 1556 948 1614 inebriari.
980 1555 1113 1612 ltem
1154 1570 1262 1610 non
1294 1554 1402 1609 hoc
1426 1552 1559 1608 dicit
1589 1549 1903 1622 Apostolus,
1933 1544 2063 1617 quia

467 1654 670 1711 debent
694 1666 816 1708 esse
845 1650 1082 1705 haereses
1117 1667 1130 1704 :
1155 1648 1253 1704 sed
1280 1647 1405 1718 quia
1427 1647 1569 1701 inter
1591 1660 1651 1701 se
1673 1643 1945 1700 scissuras
1968 1640 2064 1695 ba-

464 1748 690 1812 bebant,
725 1744 848 1799 ideo
869 1742 1023 1810 dicit,
1048 1749 1271 1812 oportet
1299 1743 1403 1795 hoc
1429 1753 1553 1795 esse
1579 1755 1591 1791 :
1619 1745 1693 1806 et,
1723 1748 1950 1792 necesse
1976 1740 2063 1790 est

466 1841 707 1895 haereses
736 1851 881 1892 esse.

539 1928 967 1988 Convenientibus
993 1943 1114 2000 ergo
1141 1926 1279 1981 vobis
1300 1926 1358 1981 in
1384 1940 1567 1991 unum,
1590 1926 1711 1998 jam
1735 1938 1839 1977 non
1864 1930 1938 1977 est
1960 1919 2067 1976 Do-

470 2023 719 2079 minicam
747 2037 941 2077 ctenam
986 2018 1324 2074 manducare.
1359 2016 1720 2089 Unusquisque
1747 2015 1884 2069 enim
1917 2028 2068 2068 suam

474 2132 678 2172 caenam
705 2114 973 2186 prtesumit
1002 2113 1070 2167 ad
1099 2111 1542 2166 manducandum.
1570 2109 1690 2165 Jam
1718 2123 1827 2164 non
1854 2115 1938 2164 est
1960 2106 2069 2163 Do—

468 2206 700 2273 minica,
726 2204 822 2261 sed
843 2205 1083 2261 humana
1108 2219 1122 2255 :
1150 2201 1367 2273 quando
1388 2201 1757 2272 unusquisque
1791 2208 2067 2270 tamquam

469 2314 683 2359 coenam
712 2298 985 2370 prOpriam
1008 2296 1162 2352 solus
1185 2295 1416 2363 invadit,
1440 2304 1495 2350 et
1515 2293 1630 2362 alii,
1661 2293 1753 2365 qui
1778 2308 1887 2349 non
1912 2292 2069 2348 obtu-

468 2393 614 2461 lerit,
639 2406 749 2447 non
774 2389 1046 2459 impertit:
1078 2388 1149 2442 ita
1171 2394 1231 2441 ut
1255 2386 1427 2455 magis
1469 2394 1693 2456 propter
1727 2385 2068 2441 saturitatem

473 2499 635 2555 quam
663 2490 888 2554 propter
927 2479 1252 2551 mysterium
1281 2476 1574 2533 videamini
1601 2477 1919 2533 convenire.
1954 2476 2071 2531 Ca2-

475 2587 653 2633 terum
674 2573 953 2629 Dominica
973 2587 1127 2627 creua
1149 2571 1398 2626 omnibus
1414 2569 1574 2626 debet
1594 2583 1717 2626 esse
1729 2569 2064 2625 communis:

472 2669 600 2740 quia
618 2667 711 2723 ille
723 2665 973 2722 omnibus
986 2664 1266 2733 discipulis
1286 2662 1397 2717 suis
1413 2663 1504 2733 qui
1518 2661 1765 2728 aderant,
1790 2661 2071 2731 aequaliter

480 2758 698 2816 tradidit
710 2764 1070 2815 sacramenta.
1085 2754 1251 2811 Coena
1266 2762 1445 2810 autem
1461 2754 1583 2809 ideo
1599 2753 1819 2822 dicitur,
1831 2752 1957 2823 quia
1974 2752 2071 2808 Do-

474 2854 662 2909 minus
692 2853 746 2908 in
767 2849 1540 2907 cmnatradiditsacramenta.
1561 2846 1692 2902 item
1716 2848 1821 2901 hoc
1860 2844 1980 2901 ideo
1994 2844 2075 2900 di-

473 2947 568 3015 cit,
582 2946 709 3017 quia
723 2945 776 2999 in
792 2943 1035 2999 Ecclesia
1048 2938 1765 3007 convenientes,obiationes
1779 2952 1901 2993 suas
1916 2952 2071 3008 sepa-

481 3038 645 3094 ratim
670 3035 970 3092 offerebant
995 3052 1006 3088 :
1036 3042 1090 3089 et
1109 3041 1234 3104 post
1259 3030 1696 3087 communionem
1718 3044 2072 3101 quzecumque

477 3133 560 3186 eis
586 3129 655 3185 de
689 3126 971 3184 sacrificiis
997 3124 1427 3197 superfuissent,
1454 3122 1532 3177 illi
1563 3123 1612 3177 in
1654 3122 1893 3178 Ecclesia
1924 3137 2070 3179 com-

2165 519 2341 588 cipite,
2370 526 2416 571 et
2447 516 2780 571 manducare.
2808 514 2926 571 Hoc
2945 522 3052 581 est,
3076 511 3431 577 benedicens,
3455 507 3612 565 etiam
3634 522 3734 579 pas-

2163 626 2351 678 surus,
2386 611 2634 666 ultimam
2663 609 2820 666 nobis
2852 607 3433 665 commemorationem
3455 648 3470 673 ,
3504 605 3619 661 sive
3642 620 3734 661 tne-

2165 705 2393 762 moriam
2440 704 2751 776 dereliquit.
2797 702 3264 773 Quemadmodum
3297 699 3344 757 si
3374 699 3499 771 quis
3533 714 3733 771 peregre

2168 798 2523 870 proficiscens
2550 796 2770 869 aliquod
2802 797 2994 868 pignus
3034 795 3109 863 ei,
3153 809 3317 867 quem
3358 792 3559 864 diligit,
3602 792 3732 847 dere-

2164 899 2370 971 linquat
2400 916 2413 954 :
2455 911 2512 954 ut
2532 897 2981 970 quotiescumque
3011 892 3145 950 illud
3175 890 3397 960 viderit,
3442 890 3618 962 possit
3642 888 3735 959 ejus

2162 994 2423 1051 beneficia
2449 1002 2505 1049 et
2551 991 2816 1049 amicitias
2857 988 3155 1047 memorari
3189 1004 3205 1043 :
3238 984 3388 1058 quod
3425 984 3520 1041 ille
3560 983 3605 1037 si
3631 996 3733 1054 per-

2164 1088 2304 1146 fecte
2344 1088 2555 1157 dilexit,
2602 1087 2719 1144 sine
2764 1084 2974 1157 ingenti
3014 1080 3291 1140 desiderio
3328 1093 3439 1137 non
3486 1074 3735 1150 potestvi-

2165 1182 2317 1249 dere,
2349 1181 2436 1237 vel
2459 1181 2607 1237 ﬂetu.

2247 1273 2366 1329 Hoc
2387 1284 2462 1329 est
2483 1288 2671 1345 corpus
2691 1285 2883 1339 meum,
2907 1269 3047 1342 quod
3072 1283 3168 1342 pro
3194 1266 3336 1323 vobis
3365 1264 3621 1321 tradetur.
3649 1259 3736 1316 Hoc

2171 1370 2328 1441 facile
2346 1370 2400 1424 in
2420 1384 2588 1423 meam
2609 1366 3163 1423 commemorationem.
3187 1360 3444 1418 Similiter
3464 1368 3515 1416 et
3533 1358 3736 1423 calicem,

2163 1466 2437 1536 postquam
2484 1462 2723 1529 ctenavit,
2772 1459 2947 1514 dicens
2992 1473 3011 1513 :
3064 1456 3169 1526 Qui
3215 1452 3512 1510 manducat
3570 1463 3737 1521 corpus

2173 1570 2378 1624 meum,
2410 1560 2466 1610 et
2492 1554 2631 1610 bibit
2657 1566 2838 1609 meum
2879 1548 3225 1621 sanguinem,
3268 1546 3321 1602 in
3352 1559 3444 1601 me
3479 1552 3675 1609 manet,
3697 1548 3741 1597 et

2174 1664 2275 1721 ego
2301 1648 2356 1705 in
2385 1662 2472 1704 eo.
2504 1646 2661 1704 Unde
2689 1658 2984 1718 agnoscere
3012 1657 3073 1699 se
3110 1640 3294 1707 debet,
3333 1637 3584 1710 quisquis
3610 1635 3738 1691 Chri-

2168 1744 2239 1798 sti
2280 1750 2375 1797 aut
2412 1756 2613 1814 corpus
2654 1739 2788 1807 edit,
2833 1747 2925 1794 aut
2966 1735 3284 1807 sanguinem
3329 1730 3509 1787 bibit:
3539 1744 3611 1786 ne
3641 1726 3741 1799 quid

2090 1818 2140 1880 Β
2166 1834 2445 1906 indignum
2470 1834 2523 1891 ei
2553 1833 2735 1899 faciat,
2767 1830 2926 1901 cujus
2956 1842 3152 1898 corpus
3182 1825 3407 1884 eli'ectus
3434 1831 3542 1881 est.

2246 1927 2346 1983 Hic
2375 1927 2515 1982 calix
2538 1940 2728 1981 novum
2754 1923 3137 1980 Testamentum
3161 1932 3260 1977 est.
3292 1918 3429 1988 Quia
3458 1924 3638 1986 vetus,
3663 1912 3743 1970 hoc

2170 2036 2267 2095 per
2290 2020 2610 2091 sanguinem
2636 2016 2953 2074 animalium
2983 2012 3375 2087 portendebat.

2242 2116 2310 2173 In
2336 2133 2447 2173 meo
2468 2115 2742 2188 sanguine.
2768 2113 2837 2169 Et
2852 2120 3010 2169 vetus
3027 2120 3081 2167 et
3106 2124 3307 2166 novum
3332 2122 3432 2180 per
3452 2104 3742 2178 sanguinem

2180 2208 2464 2267 dedicatur
2495 2228 2507 2263 :
2538 2209 2663 2280 quia
2705 2206 2823 2264 sine
2858 2213 3033 2262 morte
3060 2204 3277 2261 firmum
3304 2215 3430 2260 esse
3459 2216 3571 2258 non
3595 2206 3745 2273 potest

2171 2302 2600 2361 Testamentum.

2242 2393 2363 2449 Hoc
2393 2394 2568 2465 facite,
2595 2392 3013 2464 quotiescumque
3036 2388 3235 2459 bibetis,
3268 2386 3325 2443 in
3352 2402 3521 2442 nteam
3547 2398 3745 2440 comme-

2172 2487 2530 2542 morationem.
2556 2485 2680 2542 ldeo
2703 2486 2809 2542 hoc
2828 2485 3080 2543 Salvator
3098 2480 3321 2538 tradidit
3347 2486 3745 2540 sacramentum,

2178 2588 2238 2634 ut
2266 2593 2367 2650 per
2397 2577 2499 2633 hoc
2528 2592 2745 2648 semper
2785 2586 3302 2639 commemoremus,
3330 2571 3455 2643 quia
3487 2584 3589 2640 pro
3618 2566 3749 2622 nobis
3780 2585 3786 2591 ο

2176 2680 2262 2729 est
2284 2680 2551 2729 mortuus.
2576 2671 2710 2726 Nam
2740 2678 2797 2726 et
2821 2669 2944 2726 ideo
2968 2682 3090 2724 cum
3113 2665 3434 2737 accipimus,
3461 2679 3493 2719 a
3521 2659 3748 2717 sacerdo-

2190 2766 2339 2823 tibus
2394 2768 2842 2832 commoncmur',
2900 2763 3025 2836 quia
3069 2775 3266 2832 corpus
3314 2768 3371 2816 et
3421 2757 3640 2830 sanguis
3685 2760 3752 2811 est

2189 2857 2391 2915 Christi
2423 2876 2436 2914 :
2461 2870 2520 2913 ut
2546 2857 2825 2914 beneliciis
2849 2857 2967 2927 ejus
2998 2870 3107 2911 non
3134 2854 3435 2911 existamus
3464 2848 3675 2923 ingrati.

2249 2949 2672 3021 Quotiescumque
2707 2949 2842 3003 enim
2878 2946 3253 3003 manducabitis
3303 2959 3491 3015 panem
3526 2943 3675 3010 nunc,
3701 2945 3741 2993 et

2172 3040 2381 3096 calicem
2405 3040 2603 3109 biberis,
2637 3049 2847 3096 mortem
2869 3038 3080 3093 Domini
3100 3036 3501 3093 annuntiabitis.
3522 3034 3645 3092 Sive
3665 3028 3749 3103 ipsi

2177 3132 2435 3205 mysterio
2452 3132 2711 3188 nuntiatis
2726 3176 2740 3199 ,
2766 3130 2882 3187 sive
2902 3132 2959 3187 in
2981 3131 3234 3187 cordibus
3246 3130 3446 3186 vestris
3463 3125 3750 3200 agnoscitis.

476 3235 703 3279 munem
736 3234 948 3276 cmnam
997 3216 1370 3281 comedcnles,
1409 3216 1612 3285 pariter
1651 3216 2066 3271 cunsumebant.
2099 3204 2146 3268 C
2242 3204 2424 3281 rDonec
2462 3226 2649 3280 veniat.
2679 3225 2910 3281 Tamdiu
2966 3223 3229 3281 memoﬁa
3275 3238 3415 3295 opus
3448 3229 3554 3291 est,
3602 3221 3751 3277 donec

548 3313 617 3369 Et
643 3313 779 3367 alius
807 3312 1015 3382 quidem
1043 3310 1223 3378 esurit,
1251 3307 1389 3363 alius
1416 3314 1589 3361 autem
1617 3306 1786 3362 ebrius
1811 3317 1907 3361 est.
1940 3307 2072 3376 Qui-

479 3419 715 3478 cumque
755 3419 866 3461 non
908 3402 1221 3469 obtulisset,
1265 3415 1371 3457 non
1414 3400 1896 3455 communicabat:
1946 3401 2071 3471 quia

478 3499 663 3555 omnia
712 3497 847 3565 soli,
890 3496 983 3565 qui
1026 3490 1377 3561 obtulerant,
1424 3491 1795 3547 insumebant.
1841 3492 2071 3559 Quidam

477 3592 623 3647 hunc
650 3590 833 3644 locum
866 3587 934 3642 ad
966 3586 1091 3642 illos
1115 3585 1379 3652 referunt,
1404 3585 1496 3655 qui
1525 3586 1713 3656 epulas
1742 3585 1798 3640 in
1826 3585 2072 3641 Ecclesia

477 3683 768 3740 faciebant.
792 3680 967 3736 Aliter
992 3698 1004 3733 :
1029 3678 1257 3748 Quidam
1283 3680 1471 3746 esurit,
1497 3679 1717 3750 quidam
1742 3679 1927 3735 ebrius
1948 3688 2033 3735 est
2056 3697 2069 3734 :

478 3777 602 3833 ideo
627 3775 778 3841 dicit,
803 3772 932 3844 quia
956 3771 1465 3842 supervenientibus
1486 3770 1873 3838 mediocribus,
1901 3779 1957 3826 et
1980 3787 2072 3826 vo-

476 3867 716 3924 lentibus
746 3879 968 3921 sumere
1012 3871 1376 3932 sacramenta,
1408 3862 1636 3919 deerant
1667 3882 1678 3917 :
1708 3862 1967 3933 quoniam
2006 3864 2073 3919 ab

477 3962 611 4032 illis,
643 3959 735 4031 qui
764 3959 1079 4015 obtulerant
1106 3955 1431 4021 oblationes,
1476 3955 1531 4009 in
1570 3954 1847 4010 communi
1886 3957 2075 4012 convi-

478 4054 571 4109 vio
597 4051 811 4108 fuerant
838 4058 1031 4105 cuncta
1061 4056 1408 4116 consumpta.

550 4139 824 4211 Numquid
853 4140 1034 4193 domos
1076 4153 1180 4191 non
1224 4137 1421 4191 habetis
1456 4139 1526 4193 ad
1561 4139 1981 4195 manducandum
2026 4149 2074 4195 et

480 4236 797 4291 bibendum?
823 4232 880 4289 Si
906 4232 1068 4288 vultis
1092 4232 1349 4298 saturari,
1380 4231 1526 4287 domi
1557 4234 1903 4289 manducate.
1936 4233 2076 4290 San-

479 4326 742 4384 ctificatio
768 4324 914 4382 enim
937 4324 1103 4380 etiam
1138 4325 1192 4378 in
1223 4337 1395 4393 parvo
1423 4325 1696 4380 consistit.

556 4421 654 4474 Aut
677 4419 965 4474 Ecclesium
989 4416 1087 4472 Dei
1121 4416 1481 4473 contemnitis?
1505 4417 1793 4476 Facientes
1819 4434 1941 4477 eam
1979 4421 2077 4476 tri-

478 4515 704 4571 clinium
728 4512 1035 4584 epularum.

2177 3318 2295 3389 ipse
2326 3314 2514 3375 venire
2540 3317 2813 3389 dignetur.

2250 3408 2435 3480 Itaque
2465 3410 2775 3481 quicumque
2802 3409 3189 3464 manducauerit
3216 3422 3402 3480 panem
3434 3406 3589 3475 hunc,
3622 3412 3663 3461 et
3688 3402 3752 3457 bi-

2178 3500 2307 3555 berit
2350 3502 2563 3555 calicem
2611 3500 2823 3555 Domini
2873 3501 3102 3573 indigne.
3153 3499 3305 3556 Sicut
3339 3499 3602 3570 scriptum
3638 3504 3750 3553 est:

2186 3592 2376 3648 Omnis
2397 3591 2634 3647 mundus
2661 3592 3027 3649 manducabit.
3060 3592 3128 3648 Et
3152 3593 3349 3648 iterum
3386 3610 3399 3646 :
3431 3592 3624 3647 Anima
3647 3602 3752 3661 quae

2181 3686 2592 3743 manducaverit
2640 3687 2939 3754 immunda,
2979 3688 3430 3745 exterminabitur
3467 3689 3535 3745 de
3574 3685 3751 3759 populo

2182 3795 2304 3837 suo.
2336 3782 2404 3837 Et
2434 3781 2550 3851 ipse
2579 3781 2838 3839 Dominus
2866 3784 2941 3839 ait
2978 3801 2991 3838 :
3021 3782 3077 3838 Si
3107 3791 3233 3839 ante
3257 3784 3431 3839 altare
3460 3780 3753 3838 recordatus

2176 3873 2363 3942 fueris,
2396 3873 2521 3944 quia
2550 3872 2712 3930 habet
2742 3874 2910 3931 frater
2949 3883 3074 3931 tuus
3114 3874 3320 3946 aliquid
3350 3874 3635 3931 adversum
3664 3881 3711 3927 te
3739 3888 3748 3922 :

2176 3965 2422 4034 relinque
2464 3979 2661 4019 munus
2690 3974 2840 4019 tuum
2867 3974 2993 4021 ante
3021 3965 3215 4033 altare,
3246 3974 3303 4021 et
3344 3965 3483 4022 vade
3522 3962 3753 4022 reconci-

2178 4056 2300 4112 liari
2324 4056 2475 4111 fratri
2504 4065 2618 4113 tuo.
2642 4056 2799 4112 Prius
2822 4072 2951 4129 ergo
2970 4059 3371 4129 perscrutanda.
3386 4069 3471 4116 est
3496 4057 3754 4116 conscien-

2177 4151 2273 4220 tia,
2307 4151 2354 4206 si
2386 4152 2441 4206 in
2470 4152 2622 4207 nullo
2666 4166 2767 4207 nos
2796 4153 3174 4223 reprehendit,
3204 4161 3261 4210 et
3298 4153 3377 4209 sic
3420 4163 3515 4209 aut
3554 4152 3753 4216 offerre,

2178 4253 2271 4299 aut
2312 4243 2720 4300 communicare
2765 4244 3048 4302 debemus.
3095 4246 3325 4313 Quidam
3358 4262 3493 4303 sane
3539 4247 3753 4303 dicunt:

2177 4338 2302 4409 quia
2331 4352 2442 4393 non
2464 4336 2766 4409 indignum,
2794 4338 2891 4395 sed
2918 4338 3141 4411 indigne
3166 4339 3532 4411 accipientem
3556 4345 3758 4395 revocet

2176 4445 2209 4487 a
2238 4441 2450 4488 sancto.
2481 4430 2539 4487 Si
2560 4446 2692 4503 ergo
2719 4432 2881 4488 etiam
2914 4432 3111 4505 dignus
3138 4434 3361 4505 indigne
3390 4435 3656 4491 accedens
3684 4446 3758 4487 re-

2176 4525 2413 4582 trahitur
2447 4543 2460 4579 :
2492 4535 2697 4597 quanto
2723 4528 2893 4599 magis
2933 4528 3188 4600 indignus
3222 4529 3314 4600 qui
3342 4546 3452 4586 non
3483 4538 3656 4602 potest
3678 4541 3757 4582 ac-

554 4606 625 4662 Et
654 4606 974 4678 confunditis
1002 4621 1088 4660 eos
1128 4607 1217 4678 qui
1262 4623 1367 4661 non
1408 4605 1636 4662 habent?
1661 4606 2077 4666 Confundeban-
2102 4603 2156 4666 D
2184 4621 2368 4692 cipere
2394 4620 2589 4691 digne!
2623 4620 2782 4678 unde
2807 4631 3023 4692 οροιιιει
3044 4622 3279 4678 otiosum
3305 4637 3525 4679 cessare
3550 4638 3579 4678 a
3605 4620 3757 4687 γίιίίε,

482 4713 592 4771 tur,
617 4701 685 4758 ab
708 4699 958 4757 omnibus
981 4700 1226 4756 denotati
1258 4719 1273 4757 :
1303 4718 1429 4757 cum
1463 4704 1534 4760 ita
1564 4703 1805 4761 debeant
1832 4720 2076 4763 commu-

480 4796 690 4860 nicare,
718 4790 780 4847 ut
803 4805 929 4846 eum
958 4790 1048 4861 qui
1078 4790 1333 4848 obtulerit
1358 4808 1521 4850 nemo
1543 4806 1859 4865 cognoscat.

556 4885 692 4953 Quid
733 4885 902 4938 dicam
929 4882 1103 4937 vobis?
1132 4884 1290 4938 laudo
1320 4901 1430 4955 vos,
1482 4887 1536 4940 in
1586 4888 1682 4941 hoc
1732 4904 1837 4943 non
1891 4889 2071 4949 laudo.

484 4979 637 5037 Sicut
668 4979 725 5034 in
756 4977 879 5033 aliis
908 4976 1145 5044 laudavi,
1168 4977 1265 5044 ubi
1290 4978 1637 5038 laudabiliter
1661 4982 1871 5053 egistis,
1895 4985 1948 5040 in
1976 4984 2078 5041 hoc

478 5073 700 5128 omnino
726 5086 834 5126 non
862 5067 1041 5124 laudo.

549 5165 659 5235 Ego
690 5165 827 5219 enim
856 5163 1031 5233 accepi
1057 5180 1091 5218 a
1122 5161 1368 5233 Domino,
1408 5167 1548 5237 quod
1585 5178 1633 5223 et
1672 5170 1869 5225 tradidi
1900 5172 2065 5227 vobis.

472 5256 591 5313 Non
621 5264 704 5312 est
732 5271 913 5311 meum
939 5255 1083 5326 quod
1110 5256 1267 5312 vobis
1295 5257 1516 5328 tradidi,
1550 5260 1645 5316 sed
1674 5276 1704 5316 a
1736 5262 1969 5318 Domino
1999 5264 2069 5319 il-

473 5347 568 5403 lud
594 5347 801 5416 accepi,
831 5346 975 5403 sicut
1004 5348 1123 5417 ipse
1145 5347 1275 5403 alibi
1308 5348 1460 5420 dicit,
1492 5366 1600 5408 non
1623 5367 1684 5409 se
1718 5354 1789 5411 ab
1828 5355 2068 5413 homini-

472 5440 597 5506 bus,
628 5436 730 5493 sed
758 5439 942 5492 omnia
970 5453 1002 5493 a
1028 5440 1144 5495 Deo
1166 5439 1440 5498 didicisse.

546 5531 802 5599 Quoniam
834 5527 1089 5586 Dominus
1127 5531 1306 5588 Jesus.
1341 5534 1462 5589 Jam
1514 5535 1640 5592 hinc
1681 5541 1835 5609 quasi
1881 5542 2067 5601 oblitis

468 5635 889 5694 commemorat,
929 5639 1092 5695 quam
1121 5641 1376 5698 magnum
1409 5630 1483 5685 sit
1510 5630 1669 5704 hujus
1695 5638 1943 5706 mysterii
1975 5655 2065 5694 sa-

464 5728 823 5774 cramenlum.

530 5806 600 5865 In
628 5827 730 5884 qua
763 5819 909 5871 nocte
939 5810 1253 5871 tradebatur.
1290 5811 1345 5870 ld
1375 5823 1480 5889 est,
1515 5832 1545 5875 a
1575 5817 1733 5878 inda.

2176 4720 2237 4768 ut
2256 4720 2502 4768 sanctum
2532 4712 2749 4768 Domini
2774 4728 2976 4783 corpus
2996 4723 3184 4770 sancte
3212 4715 3500 4785 percipiat.

2250 4804 2390 4860 Reus
2414 4806 2511 4861 erit
2542 4805 2772 4877 corporis
2798 4813 2845 4859 et
2891 4807 3160 4881 sanguinis
3198 4805 3431 4863 Domini.
3476 4806 3607 4877 Quia
3638 4802 3761 4862 tanti

2178 4897 2423 4968 mysterii
2444 4906 2847 4954 sacramentum
2880 4914 2981 4969 pro
3007 4898 3099 4953 vili
3127 4898 3469 4970 despexerit.

2253 4988 2445 5045 Probet
2465 5000 2638 5045 autem
2660 4992 2885 5063 seipsum
2906 4991 3057 5048 homo
3080 5009 3099 5049 :
3122 5001 3167 5048 et
3188 4994 3261 5049 sic
3281 4996 3347 5049 de
3369 5012 3505 5065 pane
3524 4995 3610 5050 illo
3626 4992 3761 5057 edat,

2174 5082 2313 5139 etde
2339 5083 2499 5147 calice
2543 5083 2699 5137 bibat.
2734 5083 2791 5139 Si
2824 5084 2879 5140 in
2922 5084 3174 5153 linteum,
3221 5086 3306 5141 vel
3336 5100 3433 5142 vas
3472 5084 3758 5147 sordidum,

2176 5191 2286 5232 non
2319 5176 2449 5232 illud
2472 5177 2687 5233 mittere
2714 5176 2877 5233 audet
2909 5195 2923 5234 :
2954 5186 3158 5249 quanto
3179 5180 3356 5251 magis
3383 5180 3437 5235 in
3462 5178 3622 5236 corde
3646 5175 3760 5248 pol-

2178 5269 2311 5326 luto!
2329 5285 2490 5341 quam
2504 5269 2899 5326 immunditiam
2915 5270 3054 5328 Deus
3069 5285 3234 5342 super
3245 5273 3426 5327 omnia
3440 5277 3763 5334 exsecratur,

2178 5373 2234 5420 et
2266 5380 2386 5434 qua:
2421 5363 2536 5419 sola
2562 5364 2753 5435 injuria
2777 5364 2896 5435 ejus
2926 5373 3009 5422 est
3040 5365 3278 5437 corpori.
3328 5365 3465 5422 Nam
3498 5375 3552 5423 et
3572 5361 3763 5434 Joseph

2179 5458 2275 5515 ille
2296 5459 2474 5530 justus
2496 5468 2782 5530 propterea
2804 5459 3036 5516 sindone
3060 5460 3262 5515 munda
3283 5461 3580 5517 involutum
3608 5459 3657 5514 in
3680 5471 3767 5512 sc-

2174 5553 2366 5623 pulcro
2414 5568 2555 5609 novo
2594 5568 2797 5623 corpus
2836 5552 3059 5609 Domini
3097 5553 3377 5625 sepelivit,
3425 5554 3765 5627 praeligemus

2173 5659 2371 5715 corpus
2416 5644 2628 5702 Domini
2674 5654 3014 5717 accepturos,
3064 5654 3174 5701 tam
3223 5646 3481 5703 mundam
3530 5653 3764 5702 mentem

2172 5740 2373 5797 debere
2405 5740 2629 5808 habere,
2662 5755 2822 5810 quam
2846 5755 3070 5796 novam.

2249 5831 2352 5901 Qui
2378 5834 2515 5891 enim
2544 5834 2828 5890 manducat
2871 5842 2934 5909 et_
2954 5833 3076 5890 bibit
3120 5834 3352 5911 indigne,
3388 5834 3641 5913 judicium
3667 5828 3765 5890 sibi
