3978 6286
260 360 368 418 755

1000 353 1544 413 COMMENTARIUS
1581 354 1651 410 IN
1692 353 2084 412 EPISTOLAM
2122 355 2144 412 Ι
2185 355 2276 411 AD
2314 353 2468 412 COR.
2509 353 2663 412 CAP.
2707 353 2820 411 XII.

3459 357 3564 418 754

260 475 542 532 manducat
569 481 614 531 et
648 475 795 530 bibit.
834 471 1131 543 Dupliciter
1165 485 1294 527 reus
1325 469 1571 538 eil'ectus,
1597 483 1859 541 prmsum-
1883 472 1939 530 Α
1964 468 2132 536 mine,
2176 467 2424 523 introibit
2455 469 2506 522 in
2547 483 2776 539 regnum
2819 465 3105 538 ccelorum,
3159 465 3256 524 sed
3299 471 3392 540 qui
3433 471 3563 529 facit

259 570 466 642 ptionis
491 569 722 636 scilicet,
751 576 810 626 et
836 567 1071 642 peccati.

334 663 460 719 Non
481 662 778 735 dijudicans
817 676 1009 733 corpus
1045 658 1284 716 Domini.
1323 659 1442 716 Non
1473 657 1792 716 discernens
1827 673 1858 713 a

255 756 384 814 cibo
410 757 709 814 communi.

335 847 466 905 Ideo
488 850 620 904 inter
637 865 726 905 vos
746 849 899 905 multi
916 850 1112 921 inﬁrmi
1133 857 1179 903 et
1200 848 1500 916 imbecilles,
1527 856 1575 902 et
1593 846 1859 901 dormiunt

255 941 435 997 multi.
476 941 631 1007 Quod
660 941 706 996 si
726 943 1063 1014 nosmetipsos
1090 942 1519 1013 dijudicaremus,
1548 956 1653 994 non
1682 940 1859 1010 utique

255 1034 689 1106 dijudicaremur.
716 1034 848 1088 Erat
877 1049 1120 1105 praesens
1143 1034 1443 1104 correptio,
1474 1041 1529 1089 et
1555 1048 1699 1088 nunc
1727 1042 1809 1086 est
1843 1050 1854 1085 :

255 1125 358 1183 sed
383 1127 511 1197 quia
540 1127 696 1183 multi
727 1127 856 1182 talia
893 1127 1194 1198 patiuntur,
1227 1138 1479 1198 putamus
1506 1126 1860 1183 consuetudi-

253 1218 344 1274 nis
373 1232 522 1286 esse,
545 1217 691 1289 quod
719 1218 893 1288 culpae
911 1227 1012 1273 est.
1040 1217 1238 1274 Tribus
1261 1232 1392 1274 sane
1423 1219 1605 1272 causis
1631 1217 1862 1272 inﬁrmi-

258 1318 403 1365 tates
429 1308 724 1365 advcniunt
753 1309 1065 1381 corporales
1093 1327 1108 1364 :
1141 1321 1237 1366 aut
1267 1325 1332 1365 ett
1364 1309 1682 1378 tentatione,
1717 1311 1859 1366 sicut

257 1401 366 1458 Job
395 1410 451 1458 et
480 1401 698 1469 Tobiae;
727 1411 822 1458 aut
851 1418 917 1458 ex
946 1413 1170 1474 peccato
1191 1447 1205 1472 ,
1239 1405 1383 1460 sicut
1411 1404 1592 1476 Asaph
1624 1405 1770 1474 regi,
1802 1413 1863 1461 et

257 1495 346 1549 bis
372 1497 466 1566 qui
495 1495 550 1550 iu
593 1499 848 1566 prtesenti
888 1497 959 1552 ab
1000 1497 1262 1568 Apostolo
1306 1509 1638 1569 arguuntur;
1671 1507 1758 1553 aut
1792 1514 1859 1555 ex

253 1587 439 1657 aliqua
461 1587 904 1659 intemperantia,
933 1598 989 1645 ut
1012 1588 1324 1655 Timotheo,
1358 1600 1412 1646 et
1436 1591 1519 1646 his
1549 1591 1640 1662 qui
1664 1591 1861 1661 juben-

258 1691 352 1738 tur
378 1681 651 1738 medicum
685 1684 978 1740 honorare.
1010 1684 1150 1740 lluic
1179 1694 1385 1740 tantum
1410 1699 1593 1740 causae
1623 1685 1857 1740 humana

255 1783 443 1846 potest
489 1789 814 1832 succurrere
860 1775 1151 1832 medicina.
1195 1779 1332 1833 Item
1363 1777 1859 1848 signiticatCorin-

1961 562 2299 618 voluntatem
2331 560 2508 616 Patris
2538 562 2664 617 mei.

2033 655 2324 710 Divisioncs
2351 670 2469 708 vero
2518 655 2806 726 gratiarum
2835 663 2977 721 sunt,
3022 655 3160 711 idem
3198 666 3368 712 autem
3396 658 3558 728 spiri-

1963 758 2065 805 tus.
2119 749 2186 803 Et
2214 749 2497 804 divisiones
2525 749 2971 803 ministrationum
3015 761 3159 819 sunt,
3206 751 3340 805 idem
3387 761 3562 806 autem

1967 842 2243 899 Dominus.
2285 841 2354 895 Et
2384 841 2659 896 divisiones
2702 843 3064 914 Operationum
3094 851 3234 907 sunt,
3272 844 3409 898 idem
3437 860 3557 899 vero

1962 937 2126 1006 Deus,
2159 937 2247 1008 qui
2299 944 2544 1007 operatur
2589 935 2764 989 omnia
2801 937 2853 988 in
2895 935 3154 991 omnibus.
3189 936 3288 992 llic
3316 937 3436 992 vult
3475 952 3565 991 os-

1962 1030 2207 1095 tendere,
2239 1029 2426 1100 gratiae
2460 1028 2698 1098 Spiritus
2729 1029 2905 1083 sancti
2931 1029 3238 1084 divisiones
3270 1045 3414 1094 esse,
3449 1045 3557 1085 non

1962 1120 2154 1192 ipsius.
2201 1121 2268 1174 Et
2295 1119 2543 1190 quamvis
2580 1119 2668 1174 hic
2701 1119 2854 1174 locus
2892 1120 3109 1190 proprie
3149 1130 3339 1175 contra
3383 1120 3564 1177 Mace-

1961 1215 2228 1271 donianos
2255 1213 2438 1279 faciat,
2482 1213 2575 1283 qui
2607 1213 2872 1284 Spiritum
2917 1224 3167 1269 sanctum
3200 1225 3398 1285 negant
3437 1231 3562 1271 esse

1963 1307 2167 1363 Deum:
2201 1305 2433 1362 dicendo
2455 1306 2620 1372 enim,
2651 1321 2872 1377 semper
2893 1306 3056 1373 idem,
3087 1308 3268 1362 omnia
3291 1323 3351 1362 se
3379 1307 3563 1364 dicere

1962 1399 2030 1454 de
2051 1398 2254 1469 Spiritu
2283 1407 2474 1454 sancto
2507 1398 2770 1454 declarat.
2817 1399 2924 1455 Sed
2967 1407 3022 1454 et
3059 1401 3224 1469 paulo
3262 1409 3384 1471 post
3419 1401 3496 1455 ait
3545 1418 3557 1453 :

1964 1491 2092 1546 Ilaec
2122 1499 2300 1546 autem
2329 1491 2509 1546 omnia
2532 1499 2860 1561 cooperatur
2893 1507 3032 1547 unus
3065 1501 3229 1564 atque
3256 1495 3397 1550 idem
3437 1495 3561 1566 Spi-

1963 1582 2100 1638 ritus
2135 1600 2149 1641 :
2191 1592 2247 1637 ut
2273 1598 2396 1639 eum
2440 1594 2494 1639 et
2522 1583 2690 1638 Deum
2719 1593 2774 1639 et
2802 1585 3091 1639 Dominum
3133 1586 3558 1644 demonstraret.

1963 1674 2169 1729 Tamen
2197 1685 2386 1730 contra
2420 1673 2656 1730 Arianos
2689 1691 2795 1730 non
2829 1676 3112 1732 mediocre
3159 1686 3244 1733 est
3270 1693 3561 1749 argumen-

1965 1774 2101 1832 tum,
2131 1767 2223 1837 qui
2251 1767 2318 1822 de
2348 1767 2451 1822 hoc
2482 1768 2799 1822 calumniari
2841 1753 3040 1837 solent,
3071 1769 3215 1840 quod
3247 1747 3425 1839 primo
3453 1771 3556 1826 Pa-

253 1866 427 1934 thios,
473 1875 694 1938 propter
733 1868 1108 1938 supradictum
1151 1879 1454 1938 peccatum,
1502 1870 1858 1940 mgrolalionc
1890 1857 1938 1917 B
1966 1867 2066 1923 ter,
2095 1861 2334 1915 secundo
2372 1860 2566 1928 Filius,
2599 1861 2758 1916 tertio
2786 1861 3023 1932 Spiritus
3051 1872 3275 1917 sanctus
3310 1864 3563 1919 nomina-

252 1967 315 2015 et
343 1958 722 2015 imbecillitate
767 1970 820 2016 et
854 1970 1028 2017 morte
1059 1975 1088 2015 a
1123 1961 1352 2016 Domino
1397 1976 1519 2017 esse
1549 1970 1852 2032 correptos.

332 2050 470 2107 Dum
509 2053 818 2125 judicamur
837 2062 1030 2119 autem,
1065 2071 1098 2107 ιι
1136 2053 1362 2109 Domino
1392 2055 1716 2126 corripimur‘
1748 2071 1769 2109 :
1801 2064 1857 2109 ut

253 2164 364 2202 non
396 2163 517 2202 cum
548 2147 646 2202 hoc
684 2148 880 2202 mundo
921 2149 1248 2203 damnamur.
1290 2146 1576 2218 Correptio
1619 2155 1855 2217 paterna:

251 2246 343 2296 est
382 2238 622 2309 pietatis,
673 2248 734 2295 ut
779 2240 1146 2311 poeniteamus
1189 2258 1201 2295 :
1252 2255 1318 2296 ne
1372 2254 1495 2296 cum
1543 2239 1854 2296 infidelibus

253 2333 448 2390 mundi
479 2333 805 2392 damnemur
832 2336 886 2391 in
918 2344 1204 2392 aeternum.

329 2427 547 2501 Itaque,
582 2430 770 2501 fratres
801 2430 922 2496 mei,
968 2446 1084 2483 cum
1110 2431 1393 2484 convenitis
1427 2429 1496 2484 ad
1535 2429 1857 2484 manducan-

251 2522 404 2588 dum,
443 2522 658 2576 invicem
699 2530 1014 2593 exspectate.
1048 2523 1112 2578 Si
1135 2524 1253 2594 quis
1291 2524 1476 2594 esurit,
1526 2523 1666 2577 domi
1701 2541 1853 2578 man-

252 2613 433 2670 ducet.
461 2614 600 2681 Quia
631 2629 791 2672 nemo
814 2615 981 2671 alium
1006 2616 1386 2688 exspectabat,
1418 2623 1476 2672 ut
1498 2617 1858 2672 communiter

253 2707 572 2763 oﬂ'erretur.

333 2796 405 2854 Ut
435 2815 541 2853 non
569 2799 624 2854 in
643 2800 910 2870 judicium
939 2799 1279 2863 conveniatis.
1312 2799 1429 2857 Non
1462 2800 1515 2856 in
1543 2799 1856 2860 sanctifica-

258 2890 490 2959 tionem,
519 2891 615 2947 sed
648 2891 714 2946 ad
736 2891 1002 2964 judicium
1035 2893 1453 2950 conveniebant.

331 2983 540 3039 Cretera
583 2993 756 3040 autem
789 3002 904 3040 cum
937 3002 1143 3055 venero,
1191 2987 1487 3057 disponant.
1533 2982 1745 3043 Caetera
1789 2983 1858 3042 de

258 3075 437 3147 ipsius
466 3077 713 3150 mysterii
742 3085 1108 3134 sacramento.

872 3212 1102 3271 CAPUT
1139 3213 1256 3269 XII.

336 3350 419 3406 De
459 3350 832 3422 spirituatibus
891 3359 1089 3406 autem.
1142 3348 1338 3420 Incipit
1374 3348 1444 3404 de
1493 3346 1865 3418 spiritualibus

257 3444 648 3502 sacramentis.
680 3443 976 3500 Crescente
1019 3442 1144 3509 (ide,
1181 3441 1294 3513 jam
1339 3441 1645 3512 linguarum
1692 3441 1863 3511 gratia

263 3537 456 3610 (quam
479 3547 704 3609 prepter
726 3537 974 3593 infideles
998 3533 1344 3607 acceperant)
1369 3533 1657 3590 desinebat
1684 3552 1698 3590 :
1736 3534 1865 3590 hinc

260 3647 400 3704 ergo
431 3629 648 3702 plurimi
674 3630 1004 3698 contristati,
1033 3628 1214 3684 adhuc
1259 3629 1424 3684 etiam
1456 3628 1597 3683 hanc
1627 3627 1860 3698 gratiam

265 3727 598 3784 habentibus
638 3726 975 3794 invidebant,
1005 3723 1260 3782 omnibus
1289 3723 1449 3780 donis
1497 3721 1638 3803 hanc
1679 3722 1865 3792 majo-

265 3835 386 3878 rem
416 3834 540 3877 esse
567 3828 841 3891 putantes.

341 3914 490 3971 Nolo
516 3931 604 3970 vos
631 3916 894 3987 ignorare,
923 3915 1132 3986 fratres.
1169 3910 1308 3967 Nolo
1337 3923 1433 3966 vos
1463 3908 1622 3980 hujus
1651 3915 1856 3982 myste-

266 4007 334 4064 rii
366 4006 586 4064 nescire
615 4005 906 4063 rationem.

344 4099 513 4156 Scitis
540 4107 712 4153 autem
747 4098 991 4168 quoniam
1023 4113 1141 4151 cum
1169 4104 1342 4168 gentes
1372 4095 1574 4159 essetis,
1606 4092 1674 4146 ad
1704 4093 1866 4146 sintu-

269 4193 422 4246 lacra
449 4200 617 4246 muta.
647 4190 762 4246 Iloc
796 4198 902 4253 est.
946 4188 1366 4255 irrationabiles,
1405 4185 1700 4242 secundum
1735 4185 1870 4239 Pro-

269 4283 493 4356 phetam
521 4283 792 4341 dicentem
819 4300 833 4338 :
869 4283 1090 4338 Similes
1113 4282 1219 4338 illis
1251 4282 1402 4350 (lant,
1431 4281 1522 4352 qui
1545 4279 1750 4335 faciunt
1777 4295 1863 4348 ca,

267 4387 328 4435 et
351 4392 549 4436 omnes
574 4379 666 4448 qui
693 4377 971 4434 conﬁdunt
993 4377 1045 4432 in
1072 4376 1173 4433 eis.

346 4469 520 4526 Prout
543 4469 868 4526 ducebamini
893 4476 1088 4523 euntes.
1113 4467 1160 4523 A
1181 4466 1368 4539 magis,
1399 4465 1484 4522 vel
1519 4463 1866 4536 aruspicibus

270 4564 571 4621 idolorum.

1963 1962 2068 2006 tur.
2103 1951 2202 2006 Hic
2223 1953 2368 2006 enim
2399 1954 2563 2007 istum
2605 1953 2851 2008 ordinem
2893 1957 3238 2026 permutavit.
3269 1955 3399 2011 Item
3444 1972 3558 2011 ma-

1960 2045 2153 2100 nifesta
2191 2045 2501 2115 praedicatio
2524 2056 2626 2113 est,
2662 2047 2819 2101 unius
2845 2047 3070 2102 deitatis
3107 2057 3270 2118 atque
3300 2050 3558 2105 substan-

1957 2137 2044 2192 tia:
2089 2138 2301 2192 Patrem
2329 2147 2383 2193 et
2431 2137 2651 2206 Filium,
2697 2146 2753 2194 et
2798 2139 3059 2209 Spiritum
3100 2150 3347 2196 sanctum
3402 2157 3547 2211 esse,

1955 2231 2048 2301 qui
2099 2240 2418 2301 potestatem
2463 2241 2520 2287 ut
2565 2232 2827 2288 Dominus
2857 2242 2910 2288 et
2959 2235 3126 2302 Deus,
3172 2235 3401 2306 singulis
3433 2237 3551 2308 qui-

1955 2322 2188 2392 busque,
2219 2336 2276 2380 ut
2298 2325 2432 2391 vult,
2463 2327 2763 2395 gratiarum
2792 2326 2932 2382 dona
2955 2328 3202 2399 largitur.

2033 2414 2318 2488 Unicuique
2372 2426 2543 2471 autem
2595 2418 2749 2472 datur
2809 2419 3162 2489 manifestatio
3209 2423 3429 2492 spiritus
3480 2424 3550 2477 ad

1959 2508 2255 2564 utilitatem.
2304 2507 2375 2564 Ut
2404 2519 2662 2580 appareat
2692 2508 2845 2565 illum
2878 2511 3141 2581 Spiritum
3175 2523 3429 2571 sanctum
3472 2531 3563 2573 ac-

1959 2599 2192 2670 cepisse.

2032 2691 2139 2745 Alii
2179 2693 2388 2764 quidem
2427 2711 2519 2763 per
2557 2695 2803 2764 spiritum
2850 2696 3007 2751 datur
3060 2715 3230 2754 sermo
3270 2700 3565 2770 sapientior.

1962 2784 2256 2854 Sapientiae
2296 2800 2478 2842 sermo
2506 2797 2610 2854 est,
2653 2787 2931 2855 sapienter
2959 2799 3014 2845 et
3042 2799 3167 2860 apte
3214 2806 3277 2847 ac
3309 2792 3551 2846 rationa-

1961 2877 2143 2934 biliter
2168 2879 2360 2951 loqui:
2404 2889 2458 2935 et
2497 2895 2660 2951 posse
2702 2879 2996 2949 disserere,
3030 2885 3118 2939 vel
3161 2883 3384 2951 docere,
3416 2885 3560 2956 quod

1963 2971 2106 3026 norit
2125 2985 2276 3026 sane.
2295 2971 2396 3039 Qui
2420 2987 2486 3027 ex
2511 2972 2657 3026 dono
2688 2972 2851 3028 habet
2869 2975 3175 3044 sapientiae,
3195 2975 3313 3030 sine
3339 2989 3437 3030 suo
3467 2991 3563 3031 co-

1965 3075 2100 3121 natu
2128 3065 2364 3136 loquitur
2406 3072 2459 3120 et
2487 3064 2681 3120 labore
2730 3083 2742 3118 :
2788 3075 2839 3120 et
2889 3081 3049 3122 nemo
3095 3066 3175 3121 illi
3219 3068 3360 3122 sicut
3399 3068 3563 3124 beato

1965 3157 2246 3228 Stephano
2273 3157 2532 3227 praevalet
2558 3159 2854 3213 contraire.
2897 3159 2980 3214 Ad
3025 3159 3315 3228 utilitatem
3337 3202 3353 3226 ,
3383 3169 3438 3216 ct
3481 3162 3564 3215 iu-

1887 3235 1933 3298 C
1969 3248 2338 3314 credulorum,
2370 3254 2431 3303 ut
2451 3247 2677 3304 credant
2704 3267 2716 3302 :
2747 3258 2800 3304 et
2827 3251 3136 3321 credentes,
3170 3262 3228 3306 ut
3253 3253 3561 3308 ﬁrmentur.

2042 3343 2147 3398 Alii
2187 3351 2358 3396 autem
2400 3357 2566 3396 sermo
2591 3341 2840 3407 scientiw,
2874 3344 3156 3397 secundum
3188 3346 3421 3398 eumdem
3459 3345 3569 3416 spi-

1969 3435 2148 3488 ritum.
2180 3432 2247 3489 Ut
2283 3431 2420 3487 sciat
2465 3433 2598 3502 legis
2629 3433 2889 3502 mysteria
2942 3434 3244 3504 explanare
3281 3454 3292 3488 :
3339 3437 3451 3502 vel,
3509 3445 3570 3491 ut

1969 3524 2242 3596 praeterita
2273 3523 2510 3589 noverit,
2541 3532 2597 3578 ct
2626 3524 2858 3580 mstimet
2884 3524 2952 3580 de
2979 3524 3196 3582 futuris.

2041 3616 2202 3671 Alteri
2244 3616 2373 3685 ﬁdes
2401 3616 2456 3669 in
2483 3603 2902 3686 eodem-spiritu.
2939 3617 3037 3673 llic
3065 3618 3222 3686 ﬁdes,
3265 3619 3333 3674 ad
3379 3619 3567 3692 prodi-

1967 3709 2056 3780 gia
2099 3707 2365 3774 facienda,
2393 3723 2514 3779 qure
2553 3716 2765 3765 montes
2796 3709 3109 3766 transierat.
3153 3711 3391 3768 Abusive
3420 3713 3566 3768 enim

1969 3816 2085 3858 rem
2114 3801 2294 3872 posuit
2333 3815 2432 3870 pro
2457 3799 2674 3855 eﬂ‘ectu.

2041 3895 2145 3949 Alii
2191 3893 2364 3966 gratia
2402 3893 2684 3946 sanitatum
2733 3893 2786 3947 in
2852 3909 2958 3948 uno
3021 3894 3231 3966 spirittt.
3283 3895 3351 3952 Ut
3409 3905 3565 3952 curet

1969 3995 2226 4060 aegrotos.

2041 4079 2148 4133 Alii
2179 4080 2414 4149 operatio
2439 4077 2708 4134 virtutum.
2740 4077 2888 4150 Opus
2913 4079 3130 4138 virtutis
3160 4090 3264 4148 est,
3298 4081 3567 4138 daemonia

1971 4169 2192 4242 ejicere,
2240 4171 2324 4226 vel
2358 4179 2605 4226 mortuos
2631 4172 2921 4227 suscitare.

2044 4265 2150 4318 Alii
2179 4263 2467 4336 prophetia.
2525 4263 2640 4319 Hoc
2669 4273 2776 4329 est,
2810 4273 2870 4318 ut
2897 4265 3072 4320 futura
3100 4265 3378 4335 praedicet.

2046 4356 2150 4412 Alii
2199 4355 2440 4411 discretio
2488 4356 2819 4426 spirituum:
2868 4357 2960 4410 alii
3002 4373 3190 4429 genera
3241 4359 3564 4429 linguarum.

1977 4449 2047 4506 Ut
2071 4449 2267 4521 qualis,
2318 4447 2405 4503 vel
2444 4461 2552 4517 quo
2581 4448 2774 4518 spiritu
2804 4448 3009 4531 veniat,
3052 4448 3137 4506 vel
3177 4449 3457 4522 loquatur,
3487 4454 3569 4508 in-

1979 4543 2203 4614 telligat.

346 4655 480 4712 Ideo
509 4665 690 4712 notum
728 4655 869 4711 vobis
912 4653 1073 4725 facio,
1102 4653 1240 4726 quod
1268 4669 1417 4709 nemo
1458 4653 1512 4707 in
1541 4653 1731 4725 spiritu
1773 4652 1864 4706 Dei

2046 4635 2151 4688 Alii
2217 4634 2571 4705 interpretatio
2610 4649 2930 4698 ,sermonum.
2995 4633 3151 4691 Alius
3217 4635 3565 4707 interpretari

269 4749 518 4822 loquens,
549 4749 677 4804 dicit
705 4747 982 4804 anathema
1016 4745 1169 4801 Jesu.
1212 4745 1426 4801 Utinam
1466 4742 1870 4800 irrationabiles

275 4842 618 4914 mobilesque
649 4857 753 4897 non
784 4841 903 4897 sitis
931 4842 944 4895 !
973 4855 1094 4896 cum
1122 4837 1384 4907 religione
1409 4837 1554 4892 enim
1599 4846 1652 4891 et
1683 4849 1870 4890 mores

272 4944 492 4990 mutare
519 4933 756 5000 debetis,
790 4943 843 4988 et
875 4946 1037 4988 nosse
1063 4939 1260 4986 vestra:
1292 4929 1415 4983 ﬁdei
1447 4927 1737 4982 rationem.

349 5025 421 5081 Et
449 5042 599 5080 nemo
629 5032 790 5098 potest
817 5024 1008 5090 dicere,
1054 5021 1304 5076 Dominus
1329 5019 1505 5084 Iesus,
1543 5019 1644 5073 nisi
1675 5020 1726 5071 in
1751 5015 1876 5087 Spi-

272 5120 382 5174 ritu
418 5129 614 5175 sancto.
647 5117 928 5188 Quomodo
955 5131 1083 5188 ergo
1115 5115 1394 5186 operarios
1430 5111 1732 5183 iniquitatis
1761 5111 1866 5165 Do-

276 5213 464 5269 minus
491 5220 806 5283 cognoscet,
839 5210 887 5266 si
931 5211 1096 5265 ctiam
1125 5208 1356 5264 virtutes
1383 5206 1494 5262 sint
1537 5204 1770 5275 operati,
1820 5211 1877 5258 et

277 5305 426 5361 Deus
452 5303 611 5360 malis
652 5302 911 5373 operibus
941 5300 1284 5372 denegatur?
1327 5297 1433 5355 Sed
1479 5311 1638 5353 nemo
1695 5301 1878 5364 potest

280 5397 338 5452 in
367 5396 574 5466 Spiritu
605 5407 794 5452 sancto
826 5394 1116 5452 Dominum
1160 5393 1460 5464 appellare,
1501 5391 1604 5446 nisi
1637 5390 1726 5462 qui
1753 5403 1877 5445 eum

278 5497 342 5544 et
365 5488 571 5559 verbis,
604 5500 657 5546 et
688 5489 946 5560 operibus
987 5487 1298 5542 conﬁtetur.
1331 5484 1464 5542 Item
1502 5483 1663 5540 docet
1689 5482 1878 5538 Corin-

282 5581 453 5649 thios,
487 5581 592 5638 nisi
622 5581 678 5637 in
707 5580 913 5652 Spiritu
937 5589 1147 5646 sancto,
1180 5579 1283 5635 hoc
1321 5587 1426 5646 est,
1467 5578 1522 5633 in
1555 5576 1713 5632 bonis
1743 5590 1878 5647 ope-

282 5674 440 5732 ribus
490 5684 901 5744 conversantes,
965 5674 1253 5730 Dominum
1309 5671 1492 5728 Iesum
1540 5672 1746 5737 dicant,
1799 5665 1882 5726 eis

290 5767 556 5837 prodesse
585 5783 692 5825 non
724 5781 908 5838 posse,
942 5765 1084 5822 sicut
1107 5777 1163 5822 et
1193 5765 1310 5836 ipse
1333 5764 1596 5820 Dominus
1623 5763 1676 5819 in
1708 5763 1884 5819 Evan-

290 5861 438 5935 gelio
465 5860 597 5920 dicit
631 5880 643 5916 ε
681 5860 800 5919 Non
830 5859 1009 5918 omnis
1039 5857 1130 5932 qui
1151 5858 1284 5917 dicit
1313 5856 1465 5928 mihi,
1497 5857 1743 5928 Domine,
1779 5857 1882 5914 Do-

1976 4736 2187 4800 poterat
2218 4741 2337 4797 qua:
2358 4726 2499 4781 alius
2527 4725 2863 4798 loqueretur.

2048 4821 2179 4877 Haec
2206 4831 2378 4875 autem
2403 4820 2576 4874 omnia
2614 4829 2856 4892 aperatur
2901 4837 3034 4877 unus
3065 4831 3215 4894 atque
3254 4823 3389 4878 idem
3415 4823 3573 4893 spiri-

1979 4927 2079 4972 tus.
2134 4915 2190 4970 Si
2220 4913 2398 4969 omnia
2445 4927 2588 4968 unus
2639 4913 2865 4982 Spiritus
2904 4922 3183 4984 operatur,
3227 4928 3398 4984 quare
3434 4928 3568 4968 con-

1981 5010 2238 5075 tristaris,
2271 5007 2416 5078 quod
2460 5006 2622 5061 aliam
2652 5007 2881 5076 gratiam
2929 5007 3183 5077 accepisti
3230 5023 3244 5060 :
3286 5014 3340 5061 et
3381 5005 3569 5069 alium.

1980 5103 2134 5174 quasi
2187 5100 2449 5169 majorem
2495 5107 2704 5170 partem
2750 5099 3044 5165 invaserit,
3087 5096 3398 5166 :emuiaris,
3445 5112 3570 5152 cum

1984 5195 2087 5252 hoc
2114 5209 2221 5251 non
2252 5193 2306 5248 in
2347 5202 2554 5259 nostra,
2584 5193 2679 5248 sed
2710 5192 2762 5247 in
2795 5191 3048 5247 donantis
3077 5190 3148 5244 sit
3191 5189 3428 5260 positum
3476 5205 3574 5261 po-

1984 5296 2199 5345 testate.

2056 5377 2309 5432 Dividens
2348 5376 2570 5447 singulis
2601 5384 2753 5447 prout
2794 5374 2922 5429 vult.
2949 5373 3039 5429 Sic
3073 5388 3286 5446 quoque
3325 5375 3571 5444 spiritum

1990 5472 2203 5530 Domini
2225 5471 2357 5527 dicit
2384 5487 2400 5528 :
2432 5470 2560 5526 dum
2596 5483 2701 5524 non
2721 5469 2928 5538 jussus,
2959 5467 3055 5524 sed
3080 5468 3416 5524 voluntarius
3444 5481 3574 5537 ope-

1987 5576 2158 5624 ratur.

2061 5660 2212 5716 Sicut
2260 5659 2394 5714 enim
2439 5673 2625 5729 corpus
2675 5673 2835 5712 unum
2888 5664 3004 5723 est,
3062 5666 3106 5710 et
3158 5654 3382 5710 membra
3429 5653 3582 5706 habet

1992 5754 2159 5809 multa
2182 5772 2199 5808 :
2226 5753 2418 5808 Omnia
2437 5759 2609 5805 autem
2630 5752 2855 5806 membra
2883 5750 3118 5819 corporis
3136 5765 3250 5804 cum
3271 5747 3371 5801 sint
3393 5744 3583 5810 multa,

2000 5863 2162 5904 unum
2193 5856 2365 5905 tamen
2399 5860 2589 5914 corpus
2633 5854 2773 5900 sunt.
2819 5845 2921 5902 Per
2964 5841 3426 5913 comparationem
3463 5851 3588 5894 cor-
