3978 6286
415 230 523 291 753

1462 230 1523 287 S.
1566 227 1943 285 lllERONYMI
1982 225 2273 284 OPERUM
2312 222 2678 283 MANTISSA.

3614 220 3714 280 756

418 352 589 425 poris,
620 351 861 409 ostendit
886 365 993 408 non
1017 357 1264 407 naturam
1288 347 1683 410 membrorum,
1708 345 1800 400 sed
1833 342 2015 399 ofﬁcia
2043 343 2096 404 Α
2122 339 2339 407 oculus,
2372 355 2478 394 non
2507 355 2625 395 sum
2657 354 2722 395 ex
2764 352 2992 411 corpore
3019 357 3033 396 :
3063 354 3191 395 num
3225 338 3347 395 ideo
3390 354 3497 394 non
3529 347 3615 394 est
3653 337 3715 392 de

422 462 547 503 esse
576 446 792 503 diversa
829 464 843 501 :
878 454 933 501 et
981 445 1257 499 neminem
1287 442 1491 497 debere
1530 453 1725 494 curare
1756 439 1911 506 cujus
1945 437 2016 492 sit

424 539 611 606 ofﬁcii,
644 538 769 593 dum
799 551 993 592 omnes
1015 550 1121 591 uno
1143 534 1445 605 eodemque
1466 531 1661 604 spiritu
1686 532 2015 587 animentur.

425 632 603 688 Sumit
625 629 931 700 exemplum
958 643 1027 684 ex
1057 628 1295 682 humano
1326 640 1556 697 corpore
1586 641 1601 681 :
1632 635 1690 681 ut
1722 624 1916 680 doceat
1946 624 2017 678 ita

428 738 554 781 esse
605 723 887 779 Ecclesias
913 722 964 777 in
994 719 1215 777 Christo
1258 734 1427 775 unum
1466 734 1687 789 corpus,
1722 718 1863 772 sicut
1891 724 2021 772 sunt

428 816 678 873 membra
707 815 760 871 in
782 828 1017 883 corpore
1040 812 1276 869 hominis
1305 831 1322 871 :
1352 827 1420 868 ne
1450 811 1742 867 adversum
1762 809 2016 879 almum,

428 909 571 964 alter
598 906 837 964 inﬂetur.

501 998 593 1052 Ita
618 1010 667 1053 et
697 998 950 1054 Christus.
978 996 1283 1054 Notandum
1316 994 1459 1066 quod
1486 993 1735 1051 Christus
1780 1005 1877 1064 per
1901 1005 2022 1048 cor-

429 1104 535 1159 pus
560 1105 715 1145 suum
738 1090 955 1145 dicatur
987 1088 1252 1145 Ecclesia.

504 1184 719 1238 Etenim
763 1183 817 1243 in
860 1199 965 1237 uno
997 1182 1184 1254 spiritu
1219 1196 1395 1237 omnes
1426 1195 1521 1233 nos
1564 1179 1619 1233 in
1649 1193 1812 1232 unum
1840 1191 2025 1247 corpus

433 1276 679 1349 baptismi
704 1291 905 1342 sumus,
932 1275 1037 1330 sive
1056 1272 1253 1339 Iudici,
1293 1274 1402 1329 sive
1441 1271 1697 1338 Gentiles,
1723 1270 1825 1325 sive
1868 1269 2023 1340 servi,

428 1366 534 1422 sive
576 1366 745 1422 liberi.
792 1365 858 1423 Ut
898 1381 1068 1420 unum
1118 1379 1317 1434 corpus
1343 1363 1641 1418 efﬁciamur
1692 1363 1745 1417 in
1783 1359 2022 1418 Christo.

433 1458 674 1527 Quorum
693 1472 825 1528 ergo
849 1457 1182 1529 spiritualia,
1205 1465 1262 1511 et
1280 1455 1523 1512 ctelestia
1546 1452 1852 1510 Communia
1877 1459 2026 1519 sunt,

435 1553 637 1608 debent
674 1562 889 1607 terrena
936 1559 993 1607 et
1025 1550 1264 1607 carnalia
1314 1549 1677 1606 communiter
1718 1546 2025 1618 possidere,

436 1644 738 1701 secundum
764 1645 1089 1700 sententiam
1120 1642 1409 1714 Pmphetm
1439 1658 1453 1696 :
1483 1641 1671 1697 Nonne
1699 1648 1855 1711 pater
1890 1653 2030 1694 unus

439 1748 524 1796 est
543 1732 995 1796 omniumtltem
1040 1736 1129 1793 hic
1174 1734 1459 1792 manifeste
1503 1734 1811 1791 ostenditur
1845 1751 1857 1788 :
1896 1748 2030 1804 quo—
2060 1730 2109 1792 B

440 1833 585 1888 niam
635 1833 725 1904 qui
757 1832 1103 1902 baptizantur
1150 1831 1203 1886 in
1261 1829 1484 1885 nomine
1522 1830 1697 1884 Patris
1741 1838 1795 1885 et
1821 1828 1945 1883 Filii
1976 1838 2037 1883 et

443 1921 680 1990 Spiritus
706 1923 902 1987 sancti,
940 1923 994 1979 in
1024 1937 1128 1978 una
1153 1921 1496 1991 baptizantur
1518 1920 1823 1975 substantia
1849 1934 1863 1973 :
1896 1934 2027 1989 quo-

441 2013 586 2073 niam
628 2012 866 2067 Trinitas
896 2011 1116 2069 deitatis
1154 2028 1265 2068 non
1297 2011 1459 2067 habet
1496 2010 1867 2065 diversitatem
1890 2050 1905 2075 ,
1949 2008 2033 2064 di-

444 2112 602 2161 cente
627 2104 920 2173 Apostolo:

512 2195 585 2251 Et
615 2214 790 2253 omnes
824 2198 880 2267 in
921 2213 1025 2252 uno
1054 2196 1240 2269 spiritu
1281 2196 1449 2261 vocati
1488 2212 1691 2251 sumus.
1736 2194 1899 2264 Quasi
1930 2209 2033 2266 po-

445 2290 632 2345 tionati
680 2289 895 2358 spiritu,
939 2305 1100 2360 quem
1149 2289 1423 2360 accipiunt
1468 2288 1724 2358 baptizati
1774 2303 1870 2358 per
1915 2302 2033 2342 ma-

445 2401 612 2439 nuum
645 2384 1069 2453 impositionem.

515 2474 659 2529 Nam
689 2482 736 2528 et
764 2488 971 2543 corpus.
1018 2473 1328 2529 Revertitur
1359 2474 1425 2528 ad
1456 2474 1790 2545 exemplum.

515 2566 638 2620 Non
670 2573 747 2618 est
790 2581 949 2618 unum
980 2566 1285 2628 membrum,
1328 2566 1421 2619 sed
1475 2568 1658 2619 multa.
1711 2567 1826 2620 Non
1859 2574 2039 2633 potest

442 2665 616 2713 totum
664 2672 893 2727 corpus,
933 2673 1100 2712 unum
1143 2656 1385 2712 ofﬁcium
1439 2672 1643 2727 agere;
1694 2658 1793 2713 sed
1839 2673 2035 2712 unum-

442 2750 692 2821 quodque
722 2749 1092 2805 membrorum
1126 2750 1178 2804 id
1208 2749 1312 2819 agit
1345 2749 1411 2804 ad
1443 2749 1585 2818 quod
1616 2757 1800 2820 aptum
1834 2758 1938 2805 est.

515 2842 580 2899 Si
626 2843 818 2898 dixerit
860 2859 974 2914 pes.
1027 2842 1129 2898 Pes
1179 2842 1438 2897 Ecclesia:
1466 2842 1573 2898 dici
1618 2830 1815 2912 potest,
1850 2842 1939 2913 qui
1969 2841 2037 2897 ad

445 2936 893 2992 intercedendum
924 2935 1223 3005 egreditur.

516 3030 777 3099 Quoniam
809 3046 913 3084 non
939 3046 1054 3084 sum
1075 3044 1279 3083 manus.
1314 3029 1504 3084 Manus
1529 3036 1617 3084 est
1637 3026 1752 3094 ille,
1781 3026 1875 3098 qui
1902 3041 2034 3097 ope-

443 3128 619 3177 ratur.

513 3212 640 3267 Non
678 3228 796 3268 sum
823 3213 887 3267 de
913 3228 1125 3284 corpore
1170 3226 1188 3264 :
1240 3226 1360 3265 num
1398 3210 1515 3265 ideo
1559 3226 1659 3265 non
1700 3220 1777 3265 est
1816 3209 1880 3264 de
1923 3226 2035 3264 cor.

440 3307 608 3379 pore?
651 3306 721 3362 Et
762 3308 807 3362 si
836 3307 1027 3361 dixerit
1053 3307 1196 3361 auris
1220 3321 1238 3360 :
1266 3305 1511 3376 quoniam
1537 3322 1640 3359 non
1668 3321 1787 3359 sum
1830 3304 2034 3370 oculus,

441 3415 543 3453 non
571 3415 687 3454 sum
732 3399 797 3453 de
824 3414 1041 3471 corpore
1077 3414 1096 3454 :
1126 3415 1250 3453 num
1290 3399 1404 3453 ideo
1445 3415 1547 3452 non
1589 3408 1661 3454 est
1690 3398 1755 3452 de
1784 3400 2038 3469 corpore?

324 3506 345 3519 κ
440 3489 668 3546 Dicebat
716 3491 860 3545 enim
904 3506 1009 3545 non
1059 3504 1181 3546 esse
1218 3504 1277 3545 se
1306 3490 1375 3546 de
1402 3504 1683 3559 corpore:
1733 3490 1855 3559 quia
1896 3490 2036 3544 hanc

441 3597 605 3651 quam
636 3582 728 3636 alii
756 3593 1085 3651 acceperunt
1109 3581 1361 3652 gratiam,
1383 3596 1490 3636 non
1523 3581 1774 3637 habebat.

512 3672 575 3728 Si
619 3680 781 3728 totum
822 3687 1013 3741 corpus
1056 3674 1264 3738 oculus,
1312 3672 1397 3727 ubi
1427 3674 1688 3728 auditus?
1732 3672 1789 3728 Si
1843 3688 2033 3730 omnes

438 3763 701 3832 scientes,
730 3763 819 3820 ubi
846 3772 975 3820 sunt
1001 3764 1315 3820 auditores?

512 3857 575 3914 Si
601 3866 767 3912 totum
792 3857 1022 3920 auditus.
1057 3859 1142 3911 ubi
1168 3858 1461 3913 odoratus?
1503 3858 1558 3915 Si
1588 3871 1779 3915 omnes
1815 3858 2031 3914 audito-

434 3962 546 4017 res,
571 3949 692 4019 quis
716 3951 819 4004 erit
850 3948 977 4005 boni
1005 3950 1186 4005 odoris
1218 3949 1415 4005 malive
1439 3949 1712 4006 discretor
1740 3968 1753 4005 :
1787 3961 1842 4006 ut
1867 3967 2031 4008 unum

434 4054 636 4109 corpus
662 4039 974 4096 efﬁciamur
1003 4041 1055 4095 in
1078 4041 1320 4097 Clu-isto.

508 4129 668 4185 Nunc
705 4140 878 4186 autem
926 4134 1097 4204 posuit
1144 4133 1287 4189 Deus
1335 4134 1586 4203 membra,
1632 4138 2031 4208 unumquodque

432 4239 613 4278 eorum
646 4226 700 4278 in
729 4241 947 4295 corpore
988 4226 1122 4279 sicut
1150 4225 1335 4281 voluit.
1367 4227 1520 4282 Sicut
1549 4229 1601 4281 in
1631 4243 1864 4298 corpore
1904 4240 2030 4299 apte

435 4327 490 4373 et
520 4317 768 4373 ordinate
794 4319 1089 4374 constituta
1127 4329 1253 4374 sunt
1300 4321 1545 4376 membra
1596 4339 1609 4374 :
1639 4323 1713 4377 ita
1743 4332 1799 4378 et
1838 4324 1889 4376 in
1921 4324 2024 4379 Ec-

428 4411 594 4465 clesia
628 4413 999 4485 unusquisque
1029 4428 1069 4477 a
1089 4413 1225 4481 Deo,
1255 4413 1324 4469 ad
1351 4413 1404 4469 id
1433 4414 1578 4484 quod
1606 4421 1767 4485 aptus
1790 4424 1897 4484 est,
1931 4430 2025 4473 or...

429 4501 667 4556 dinatur.

506 4591 659 4659 Quod
684 4593 733 4647 si
768 4602 936 4669 essent
967 4597 1142 4653 omnia
1164 4613 1325 4652 unum
1351 4598 1655 4664 membrum,
1681 4600 1769 4654 ubi
1797 4604 2025 4675 corpus?

428 4685 486 4742 Si
517 4700 712 4742 omnes
744 4703 909 4743 unam
942 4692 1170 4761 gratiam
1216 4692 1499 4758 haberent,
1536 4695 1761 4764 reliqua:
1812 4697 1901 4752 ubi
1935 4712 2026 4754 es-

430 4781 590 4836 sent?
621 4796 721 4838 nec
747 4796 949 4855 corpus
974 4784 1090 4854 jam
1118 4795 1370 4856 poterant
1398 4802 1545 4858 esse,
1587 4791 1683 4847 sed
1716 4792 1983 4848 membra.

499 4872 657 4928 Nunc
676 4886 846 4929 autem
862 4876 1025 4931 multa
1039 4879 1243 4947 quidem
1261 4881 1508 4947 membra,
1529 4899 1693 4937 unum
1714 4893 1887 4938 autem
1910 4902 2018 4940 cors

428 4981 548 5035 pus.
576 4966 691 5021 Hoc
706 4975 809 5031 est,
827 4966 1120 5023 humanum
1138 4987 1151 5024 :
1169 4971 1310 5039 quod
1325 4972 1493 5027 multa
1506 4974 1745 5029 membra
1762 4975 2015 5031 ostendit.

499 5056 624 5111 Non
695 5068 858 5128 potest
905 5068 1080 5115 autem
1149 5063 1332 5118 oculus
1376 5064 1548 5119 dicere
1594 5067 1809 5136 manui,
1860 5082 2021 5137 opera

426 5157 515 5202 tua
559 5166 659 5204 non
688 5152 920 5225 indigeo.
959 5153 1339 5212 ideoinvicem
1374 5157 1708 5228 indigemus,
1748 5167 1807 5214 ut
1849 5160 2020 5230 magis

424 5253 490 5294 ac
537 5242 706 5311 magis
733 5244 968 5301 cbaritas
995 5248 1368 5304 confirmetur.
1415 5250 1548 5305 Nam
1580 5252 1624 5306 si
1653 5266 1797 5307 unus
1837 5253 2016 5308 omnia

422 5330 673 5399 haberet,
706 5335 968 5393 adversus
996 5348 1223 5395 caeteros
1254 5340 1554 5397 inllaretur.
1614 5354 1615 5357 ‘

496 5423 601 5479 Aut
646 5426 830 5479 iterum
877 5442 1033 5497 caput
1080 5432 1321 5503 pedibus.
1370 5434 1640 5491 Sacerdos
1684 5442 1768 5491 est
1803 5446 2011 5507 caput:

420 5514 646 5585 inﬁrmi,
694 5517 862 5591 pedes
907 5520 1188 5579 Ecclesiae.
1230 5526 1286 5581 Si
1338 5526 1539 5581 dixerit
1586 5527 1854 5593 auricula,
1891 5544 2013 5598 quae

416 5610 637 5677 sapiens
668 5610 889 5667 auditor
917 5622 1004 5667 est
1026 5614 1172 5685 (nam
1202 5618 1350 5673 auris
1388 5618 1531 5674 inter
1572 5630 1769 5675 caetera
1806 5620 2009 5678 auferri

2122 447 2353 503 corpore
2374 433 2396 486 ?

2196 524 2322 580 Non
2366 527 2486 581 estis
2528 526 2655 580 mihi
2696 527 2994 581 necessarii.
3018 526 3224 582 Oculus
3252 536 3355 590 est.
3382 528 3474 597 qui
3524 526 3716 582 intelli-

2122 617 2198 688 git
2230 633 2245 683 ;
2277 632 2362 681 os,
2397 618 2489 672 ille
2516 621 2605 688 qui
2634 617 2819 683 docet,
2861 619 2945 673 vel
2987 619 3228 688 loquitur
3260 619 3477 689 linguis.

2197 710 2304 765 Sed
2344 711 2509 765 multo
2552 711 2736 782 magis,
2771 727 2887 781 qua:
2920 711 3167 765 ‘videntur
3214 711 3448 765 membra
3493 714 3715 783 corporis

2125 804 2419 871 inﬁrmiora
2473 819 2621 869 esse,
2677 804 3036 859 necessariora
3075 815 3216 858 sunt.
3272 803 3552 870 Hembra,
3604 820 3717 871 qua:

2123 894 2383 965 spernitis
2417 895 2469 949 in
2502 896 2749 952 Ecclesia
2780 896 3005 965 majoris
3035 897 3295 952 utilitatis
3328 910 3451 952 esse
3490 897 3718 967 proban-

2125 997 2217 1044 tur
2249 1007 2260 1043 :
2294 991 2437 1045 sicut
2465 989 2518 1044 in
2549 1004 2781 1060 corpore
2807 990 2929 1046 sine
2957 989 3212 1044 manibus
3242 999 3293 1043 et
3323 988 3557 1059 pedibus
3587 990 3717 1045 vivi-

2129 1091 2240 1147 tur,
2271 1081 2391 1137 sine
2424 1082 2700 1138 intestinis
2738 1083 2962 1136 omnino
3003 1097 3115 1135 non
3147 1082 3366 1135 vivitur.

2199 1172 2269 1229 Et
2309 1190 2424 1244 quas
2450 1184 2692 1247 putamus
2729 1174 3044 1247 ignobiliora
3070 1175 3298 1230 membra
3319 1191 3431 1231 esse
3464 1176 3715 1246 corporis.

2127 1266 2247 1325 Non
2273 1284 2380 1339 quo
2416 1284 2550 1323 vere
2578 1267 2683 1323 sint
2716 1269 2864 1324 talia.

2204 1360 2305 1415 His
2356 1361 2604 1416 honorem
2657 1362 3089 1416 abundantiorem
3142 1361 3542 1417 circumdatum.
3593 1361 3718 1417 Cum

2132 1454 2344 1509 cautius
2372 1452 2734 1519 vestimentis,
2768 1461 2824 1508 et
2858 1452 3173 1523 diligentius
3204 1462 3583 1521 conteguntur.

2205 1544 2273 1600 Et
2326 1562 2444 1617 qua:
2490 1545 2762 1601 inhonesta
2788 1555 2906 1601 sunt
2938 1558 3137 1613 nostra,
3166 1547 3600 1601 abundantiorem
3634 1545 3720 1599 lto-

2134 1649 2383 1695 nestatem
2413 1639 2620 1694 habent.
2669 1639 2899 1695 Honesta
2931 1650 3104 1695 autem
3136 1651 3311 1695 nostra
3338 1638 3539 1693 nullius
3557 1649 3719 1709 egeat.

2135 1731 2267 1800 ane
2317 1747 2412 1801 per
2460 1746 2519 1789 se
2570 1731 2792 1801 pulchra
2839 1740 2990 1798 sunt,
3039 1733 3239 1787 nullius
3271 1733 3520 1802 tegminis
3566 1740 3723 1803 egent

2134 1822 2559 1894 pulchritudine,
2584 1832 2641 1877 nt
2669 1832 2759 1880 est
2781 1834 2943 1893 caput
2975 1830 3029 1879 et
3066 1838 3281 1878 manus.

2208 1913 2315 1972 Sed
2358 1914 2500 1970 Deus
2554 1916 2853 1988 temperavit
2878 1932 3089 1986 corpus,
3127 1916 3175 1971 ei
3205 1916 3289 1970 cui
3329 1916 3527 1981 deerat,
3568 1915 3723 1969 abun-

2135 2007 2421 2063 dantiorem
2495 2008 2765 2064 tribuendo
2836 2010 3104 2065 honorem.
3161 2009 3459 2065 Minoribus
3523 2010 3723 2081 majora

2136 2101 2281 2157 dona
2320 2099 2628 2158 concedens
2660 2117 2677 2162 :
2709 2110 2769 2158 ut
2804 2102 2895 2175 qui
2924 2100 3136 2159 honore
3173 2103 3353 2159 minor
3382 2113 3526 2172 erat,
3554 2104 3723 2175 gratia

2135 2195 2464 2252 abundaret.

2212 2288 2282 2343 Ut
2320 2305 2422 2343 non
2451 2289 2518 2342 sit
2544 2287 2770 2343 schisma
2791 2291 2845 2344 in
2870 2306 3106 2362 corpore.
3136 2288 3205 2347 Ut
3233 2305 3333 2360 pro
3362 2289 3597 2345 invicem
3628 2290 3725 2345 sol-

2135 2382 2271 2438 liciti
2297 2382 2468 2437 simus
2495 2399 2510 2437 :
2539 2382 2665 2437 dum
2708 2383 2979 2439 alterutro
3017 2382 3344 2453 indigemus,
3395 2399 3461 2437 ne
3490 2384 3614 2454 quis
3648 2399 3725 2438 se-

2137 2481 2336 2543 quatur
2364 2483 2421 2529 et
2448 2476 2621 2543 gratia
2650 2484 2704 2529 et
2733 2475 2942 2531 honore
2981 2478 3274 2545 privatum.

2213 2566 2319 2621 Sed
2359 2566 2409 2619 in
2438 2566 2667 2634 idipsutn
2709 2583 2802 2634 pro
2832 2566 3050 2620 invicem
3078 2567 3303 2621 sollicita
3352 2567 3457 2633 sint
3484 2568 3719 2621 membra.

2137 2658 2291 2713 Sicut
2329 2657 2471 2714 oculi
2503 2658 2641 2712 viam
2691 2658 2920 2729 pedibus
2952 2659 3277 2729 przevident.
3307 2669 3363 2713 et
3417 2673 3607 2714 manus
3640 2674 3724 2727 pro

2138 2758 2253 2806 toto
2279 2764 2507 2821 corpore
2535 2759 2831 2820 operantur
2865 2770 2877 2804 :
2910 2758 2965 2807 et
2995 2751 3174 2807 omnia
3205 2752 3531 2808 alterutrum
3564 2767 3725 2806 mem-

2138 2841 2236 2896 bra
2266 2841 2607 2898 deserviunt.

2210 2933 2280 2988 Et
2327 2935 2373 2989 si
2410 2936 2536 3005 quid
2578 2937 2774 3008 patitur
2802 2952 2960 2990 unum
3005 2936 3312 3006 membrum,
3346 2940 3723 3010 compatiuntur

2141 3027 2316 3081 omnia
2364 3027 2611 3081 membra.
2662 3027 2718 3084 Si
2761 3043 2926 3082 unum
2978 3027 3279 3083 membrum
3325 3030 3508 3094 dolet,
3561 3039 3721 3085 totum

2063 3109 2108 3170 C
2142 3135 2339 3191 corpus
2370 3120 2649 3191 afﬂigitur,
2680 3130 2735 3177 et
2761 3123 2826 3175 ad
2860 3125 3147 3178 sanitatem
3176 3124 3295 3190 ejus
3342 3123 3591 3179 membra
3616 3140 3723 3178 om-

2139 3214 2225 3267 nia
2255 3213 2614 3268 collaborant.

2210 3304 2331 3361 Sive
2358 3306 2608 3377 gloriatur
2634 3322 2799 3360 unum
2844 3308 3152 3374 membrum,
3195 3308 3524 3378 congaudent
3560 3308 3722 3361 omnia

2138 3399 2385 3453 membra.
2428 3398 2580 3454 Sicut
2602 3398 2678 3452 ait
2715 3397 2971 3454 Salomon
3002 3417 3017 3453 :
3045 3398 3225 3454 Corde
3268 3399 3509 3463 latente,
3551 3399 3720 3453 vultus

2136 3489 2314 3547 ﬂoret.
2360 3491 2469 3547 Nos
2522 3501 2700 3546 autem
2744 3492 3177 3560 compassionem
3215 3499 3273 3548 et
3310 3493 3717 3563 congratulatio-

2136 3598 2261 3638 nem
2306 3582 2359 3638 in
2390 3583 2663 3639 contraria
2701 3594 3095 3653 permutamus.

2213 3674 2318 3730 Vos
2340 3685 2513 3730 autem
2543 3677 2663 3732 estis
2692 3693 2880 3748 corpus
2911 3676 3128 3733 Christi.
3178 3677 3297 3734 Hoc
3323 3687 3409 3734 est
3429 3720 3444 3743 ,
3485 3679 3721 3735 Ecclesia

2136 3767 2203 3824 de
2231 3783 2395 3825 carne
2424 3770 2562 3839 ejus,
2596 3778 2650 3825 ct
2678 3770 2746 3825 de
2773 3770 2991 3826 ossibus
3011 3770 3127 3841 eius
3161 3789 3175 3828 :
3208 3772 3349 3828 sicut
3376 3773 3444 3827 ad
3464 3772 3719 3844 Ephesios

2136 3862 2234 3915 ait.

2208 3951 2276 4005 Et
2316 3952 2541 4006 membra
2587 3954 2650 4007 de
2702 3954 2943 4008 membro.
2990 3954 3141 4019 Toti,
3189 3970 3437 4025 corpus:
3484 3956 3716 4027 singuli,

2133 4046 2398 4100 membra.

2203 4136 2273 4191 Et
2298 4138 2548 4207 quosdam
2570 4138 2777 4209 quidem
2810 4141 2981 4207 posuit
3016 4138 3173 4194 Deus.
3208 4139 3368 4194 Modo
3410 4140 3586 4210 ipsum
3612 4140 3721 4193 vult
3816 4142 3819 4145 ’

2132 4231 2500 4286 membrorum
2529 4231 2777 4286 ordinem
2805 4231 3207 4288 demonstrare.

2205 4320 2270 4375 In
2302 4320 2537 4375 Ecclesia
2565 4324 2737 4394 primo
2776 4324 3052 4395 apostolos.
3092 4322 3209 4378 Non
3239 4325 3290 4378 in
3319 4339 3623 4396 synagoga,
3656 4340 3719 4378 ne

2128 4421 2381 4483 putemus
2432 4428 2556 4469 eum
2614 4413 2681 4469 de
2712 4415 2950 4485 antiquis
2998 4414 3203 4471 dixisse
3231 4417 3717 4485 prephetiszsicut

2056 4493 2110 4553 D
2134 4516 2252 4562 erat
2276 4505 2494 4574 Agabus
2524 4524 2536 4561 :
2569 4516 2827 4563 caeterum
2858 4508 3192 4579 patriarchas
3220 4524 3436 4580 quoque
3464 4508 3720 4564 debuerat

2131 4612 2440 4653 nominare.

2201 4691 2446 4749 Secundo
2474 4693 2775 4763 prophetas,
2807 4691 2957 4746 tertio
2983 4692 3237 4749 doctores.
3261 4692 3549 4762 Prophetas
3573 4702 3716 4755 sunt.

2127 4786 2219 4856 qui
2248 4786 2544 4856 esplanant
2565 4786 2793 4842 obscura
2826 4787 3245 4855 prophetarum:
3278 4794 3331 4840 et
3359 4787 3453 4856 qui
3478 4786 3717 4840 homines

2126 4881 2522 4947 exhortantur,
2572 4880 2711 4937 sicut
2737 4879 2865 4935 alibi
2914 4879 3048 4935 dicit
3078 4894 3093 4935 :
3123 4878 3256 4934 Nam
3297 4880 3389 4948 qui
3438 4879 3718 4950 prophetat

2127 4971 2456 5042 hominibus,
2512 4972 2749 5044 loquitur
2793 4971 2860 5027 ad
2910 4971 3349 5043 mdiﬁcationem,
3382 4971 3712 5029 exhortatio-

2125 5079 2271 5135 nem,
2302 5075 2352 5120 et
2386 5066 2805 5121 consolationes.

2199 5153 2395 5212 Deinde
2430 5159 2641 5213 virtutes
2669 5198 2684 5223 ,
2740 5158 2926 5213 exinde
2965 5159 3160 5230 gratias
3208 5160 3558 5215 curationum.
3613 5158 3709 5213 llic

2119 5247 2372 5314 virtutes,
2404 5249 2555 5320 signa
2587 5250 2789 5320 majora
2822 5250 3105 5321 signiﬁcat.

2195 5342 2598 5412 Opitulationes.
2651 5344 2763 5400 lloc
2791 5354 2873 5399 est
2896 5386 2910 5411 ,
2940 5344 3231 5413 adjutoria.
3266 5344 3421 5402 Unde
3451 5344 3615 5400 Paulo
3652 5345 3707 5399 in

2118 5437 2239 5492 visu
2270 5436 2468 5493 dicitur
2490 5453 2519 5492 a
2548 5439 2666 5493 viro
2689 5421 2989 5494 Macedone
3020 5457 3030 5491 :
3061 5437 3219 5506 Veni,
3250 5439 3447 5508 adiuva
3480 5454 3597 5493 nos.

2188 5530 2618 5599 Gubernationes,
2650 5549 2838 5605 genera
2875 5533 3177 5605 linguarum
3197 5572 3213 5596 ,
3257 5532 3706 5602 interpretationes

2111 5640 2428 5680 sermonum.
2462 5625 2564 5693 Qui
2594 5628 2773 5683 sciunt
2811 5626 3075 5699 singulos,
3125 5634 3286 5696 prout
3314 5625 3424 5696 apti
3458 5634 3580 5680 sunt
3606 5638 3706 5693 gu-

416 5698 614 5758 dicitur
644 5717 675 5759 a
702 5703 889 5762 Iudaea
920 5719 1019 5778 per
1048 5704 1240 5763 Isaiam
1281 5709 1626 5784 prophetam)
1666 5730 1679 5768 :
1719 5711 1837 5768 Non
1884 5727 2007 5771 sum
2111 5714 2366 5774 bernare.
