3978 6286
240 313 342 369 757

954 309 1498 370 COMMENTARIUS
1537 309 1604 370 IN
1645 309 2038 370 EPISTOLAM
2077 313 2099 369 Ι
2137 312 2230 369 AD
2268 313 2426 371 COR.
2467 315 2622 373 CAP.
2668 317 2804 374 XIII.

3430 329 3538 385 758

306 424 585 490 Numquid
635 441 807 481 omnes
856 425 1119 498 apostoli?
1171 425 1439 495 Numquid
1493 442 1667 479 omnes
1713 441 1837 495 pro—
1861 425 1915 487 Α
1942 425 2189 491 stituant,
2219 427 2309 498 qui
2341 443 2455 483 rem
2488 429 2714 487 alterius
2745 436 3010 505 temporis
3041 436 3240 494 frustra
3266 455 3410 498 nunc
3440 456 3535 497 vo-

231 520 449 591 phem?
500 519 774 590 Numquid
814 535 988 574 omnes
1025 519 1298 573 doctores?
1344 517 1621 590 Numquid
1662 533 1838 572 onmes

226 615 490 674 virtutes?
509 611 783 683 Numquid
812 628 990 667 omnes
1016 612 1241 682 gratiam
1267 611 1452 666 habent
1479 610 1839 666 curationum?

229 705 512 776 Numquid
539 720 717 758 omnes
754 705 948 778 linguis
995 703 1318 773 loquuntur?
1357 702 1630 771 Numquid
1661 719 1836 757 omnes

227 799 687 869 interpretantur?
725 796 840 852 Hoc
882 805 969 852 est
1009 797 1153 866 quod
1186 796 1437 865 superius
1480 795 1696 851 dixerat
1728 811 1742 851 :
1775 794 1834 850 Si

225 901 419 946 essent
442 891 622 944 omnia
654 905 818 945 unum
846 890 1173 956 membrum,
1208 889 1299 943 ubi
1325 888 1567 960 corpus?

184 977 187 981 λ
302 984 631 1039 Emulamini
682 996 854 1038 autem
912 983 1226 1038 charismata
1257 982 1497 1039 meliora.
1554 981 1668 1037 Iloc
1715 990 1829 1052 est,

222 1071 518 1130 sectamini
548 1076 865 1145 prophetas.

299 1166 373 1219 Et
400 1166 574 1220 adhuc
621 1167 1058 1222 excellentiorcm.
1107 1164 1166 1221 In
1208 1164 1398 1221 Graeco
1428 1164 1633 1234 habet,
1677 1179 1832 1238 super

221 1258 465 1312 modum.

303 1348 461 1403 Viam
487 1349 629 1405 vobis
659 1350 979 1405 demonstro.
999 1348 1358 1420 Charitatem,
1394 1365 1490 1422 per
1520 1365 1678 1422 quam
1705 1365 1827 1423 ρετ-

218 1441 445 1495 venitur
467 1439 536 1496 ad
571 1441 742 1496 Deum
777 1458 789 1495 :
826 1440 950 1496 Vult
978 1457 1076 1496 nos
1102 1443 1272 1512 magis
1304 1441 1392 1497 illa
1415 1457 1682 1513 quaerere,
1707 1455 1828 1512 quze

218 1551 286 1592 ex
319 1537 479 1596 nobis
511 1547 660 1602 sunt,
684 1543 740 1594 et
767 1537 835 1593 ad
864 1539 1032 1594 vitam
1063 1548 1310 1610 prosunt,
1335 1553 1496 1611 quam
1530 1540 1681 1613 signa
1704 1553 1826 1614 qum

217 1643 332 1685 non
354 1639 485 1686 sunt
512 1630 566 1686 in
599 1639 787 1686 nostra
821 1639 1087 1702 potestate
1116 1633 1318 1703 posita.

812 1773 1048 1834 CAPUT
1072 1775 1210 1834 XIII.

286 1918 354 1977 Si
381 1919 576 1992 linguis
596 1920 866 1976 hominum
895 1922 1097 1992 loquar,
1123 1931 1172 1979 et
1206 1923 1529 1998 angelorum.
1560 1925 1678 1983 Non
1725 1939 1816 1984 so-

212 2013 328 2068 lum
358 2014 601 2070 omnium
630 2013 936 2084 hominum,
969 2016 1066 2074 sed
1095 2019 1260 2074 etiam
1282 2018 1326 2075 si
1350 2034 1470 2091 quae
1497 2031 1626 2077 sunt
1654 2035 1819 2096 ange-

217 2106 429 2162 lorum.

279 2198 607 2255 Charitatem
636 2205 811 2256 autem
838 2216 940 2256 non
971 2200 1221 2260 habeam:
1247 2207 1422 2277 factus
1443 2221 1558 2261 sum
1581 2207 1718 2264 velut
1745 2224 1817 2265 tes

209 2309 430 2358 sonans,
462 2302 552 2347 aut
575 2292 872 2365 cymbalum
903 2295 1148 2352 tinniens.
1178 2296 1332 2365 Quod
1362 2313 1468 2353 non
1501 2314 1566 2354 ex
1595 2315 1687 2366 se,
1720 2287 1818 2356 sed

208 2387 278 2442 ab
308 2387 422 2442 alio
453 2385 743 2454 impulsum
773 2387 947 2442 solum
977 2388 1215 2444 sonitum
1247 2387 1454 2461 reddit,-
1487 2398 1543 2446 et
1582 2390 1818 2448 delectat

207 2478 482 2534 auditum.
511 2475 762 2534 Charitas
791 2493 926 2535 vero
952 2495 1016 2535 ex
1051 2480 1209 2538 nobis
1233 2490 1339 2552 est,
1375 2492 1432 2540 et
1455 2495 1673 2540 omnem
1698 2493 1819 2556 pos-

207 2569 354 2626 sidet
382 2568 646 2625 fructum.

279 2657 356 2711 Et
399 2659 447 2712 si
491 2659 720 2715 habuero
772 2660 1122 2734 prophetiam,
1182 2672 1232 2718 et
1287 2667 1512 2720 noverim
1562 2667 1814 2738 mysteria

209 2749 414 2804 omnia.
448 2748 546 2804 Hie
571 2749 756 2805 futura
801 2751 1128 2823 prmdieare,
1164 2755 1544 2824 mysteriorum
1576 2757 1820 2826 cognitio

210 2851 322 2904 est.
378 2850 437 2898 et
465 2842 708 2898 omnium
755 2854 1117 2899 secretorum.
1167 2844 1407 2901 Scientia
1451 2861 1602 2914 vero,
1651 2863 1816 2904 nosse

209 2934 402 2988 omnia
434 2948 558 3005 qua:
586 2934 807 2990 fuerunt
836 2947 892 2992 et
919 2947 1070 2992 sunt.
1105 2938 1162 2994 Si
1196 2939 1299 2994 ista
1327 2941 1511 2995 omnia
1545 2949 1662 2996 tam.
1700 2955 1817 2998 ma-

209 3041 318 3096 gna
368 3026 492 3082 sine
547 3027 818 3083 cbaritate
867 3027 1004 3083 nihil
1031 3040 1156 3085 sunt
1187 3045 1204 3089 :
1238 3039 1442 3100 quanto
1482 3035 1654 3105 magis
1693 3035 1813 3092 sine

209 3119 568 3187 abstinentia,
597 3120 830 3190 jejunio,
863 3131 918 3176 et
947 3121 1031 3176 bis
1061 3121 1334 3178 similibus
1357 3165 1372 3190 ,
1404 3125 1458 3180 in
1481 3125 1678 3198 quibus
1707 3123 1814 3184 sibi

210 3211 463 3282 plerique
501 3211 693 3266 relicta
721 3212 990 3268 cbaritate
1019 3214 1322 3284 gloriantur
1351 3217 1366 3270 ε

283 3304 358 3359 Et
428 3318 634 3360 omnem
698 3307 992 3384 scientiam.
1040 3308 1110 3362 Et
1163 3309 1251 3364 hic
1303 3309 1530 3365 scientia
1571 3323 1813 3382 magna:

208 3399 340 3468 quia
369 3413 494 3455 cum
527 3398 611 3455 bis
641 3408 1012 3470 computatur,
1061 3401 1226 3458 etiam
1259 3403 1304 3458 si
1337 3403 1516 3460 minor
1537 3405 1608 3461 sit
1634 3405 1815 3463 chari-

209 3502 344 3549 tate.

283 3585 356 3641 Et
378 3588 424 3642 si
445 3586 680 3644 habuero
712 3604 916 3644 omnem
945 3589 1121 3660 ﬁdem,
1170 3591 1244 3645 ita
1274 3601 1330 3646 ut
1358 3601 1560 3650 montes
1589 3598 1815 3668 transfe-

207 3697 326 3735 ram
351 3697 371 3737 :
395 3683 707 3737 charitatem
733 3693 909 3739 autem
951 3701 1054 3739 non
1082 3685 1309 3740 habuero
1328 3729 1342 3755 ,
1377 3687 1512 3742 nihil
1549 3705 1685 3744 sum.
1719 3689 1814 3745 llic

209 3773 545 3846 intelligitur
601 3791 793 3847 magna
853 3777 988 3832 ﬁdes
1034 3792 1158 3834 esse
1188 3819 1203 3844 ,
1253 3794 1374 3849 quas
1415 3781 1468 3836 in
1520 3781 1814 3854 Evangelio

211 3873 391 3937 grano
435 3867 640 3937 sinapis
676 3878 1023 3939 comparatur
1053 3888 1066 3925 :
1093 3885 1218 3942 qua:
1244 3887 1357 3927 non
1389 3881 1612 3945 propter
1641 3875 1815 3931 modi—

209 3965 466 4028 citatem,
501 3964 595 4019 sed
628 3972 855 4034 propter
885 3965 1280 4036 integritatem,
1335 3968 1420 4024 vel
1453 3969 1694 4040 vigorem
1725 3984 1815 4042 θρα

207 4054 397 4125 posita
429 4063 531 4108 est.
560 4053 870 4110 Notandum
900 4071 1032 4111 sane
1059 4056 1202 4127 quod
1236 4057 1379 4113 inter
1403 4069 1601 4115 cetera
1647 4062 1808 4116 etiam

206 4148 397 4202 omnis
432 4146 598 4215 ﬁdes,
631 4163 754 4218 qua:
793 4159 1007 4205 montes
1041 4151 1365 4218 transferat,
1398 4152 1516 4208 sine
1543 4153 1812 4211 cbaritate

206 4256 323 4296 non
355 4240 552 4309 prosit.

287 4332 357 4387 Et
384 4332 434 4386 si
457 4331 774 4387 distribuere
797 4333 849 4388 in
886 4332 1025 4388 cibos
1053 4351 1342 4407 pauperum
1382 4352 1557 4392 omnes
1587 4337 1814 4410 faculta-

205 4436 286 4479 tes
309 4441 475 4479 meas.
507 4424 800 4495 Apostolus
821 4424 890 4480 de
927 4439 1143 4482 summo
1183 4426 1466 4484 cbaritatis
1495 4429 1639 4486 bono
1672 4438 1815 4487 trac-

205 4526 362 4579 tans,
397 4518 611 4588 magnis
632 4533 749 4574 eam
780 4521 1141 4590 proculdubio
1165 4523 1330 4578 rebus
1361 4524 1668 4592 praetulisse
1694 4541 1814 4582 cre-

1940 517 2160 572 luerunt
2181 533 2458 577 exercere.
2493 522 2622 578 Item
2651 525 2812 580 aliter
2839 541 2853 582 :
2879 527 3212 599 Notandum,
3233 535 3376 603 quod
3405 549 3535 592 eon-

1939 618 2179 681 temptus
2209 614 2426 685 mundi;
2461 619 2718 689 martyrio
2757 631 3104 691 comparetur
3134 641 3148 676 :
3183 636 3373 682 contra
3397 643 3492 684 eos
3515 669 3531 694 ,

1937 706 2030 776 qui
2083 707 2212 762 illud
2257 708 2326 765 de
2356 710 2650 782 Evangelio
2699 715 2861 770 variis
2902 719 3237 787 argumentis
3279 722 3533 778 nituntur

1937 801 2345 868 exsolvere,ubi
2377 802 2652 860 diciturad
2677 807 2903 863 divitem
2924 828 2934 864 :
2955 809 3122 877 Vade,
3150 813 3324 868 vende
3349 816 3530 870 omnia

1935 906 2056 961 quae
2085 892 2272 958 habes,
2303 904 2355 950 et
2387 896 2452 950 da
2494 899 2846 968 pauperibus.

2009 991 2077 1046 Et
2100 996 2146 1047 si
2171 996 2436 1051 tradidero
2467 1013 2660 1064 corpus
2690 1015 2880 1065 meum,
2912 1003 3009 1070 ita,
3035 1013 3091 1058 ut
3114 1010 3325 1060 ardeam
3357 1024 3374 1060 :
3405 1009 3531 1062 cha-

1934 1088 2143 1144 ritatem
2188 1099 2357 1144 autem
2391 1107 2492 1146 non
2521 1090 2776 1158 habuero,
2809 1093 2944 1150 nihil
2979 1095 3107 1150 mihi
3147 1102 3379 1170 prodest.
3414 1101 3529 1157 Non

1932 1189 2158 1252 propter
2188 1181 2391 1250 Deum,
2423 1184 2520 1239 sed
2552 1195 2776 1256 propter
2815 1187 3042 1257 gloriam
3077 1185 3392 1247 humanam.
3432 1194 3528 1249 Vel

1931 1285 2083 1333 certe
2111 1277 2155 1332 si
2189 1280 2310 1349 quis
2338 1279 2388 1334 in
2421 1280 2538 1350 ipso
2564 1283 2830 1354 martyrio
2872 1283 3158 1340 adversum
3192 1286 3412 1343 fratrem
3441 1305 3528 1345 rc-

1933 1371 2105 1426 tineat
2131 1372 2296 1439 iram,
2331 1380 2690 1429 contemnens
2717 1390 2871 1441 eum,
2919 1375 3010 1446 qui
3046 1379 3210 1446 jussit
3247 1393 3344 1436 nos
3373 1382 3528 1435 mali-

1933 1461 2061 1517 tiam
2089 1463 2320 1533 proximi
2349 1465 2616 1533 oblivisci,
2657 1476 2711 1522 et
2750 1467 2805 1522 in
2837 1467 2952 1539 ipsa
2983 1469 3147 1524 etiam
3180 1479 3354 1528 morte
3385 1488 3524 1543 pra--

1931 1556 2208 1611 varieator
2233 1557 2493 1615 existens.

2003 1645 2248 1703 Charitas
2278 1648 2480 1720 patiens
2510 1657 2605 1717 est,
2637 1648 2862 1721 benigna
2894 1658 2990 1708 est.
3015 1650 3247 1724 Semper
3277 1654 3413 1710 bene
3432 1667 3527 1711 vo-

1931 1737 2070 1796 lens.
2104 1741 2264 1798 Modo
2295 1742 2556 1799 describit
2582 1744 2761 1800 omnia
2788 1745 3050 1814 membra,
3082 1753 3133 1802 et
3164 1745 3376 1816 species
3400 1746 3526 1804 cha-

1851 1814 1896 1876 Β
1926 1831 2125 1890 ritatis.
2159 1834 2449 1905 Parentes,
2473 1836 2597 1908 quia
2625 1837 3106 1910 multumdiligunt
3137 1814 3301 1908 ﬁlios,
3334 1843 3525 1899 eorun‘t

1925 1927 2085 1983 etiam
2116 1917 2351 1985 libenter
2381 1930 2661 2002 patiuntur
2689 1929 2937 2000 injurias.

1996 2019 2244 2078 Charitas
2267 2037 2371 2078 non
2399 2023 2679 2078 tenmlat‘ur
2704 2039 2722 2078 :
2745 2039 2848 2078 non
2867 2024 2974 2095 agit
2999 2035 3293 2096 perperam,
3319 2042 3426 2081 non
3444 2027 3524 2082 ina

1921 2116 2105 2187 ﬂatur.
2133 2113 2303 2170 Nemo
2334 2114 2435 2182 illi,
2467 2129 2627 2184 quem
2660 2130 2787 2170 vere
2812 2124 2980 2183 amat,
3014 2113 3240 2181 invidet,
3269 2118 3514 2186 cujusvis

1922 2219 2044 2261 eum
2069 2221 2191 2262 csse
2213 2207 2516 2277 conspiciat
2535 2205 2747 2278 gloriae,
2774 2205 2860 2261 vel
2885 2208 3110 2268 honoris
3138 2223 3150 2260 :
3179 2207 3274 2262 sed
3302 2223 3517 2265 omnem

1922 2294 2040 2362 ejus
2069 2291 2406 2355 felicitatem,
2438 2291 2592 2362 quasi
2622 2306 2776 2346 suam
2810 2291 3038 2346 libenter
3062 2291 3424 2360 amplectitur.

1996 2383 2119 2440 Non
2149 2392 2224 2440 est
2254 2383 2548 2444 ambitiosa.
2586 2383 2754 2453 Major
2782 2395 2904 2439 esse
2945 2383 3068 2439 alils
3098 2395 3212 2438 non
3238 2384 3425 2450 ambit,
3462 2393 3518 2440 ot

1921 2493 2088 2552 super
2119 2479 2316 2535 fratres
2366 2494 2473 2534 non
2504 2477 2656 2550 cupit
2685 2477 2976 2533 dominari.

1994 2579 2120 2636 Non
2149 2581 2338 2654 quaerit
2371 2595 2491 2653 quae
2533 2596 2630 2635 sua
2661 2587 2806 2635 sunt.
2840 2579 2954 2634 Non
2987 2579 3184 2649 quaerit
3231 2577 3374 2652 quod
3416 2578 3519 2635 sibi

1921 2681 2131 2730 tantum
2159 2677 2227 2729 sit
2245 2672 2379 2729 utile
2402 2718 2416 2743 ,
2448 2672 2543 2729 sed
2575 2671 2718 2743 quod
2742 2657 2947 2728 multis.

1993 2767 2119 2822 Non
2167 2768 2425 2822 irritatur.
2477 2764 2596 2822 Non
2643 2767 2906 2823 incitatur
2961 2765 3028 2822 ad
3077 2765 3289 2837 jurgia,
3322 2765 3391 2822 ab
3423 2765 3519 2822 illo

1919 2875 2080 2932 quem
2111 2860 2309 2930 diligit.
2354 2879 2356 2881 ·
3086 2901 3090 2904 -

1992 2955 2113 3010 Non
2138 2957 2331 3026 cogitat
2364 2951 2584 3010 malum.
2617 2953 2737 3010 Non
2769 2953 2950 3008 solum”
2973 2965 3081 3008 non
3114 2949 3244 3008 facit
3267 2994 3282 3021 ,
3312 2951 3408 3008 sed
3447 2965 3518 3007 ne

1917 3047 2121 3118 cogitat
2141 3047 2382 3119 quidem.

1991 3137 2111 3192 Non
2134 3138 2325 3211 gaudet
2373 3153 2531 3210 super
2566 3137 2856 3209 iniquitate.
2887 3132 3255 3190 Contristat'tJr
3281 3136 3324 3189 si
3355 3143 3516 3205 quem

1842 3203 1888 3267 (ἶ
1922 3203 2164 3301 iniquum
2196 3203 2541 3300 aliquidpvel
2573 3203 2791 3296 fecisse,
2836 3227 2920 3283 vel
2965 3241 3184 3297 passum
3213 3233 3340 3283 esse
3374 3203 3518 3283 con-

1915 3320 2176 3392 spexerit.

1987 3411 2296 3486 Cangaudet
2317 3420 2490 3467 autem
2512 3409 2738 3466 veritati.
2765 3408 2819 3466 Id
2855 3415 2962 3476 est,
3012 3407 3170 3466 bonis
3203 3409 3464 3480 operibus
3492 3451 3508 3478 ,

1913 3503 2012 3559 vel
2039 3503 2164 3558 ﬁdei
2191 3503 2429 3558 veritati.

1990 3597 2180 3650 ()mnia
2202 3596 2410 3666 suffert,
2444 3595 2618 3651 omnia
2648 3594 2834 3664 credit,
2877 3595 3055 3650 Omnia
3082 3603 3294 3669 sperat,
3338 3595 3515 3650 omnia

1914 3690 2151 3745 sustinet.
2181 3688 2390 3746 Snﬂ'ert
2419 3689 2670 3761 injurias,
2702 3688 3062 3744 satlsfacienti
3103 3689 3300 3757 credit,
3333 3699 3516 3761 sperat

1915 3783 2035 3853 ejus
2080 3782 2518 3838 emendationem
2554 3788 2671 3837 :-et
2716 3780 2896 3836 donec
2933 3781 3204 3853 corrigat,
3237 3782 3510 3852 patienter

1914 3881 2216 3944 exSpectat.

1987 3967 2232 4021 Charitas
2261 3980 2539 4036 numquam
2570 3963 2784 4019 excidit.
2814 3963 2927 4019 lloc
2947 3971 3050 4029 est,
3083 3962 3199 4034 ipsa
3231 3963 3346 4018 sola
3383 3975 3512 4034 per-

1916 4069 2096 4114 manet
2122 4057 2177 4112 in
2211 4056 2416 4112 futuro.
2465 4056 2576 4112 Aut
2600 4065 2772 4125 certe,
2831 4071 2952 4126 quae
2989 4070 3116 4112 vera
3149 4063 3252 4124 est,
3289 4073 3396 4111 non
3449 4057 3510 4111 ﬁ-

1916 4152 2083 4206 nitur.

1988 4241 2115 4299 Sive
2144 4243 2430 4314 prephetia:
2449 4240 2857 4308 eracuabuntur,
2893 4241 3509 4315 sirelingntrcessabunt,

1915 4336 2020 4390 sire
2043 4335 2262 4389 scientia
2293 4333 2603 4389 destruetur.
2630 4331 2715 4388 Ea:
2753 4343 2902 4404 parte
2937 4333 3071 4386 enim
3107 4335 3468 4404 cognoscimus
3493 4371 3510 4400 ,

1917 4439 1966 4485 et
1992 4445 2056 4484 ea:
2100 4439 2244 4491 parte
2289 4428 2676 4500 prophetamus.
2726 4427 2844 4482 Non
2891 4427 3072 4482 omnia
3117 4429 3317 4483 scimus
3345 4470 3358 4494 ,
3411 4444 3512 4485 nec

1918 4523 2100 4578 omnia
2124 4523 2525 4592 prophetamus.
2551 4521 2618 4576 Et
2642 4521 2736 4584 ita,
2764 4520 2828 4578 Ut
2850 4520 2906 4575 in
2936 4521 3112 4591 majus
3138 4521 3512 4591 proﬁciamus,

206 4611 429 4667 dendus
457 4619 542 4667 est
571 4630 582 4665 :
612 4627 786 4683 neque
809 4614 954 4668 enim
980 4623 1270 4683 potuerunt
1304 4617 1383 4670 rei
1411 4631 1638 4673 summas
1663 4633 1814 4673 com—
1844 4595 1892 4656 Ῐ)
1921 4615 2309 4680 destruentur;
2345 4630 2439 4686 per
2470 4614 2570 4669 ista
2602 4612 2744 4668 enim
2775 4612 2840 4667 ad
2867 4611 3108 4683 perfecta
3133 4615 3402 4669 venimus.

208 4705 396 4776 parari
431 4720 539 4760 non
569 4719 775 4777 magnae
801 4725 814 4762 :
839 4707 980 4775 quod
1005 4723 1071 4763 ex
1100 4709 1233 4779 ipsis
1261 4711 1551 4780 speciebus
1566 4713 1813 4782 agnosci-

214 4808 332 4852 tur.
358 4796 496 4854 Nam
529 4799 728 4868 linguis
756 4799 1036 4855 hominum
1083 4801 1251 4871 loqui,
1287 4811 1340 4857 et
1367 4802 1688 4873 angelorum
1713 4846 1728 4871 ,
1759 4813 1815 4860 et

211 4893 430 4948 habere
491 4892 868 4962 prophetiam,
939 4902 992 4947 et
1048 4895 1228 4950 omnia
1284 4895 1545 4968 mysteria
1607 4910 1811 4963 nosse,

207 4999 548 5057 omnetnque
578 4986 864 5043 scientiam
899 4985 1212 5058 possidere,
1261 4996 1317 5042 et
1360 4986 1566 5044 habere
1594 5001 1814 5044 omnem

207 5080 407 5145 ﬁdem,
432 5088 487 5136 et
515 5079 731 5150 ignibus
754 5095 815 5135 se
841 5081 1191 5136 cremandum
1221 5082 1456 5146 tradere,
1481 5095 1675 5150 magna
1696 5095 1820 5138 esse

206 5175 345 5245 quis
373 5173 620 5230 nesciat?
650 5173 744 5229 His
765 5174 931 5229 etiam
963 5174 1147 5229 mundi
1191 5182 1543 5244 contemptus
1574 5174 1818 5230 annecti.

208 5278 310 5323 tur
342 5283 360 5319 :
401 5266 494 5337 qui
533 5266 579 5321 si
613 5279 841 5337 magnus
873 5279 978 5323 non
1009 5275 1176 5332 esset,
1213 5281 1311 5321 nec
1342 5265 1421 5321 rei
1452 5280 1708 5330 summae,
1761 5263 1817 5321 id

207 5365 328 5425 est,
361 5355 614 5413 cbaritati
645 5366 1077 5426 compararetur,
1111 5372 1212 5413 nec
1242 5358 1384 5414 inter
1414 5373 1607 5430 magna
1627 5358 1816 5429 utique

209 5460 538 5522 poneretur.
569 5449 724 5518 Quod
767 5450 987 5508 illorum
1035 5452 1360 5507 sententiam
1409 5451 1682 5523 destruit,
1722 5453 1817 5523 qui

205 5542 644 5600 renuntiandum
698 5545 862 5601 rebus
910 5545 1094 5600 sreculi
1149 5555 1301 5601 certo
1355 5555 1637 5617 tempore,
1685 5562 1816 5619 per-

210 5636 511 5692 secutione
563 5646 795 5707 cogente
821 5681 835 5706 ,
878 5638 1069 5694 volunt
1102 5654 1224 5694 esse
1273 5651 1602 5712 prmceptum
1631 5660 1643 5696 :
1675 5649 1734 5697 ut
1763 5650 1824 5698 et

211 5729 491 5800 apostolis
519 5730 748 5800 gloriam
784 5731 997 5797 tollant,
1027 5733 1171 5800 quod
1202 5748 1310 5786 non
1342 5734 1648 5789 voluntarie
1680 5734 1824 5791 fece-

214 5822 361 5886 rint,
394 5821 492 5878 sed
517 5823 670 5878 inviti
705 5841 718 5877 :
751 5832 806 5880 et
833 5824 1011 5882 nostri
1037 5823 1136 5880 aevi
1162 5823 1463 5897 perfectos,
1496 5841 1665 5884 vanos
1695 5841 1826 5883 con-

1994 4709 2122 4765 Cum
2142 4721 2314 4764 autem
2344 4711 2538 4764 verterit
2566 4708 2705 4778 quod
2733 4708 3016 4779 perfectum
3054 4717 3150 4774 est,
3181 4708 3515 4763 evacuabitur

1921 4804 2061 4874 quod
2084 4818 2148 4858 ea:
2171 4811 2318 4874 parte
2345 4809 2439 4857 est.
2471 4800 2626 4870 Quod
2657 4801 2860 4856 sanctis
2883 4801 3214 4871 promissum
3238 4809 3322 4855 est
3346 4800 3400 4854 in
3428 4800 3511 4853 fu-

1924 4908 2070 4954 turo.

1993 4988 2122 5047 Cum
2151 5004 2310 5043 essent
2339 4987 2613 5060 parvulus,
2645 4985 2892 5055 loquebar
2918 4995 2973 5040 ut
3014 4984 3286 5056 parvulus,
3336 4982 3516 5052 sapie-

1923 5083 2038 5137 bam
2069 5090 2122 5134 ut
2160 5078 2433 5150 parvulus,
2488 5079 2778 5153 cogitabam
2824 5086 2881 5131 ut
2933 5077 3203 5147 parvulus.
3238 5073 3514 5143 Exemplo

1921 5177 2160 5233 carnalis
2202 5173 2556 5241 incrementi,
2608 5173 2722 5229 vult
2766 5170 3106 5244 spiritualem
3135 5167 3517 5224 demonstrare

1921 5269 2245 5341 profectum.

1999 5362 2224 5430 Quando
2245 5369 2417 5415 autem
2438 5361 2605 5431 factus
2634 5375 2746 5415 sum
2780 5359 2859 5412 vir
2883 5401 2898 5426 ,
2945 5357 3186 5411 eraeuavi
3214 5371 3332 5427 quia
3374 5364 3519 5410 erant

1923 5455 2149 5529 parvuli.
2185 5453 2452 5525 Exposuit
2483 5453 2720 5520 qualiter
2745 5457 3075 5508 cvacuentur
3108 5462 3230 5520 qua:
3268 5447 3517 5519 superius

1927 5545 2268 5603 memoravit.

2007 5641 2256 5696 Videmus
2277 5657 2432 5695 nunc.
2461 5639 2624 5708 Quasi
2654 5637 2887 5709 parvuli,
2916 5637 3008 5708 qui
3051 5651 3158 5692 non
3194 5640 3423 5707 possunt
3445 5645 3526 5688 se-

1930 5749 2063 5789 rena
2121 5734 2302 5790 cordis
2351 5734 2492 5803 luce,
2528 5733 2766 5806 perfecte
2817 5734 2996 5789 lumen
3031 5730 3342 5801 perspicere
3387 5723 3532 5781 veri-

1937 5827 2082 5884 tatis.
