3978 6286
460 392 565 449 759

1504 380 1561 439 S.
1605 370 1993 436 lllERONYMl
2033 366 2317 429 OPERUM
2356 362 2723 425 MANTISSA.

3640 363 3723 423 760

538 507 646 563 Per
676 506 939 579 speculum
966 503 1020 558 in
1074 501 1365 573 mnigmatc.
1411 497 1517 553 Per
1564 492 1843 565 speculum
1873 489 2009 561 legis
2035 531 2050 557 ,
2083 492 2131 553 Α
2157 485 2414 557 quomodo
2456 483 2647 539 scietur
2689 481 2745 536 id
2774 482 2911 553 quod
2937 481 3166 548 canitur,
3199 490 3291 536 aut
3320 496 3450 552 quos
3486 480 3723 537 cithariza-

466 601 618 673 quasi
652 614 835 654 rerum
859 597 1147 667 imaginem
1177 591 1630 663 eontemplamur.

539 693 688 747 Tunc
708 694 879 744 autem
905 690 1038 757 [acie
1069 690 1137 741 ad
1177 686 1384 757 faciem.
1414 683 1473 738 Id
1521 690 1626 746 est,
1655 682 1707 735 in
1745 677 2054 749 praesentia.

539 778 704 835 Nunc
734 791 989 849 cognosco
1019 791 1082 829 ea:
1118 783 1303 845 parte:
1343 781 1464 825 tunc
1511 778 1684 823 autent
1725 780 2057 835 cognoscam,

465 873 598 928 sicut
628 879 679 925 et
710 870 944 941 cognitus
973 884 1107 922 sum.
1138 865 1290 922 Sicut
1318 880 1405 919 me
1426 861 1671 934 perfecte
1699 860 1840 915 Deus
1868 856 2057 926 novit,

464 967 539 1023 ita
568 974 623 1022 et
652 980 775 1036 ego,
809 977 929 1034 quae
960 970 1087 1017 sunt
1113 958 1293 1015 divina
1324 970 1671 1029 cognoscam.

542 1057 703 1111 Nunc
752 1061 925 1108 autem
977 1061 1183 1106 manent
1230 1049 1393 1119 ﬁdes,
1452 1063 1607 1119 spes,
1662 1042 1919 1109 cltaritas,
1964 1041 2064 1094 tria

463 1153 576 1205 lucc
602 1166 620 1203 :
663 1152 833 1221 major
863 1155 1037 1203 autem
1080 1145 1267 1199 horum
1310 1151 1385 1199 est
1423 1141 1667 1195 Charitas.
1721 1137 1892 1193 Omne
1922 1132 2065 1207 quod

464 1256 772 1315 speramus,
797 1240 1087 1307 credimus,
1121 1253 1229 1295 non
1247 1250 1409 1293 omne
1435 1233 1577 1305 quod
1608 1230 1905 1298 credimus,
1936 1242 2063 1297 spe-

461 1350 671 1393 ramus.
710 1334 772 1391 ln
818 1332 1072 1406 praesenti
1128 1332 1230 1387 tria
1271 1330 1387 1384 haec
1434 1344 1449 1381 :
1492 1327 1545 1381 in
1585 1324 1772 1380 futuro
1810 1321 1925 1377 sola
1969 1318 2068 1374 Dei

467 1428 729 1494 Charitas,
760 1435 816 1483 et
841 1424 1156 1497 angelorum
1201 1429 1258 1478 et
1295 1427 1607 1475 sanctorum
1652 1414 1896 1470 omnium
1944 1425 2067 1483 per-

470 1523 731 1581 manebit.
772 1519 943 1590 Majus
995 1532 1124 1588 ergo
1155 1522 1268 1581 est,
1312 1512 1456 1583 quod
1504 1523 1723 1579 seraper
1748 1505 1872 1572 erit,
1903 1518 2067 1575 quam

468 1618 615 1691 quod
651 1614 939 1687 aliquando
981 1612 1243 1669 cessabit.
1295 1609 1429 1664 ltem
1483 1608 1537 1661 in
1582 1605 1742 1661 Patre
1794 1609 1849 1657 et
1903 1598 2065 1669 Filio,

470 1721 525 1770 et
554 1711 762 1782 Spiritu
809 1716 1021 1775 sancto,
1074 1706 1208 1761 ﬁdes
1249 1702 1460 1759 stabilis
1510 1705 1594 1756 est
1640 1716 1653 1753 :
1699 1695 2070 1751 additamenta

470 1806 617 1864 enim
635 1820 771 1876 opus
792 1820 903 1859 non
931 1802 1112 1857 habet.
1137 1799 1299 1870 Spem
1330 1804 1512 1851 autem
1535 1807 1657 1849 eam
1681 1805 1903 1847 manere
1918 1789 2068 1854 dicit,

2165 584 2291 636 tur?
2319 581 2452 636 Cum
2486 580 2601 636 hinc
2646 580 3031 647 inanimantis,
3062 580 3166 636 nisi
3208 579 3608 636 distinctionem
3652 581 3727 635 ha-

2166 679 2366 743 beant,
2431 693 2537 732 non
2590 684 2817 746 possunt
2861 675 3093 731 reddere
3169 676 3529 741 cantilenam,
3590 685 3637 729 et
3682 684 3726 729 ut

2164 770 2437 841 superﬂua
2467 778 2795 840 respuuntur
2826 787 2839 823 :
2864 775 3064 838 quanto
3088 768 3258 839 magis
3282 767 3459 833 vobis,
3485 768 3573 837 qui
3601 767 3727 833 spiri-

2168 862 2338 917 tuales
2359 862 2524 928 estis,
2556 860 2793 915 suavitas
2820 873 2928 914 non
2966 872 3128 916 aures
3157 858 3319 915 debet
3347 857 3616 924 mulcere,
3645 857 3721 913 sed

2167 963 2375 1011 mentes
2417 955 2429 1007 !

2238 1044 2448 1100 Etenim
2486 1046 2531 1100 si
2572 1046 2821 1100 incertam
2860 1060 3033 1099 vocem
3061 1044 3146 1098 det
3190 1043 3312 1098 tuba
3335 1084 3350 1109 ,
3377 1042 3516 1115 [quis
3558 1044 3726 1113 parabit

2167 1154 2221 1194 se
2243 1139 2312 1192 ad
2343 1137 2579 1191 bellum?
2605 1136 2693 1191 Ita
2720 1147 2766 1191 et
2795 1153 2881 1191 vos
2917 1154 3007 1206 per
3036 1137 3272 1208 linguam
3299 1136 3399 1190 nisi
3428 1136 3727 1206 manifestum

2168 1248 2454 1287 sermonem
2475 1231 2744 1298 dederitis,
2770 1232 3029 1302 quomodo
3056 1231 3247 1285 scietur
3274 1229 3329 1282 id
3359 1230 3500 1301 quod
3530 1228 3728 1282 dicitur!

2170 1326 2228 1384 Si
2253 1341 2359 1383 vox
2408 1326 2550 1382 tuba:
2606 1326 2807 1382 incerta
2848 1325 3053 1392 fuerit,
3100 1333 3277 1379 utrum
3309 1322 3657 1379 solemnitatis
3676 1336 3727 1375 an

2171 1420 2299 1477 belli
2322 1420 2413 1487 sit,
2454 1434 2615 1475 nemo
2660 1417 2965 1490 pugnabit:
3000 1418 3071 1473 ita
3100 1432 3232 1489 ergo
3270 1425 3326 1472 et
3363 1424 3550 1472 vester
3569 1415 3731 1471 intelli-

2171 1513 2379 1585 gendus
2408 1520 2493 1569 est
2522 1527 2726 1581 sermo,
2762 1521 2821 1568 ut
2866 1512 3044 1582 possit
3088 1512 3155 1567 ad
3196 1510 3476 1582 spirituale
3520 1511 3730 1583 puellum

2172 1607 2374 1664 Christi
2404 1608 2603 1663 milites
2631 1622 2967 1678 pra-parare.

2246 1703 2410 1758 Eritis
2440 1702 2575 1758 enim
2617 1702 2673 1757 in
2702 1718 2825 1756 acra
2853 1702 3134 1772 loquentes.
3170 1700 3298 1754 Tam
3330 1700 3500 1755 multa
3548 1710 3601 1754 ut
3634 1708 3733 1769 puta

2178 1812 2366 1869 genera
2411 1796 2705 1869 linguarum
2734 1803 2849 1849 sunt
2897 1795 2952 1847 in
2983 1793 3080 1847 hoc
3110 1793 3323 1846 mundo.
3354 1792 3536 1846 Etiam
3580 1792 3620 1847 si
3649 1802 3735 1845 tam

471 1912 596 1969 quae
634 1874 719 1953 est
767 1912 873 1953 non
913 1909 1102 1952 eorum
1128 1935 1143 1959 ,
1190 1906 1310 1963 qua:
1339 1889 1608 1945 videmus.
1650 1884 1899 1940 Charitas
1938 1896 2072 1939 vero

2197 1890 2344 1945 nulla
2362 1887 2680 1959 loquamini,
2696 1894 2967 1958 utgenera
2992 1894 3119 1942 sunt
3140 1884 3470 1955 linguarum,
3492 1883 3616 1955 quid
3634 1898 3735 1953 pro-

472 1992 602 2049 ideo
633 1992 811 2062 major
849 1999 933 2049 est
985 1988 1275 2046 omnibus:
1305 1986 1428 2055 quia
1468 1981 1562 2055 qui
1590 1980 1783 2051 diligit,
1817 1986 1872 2037 et
1900 1975 2074 2034 credit

473 2091 531 2141 et
558 2091 761 2154 sperat.

1018 2226 1025 2287 ῖ
1080 2217 1309 2276 CAPUT
1339 2216 1483 2273 XIV.
1532 2221 1538 2237 ‘

549 2362 839 2420 Sectamini
876 2360 1202 2415 clmritatem.
1242 2356 1400 2413 Omni
1436 2361 1637 2410 conatu
1677 2352 1851 2423 ipsam
1881 2363 2075 2421 sequa-

481 2456 617 2512 mini
650 2475 664 2512 :
698 2456 821 2526 quia
846 2455 899 2509 in
933 2460 1114 2509 vestra
1145 2458 1231 2507 est
1250 2456 1551 2519 potestate.

490 2590 493 2595 μ
550 2548 902 2603 /Emulamini
923 2545 1237 2618 spiritualia,
1260 2543 1427 2611 magis
1455 2546 1624 2595 autem
1651 2537 1989 2611 praphetetis.
2008 2537 2076 2593 Et

482 2639 790 2713 spiritualia
820 2638 960 2695 dona
988 2634 1239 2693 aemulari
1263 2650 1360 2691 vos
1386 2648 1450 2689 ac
1474 2647 1721 2704 qumrere
1753 2646 1863 2687 non
1892 2630 2077 2702 prohi-

480 2736 609 2805 beo,
643 2734 740 2791 sed
767 2742 827 2789 ut
849 2731 1021 2803 magis
1047 2728 1366 2803 proﬁciatis,
1397 2727 1679 2783 exhortor.

556 2827 658 2897 Qui
680 2827 814 2882 enim
844 2824 1075 2897 loquitur
1111 2823 1310 2891 lingua,
1344 2836 1450 2876 non
1474 2818 1773 2873 hominibus
1804 2818 2035 2889 loquitur
2060 2858 2075 2885 ,

481 2922 571 2981 sed
607 2920 739 2978 Deo.
792 2918 963 2975 Nemo
1001 2917 1138 2971 enim
1175 2914 1341 2968 audit.
1370 2912 1542 2968 Nemo
1567 2926 1665 2982 per
1706 2910 1947 2965 auditum
1984 2924 2080 2964 au-

478 3015 627 3073 rium
666 3014 734 3069 de
760 3012 845 3067 his
892 3024 1014 3081 quae
1048 3007 1305 3062 dicuntur
1351 3004 1549 3075 accipit
1578 3004 1938 3071 intellectum,
1975 3002 2079 3057 nisi

480 3110 651 3178 Deus,
694 3116 750 3164 et
792 3106 883 3179 qui
924 3101 1321 3175 interpretandi
1352 3100 1555 3157 donum
1586 3100 1815 3171 accipit,
1858 3100 1946 3155 vel
1985 3099 2078 3172 qui

482 3201 730 3276 ejusdem
754 3206 839 3256 est
867 3198 1086 3269 linguas.

2174 1983 2362 2050 derit,
2416 1996 2539 2038 cum
2570 1979 2751 2037 omnia
2785 1980 2837 2034 in
2878 1993 3007 2034 aera
3035 1977 3339 2044 solvantur,
3377 1985 3435 2032 et
3477 1975 3607 2032 nulli
3634 1989 3736 2045 pro-

2176 2076 2400 2132 ﬁeiant?

2246 2171 2317 2226 Et
2344 2170 2479 2226 nihil
2506 2171 2617 2227 sine
2644 2185 2762 2226 voce
2799 2176 2894 2225 est.
2922 2167 3066 2224 Nihil
3092 2166 3209 2224 sine
3241 2180 3377 2223 voce
3405 2165 3638 2239 linguam
3659 2165 3735 2221 ha-

2176 2264 2332 2321 hens.

2248 2359 2312 2415 Si
2340 2374 2460 2431 ergo
2503 2360 2732 2414 nesciero
2760 2358 2999 2412 virtutem
3029 2358 3187 2424 vocis,
3232 2371 3319 2410 ero
3365 2355 3413 2410 ei
3456 2356 3541 2408 cui
3589 2354 3743 2424 loquor

2178 2452 2453 2507 barbarus.
2483 2451 2674 2507 Omnis
2697 2465 2900 2518 sermo,
2933 2450 3024 2521 qui
3052 2464 3159 2505 non
3186 2448 3545 2520 intelligitur,
3582 2447 3745 2505 barba-

2176 2561 2269 2601 rus
2292 2544 2581 2615 iudicatur.

2249 2637 2319 2694 Et
2349 2639 2438 2707 qui
2476 2638 2707 2709 loquitur
2732 2639 2860 2693 mihi
2887 2639 3157 2694 barbarus.
3198 2639 3289 2695 Sic
3313 2646 3361 2692 et
3388 2654 3501 2703 vos,
3533 2636 3745 2707 quoniam

2178 2729 2505 2786 aemulatores
2532 2730 2654 2784 estis
2687 2732 2970 2800 spirituum
2992 2731 3061 2784 ad
3086 2730 3483 2799 ludiﬁcationem
3506 2727 3745 2791 Ecclesia,

2179 2824 2395 2895 quaerite
2412 2832 2467 2878 ut
2490 2823 2788 2877 abundetis.
2818 2824 3084 2891 Quoniam
3108 2824 3406 2895 spiritualia
3438 2822 3580 2877 dona
3604 2829 3751 2876 secta-

2174 2917 2351 2984 mini,
2404 2916 2492 2971 illa
2521 2916 2691 2984 magis
2724 2918 2978 2985 qumrite,
3024 2932 3144 2987 qua:
3170 2916 3442 2972 aediﬁcent
3470 2914 3743 2970 auditores.

2256 3007 2325 3062 Et
2356 3008 2472 3061 ideo
2511 3008 2599 3079 qui
2630 3007 2861 3077 loquitur
2896 3009 3106 3082 lingua,
3147 3018 3255 3063 oret
3295 3016 3352 3062 ut
3390 3008 3749 3079 interpretetur.

2181 3097 2366 3155 Oratio
2387 3101 2492 3156 hoc
2516 3100 2636 3157 loco
2654 3102 2764 3158 oris
2790 3101 3025 3157 elocutio
3047 3100 3392 3171 intelligitur.
3428 3100 3519 3156 Sic
3546 3113 3665 3169 ergo
3685 3097 3752 3151 lo-

2182 3201 2396 3263 quatur,
2429 3200 2488 3248 ut
2508 3195 2697 3263 gratia:
2722 3194 2892 3250 verba
2914 3209 3034 3264 qua:
3071 3193 3220 3258 dicit,
3256 3192 3468 3262 possint
3500 3189 3748 3260 intelligi:

556 3295 796 3367 Spiritus
825 3260 999 3345 autem
1021 3287 1245 3361 loquitur
1281 3286 1545 3358 mysteria.
1592 3284 1794 3342 lterum
1840 3283 2076 3355 linguam
2106 3260 2152 3325 (ἶ
2182 3260 2303 3344 sive
2328 3294 2469 3353 oret,
2500 3260 2560 3342 ut
2588 3287 2666 3343 illi
2696 3260 3087 3358 interpretandi
3121 3260 3292 3356 gratia
3322 3285 3577 3340 donetur.

484 3386 795 3460 signiﬁcat.‘

547 3480 688 3535 Nam
712 3478 800 3549 qui
826 3477 1119 3548 pr0phetat,
1150 3473 1437 3530 hominibus
1477 3472 1709 3543 loquitur
1736 3470 1805 3524 ad
1845 3470 2079 3540 adiﬁca-

491 3573 700 3638 tionem,
725 3578 774 3625 et
804 3568 1240 3635 exhortationem,
1263 3574 1312 3621 et
1333 3564 1760 3620 consolationem.
1790 3562 1891 3629 Qui
1911 3561 2078 3630 loqui-

488 3674 573 3721 tur
604 3663 806 3737 lingua,
831 3662 1161 3733 semetipsum
1184 3660 1445 3728 tediﬁcat;
1474 3659 1560 3727 qui
1588 3665 1761 3711 autem
1782 3656 2079 3728 praphetat,

488 3757 782 3813 Ecclesium
807 3755 906 3810 Dei
937 3754 1185 3825 cediﬁcat.
1220 3751 1529 3808 Notandum
1554 3751 1808 3821 quoniam
1838 3749 2081 3822 prophe-

488 3850 620 3910 tiam
647 3848 953 3906 doctrinam
982 3846 1155 3903 dieit:
1199 3842 1450 3916 exposuit
1488 3851 1622 3914 quot
1660 3840 1838 3897 modis
1879 3840 2084 3897 intelli-

488 3944 666 4017 genda
711 3942 782 3997 sit
811 3939 1117 4011 prophetia.
1158 3938 1496 4007 Quicumque
1536 3935 1677 3991 hanc
1721 3933 1920 4003 habet,
1957 3932 2084 4006 pro-

487 4038 657 4111 pheta
682 4049 805 4092 esse
824 4032 1126 4090 censendus
1152 4039 1257 4087 est.

568 4130 703 4186 Volo
726 4138 899 4184 autem
927 4132 1104 4181 omnes
1150 4142 1238 4180 vos
1269 4124 1409 4197 loqui
1455 4125 1678 4195 linguis,
1711 4127 1876 4196 magis
1910 4134 2083 4184 autem

490 4222 824 4296 prophetare.
856 4217 972 4273 Hoc
1002 4215 1222 4286 quidem
1268 4216 1425 4282 volo,
1464 4215 1562 4271 sed
1594 4214 1727 4270 illud
1757 4216 1901 4272 malo
1933 4235 1947 4273 :
1979 4218 2083 4277 hoc

491 4330 605 4371 non
634 4311 928 4385 prohibeo,
963 4308 1094 4365 illud
1122 4307 1400 4364 exhortor.

506 4406 509 4407 ⁷
568 4407 710 4461 Nam
756 4405 927 4475 major
951 4412 1048 4471 est,
1080 4402 1171 4474 qui
1212 4400 1509 4473 prophetat.
1555 4401 1688 4468 Quia
1721 4416 1789 4458 ex
1819 4402 1922 4460 hoc
1966 4421 2085 4463 ma-

493 4513 660 4571 gnum
687 4510 823 4567 opus
850 4504 934 4552 est
958 4492 1259 4559 charitatis,
1292 4507 1388 4563 per
1411 4492 1554 4564 quod
1584 4494 1738 4549 multi
1769 4496 2080 4566 proﬁciunt.

566 4590 737 4657 Quam
788 4588 877 4660 qui
923 4586 1149 4658 loquitur
1174 4586 1387 4658 linguis.
1417 4585 1571 4654 Quod
1619 4601 1714 4643 vos
1744 4589 2075 4661 praecipuum

490 4681 833 4741 existimatis.

484 4802 515 4839 ί,
562 4775 685 4830 Nisi
724 4774 861 4845 forte
901 4772 1288 4842 interpretetur,
1319 4778 1378 4827 ut
1404 4771 1641 4828 Ecclesia
1680 4772 2077 4844 wdiﬁcationem

484 4869 729 4941 accipiat.
759 4866 819 4922 Si
845 4863 1263 4935 interpretetur,
1307 4864 1536 4937 aequalis
1562 4878 1684 4921 esse
1714 4865 1915 4936 poterit
1952 4882 2079 4940 pro-

486 4960 760 5034 phetanti.

560 5056 721 5111 Nunc
749 5064 925 5111 autem
946 5094 962 5121 ,
998 5054 1185 5125 fratres
1210 5091 1226 5119 ,
1256 5051 1301 5106 si
1322 5066 1502 5107 venero
1532 5052 1599 5106 ad
1627 5067 1744 5121 vos,
1776 5052 1963 5126 linguis
2003 5055 2082 5110 lo-

484 5165 647 5221 quens
679 5166 697 5204 :
729 5148 856 5221 quid
886 5147 1026 5202 vobis
1054 5145 1298 5218 prodero,
1351 5145 1451 5198 nisi
1481 5146 1619 5200 vobis
1648 5146 1860 5214 loquar,
1903 5155 1989 5200 aut
2018 5149 2075 5201 in

481 5242 814 5307 reuelatione,
863 5254 952 5296 aut
977 5242 1029 5294 in
1060 5239 1291 5303 scientia,
1325 5238 1497 5291 autin
1542 5238 1833 5310 prophetia,
1886 5249 1976 5293 aut
2019 5242 2072 5295 in

482 5334 768 5388 doctrina?
790 5333 961 5389 Suum
988 5334 1101 5390 illis
1130 5331 1387 5403 proponit
1414 5333 1720 5403 exemplum
1747 5350 1759 5386 :
1785 5332 1893 5388 erit
1919 5333 2070 5389 vobis

478 5426 597 5482 sola
637 5424 951 5491 admiratio,
980 5440 1090 5481 non
1120 5423 1398 5495 profectus
1424 5441 1436 5476 :
1462 5424 1565 5479 nisi
1605 5424 1759 5480 vobis
1786 5433 1878 5480 aut
1902 5426 2071 5481 inter-

476 5528 688 5589 preter,
743 5524 837 5572 aut
866 5516 1025 5586 plana
1054 5515 1249 5572 faciam
1297 5515 1433 5586 legis
1468 5514 1705 5582 occulta,
1753 5532 1873 5585 qua:
1906 5516 2067 5583 novi,

476 5623 571 5669 aut
598 5611 913 5684 prophetiae
933 5624 1201 5681 exponam
1221 5654 1236 5679 ,
1267 5619 1359 5667 aut
1390 5624 1487 5666 vos
1513 5609 1809 5666 moralibus
1844 5610 2070 5667 doceam

476 5705 765 5764 institutis.

544 5796 745 5852 Tamen
790 5814 905 5869 quas
932 5798 1061 5852 'sine
1103 5798 1279 5852 anima
1324 5806 1442 5851 sunt
1480 5812 1652 5851 vocem
1703 5795 1912 5865 dantia,
1962 5796 2067 5852 sive

478 5886 624 5957 tibia,
653 5890 759 5945 sive
785 5890 1006 5960 cithara,
1035 5890 1135 5947 nisi
1150 5890 1532 5946 distinctionem
1548 5891 1773 5945 sonitum
1798 5889 2065 5945 dederint:

2254 3378 2398 3433 Nam
2421 3380 2467 3435 si
2489 3396 2628 3435 orem
2658 3381 2862 3452 lingua,
2893 3380 3103 3451 spiritus
3144 3395 3286 3433 meus
3313 3388 3449 3432 orat.
3483 3378 3598 3433 lloc
3621 3374 3750 3439 dicit,

2181 3474 2435 3545 quoniam
2464 3475 2510 3531 si
2538 3474 2659 3546 quis
2710 3475 3003 3545 incognitis
3051 3474 3171 3530 aliis
3229 3475 3427 3544 linguis
3483 3472 3754 3545 loquatur,

2182 3581 2336 3623 mens
2365 3566 2502 3637 ejus,
2551 3581 2660 3622 non
2692 3565 2799 3637 ipsi
2828 3565 3063 3622 efﬁcitur
3089 3566 3208 3621 sine
3256 3565 3433 3621 fructu
3462 3608 3477 3633 ,
3531 3565 3626 3620 sed
3673 3578 3751 3616 au-

2183 3661 2355 3716 dienti
2389 3678 2402 3714 ς
2435 3659 2707 3731 quidquid
2747 3662 2895 3716 enim
2924 3659 3122 3715 dicitur
3151 3660 3384 3729 ignorat.
3426 3658 3564 3713 Item
3602 3657 3645 3711 si
3672 3654 3755 3710 liu-

2183 3770 2285 3829 gua
2313 3754 2486 3811 dicam
2513 3798 2528 3825 ,
2576 3768 2686 3811 non
2715 3768 2817 3825 ego
2846 3754 3059 3825 loquor,
3093 3752 3189 3809 sed
3211 3752 3455 3824 spiritus,
3484 3752 3579 3823 qui
3610 3751 3662 3806 in
3686 3762 3759 3803 me

2184 3857 2286 3906 est.
2311 3846 2368 3905 Si
2384 3857 2564 3904 autem
2587 3848 2652 3903 ad
2674 3848 2977 3903 orationem
3001 3845 3312 3919 requiratur
3332 3846 3586 3918 spiritus,
3601 3857 3759 3900 sermo

2184 3958 2291 3999 non
2314 3941 2692 4013 intelligendus
2721 3950 2825 4010 est,
2856 3942 2948 4013 qui
2978 3956 3406 4013 nonnumquam,
3451 3946 3637 3997 mente
3660 3937 3757 3994 alia

2184 4034 2475 4106 cogitante,
2500 4042 2780 4105 precatur.

2258 4127 2405 4183 Mens
2431 4136 2601 4183 autem
2639 4144 2753 4181 mea
2774 4127 2885 4183 sine
2916 4130 3090 4199 {ructu
3114 4135 3209 4183 est.
3242 4126 3346 4195 Qui
3369 4139 3480 4181 non
3504 4124 3753 4196 intelligo,

2184 4220 2329 4294 quod
2351 4220 2563 4290 loquor.

2261 4314 2400 4383 Quid
2425 4315 2582 4384 ergo?
2612 4314 2787 4369 Orabo
2815 4314 3021 4384 spiritu,
3052 4313 3213 4368 orabo
3241 4320 3289 4367 et
3316 4322 3504 4368 mente.
3538 4309 3759 4367 Psallam

2185 4409 2393 4479 spiritu,
2425 4407 2649 4479 psallam
2694 4416 2741 4463 et
2791 4415 2975 4462 mente.
3008 4406 3112 4476 Qui
3144 4406 3287 4463 enim
3340 4407 3758 4477 interpretatur,

2185 4514 2411 4557 necesse
2438 4508 2521 4557 est
2551 4508 2609 4555 ut
2637 4510 2761 4555 ante
2782 4499 3051 4571 intelligat
3078 4498 3222 4570 quod
3246 4498 3367 4553 aliis
3389 4507 3477 4555 est
3506 4498 3759 4554 dicturus.

2187 4592 2319 4650 Item
2340 4592 2419 4649 sic
2438 4599 2521 4648 est
2542 4590 2889 4663 loquendum,
2915 4601 2974 4645 ut
3006 4591 3316 4662 intelligant
3341 4590 3459 4646 alii.

2252 4684 2506 4742 Craterum
2547 4685 2593 4741 si
2638 4684 2957 4740 benedixeris
2982 4685 3190 4754 spiritu.
3242 4683 3591 4740 Benedicitur
3611 4694 3763 4739 omne

2180 4780 2325 4851 quod
2348 4793 2497 4845 vere,
2522 4788 2577 4834 et
2603 4775 2902 4835 secundum
2931 4776 3101 4834 Deum
3134 4776 3360 4832 dicitur.

2255 4872 2383 4939 Quis
2413 4873 2615 4943 supplet
2657 4872 2825 4927 locum
2872 4872 3083 4926 idiotte?
3105 4869 3323 4925 Laicum
3358 4867 3651 4939 signiﬁcat,
3686 4863 3767 4936 qui

2180 4964 2331 5020 nullo
2357 4966 2527 5036 gradu
2576 4966 2947 5022 ecclesiastico
2980 4963 3239 5034 fungitur.
3288 4962 3464 5019 Aliter
3496 4981 3507 5016 :
3541 4960 3769 5017 [uanita-

2179 5067 2289 5115 tem
2320 5059 2559 5114 scientiae
2588 5058 2644 5114 in
2664 5059 2830 5116 corde
2858 5057 3052 5129 ignari,
3076 5056 3199 5128 quis
3230 5055 3468 5127 implet?

2255 5150 2523 5216 Quomodo
2551 5149 2687 5203 dicet
2736 5166 2883 5203 amen
2933 5163 3088 5218 super
3141 5156 3285 5201 tuam
3321 5142 3769 5200 benedictionem?

2182 5242 2440 5310 Quoniam
2479 5243 2602 5313 quid
2631 5243 2797 5307 dicas,
2830 5243 3011 5296 nescit.
3041 5240 3326 5308 Quomodo
3367 5249 3475 5296 tum
3519 5237 3769 5310 perhibet

2176 5337 2536 5393 benedictioni
2565 5335 2956 5403 testimonium,
2989 5334 3075 5391 vel
3101 5347 3449 5391 consensum.

2248 5431 2389 5487 Nam
2415 5441 2470 5485 tu
2499 5430 2707 5500 quidem
2751 5430 2873 5484 bene
2914 5428 3112 5500 gratias
3157 5427 3301 5498 agis,
3346 5426 3437 5481 sed
3477 5426 3617 5479 alter
3669 5438 3767 5478 non

2176 5525 2484 5594 a’diﬁcatur.
2532 5523 2687 5592 Quod
2716 5521 2966 5594 superius
2990 5520 3220 5591 dixerat,
3252 5519 3406 5575 omni
3442 5518 3763 5580 benedicas,

2175 5618 2264 5674 hic
2293 5617 2469 5688 ipsum
2498 5618 2747 5688 exponit.

2243 5709 2453 5766 Gratias
2482 5727 2579 5782 ago
2604 5710 2715 5766 Deo
2739 5727 2871 5777 meo,
2904 5710 3045 5780 quod
3066 5708 3295 5763 omnium
3328 5705 3550 5762 vestrum
3580 5705 3768 5774 lingua

2171 5807 2371 5877 loquor.
2397 5805 2476 5863 Ne
2505 5806 2703 5878 putetis
2725 5820 2813 5862 me
2842 5805 2979 5861 hanc
3005 5818 3222 5875 quoque
3248 5801 3471 5872 gratiam
3509 5814 3625 5854 non
3662 5798 3764 5851 ha-

2171 5899 2321 5967 bere,
2349 5907 2404 5956 et
2432 5913 2529 5957 vos
2558 5898 2682 5956 ideo
2706 5896 3021 5968 prohibere,
3054 5903 3106 5952 et
3129 5894 3330 5951 idcirco
3352 5908 3460 5950 non
3484 5889 3657 5962 loqui.
