3978 6286
221 304 329 363 761

950 294 1509 371 ξΕΟΜΜΕΝΤΑΒΙυΞ
1551 299 1617 356 ΙΝ
1661 302 1801 363 EPIS

1928 300 2049 359 JAM
2088 302 2108 360 I
2147 303 2238 360 AD
2275 304 2428 363 (ΞΟΠ.
2471 305 2624 364 CAP.
2665 307 2786 364 XV.

3426 314 3532 375 762

224 432 227 433 ⁷
304 416 417 473 Sed
446 415 499 470 in
532 413 771 471 Ecclesia
792 413 908 470 volo
929 415 1152 485 quinque
1172 414 1323 469 verba
1350 430 1501 471 sensu
1524 433 1635 470 meo
1663 417 1825 490 loqui.
1853 416 1911 479 Δ
2006 418 2069 475 Si
2116 430 2288 475 autem
2319 440 2417 477 non
2450 424 2605 493 fuerit
2638 425 2912 497 interpres,
2958 434 3122 483 taceat
3167 429 3218 484 in
3252 430 3487 491 Ecclesia
3506 453 3527 492 :

220 508 341 567 Sed
371 508 513 564 malo
538 521 810 579 perpauca
838 506 906 562 ad
930 505 1231 576 profectum
1256 507 1437 579 loqui,
1462 523 1623 578 quam
1659 511 1827 567 multa

216 618 351 675 quse
374 601 505 657 nulli
535 600 841 672 proﬁciant.
862 599 1089 668 Quidam
1113 614 1246 655 sane
1261 608 1532 671 quaerunt,
1555 617 1677 673 qua:
1702 614 1829 660 sunt

217 697 472 768 quinque
502 694 665 751 verba
700 712 714 749 :
749 709 778 749 a
824 693 1018 764 quibus
1072 692 1403 761 econtrario,
1443 709 1565 766 qua:
1593 695 1706 752 sint
1732 695 1827 753 de-

216 804 347 846 cem
381 789 570 855 millia,
600 796 684 845 est
712 787 1083 859 quaerendum.

303 882 376 937 Ut
406 891 451 937 et
477 880 611 936 alios
642 881 892 935 instruam
920 896 938 933 :
966 895 1120 950 quant
1148 879 1325 936 decem
1365 880 1534 937 millia
1560 881 1827 938 verborum

214 975 278 1030 in
308 975 510 1051 lingua.
539 973 599 1031 ld
627 983 745 1043 est,
796 972 1019 1046 proprio
1054 972 1343 1032 intellectu
1373 982 1428 1032 et
1453 974 1689 1047 simplici
1738 991 1826 1033 ra-

216 1068 398 1125 tione.

292 1163 518 1242 Fratres
536 1203 553 1227 ,
596 1162 758 1219 nolite
786 1164 935 1236 pueri
964 1162 1106 1234 efﬁci
1136 1163 1390 1219 sensibus.
1418 1164 1570 1221 Scire
1609 1163 1823 1223 debetis

211 1255 487 1326 quamdiu
510 1253 707 1311 futurae
733 1263 862 1310 sunt
888 1254 1105 1326 linguae,
1139 1254 1224 1311 vel
1250 1270 1417 1325 quare
1446 1255 1555 1310 sint
1584 1256 1745 1313 datas.

294 1346 406 1404 Sed
444 1346 646 1401 malitia
671 1347 877 1419 parvuli
917 1356 1106 1413 estote,
1137 1347 1368 1402 sensibus
1402 1358 1574 1401 autem
1602 1349 1822 1420 perfecti

208 1449 404 1497 estote.
436 1439 638 1497 Malitia
669 1440 885 1496 debetis
914 1439 1122 1510 parvuli
1155 1454 1308 1507 esse,
1353 1455 1461 1496 non
1501 1453 1695 1495 sensu:
1746 1441 1820 1496 si-

211 1534 330 1588 mul
373 1531 613 1587 ostendit
644 1531 917 1588 neminem
947 1531 1051 1586 nisi
1083 1531 1365 1602 parvulum
1398 1530 1622 1598 malitia,
1653 1545 1817 1587 sensu

209 1640 340 1683 esse
363 1624 685 1696 perlectum.
719 1622 855 1692 Quia
905 1623 960 1678 in
992 1623 1304 1679 malivolam
1333 1623 1567 1679 animam
1595 1639 1704 1680 non
1734 1623 1817 1680 iu-

207 1719 405 1776 troibit
429 1718 655 1789 spiritus
682 1717 986 1789 sapientiae.

1930 511 2028 566 sibi
2078 522 2249 567 autem
2294 513 2537 586 loquatur
2560 526 2607 571 et
2636 516 2766 572 Deo.
2802 518 2911 575 Sua
2954 521 3308 595 conscientia,
3340 535 3396 583 et.
3425 528 3522 586 Del

1933 613 2114 661 teneat
2141 621 2263 661 eum
2289 608 2518 678 gratiam
2557 610 2693 666 hanc
2725 611 2945 669 habere.

2004 696 2283 769 Propheta:
2312 709 2485 755 autem
2515 703 2618 758 duo
2645 712 2732 758 aut
2764 713 2864 760 tres
2894 707 3101 779 dicant,
3134 719 3183 765 et
3224 713 3396 768 ueteri
3434 716 3518 770 di-

1919 791 2180 862 judicent.
2215 792 2369 860 Quod
2401 795 2445 848 si
2474 795 2567 849 alii
2606 797 2888 852 revelatum
2919 802 3071 871 fuerit
3102 803 3332 873 sedenti,
3375 810 3525 877 prior

1929 892 2115 939 taceat.
2143 883 2372 942 Potestis
2410 889 2544 942 enim
2570 906 2744 946 omnes
2786 908 2874 965 per
2915 895 3143 965 singulos
3173 900 3481 970 prophetare
3501 944 3516 968 ,

1927 987 1984 1033 ut
2025 995 2200 1039 omnes
2231 980 2457 1051 discant,
2490 992 2537 1038 et
2570 1001 2746 1040 omnes
2787 988 3141 1048 eahortentnr.
3178 990 3292 1049 Non
3324 997 3517 1053 stanti-

1926 1070 2049 1140 bus,
2084 1072 2179 1129 sed
2207 1074 2491 1145 prephetis
2523 1078 2862 1136 sedentibus.

1997 1163 2067 1218 Et
2112 1166 2322 1237 spiritus
2369 1171 2741 1239 prophetarum
2792 1174 3053 1244 praphetis
3110 1178 3373 1251 subjectus
3420 1194 3512 1240 est.

1925 1254 2050 1310 Non
2078 1258 2214 1312 enim
2242 1268 2315 1313 est
2345 1260 2677 1318 dissensionis
2706 1263 2866 1330 Deus,
2906 1268 2997 1321 sed
3025 1270 3185 1339 pacis.
3226 1270 3351 1329 Sive
3390 1290 3515 1345 gra-

1926 1349 1998 1403 tia
2026 1349 2250 1419 spiritus
2278 1350 2439 1407 alteri
2473 1355 2752 1425 propheta:
2773 1360 3075 1427 consensit,
3107 1372 3164 1416 ut
3192 1364 3511 1423 alterutrum

1921 1440 2023 1497 sibi
2047 1442 2246 1498 cedant
2277 1460 2292 1500 :
2319 1444 2435 1499 sive
2462 1446 2711 1514 spiritum
2745 1448 3099 1517 humilitatis,
3150 1464 3205 1509 et
3233 1456 3513 1517 charitatis

1921 1534 2122 1591 debent
2148 1534 2352 1593 habere
2384 1537 2684 1608 prophetae.
2718 1541 2852 1608 Quia
2880 1543 3018 1598 Dens
3040 1546 3128 1615 qui
3161 1551 3212 1602 in
3247 1548 3378 1618 ipsis
3407 1561 3512 1619 cst,

1919 1645 2032 1686 non
2059 1639 2143 1686 est
2192 1631 2334 1687 Deus
2378 1631 2734 1689 dissensionis
2761 1677 2775 1701 ,
2828 1650 3002 1707 neque
3046 1640 3336 1709 superbire.
3378 1641 3508 1701 Item

1917 1724 2024 1779 hoc
2067 1726 2160 1792 ait,
2192 1727 2314 1796 quia
2347 1725 2401 1781 in
2432 1742 2540 1796 quo
2572 1735 2656 1783 est
2700 1727 2922 1797 Spiritus
2961 1732 3260 1802 prophetia:
3292 1751 3388 1805 per
3413 1752 3507 1791 so-

280 1812 354 1868 In
384 1813 496 1884 lege
533 1812 668 1866 enim
705 1812 957 1879 scriptum
993 1818 1069 1865 est
1100 1825 1120 1865 :
1148 1809 1410 1875 Quoniam
1457 1809 1513 1863 in
1561 1807 1681 1863 aliis
1712 1808 1814 1863 Ιὶη-
1841 1812 1890 1873 Β
1919 1816 2171 1872 cietatem
2214 1816 2404 1888 gratiae
2429 1819 2709 1889 subjectus
2740 1830 2825 1877 est
2855 1840 2869 1876 :
2902 1823 2957 1877 in
2987 1840 3093 1895 qua
3138 1842 3247 1882 non
3283 1830 3507 1888 aemula-

203 1908 351 1979 gnis,
384 1914 433 1961 et
470 1906 523 1959 in
570 1906 689 1960 aliis
721 1904 873 1959 labiis
912 1904 1096 1975 loquar
1127 1902 1321 1973 papulo
1357 1902 1511 1970 huic,
1543 1911 1590 1956 et
1622 1919 1713 1957 nec
1738 1902 1811 1957 sic

203 1998 498 2055 exaudiant
530 2014 632 2065 me,
671 1998 799 2053 dicit
831 1994 1110 2053 Dominus.
1142 1996 1317 2051 Etiam
1349 1994 1451 2051 hoc
1477 1994 1689 2065 signum
1716 1994 1812 2051 da-

201 2094 300 2160 bo,
331 2101 393 2147 ut
426 2107 524 2163 per
549 2099 769 2148 sanctos
797 2104 922 2146 meo
952 2088 1212 2145 inusitato
1240 2102 1495 2145 sermone
1514 2088 1727 2160 loquar,
1755 2095 1811 2145 et

205 2200 314 2242 nec
339 2184 421 2240 sic
451 2184 794 2255 eloquentem
821 2181 1150 2253 intelligent.

275 2276 475 2348 Itaque
522 2276 715 2348 lingua:
755 2274 811 2328 in
837 2275 1048 2344 signum
1093 2280 1235 2342 sunt,
1268 2288 1375 2327 non
1402 2268 1664 2341 fidelibus.
1710 2269 1811 2326 Hic

201 2368 519 2427 ostenditur
543 2408 558 2435 ,
602 2374 890 2424 crescente
942 2364 1068 2434 ﬁde,
1119 2365 1270 2435 signa
1300 2377 1570 2431 cessasse,
1594 2361 1810 2433 quando

206 2464 521 2542 inﬁdelium
553 2476 716 2518 causa
746 2460 924 2517 danda
954 2473 1076 2516 esse
1107 2457 1522 2530 praedicebatur.

278 2559 395 2615 Sed
420 2556 741 2629 inﬁdelibus.
765 2554 838 2614 Ut
864 2553 983 2625 ejus
1016 2552 1210 2610 saltem
1239 2550 1597 2608 admiratione
1625 2565 1810 2608 move-

202 2661 424 2711 rentur.

280 2745 585 2816 PrOphetia
632 2753 802 2799 autem
850 2759 955 2798 non
992 2740 1327 2813 inﬁdelibus,
1395 2738 1485 2794 sed
1540 2738 1803 2809 fidelibus.

205 2840 383 2912 Major
412 2848 497 2896 est
520 2854 648 2910 ergo
690 2848 745 2895 et
781 2837 963 2894 utilior
986 2880 1001 2907 ,
1046 2852 1168 2909 qua:
1200 2832 1451 2891 ﬁdelibus
1481 2832 1728 2905 prodest,
1753 2840 1809 2890 et

204 2948 431 3004 semper
452 2939 538 2987 est
565 2945 723 3002 opus.

280 3025 347 3081 Si
366 3040 491 3094 ergo
512 3026 781 3079 conveniat
808 3024 1049 3078 universa
1070 3021 1305 3077 Ecclesia
1332 3021 1384 3075 in
1409 3035 1591 3085 unum,
1620 3027 1668 3074 et
1690 3035 1804 3074 om-

201 3136 296 3174 nes
326 3118 523 3190 linguis
549 3118 848 3189 loquantur.
876 3117 992 3172 Hoc
1020 3116 1063 3171 si
1094 3116 1211 3172 ﬁeri
1234 3123 1435 3186 potest,
1464 3121 1524 3169 ut
1542 3111 1807 3171 concede-

201 3220 361 3269 retur
387 3211 564 3276 vobis,
597 3212 688 3283 qui
720 3226 910 3268 omnes
939 3209 1045 3266 hoc
1074 3209 1261 3266 vultis.

276 3307 489 3361 Inlrent
517 3315 689 3360 autem
738 3305 913 3360 idiota:
935 3345 952 3373 ,
1002 3312 1093 3359 aut
1126 3301 1384 3372 infideles.
1417 3300 1606 3359 ldiotae
1634 3316 1806 3373 nuper

200 3400 498 3457 credentes
525 3397 780 3453 dicuntur
801 3396 906 3452 hoc
937 3396 1078 3451 loco.

276 3493 473 3547 Nonne
496 3491 690 3559 dicent,
724 3490 849 3560 quid
880 3488 1165 3544 insanitis?
1190 3488 1346 3545 Sicut
1368 3488 1545 3544 Judmi
1583 3488 1651 3545 de
1676 3503 1806 3560 apo-

200 3587 367 3645 stolis
392 3586 650 3642 dixerunt
682 3602 696 3639 :
729 3584 793 3639 lli
834 3583 981 3655 pleni
1022 3591 1149 3638 sunt
1190 3592 1394 3637 musto.
1425 3581 1632 3647 Aliter,
1666 3582 1807 3639 sicut

200 3684 365 3740 initio
386 3680 643 3754 apostoli,
668 3677 886 3750 quando
903 3684 1230 3749 acceperunt
1248 3676 1509 3748 Spiritum
1532 3684 1802 3745 sanctum,

200 3776 307 3831 visi
336 3783 461 3829 sunt
487 3772 643 3844 quasi
672 3770 831 3828 ebrii.

277 3868 345 3923 Si
370 3876 541 3921 autem
570 3880 747 3921 omnes
777 3862 1115 3934 prophetent,
1161 3861 1321 3917 intret
1342 3862 1515 3916 autem
1542 3862 1655 3933 quis
1683 3860 1804 3932 infi-

198 3960 362 4027 delis,
394 3958 475 4014 vel
500 3958 667 4012 idiota
695 3973 715 4012 :
741 3955 1064 4011 convincitur
1089 3954 1154 4008 ab
1186 3954 1445 4019 omnibus,
1464 3952 1804 4027 dejudicatur

197 4054 264 4107 ab
294 4053 552 4107 omnibus.
584 4050 801 4105 Occulta
830 4048 967 4103 enim
1002 4047 1171 4102 cordis
1206 4049 1319 4118 ejus
1349 4045 1623 4112 manifesta
1649 4045 1801 4114 fiunt.

196 4145 435 4214 Quando
461 4143 578 4215 ejus
607 4143 857 4215 pulsatur
886 4139 1216 4196 conscientia
1240 4154 1337 4210 per
1366 4138 1691 4193 doctrinam.

276 4235 349 4289 Et
376 4236 452 4291 ita
477 4236 666 4290 cadens
694 4235 747 4288 in
791 4232 1001 4305 faciem,
1045 4231 1285 4285 adorabit
1325 4228 1527 4297 Deum,
1570 4246 1803 4301 pronun-

198 4331 345 4384 tians
367 4328 507 4399 quod
532 4342 645 4383 vere
671 4326 810 4380 Deus
839 4327 893 4380 in
918 4324 1059 4378 vobis
1081 4324 1166 4378 sit.
1198 4310 1349 4378 Sicul
1369 4320 1804 4378 Nabuchodono-

197 4439 301 4476 sor
329 4419 582 4476 adoravit
610 4418 884 4474 Danielem
919 4436 931 4470 :
962 4415 1105 4472 Vere
1146 4416 1290 4471 Deus
1319 4424 1501 4471 vester
1554 4419 1670 4487 ipse
1717 4424 1803 4473 est

195 4515 371 4580 Deus,
405 4520 692 4583 postquam
715 4510 985 4567 somnium
1013 4508 1158 4581 quod
1179 4509 1385 4565 oblitus
1414 4507 1611 4575 fuerat,
1635 4517 1691 4565 et
1719 4508 1802 4565 in-

196 4604 649 4675 terpretationem
680 4603 799 4674 ejus
826 4601 1088 4657 audisset.

275 4697 421 4763 Quid
446 4712 567 4768 ergo
593 4705 689 4766 est,
723 4696 952 4765 fratres?
994 4694 1133 4763 Quid
1177 4709 1308 4765 ergo
1336 4702 1421 4751 est
1467 4693 1794 4768 faciendum,

192 4792 285 4849 vel
318 4787 449 4862 quid
485 4788 808 4845 deﬁniemus
838 4802 959 4844 esse
992 4786 1338 4844 tenendum?

270 4886 405 4942 Cum
433 4883 714 4939 convenitis
752 4882 1107 4954 unusquisque
1151 4889 1375 4936 vestrum
1413 4882 1671 4954 psalmum
1702 4882 1799 4937 ha—

194 4978 307 5045 bet,
333 4976 625 5030 doctrinam
657 4972 828 5027 habet.
863 4974 977 5028 Hoc
1007 4981 1111 5040 est,
1143 4971 1394 5044 intelligit
1421 4973 1712 5043 psalmum.

270 5066 647 5139 Apocalypsint
671 5064 842 5131 habet,
867 5065 1101 5138 linguam
1122 5064 1293 5130 habet,
1317 5064 1799 5135 interpretationem

191 5162 374 5216 habet.
409 5159 824 5217 Revelationem
846 5158 1085 5229 aliquam
1110 5156 1520 5230 mysteriorum,
1549 5159 1689 5229 quod
1714 5159 1795 5214 in-

193 5254 462 5326 telligitur
490 5250 774 5309 revelatio.

273 5347 468 5401 Omnia
498 5348 567 5400 ad
610 5344 1007 5415 aedificationem
1036 5344 1186 5413 ﬁant.
1225 5342 1371 5400 Nihil
1424 5344 1495 5399 sit
1537 5343 1594 5399 in
1642 5344 1796 5402 vobis

190 5440 345 5513 quod
370 5455 478 5495 non
508 5452 607 5495 vos
635 5438 965 5494 alterutrum
992 5437 1244 5494 aediﬁcet.

271 5533 397 5590 Sive
443 5534 621 5604 lingua
651 5532 768 5605 quis
799 5532 1027 5603 loquitur
1068 5534 1351 5589 secundum
1393 5534 1525 5590 duos
1557 5551 1576 5591 :
1617 5544 1707 5591 aut
1738 5545 1791 5589 ut

190 5627 425 5681 multum
448 5635 570 5695 tres,
603 5636 651 5681 et
687 5642 780 5697 per
810 5635 1006 5698 partes,
1037 5636 1081 5682 et
1104 5642 1237 5681 unus
1263 5628 1646 5699 interpretetur.
1680 5630 1794 5687 IIoc

187 5726 307 5783 est,
335 5717 572 5773 vicissim
604 5718 991 5791 prophetantcs
1033 5718 1249 5788 dicant,
1284 5729 1339 5777 et
1368 5735 1505 5778 unus
1535 5723 1791 5793 paulatim

192 5810 610 5881 interpretetur.

1916 1916 2003 1964 tur
2030 1908 2261 1963 alterum
2292 1909 2644 1980 prophetare,
2675 1927 2796 1967 cum
2835 1913 2884 1968 ei
2918 1913 3082 1971 fuerit
3113 1919 3433 1977 revelatum.

1985 2000 2135 2057 Sicut
2165 2010 2214 2056 et
2238 2001 2292 2055 in
2315 2001 2553 2056 onmibus
2584 2001 2830 2059 Ecclesiis
2863 2015 3159 2061 sanctorum
3201 2011 3379 2066 doceo.
3418 2013 3509 2071 Sic

1913 2101 1998 2150 est
2048 2094 2289 2165 ubique,
2343 2109 2414 2150 ne
2460 2096 2588 2153 novi
2622 2096 2840 2167 aliquid
2884 2113 2972 2154 me
3028 2100 3182 2157 vobis
3238 2103 3506 2175 imperare

1912 2187 2135 2258 putetis.

1984 2281 2236 2338 Mulieres
2266 2283 2321 2337 in
2351 2281 2603 2339 Ecclesiis
2627 2291 2849 2340 taceant.
2877 2286 3001 2342 Non
3028 2288 3167 2343 enim
3188 2292 3503 2361 permittitur

1910 2375 1985 2431 eis
2008 2375 2170 2445 loqui,
2192 2376 2285 2430 sed
2301 2374 2533 2430 subditas
2555 2392 2664 2432 esse
2688 2380 2821 2434 sicut
2850 2388 2897 2434 et
2924 2380 3007 2434 lca:
3033 2381 3181 2435 dicit.
3212 2383 3345 2449 Quia
3372 2398 3505 2440 con-

1911 2474 1994 2523 tra
2024 2466 2271 2524 ordinem
2299 2476 2383 2524 est
2412 2478 2641 2536 naturae,
2660 2470 2747 2525 vel
2778 2471 2933 2541 legis,
2960 2480 3021 2527 ut
3040 2472 3093 2528 in
3125 2485 3391 2531 conventu
3416 2477 3499 2533 vi-

1911 2573 2096 2614 rorum
2129 2557 2349 2615 feminae
2382 2558 2691 2631 loquantur.
2740 2560 3014 2627 Qumritur
3053 2577 3184 2633 ergo
3227 2567 3499 2636 quomodo

1909 2651 2037 2706 alibi
2067 2651 2231 2719 dicat,
2275 2652 2535 2707 mulieres
2570 2652 2768 2709 docere
2797 2654 3161 2725 prudentiam,
3194 2666 3250 2712 ct
3278 2659 3501 2715 castita-

1913 2751 2019 2799 tem
2053 2742 2274 2800 debere.
2304 2742 2409 2800 Sed
2431 2744 2535 2800 hoc
2558 2743 2613 2799 in
2631 2760 2762 2801 sexu
2794 2760 2913 2802 suo.
2943 2746 3051 2803 Sed
3075 2748 3234 2805 ethic
3255 2750 3503 2824 designat

1910 2832 2110 2902 locum,
2137 2833 2230 2889 ubi
2260 2842 2508 2891 taceant:
2539 2834 2664 2891 alibi
2697 2835 2776 2891 eis
2806 2834 2953 2908 loqui
2984 2837 3254 2909 permisit,
3286 2841 3426 2898 sicut
3446 2850 3502 2899 et

1909 2925 1993 2982 lex
2026 2926 2175 2982 dicit.

1980 3019 2046 3075 Si
2073 3019 2201 3091 quid
2223 3028 2395 3074 autem
2435 3019 2616 3075 volunt
2642 3021 2859 3077 discere.
2892 3022 3026 3091 Quia
3057 3032 3113 3079 et
3140 3024 3226 3080 vir
3255 3025 3406 3097 prius
3428 3027 3507 3084 la-

1908 3121 2030 3169 ctus
2054 3124 2161 3178 est,
2191 3122 2246 3169 et
2270 3113 2407 3170 Sara
2434 3114 2715 3170 dominum
2747 3116 2977 3172 vocabat
2999 3117 3291 3174 Abraham.

1828 3202 1877 3266 C
1979 3205 2139 3262 Domi
2160 3208 2297 3263 viros
2323 3223 2443 3262 suos
2464 3208 2805 3279 interrogent.
2840 3208 3011 3281 Turpe
3040 3219 3113 3265 est
3140 3212 3276 3266 enim
3299 3213 3504 3270 mulieri

1908 3299 2049 3371 loqui
2076 3300 2130 3354 in
2156 3299 2410 3355 Ecclesia.
2441 3299 2520 3356 Ne
2550 3300 2828 3356 videretur
2853 3317 2946 3358 eas
2971 3303 3132 3358 etiam
3165 3305 3377 3363 discere
3405 3324 3500 3363 ve-

1908 3391 2100 3458 tuisse,
2132 3392 2279 3447 domi
2303 3392 2426 3447 illas
2454 3392 2560 3448 hoc
2584 3392 2727 3463 quod
2761 3394 2977 3464 publice
3003 3410 3109 3452 non
3138 3396 3388 3469 decebat,
3418 3399 3496 3457 la-

1908 3496 2036 3539 cere
2054 3482 2255 3538 debere
2284 3483 2566 3554 prcccepit.

1979 3575 2060 3630 An
2090 3593 2123 3630 a
2149 3576 2287 3630 vobis
2307 3577 2512 3631 verbum
2539 3575 2635 3632 Dei
2659 3580 2909 3649 processit
2957 3595 2977 3637 :
3014 3589 3106 3637 aut
3149 3584 3204 3638 in
3248 3601 3333 3642 vos
3365 3587 3502 3644 solos

1909 3670 2181 3741 peremit?
2218 3669 2491 3741 Numquid
2539 3670 2790 3727 doctrina
2836 3672 3063 3743 Christi,
3109 3684 3202 3731 aut
3245 3691 3315 3732 ex
3346 3678 3502 3735 vobis

1907 3772 2010 3833 est,
2042 3771 2136 3818 aut
2157 3761 2298 3833 apud
2328 3776 2425 3818 vos
2446 3762 2742 3819 remansit?
2772 3762 2851 3820 De
2880 3766 3113 3821 scientia
3136 3767 3388 3825 similiter
3417 3777 3503 3825 est

1908 3853 2224 3909 dicendum.

1981 3949 2042 4004 Si
2066 3949 2179 4019 quis
2196 3948 2393 4004 videtur
2415 3947 2682 4019 Propheta
2707 3965 2835 4016 esse,
2862 3958 2953 4003 aut
2973 3951 3283 4021 spiritualis,
3307 3969 3503 4026 cogno-

1905 4050 2014 4096 scat
2047 4058 2162 4113 qua:
2200 4041 2369 4096 scribo
2399 4041 2539 4096 vobis
2558 4083 2572 4108 ,
2603 4042 2725 4111 quia
2746 4040 2958 4097 Domini
2983 4053 3102 4098 sunt
3130 4044 3401 4099 mandata.
3435 4045 3498 4102 Si

1905 4133 2021 4204 quis
2051 4142 2223 4187 autem
2252 4134 2475 4205 ignoret,
2500 4132 2843 4203 ignorabitur.
2887 4134 3003 4191 Hoc
3041 4135 3284 4205 probatis
3306 4152 3496 4193 verum

1906 4226 2252 4298 prophetam,
2286 4227 2332 4283 si
2356 4226 2458 4282 ista
2489 4228 2804 4299 cognoverit
2831 4228 3044 4283 Domini
3072 4228 3323 4284 mandata
3347 4244 3491 4297 esse,

1905 4335 2029 4393 quae
2055 4321 2201 4381 dico.
2242 4320 2301 4377 Si
2324 4321 2443 4391 quis
2470 4332 2653 4378 autem
2681 4322 2894 4393 ignorat
2922 4322 3058 4387 hrcc,
3078 4322 3415 4393 ignorabitur
3443 4334 3501 4380 et

1905 4430 1937 4471 a
1978 4416 2162 4484 nobis,
2193 4423 2249 4472 et
2276 4430 2306 4470 a
2343 4416 2571 4471 Domino
2597 4416 2815 4471 dicente
2841 4416 2944 4483 eis,
2977 4416 3070 4485 qui
3093 4429 3153 4471 se
3181 4415 3236 4471 in
3258 4415 3378 4487 ejus
3403 4432 3502 4472 no-

1904 4509 2052 4565 mine
2081 4508 2436 4580 prophetasse
2463 4508 2741 4577 dicebant,
2778 4508 2966 4563 nescio
2999 4523 3119 4564 vos.

1825 4596 1882 4658 D
1977 4597 2183 4671 Itaque,
2215 4603 2426 4670 fratres,
2452 4599 2773 4654 temulamini
2793 4600 3126 4671 praphetare,
3157 4608 3203 4656 et
3225 4599 3367 4672 loqui
3390 4600 3497 4656 lin-

1902 4692 2017 4763 guis
2052 4691 2211 4747 nolite
2230 4690 2520 4764 prohibere.
2548 4689 2688 4746 Illud
2715 4691 3030 4763 sectamini,
3078 4691 3181 4748 hoc
3211 4691 3500 4763 prohibere

1904 4784 2096 4843 nolite.

1979 4880 2172 4935 Omnia
2215 4891 2391 4935 autem
2417 4882 2662 4949 honeste,
2701 4888 2749 4935 et
2777 4880 3062 4936 secundum
3094 4879 3326 4934 ordinem
3367 4879 3497 4948 ﬁant

1902 4975 1955 5028 in
1973 4973 2134 5027 vobis.
2157 4972 2299 5028 Nihil
2322 4988 2579 5044 perverso
2601 4973 2813 5042 ordine,
2837 4982 2928 5029 aut
2951 4964 3047 5045 per
3064 4970 3491 5039 contentionem,

1903 5065 1986 5121 vel
2016 5065 2239 5121 inanem
2268 5064 2498 5137 gloriam
2531 5065 2769 5121 faciatis.

2495 5154 2723 5215 CAPUT
2770 5156 2889 5213 XV.

1973 5251 2171 5307 Notum
2216 5260 2385 5308 autem
2444 5253 2582 5307 vobis
2630 5253 2797 5325 facio,
2844 5252 3053 5322 fratres,
3113 5248 3492 5323 Evangelium,

1897 5344 2035 5417 quod
2066 5345 2343 5415 pradicavi
2391 5344 2549 5419 vobis.
2596 5343 2791 5415 Incipit
2831 5358 2993 5399 causa
3047 5348 3495 5403 resurrectionis.

1898 5438 2044 5494 lnter
2087 5448 2285 5495 cratera
2307 5481 2321 5507 ,
2355 5438 2575 5510 quidam
2612 5436 3018 5494 Corinthiorum
3051 5440 3213 5495 etiam
3252 5455 3497 5495 resurre-

1898 5535 2134 5590 ctionem
2157 5532 2340 5589 carnis
2382 5533 2497 5589 ausi
2524 5532 2739 5589 fuerant
2761 5547 2827 5589 ex
2852 5534 3056 5590 veteris
3084 5534 3327 5590 scientia:
3350 5548 3491 5603 prm-

1896 5626 2207 5697 sumptione
2236 5641 2435 5698 negare
2464 5642 2479 5681 :
2510 5625 2601 5697 qui
2634 5626 2720 5679 hic
2762 5626 2832 5680 ab
2878 5627 3139 5696 Apostolo
3164 5633 3487 5696 arguuntur.

1974 5722 2128 5788 Quod
2156 5732 2201 5777 et
2229 5721 2515 5794 accepistis.
2541 5719 2620 5775 Ne
2643 5718 2720 5774 illi
2749 5718 2856 5775 hoc
2881 5736 2988 5775 non
3014 5719 3314 5777 credidisse
3344 5716 3497 5774 vide-

1898 5822 2107 5885 rentur,
2127 5814 2211 5872 vel
2241 5828 2431 5871 omncs
2458 5812 2723 5870 creditum
2750 5810 3050 5883 respuisse.
