3978 6286
518 207 626 266 765

1558 211 1616 268 s.
1663 210 2040 270 manouvm
2083 209 2369 272 OPERUM
2410 215 2776 274 stiturrsss.
3087 173 3096 179 ’
3161 285 3164 288 ἑ
3700 214 3780 272 ut

591 326 659 382 In
683 343 786 398 quo
814 329 984 396 statis,
1017 344 1106 399 per
1145 327 1285 400 quod
1312 335 1358 383 et
1412 327 1706 383 salvamim’.
1749 328 1808 383 ln
1827 328 1992 398 cujus
2017 327 2114 382 do.
2145 327 2201 387 Α
2296 328 2581 400 Tamquam
2604 329 2854 383 abortivo.
2893 328 2968 384 De
2993 326 3147 398 cujus
3173 327 3282 383 vita
3323 326 3666 398 desperatum
3699 339 3778 384 est.

520 420 698 476 ctrina
751 423 932 486 statis,
963 430 1017 476 et
1061 437 1160 491 per
1207 421 1351 489 quod
1397 420 1627 478 salutem
1671 422 1921 492 speratis,
1962 429 2018 476 et
2064 420 2116 474 in

522 515 782 585 praesenti
819 516 885 570 de
913 514 1145 569 diversis
1182 514 1589 570 inﬁrmitatibus
1621 531 1766 587 saepe
1807 513 2116 570 salvamini.

598 606 714 670 Qua
739 607 938 660 ratione
959 607 1351 677 prwdicaverim
1380 607 1539 676 vobis.
1572 607 1706 662 Tota
1739 607 1878 662 ratio
1921 606 2117 677 ιπωαί-

528 696 759 751 cationis
792 706 991 753 nostra:
1019 699 1135 753 haec
1157 707 1262 765 est,
1285 708 1344 754 ut
1375 701 1828 754 resurrectionem
1851 698 2114 765 credatis,

523 788 626 844 hoc
664 796 748 844 est
791 790 933 845 enim
979 790 1208 860 primum
1248 791 1515 858 omnium,
1547 791 1636 860 qui
1675 791 1894 847 Christo
1925 790 2114 846 dest-r-

518 881 675 936 viunt
717 898 732 935 :
783 881 1019 954 alioquin
1050 884 1358 954 superfluus
1385 886 1562 939 omnis
1595 886 1746 960 labor
1777 895 1862 943 est
1904 885 2114 939 oratio-

521 989 648 1028 num
700 973 1166 1046 jejuniormnque,
1202 992 1362 1046 quem
1415 979 1466 1032 in
1512 977 1614 1032 hac
1664 977 1772 1032 vita
1823 977 2113 1048 patimini,

520 1078 641 1120 eum
671 1065 826 1120 vobis
858 1066 946 1120 hic
973 1082 1257 1138 prospera,
1287 1069 1371 1123 vel
1398 1069 1624 1124 adversa
1652 1084 1772 1124 cum
1805 1068 2116 1125 inﬁdelibus

519 1171 641 1212 esse
682 1159 993 1212 communia
1023 1159 1313 1216 videantur
1359 1177 1371 1214 :
1417 1161 1558 1216 sicut
1590 1169 1647 1236 et
1687 1161 1786 1232 ipsi
1818 1161 1996 1217 solent
2031 1178 2116 1232 pa-

520 1249 644 1318 gani
679 1265 1016 1321 proponere,
1065 1253 1192 1323 quid
1225 1253 1293 1307 ab
1322 1253 1430 1309 illis
1470 1254 1702 1325 amplius
1733 1255 2029 1319 habemus,
2060 1265 2116 1311 et

521 1358 710 1398 verum
744 1355 826 1400 est
861 1363 874 1399 :
909 1346 953 1423 si
980 1346 1169 1404 horum
1201 1347 1448 1404 laborum
1472 1350 1755 1424 praemium
1783 1350 1840 1406 in
1869 1351 1974 1405 vita
2009 1351 2113 1406 alia

522 1452 628 1492 non
676 1437 959 1502 habemus.
999 1440 1211 1512 pejores
1251 1442 1359 1499 illis
1383 1458 1574 1500 sumus
1609 1461 1623 1498 :
1656 1444 1785 1520 quia
1817 1444 1910 1510 illi,
1945 1445 2026 1498 vel
2061 1445 2112 1500 in

522 1531 778 1600 praesenti
809 1532 1148 1604 Voluptatem
1193 1545 1248 1590 et
1289 1535 1524 1591 luxuria:
1552 1536 1983 1594 consolationem
2017 1535 2116 1592 ha-

520 1620 652 1694 bere
683 1622 953 1681 videntur.

2303 420 2456 476 Visus
2487 431 2560 474 est
2591 432 2638 475 et
2668 420 2815 476 mihi.
2845 420 2902 476 In
2933 421 3020 475 via
3052 421 3285 485 scilicet,
3313 421 3401 475 vel
3431 422 3494 474 in
3525 429 3646 487 tem;
3667 421 3726 475 lo.

2293 509 2410 583 Ego
2435 514 2571 576 enim
2597 530 2713 566 sum
2733 513 2977 568 minimus
2994 513 3372 582 apostolorum.
3404 512 3655 568 Minimus
3675 525 3778 570 teut-

2224 617 2354 672 pore
2382 620 2486 659 non
2511 605 2717 660 labore.

2295 697 2397 761 Qui
2429 715 2531 754 non
2557 715 2674 754 sum
2698 698 2886 770 dignus
2917 699 3091 753 vocari
3117 699 3406 768 apostolus,
3431 696 3670 768 quoniam
3695 716 3782 767 pcr-

2219 800 2423 843 secutus
2449 807 2562 844 sum
2588 788 2878 845 Ecclesium
2908 789 3026 846 Dei.
3059 789 3178 853 Fili,
3210 790 3467 860 peccasti,
3501 806 3570 844 ne
3593 790 3780 858 adjicias

2220 881 2417 936 iterum
2449 901 2466 956 :I
2490 881 2584 936 sed
2623 893 2674 938 et
2704 882 2771 937 de
2813 883 3060 950 pristinis
3097 882 3416 952 deprecare.
3443 880 3598 938 Unde
3633 891 3683 936 et
3711 899 3780 950 per

2223 972 2412 1026 lsaiam
2445 972 2706 1029 Dominus
2730 973 2860 1032 dicit
2888 992 2900 1026 :
2926 975 3037 1046 Ego
3063 989 3181 1029 sum
3210 974 3302 1042 qui
3323 973 3484 1029 deleo
3508 974 3779 1043 iniquitates

2223 1072 2363 1129 tuas,
2398 1072 2452 1118 et
2484 1080 2590 1119 non
2621 1065 2968 1119 memorabor
2992 1107 3007 1132 ,
3039 1074 3096 1120 tu
3126 1076 3306 1121 autem
3342 1080 3666 1121 memorare.
3697 1068 3779 1122 Me-

2221 1153 2323 1208 lius
2349 1165 2431 1210 est
2462 1159 2606 1210 enim
2640 1151 2858 1214 dimissa
2895 1158 3169 1215 recordari
3218 1168 3462 1228 peccata,
3513 1172 3664 1228 quam
3705 1157 3778 1212 de-

2221 1255 2366 1301 tenta
2397 1246 2664 1302 oblivisci.

2290 1337 2471 1394 Gratia
2501 1352 2671 1402 autem
2696 1341 2795 1395 Dei
2824 1359 2960 1411 sum,
2993 1342 3046 1397 id
3069 1341 3206 1414 quod
3235 1359 3370 1409 sum,
3404 1351 3454 1397 et
3495 1343 3662 1414 gratia
3695 1347 3777 1416 ejus

2219 1434 2269 1487 in
2299 1451 2377 1490 me
2399 1452 2561 1490 vacua
2591 1453 2693 1492 non
2722 1437 2840 1507 fuit.
2870 1437 2985 1492 Non
3021 1438 3116 1492 fttit
3143 1438 3260 1493 sine
3289 1437 3468 1492 fructu
3493 1481 3507 1507 ,
3542 1436 3672 1492 sicut
3692 1435 3774 1505 ille,

2222 1528 2313 1600 qui
2348 1530 2604 1585 talentum
2639 1531 2857 1586 Domini
2889 1531 3090 1587 defodit
3121 1531 3174 1586 in
3206 1539 3431 1586 terram.

2292 1621 2398 1678 Sed
2438 1622 2787 1679 abundantius
2828 1625 2939 1679 illis
2969 1623 3202 1680 omnibus
3241 1622 3496 1678 laboravi.
3527 1621 3655 1692 Quia
3696 1621 3776 1677 illis

592 1714 655 1770 Si
685 1718 864 1772 tenetis
891 1733 911 1772 :
941 1718 1040 1774 nisi
1071 1718 1272 1789 [rustra
1302 1720 1618 1776 credidistis.
1655 1720 1712 1778 Si
1746 1720 1869 1778 ﬁdei
1893 1728 2107 1788 vestrm,
2141 1716 2189 1777 B
2215 1711 2436 1768 (Ιίυιῖιιεο

517 1817 572 1862 et
591 1807 791 1864 laboris
816 1810 1097 1880 prtamium
1124 1828 1232 1869 non
1260 1813 1512 1884 speratis,
1544 1810 1818 1886 superﬂua
1847 1811 1964 1870 haec
1987 1829 2112 1870 ere.

517 1900 755 1957 didistis.

2297 1805 2424 1862 Non
2471 1823 2565 1879 ego
2603 1817 2808 1882 autem,
2847 1808 2938 1864 sed
2980 1808 3151 1884 gratia
3195 1804 3292 1862 Dei
3326 1823 3550 1863 mecum.
3583 1805 3684 1862 Non
3722 1821 3772 1859 es

2215 1913 2325 1964 me,
2360 1899 2456 1955 sed
2483 1901 2653 1970 gratia
2682 1900 2778 1958 Dei
2809 1917 2824 1957 :
2858 1915 2956 1956 nec
2975 1915 3035 1958 se
3062 1901 3179 1956 sine
3200 1900 3370 1971 gratia
3391 1900 3524 1956 dicit
3552 1901 3604 1955 in
3632 1899 3773 1955 Evan-

593 1992 812 2049 Tradldi
838 1995 974 2050 enim
1003 1995 1140 2053 vobis
1168 1997 1220 2054 in
1256 1999 1456 2068 primis,
1516 1999 1572 2056 In
1613 1999 1914 2072 primordio
1933 2043 1946 2070 ι
1994 1998 2110 2056 sive
2212 1991 2356 2062 gelio
2393 1993 2688 2064 laborasse,
2715 2009 2784 2050 ne
2812 2004 2998 2050 COItll‘ﬂ
3032 1994 3191 2063 illud,
3215 1993 3357 2064 quod
3387 1994 3638 2065 superius
3658 1994 3777 2048 dixe-

516 2085 774 2142 maxime.

589 2176 743 2242 Quod
769 2187 815 2232 et
841 2181 1039 2249 accepi.
1070 2179 1166 2236 Vel
1194 2196 1224 2236 a
1252 2182 1396 2254 lege,
1419 2183 1552 2238 vela
1578 2180 1853 2253 prioribus
1876 2182 1990 2237 sive
2013 2197 2110 2253 per.

515 2270 910 2338 revelationem
942 2271 1167 2327 Christi.

590 2362 848 2432 Quoniam
880 2363 1113 2420 Christus
1152 2376 1383 2421 mortuus
1410 2374 1484 2419 est
1515 2382 1608 2435 pro
1633 2367 1856 2436 peccatis
1884 2367 2104 2433 nostris,

512 2455 792 2509 secundum
819 2455 1145 2526 δαὶμων-αδ,
1176 2468 1222 2512 et
1243 2460 1364 2526 quia
1394 2460 1624 2529 sepultus
1655 2468 1748 2513 est.
1784 2459 1975 2514 Posset
1999 2459 2109 2523 qui-

515 2545 638 2599 dem
657 2547 919 2615 apostolis
932 2547 1378 2618 praedicantibus,
1402 2559 1456 2604 et
1481 2552 1644 2606 multa
1669 2551 1926 2605 virtutum
1952 2549 2106 2620 signa

513 2635 841 2691 facientibus
867 2636 1058 2692 haberi
1093 2638 1246 2707 ﬁdes,
1269 2656 1392 2696 esse
1423 2643 1595 2713 ipsunt
1620 2639 1919 2708 Christum,
1947 2657 2104 2712 quem

515 2729 926 2800 evangelizant:
961 2731 1058 2787 sed
1090 2744 1145 2788 ut
1172 2735 1375 2805 majore
1400 2736 1901 2806 heatusApostolus
1921 2745 2108 2790 aucto-

517 2823 678 2880 ritate
738 2824 981 2882 ﬁrmaret
1010 2870 1025 2895 ,
1085 2826 1230 2883 hunc
1281 2843 1404 2883 esse
1450 2828 1724 2884 Christum
1773 2828 2106 2884 Salvatorem

517 2915 725 2982 mundi,
759 2933 921 2987 quem
950 2917 1183 2988 Moyses,
1213 2929 1267 2976 et
1296 2921 1577 2992 propheta:
1602 2922 2062 2978 annuntiaverunt
2091 2941 2102 2974 :

515 3012 638 3067 ideo
679 3013 983 3069 secundum
1025 3015 1334 3085 Scripturas
1367 3016 1684 3086 prmdietum
1716 3031 1842 3072 esse
1874 3031 2108 3072 comme-

517 3113 725 3162 morat:
751 3102 890 3158 sicut
921 3104 1063 3159 inter
1091 3114 1286 3160 cmtera
1320 3106 1486 3160 Isaias
1506 3107 1768 3183 prOpheta
1793 3107 1922 3162 dicit
1949 3124 1962 3160 :
1988 3107 2102 3163 Sic-
2129 3101 2178 3165 C

516 3203 573 3249 ut
601 3195 719 3250 ovis
763 3195 830 3260 ad
869 3195 1199 3259 occisionem
1223 3197 1531 3266 ducitur,et
1556 3199 1710 3268 quasi
1739 3214 2103 3270 agnuscoram

516 3287 777 3344 tondente
813 3304 873 3344 se
900 3289 1246 3346 obmutescit.
1273 3289 1406 3348 ltezu
1449 3293 1590 3347 inira
1622 3292 1763 3347 idem
1799 3293 2064 3364 propheta
2093 3311 2105 3348 :

516 3380 580 3435 Et
610 3381 760 3437 dabit
788 3383 980 3456 impios
1012 3400 1110 3454 pro
1137 3386 1435 3456 sepultura,
1467 3396 1519 3442 et
1545 3386 1768 3442 divitem
1799 3403 1898 3458 pro
1932 3391 2108 3446 morte

514 3488 636 3538 sua.
671 3472 934 3532 Similiter
960 3477 1099 3532 Osce
1129 3480 1418 3548 pr0plieta,
1451 3481 1611 3535 tertia
1634 3480 1724 3537 die
1753 3483 2108 3537 resurrectio-

516 3583 638 3622 nem
668 3570 866 3624 Christi
895 3569 1132 3628 futuram
1165 3575 1491 3640 annuntiat,
1534 3575 1760 3630 dicens:
1797 3574 2108 3631 Viviﬁcabit
2184 3609 2194 3620 -

517 3676 616 3717 nos
644 3671 767 3734 post
794 3663 929 3720 duos
971 3664 1090 3720 dies
1115 3705 1132 3731 ,
1184 3665 1236 3720 in
1287 3666 1376 3722 die
1405 3667 1561 3724 tertia
1586 3668 1875 3724 suscitabit
1903 3683 2020 3736 nos,
2055 3678 2111 3726 et

515 3755 758 3811 vivemus
786 3757 837 3811 in
871 3767 1164 3828 conspectu
1186 3759 1326 3830 ejus.

585 3849 656 3903 Et
685 3852 807 3922 quia
834 3855 1114 3909 resurrexit
1144 3855 1300 3908 tertia
1320 3855 1438 3922 die,
1473 3857 1755 3911 secundum
1783 3857 2109 3928 Scripturas.

517 3946 836 4004 SieutOsee
879 3948 1046 4004 dicit:
1088 3949 1400 4006 Viviﬁcabit
1449 3965 1547 4006 nos
1589 3952 1644 4006 in
1688 3953 1883 4019 biduo,
1928 3962 1984 4009 et
2023 3954 2114 4010 die

515 4038 674 4094 tertia
707 4054 1078 4110 resurgemus.

591 4129 658 4184 Et
688 4133 812 4202 quia
841 4135 979 4190 visus
1017 4143 1092 4188 est
1123 4132 1333 4206 Cepheo.
1376 4136 1528 4205 Quod
1561 4137 1614 4192 in
1648 4138 1942 4210 Evangelio
1979 4138 2116 4196 dici-

516 4233 603 4280 tur
627 4241 641 4278 :
662 4225 945 4297 Apparuit
974 4226 1205 4282 Simoni.

588 4315 655 4376 Et
695 4326 809 4389 post
853 4315 952 4373 hoc
989 4317 1247 4373 undecim.
1299 4318 1506 4375 Iterum
1538 4321 1736 4388 Petro,
1785 4331 1838 4376 et
1888 4323 2116 4395 reliquis

511 4405 720 4462 decem.

2215 2097 2323 2155 rat,
2352 2085 2452 2140 sibi
2487 2086 2688 2160 aliquid
2713 2087 2829 2141 (lari
2859 2087 3169 2141 videretur:
3200 2102 3298 2142 nec
3327 2087 3564 2159 gratiam
3589 2086 3693 2142 sine
3717 2103 3774 2153 ξε,

2211 2188 2272 2234 ιιι
2300 2178 2532 2234 liberum
2563 2190 2812 2236 servaret
2841 2180 3144 2235 arbitrium.

2285 2271 2406 2330 Sive
2429 2275 2563 2328 enim
2591 2291 2708 2345 eqa,
2731 2275 2837 2328 sire
2858 2272 2959 2340 illi,
2983 2273 3055 2328 sic
3082 2272 3504 2342 prmdicarimus,
3526 2280 3574 2326 et
3602 2272 3668 2325 sic
3687 2287 3775 2325 cre-

2211 2364 2436 2419 didistis.
2471 2365 2623 2421 Unde
2669 2366 2868 2436 igitur,
2901 2374 2956 2419 et
2993 2379 3093 2420 nos
3137 2366 3216 2419 sic
3267 2363 3697 2434 praedicavimus,
3735 2371 3776 2415 rt

2209 2472 2304 2512 vos
2335 2458 2592 2514 similiter
2622 2459 2966 2523 credidiSIis,
3009 2459 3136 2530 quia
3167 2457 3419 2514 Christus
3447 2457 3647 2513 idcirco
3681 2471 3768 2510 sur-

2212 2549 2355 2604 rexit
2388 2552 2626 2619 primus,
2659 2560 2716 2606 ut
2745 2553 2885 2606 viam
2929 2551 3354 2607 resurrectionis
3396 2551 3670 2620 aperiret:
3695 2547 3775 2602 hoc

2211 2642 2318 2696 illis
2338 2655 2752 2711 commemorat,
2777 2655 2832 2699 ut
2860 2643 2943 2700 illi
2963 2643 3108 2715 quod
3141 2658 3485 2716 consequens
3507 2654 3592 2698 est
3613 2656 3776 2712 negare

2209 2749 2316 2791 non
2342 2736 2570 2805 possint.

2281 2827 2345 2882 Si
2389 2836 2559 2882 autem
2598 2827 2836 2883 Christus
2873 2829 3224 2900 prmdiratur,
3261 2830 3402 2901 quod
3448 2827 3715 2882 resurrexit
3754 2843 3778 2880 α

2209 2919 2445 2972 mortuis.
2484 2919 2614 2986 Quae
2654 2921 3039 2991 consequentia
3081 2921 3330 2975 rationis.
3363 2919 3485 2976 lam
3527 2921 3664 2974 enim
3698 2918 3778 2971 hoc

2213 3012 2385 3082 ipsum
2410 3004 2741 3069 resurrecﬁo
2769 3022 2880 3081 est,
2921 3015 3063 3086 quod
3093 3014 3340 3071 Christus
3387 3029 3415 3068 a
3465 3014 3688 3070 mortuis
3713 3029 3779 3068 re-

2210 3105 2468 3160 surrexit.

2287 3197 2556 3264 Quomodo
2577 3198 2787 3270 quidam
2807 3199 2987 3254 dicunt
3012 3200 3064 3254 in
3091 3200 3262 3266 nobis,
3284 3200 3536 3270 quoniam
3560 3213 3779 3254 resurrec-

2212 3292 2283 3346 tio
2310 3301 2628 3347 mortuorum
2661 3311 2763 3348 non
2788 3304 2863 3349 est
2883 3295 2909 3347 ?
2940 3294 3002 3351 Si
3032 3303 3203 3348 autem
3232 3296 3552 3349 resurrectio
3585 3303 3780 3348 mortuo-

2210 3403 2325 3440 rum
2347 3405 2450 3442 non
2481 3397 2572 3442 est.
2602 3380 2850 3444 Alterum
2889 3405 2951 3445 es
2997 3390 3175 3445 altero
3199 3389 3395 3460 pendet
3425 3397 3437 3442 ε
3471 3398 3569 3443 aut
3597 3400 3777 3443 utrum-

2211 3495 2317 3550 que
2345 3495 2562 3551 negare,
2593 3490 2687 3534 aut
2715 3471 3005 3552 utrumque
3035 3495 3257 3536 necesse
3279 3489 3362 3536 est
3390 3480 3661 3536 conﬁteri.

2286 3568 2467 3639 Neque
2492 3569 2727 3626 Christus
2753 3573 3053 3626 resurrexit.
3079 3569 3351 3628 Caeterum
3376 3573 3457 3628 rei
3485 3589 3594 3628 non
3619 3571 3779 3627 futura?

2215 3663 2525 3734 exemplum
2559 3662 2689 3719 dare
2720 3679 2824 3719 non
2850 3664 3058 3719 debuit.

2292 3757 2353 3811 Si
2375 3767 2544 3811 autem
2586 3756 2819 3811 Christus
2858 3775 2958 3812 non
2986 3759 3288 3824 resurrexit,
3316 3759 3491 3813 inanis
3518 3768 3598 3813 est
3622 3757 3782 3829 pradi-

2215 3848 2351 3901 catio
2382 3858 2576 3914 nostra,
2629 3851 2800 3904 inanis
2837 3861 2913 3905 est
2931 3862 2989 3908 ,ει
3019 3851 3150 3920 ﬁdes
3192 3861 3381 3905 ucstra.
3425 3851 3570 3921 Ergo
3618 3861 3667 3906 et
3707 3863 3784 3903 nos

2215 3942 2333 3996 sine
2364 3958 2521 3996 causa
2549 3943 2662 3998 lucc,
2685 3944 3123 4010 prmdieavimus,
3151 3945 3337 4001 sivere
3361 3961 3472 4000 non
3492 3946 3782 4006 resurrexit,

2216 4043 2271 4088 et
2302 4035 2478 4108 vos‘in
2509 4035 2660 4088 illum
2693 4035 2894 4090 frustra
2943 4037 3277 4092 credidistis.
3312 4039 3545 4104 Quidam
3570 4033 3785 4092 ltil'l'ellt'i

2216 4127 2410 4182 anima:
2436 4128 2899 4182 resurrectionem
2924 4130 3110 4182 volunt
3134 4129 3432 4199 assignare,
3468 4145 3574 4185 non
3599 4129 3782 4191 carnis;

2217 4218 2312 4274 sed
2344 4234 2634 4288 resurgere
2668 4235 2771 4274 non
2804 4219 3032 4286 dicitur,
3068 4221 3166 4274 nisi
3200 4221 3344 4292 quod
3385 4223 3607 4288 cecidit,
3638 4231 3688 4276 et
3712 4236 3782 4275 re-

2217 4311 2412 4382 surgit.
2443 4313 2587 4384 Ergo
2619 4329 2797 4384 neque
2817 4315 2993 4367 anima
3025 4324 3198 4370 morte
3225 4317 3448 4385 cecidit,
3478 4334 3652 4392 neque
3670 4332 3786 4371 Sem-

2220 4420 2316 4474 per
2353 4404 2520 4476 jacuit
2555 4421 2755 4474 corpus
2806 4424 2819 4460 :
2873 4407 3114 4479 alioquin
3155 4424 3382 4482 surgere
3429 4413 3603 4483 magis
3649 4424 3783 4482 quam

586 4499 785 4554 Deinde
813 4502 950 4556 visus
972 4511 1046 4557 est
1075 4503 1190 4574 plus
1228 4521 1385 4576 quant
1421 4506 1714 4579 quingentis
1745 4507 1990 4578 fratribus
2037 4508 2107 4562 si-
2135 4493 2192 4556 D
2220 4511 2500 4566 resuriiere
2531 4497 2825 4552 dicerem"-

512 4589 664 4644 mul:
695 4606 759 4646 ea:
796 4593 981 4663 quibus
1026 4595 1176 4650 multi
1212 4611 1417 4654 manent
1453 4615 1610 4670 usque
1648 4599 1858 4655 adhuc:
1898 4603 2104 4672 quidam

511 4689 687 4735 autem
716 4681 1058 4740 dormierunt.
1094 4686 1254 4744 Vides
1280 4691 1404 4760 quia
1440 4693 1492 4746 in
1525 4691 1821 4763 Evangelio
1849 4710 1953 4749 non
1986 4708 2107 4749 om-

517 4789 613 4830 nes
642 4775 860 4845 seripta:
890 4785 1016 4832 sunt
1043 4779 1301 4845 visiones,
1331 4784 1432 4838 nisi
1457 4801 1576 4854 qua:
1605 4784 1925 4841 sufﬁcerent
1951 4787 2017 4840 ad
2049 4787 2109 4842 ﬁ-

514 4865 660 4923 dem.
695 4867 789 4924 llic
813 4877 1018 4936 autem,
1043 4872 1298 4941 quoniam
1319 4875 1387 4930 de
1404 4878 1666 4946 apostolis
1688 4877 1916 4946 dixerat,
1944 4880 2107 4936 etiam

516 4959 620 5016 hoc
645 4960 886 5033 addidit:
916 4977 986 5019 ne
1011 4968 1241 5034 apostoli
1275 4977 1551 5040 tamquam
1580 4971 1753 5027 intimi
1785 4974 1926 5043 eius,
1951 4985 2109 5045 puta-

515 5063 710 5109 rentur
735 5069 858 5110 esse
901 5057 1134 5112 mentiti.
1184 5058 1252 5114 Et
1294 5070 1352 5116 ut
1389 5064 1561 5132 major
1597 5064 1733 5121 ﬁdes
1777 5066 2110 5122 multitudini

517 5149 738 5201 testium
768 5147 1090 5217 haberetur,
1115 5151 1275 5207 etiam
1309 5154 1460 5209 multi
1495 5157 1684 5214 vivere
1713 5157 1993 5227 dicuntur,
2016 5160 2109 5230 qui

513 5239 726 5306 possint
757 5241 1068 5316 interrogati
1100 5245 1284 5304 dicere
1310 5264 1430 5320 qua:
1452 5251 1725 5308 viderunt.

587 5327 790 5386 Deinde
811 5336 942 5390 visus
964 5345 1041 5392 est
1061 5336 1282 5395 Iacobo.
1314 5340 1519 5398 Jacobo
1556 5359 1803 5401 seorsum
1835 5346 2104 5416 apparuit.

583 5423 786 5479 Deinde
818 5430 1071 5500 apostolis
1112 5435 1366 5490 omnibus.
1409 5436 1534 5491 Sive
1565 5438 1800 5508 iterum,
1835 5440 1949 5495 sive
1978 5455 2109 5512 apo-

515 5516 695 5584 stolis,
736 5533 873 5588 quos
902 5530 1056 5576 extra
1085 5524 1373 5584 duodecim
1408 5531 1474 5584 ad
1510 5530 2105 5604 pra'dicandumgmisit.

587 5607 878 5666 Novissime
904 5623 1074 5668 autem
1096 5619 1345 5676 omnium.
1375 5620 1452 5676 Ne
1483 5630 1737 5692 putarent
1773 5638 1892 5680 eum
1923 5627 2108 5683 audita

515 5703 694 5771 potius
722 5720 881 5776 quam
912 5705 1026 5764 visa
1059 5724 1302 5768 narrare.

2289 4587 2590 4643 Invenimur
2616 4600 2783 4644 autem
2811 4599 2860 4645 et
2892 4590 3015 4661 falsi
3037 4600 3188 4647 testes
3219 4593 3317 4648 Dei
3346 4599 3634 4666 :quoniam
3664 4597 3785 4650 terti-

2217 4684 2444 4740 monium
2490 4684 2718 4738 diximus
2759 4685 3001 4740 adversus
3047 4686 3244 4752 Deum,
3303 4690 3445 4759 quod
3490 4692 3785 4746 suscitaverit

2218 4778 2479 4834 Christum
2501 4796 2520 4834 :
2549 4796 2699 4849 quem
2728 4798 2832 4835 non
2863 4782 3127 4837 suscitavit
3151 4824 3166 4849 ,
3200 4785 3246 4838 si
3273 4788 3466 4840 mortui
3497 4804 3598 4842 non
3636 4800 3786 4840 resur-

2217 4885 2364 4947 gttnl.
2394 4873 2510 4930 Non
2543 4876 2716 4932 solum
2750 4877 2908 4941 vani,
2943 4877 3036 4930 sed
3062 4879 3225 4933 etiam
3269 4878 3386 4934 falsi
3427 4891 3619 4936 contra
3648 4883 3787 4936 Deum

2221 4970 2526 5026 invenimur
2556 4971 2873 5028 exstitisse:
2914 4974 2959 5028 si
2992 4973 3209 5044 quidem
3242 4977 3444 5032 mortui
3484 4994 3593 5035 non
3628 4993 3788 5034 resur-

2215 5080 2320 5137 gun
2332 5074 2370 5124 t.

2291 5161 2432 5216 Nam
2451 5161 2498 5217 si
2520 5160 2715 5217 mortui
2745 5177 2845 5215 non
2866 5171 3173 5236 resurgunt,
3201 5180 3365 5233 neque
3383 5166 3622 5222 Christus
3648 5181 3792 5220 πεπυ

2217 5255 2368 5308 rexit.
2399 5253 2501 5310 Sed
2535 5253 2789 5324 quoniam
2819 5249 2886 5307 de
2911 5253 3002 5309 illo
3024 5269 3183 5310 nemo
3210 5254 3446 5323 dubitat,
3483 5267 3536 5313 et
3564 5259 3633 5314 de
3658 5256 3792 5312 nobis

2218 5360 2379 5402 nemo
2406 5345 2635 5402 dubitet.

2293 5438 2447 5505 Quod
2495 5440 2540 5492 si
2589 5429 2825 5494 Christus
2865 5457 2968 5495 non
3018 5441 3322 5508 resurrexit,
3383 5459 3516 5497 uana
3569 5453 3642 5498 est
3684 5442 3791 5512 ﬁdes

2217 5540 2403 5586 vestra.
2440 5530 2624 5584 Adhuc
2645 5535 2781 5586 enim
2808 5533 2929 5588 estis
2968 5534 3020 5587 in
3045 5535 3265 5603 peccatis
3291 5536 3491 5589 vestris.
3525 5535 3581 5592 Si
3625 5533 3791 5589 menti.

2220 5633 2303 5677 tus
2334 5633 2416 5677 est
2441 5637 2499 5674 se
2528 5640 2558 5672 τι
2585 5639 2638 5662 ιιι
2680 5625 2914 5680 triduum
2947 5637 3379 5682 resurrecturum
3399 5669 3414 5694 ,
3441 5628 3702 5683 mentitus
3722 5633 3791 5680 est

2218 5717 2380 5772 etiam
2413 5732 2472 5773 se
2497 5734 2711 5788 μνημι
2743 5720 3034 5776 dimittere.
3070 5724 3171 5776 aut
3193 5720 3299 5775 ita:
3335 5736 3522 5778 omnes
3556 5722 3609 5778 in
3641 5733 3792 5775 resur-
