3986 6294
163 271 284 328 763

895 254 1438 319 COMMENTARIUS
1478 259 1541 315 IN
1586 257 1976 316 EPiS'l‘OLAM
2018 259 2035 314 Ι
2077 259 2170 314 AD
2207 236 2567 315 CORICAP.
2610 259 2727 314 XV.

3373 258 3478 315 766

164 380 419 443 reetione
447 381 565 451 ejus
590 378 959 449 baptizamur,
988 386 1050 432 ut
1092 374 1276 430 nostra
1307 383 1526 444 peccata
1554 373 1770 428 diluan—
1796 376 1847 435 Α
1877 387 1955 441 re,
1990 371 2092 427 nisi
2120 370 2419 428 crediderit
2444 374 2495 428 in
2522 374 2763 439 Christo,
2790 374 2925 429 sicut
2956 374 3072 451 ipse
3101 375 3152 430 in
3178 374 3470 445 Evangelia

167 488 283 534 tur.
314 477 372 535 Si
401 490 535 546 ergo
564 488 672 530 non
698 471 1018 537 resurrexit,
1052 482 1154 525 nec
1183 466 1342 522 nobis
1387 467 1616 522 remissa
1650 473 1778 521 sunt

169 583 422 644 peceata.

246 662 392 734 Ergo
418 671 464 714 et
489 660 579 732 qui
608 658 930 714 dormierunt
960 658 1012 711 in
1042 655 1269 721 Christo,
1300 653 1586 722 perierunt.
1613 652 1773 707 Maxi-

168 768 263 808 me
286 753 355 808 de
396 752 480 807 his
510 750 663 813 dicit,
704 749 794 819 qui
847 763 948 816 pro
976 746 1196 802 Christo
1229 755 1357 801 sunt
1390 746 1627 800 mortui:
1661 744 1779 799 sine

167 861 340 901 causa
387 846 535 901 enim
563 846 703 900 hanc
736 842 899 898 vitam
950 839 1343 910 perdiderunt,
1371 839 1420 895 si
1460 838 1619 894 aliam
1669 852 1775 893 non

167 938 473 994 habebunt.

244 1028 311 1084 Si
339 1029 393 1082 in
421 1026 522 1081 hac
562 1027 665 1081 vita
695 1034 897 1080 tantum
925 1026 977 1080 in
1007 1024 1214 1080 Christo
1245 1030 1514 1097 sperantes
1548 1034 1727 1078 sumus
1761 1037 1780 1077 :

168 1120 578 1175 miserabiliores
607 1134 787 1173 sumus
809 1117 1045 1172 omnibus
1066 1116 1378 1172 hominibus.
1410 1115 1496 1172 illi
1523 1115 1668 1170 enim
1691 1113 1779 1168 vel

167 1212 224 1266 in
261 1212 519 1281 praesenti
561 1211 895 1279 gloriantur:
926 1224 1026 1264 nos
1053 1217 1236 1265 autem
1271 1209 1358 1264 hic
1388 1206 1778 1262 tribulationes

169 1301 419 1373 quotidie
444 1302 799 1356 sustinemus.

246 1395 407 1450 Nunc
450 1404 623 1449 autem
661 1392 898 1446 Christus
946 1391 1228 1447 resurrexit
1275 1407 1307 1443 a
1352 1389 1591 1444 mortuis.
1622 1387 1779 1457 Quod

184 1486 329 1557 apud
350 1501 541 1542 omnes
566 1493 647 1540 est
669 1494 912 1539 certum:
949 1485 1071 1552 quia
1102 1484 1154 1538 in
1171 1482 1356 1552 primis
1372 1481 1656 1551 probatum
1672 1491 1776 1535 est.

250 1578 514 1632 Primitia:
562 1577 947 1632 dormientium.
982 1574 1117 1643 Quia
1151 1574 1360 1646 primus
1405 1573 1459 1628 in
1500 1572 1781 1642 incorrup-

169 1675 325 1728 tione
350 1672 614 1727 surrexit.
643 1672 696 1726 Si
729 1686 859 1741 ergo
886 1679 1052 1738 caput
1082 1668 1415 1732 resurrexit,
1441 1680 1663 1722 necesse
1694 1672 1780 1722 est

166 1767 337 1820 ctiam
375 1776 429 1818 ut
459 1777 655 1820 cetera
686 1762 930 1819 membra
957 1770 1272 1832 sequantur.

245 1858 514 1926 Quoniam
550 1856 758 1926 quidem
788 1874 879 1929 per
907 1854 1171 1911 hominem
1210 1870 1346 1909 mors
1368 1894 1384 1922 ,
1416 1863 1463 1907 et
1492 1869 1582 1925 per
1611 1852 1779 1921 homi—

163 1968 288 2006 nem
322 1951 633 2005 resurrectio
660 1959 1004 2003 mortuorum.
1029 1947 1185 2005 Sicut
1214 1961 1312 2016 per
1334 1945 1506 2000 Adam
1526 1959 1674 2017 mors
1699 1945 1779 1999 in-

165 2045 358 2109 travit,
390 2045 514 2113 quia
544 2042 755 2114 primus
787 2042 904 2110 ipse
934 2050 1019 2096 est
1061 2049 1342 2095 mortuus:
1375 2039 1449 2094 ita
1492 2053 1590 2107 per
1619 2036 1775 2093 Chri-

162 2146 319 2192 stum
364 2137 724 2198 resurrectio,
757 2134 883 2205 quia
917 2134 1127 2204 primus
1144 2131 1467 2189 resurrexit.
1519 2130 1590 2185 Et
1635 2130 1777 2184 sicut

167 2232 266 2285 ille
290 2229 641 2283 morientium
671 2228 842 2283 forma
873 2235 999 2282 est:
1030 2227 1101 2281 ita
1130 2234 1185 2280 et
1223 2226 1326 2280 iste
1351 2223 1772 2293 resurgentium.

163 2320 395 2377 Aliter:
425 2335 576 2389 spem
620 2318 1038 2375 resurrectionis
1080 2319 1269 2373 volens
1308 2315 1603 2372 ostendere
1625 2356 1640 2381 ,
1673 2314 1775 2371 hoc

164 2414 348 2469 dicit:
390 2414 532 2469 sicut
581 2414 637 2467 in
689 2414 860 2469 Adam
913 2412 1170 2468 mortales
1217 2425 1438 2466 sumus:
1482 2409 1563 2465 sic
1618 2418 1673 2465 et
1720 2410 1772 2465 in

166 2506 404 2562 Christo
433 2505 765 2561 immortales
794 2504 1018 2560 erimus.

247 2599 319 2652 Et
350 2600 481 2654 sicut
510 2600 564 2653 in
601 2600 771 2653 Adam
805 2615 981 2652 omnes
1008 2600 1306 2653 moriuntur
1328 2614 1347 2652 .'
1378 2598 1450 2652 ita
1477 2604 1525 2657 et
1551 2596 1604 2649 in
1625 2594 1775 2649 Chri-

166 2703 257 2747 sto
292 2709 470 2747 omnes
496 2692 911 2762 vivificabuntur.
952 2690 1156 2746 Omnes
1188 2690 1408 2762 quidem
1446 2697 1730 2758 resurgent
1755 2729 1771 2753 ,

167 2783 275 2839 sed
328 2784 431 2837 soli
485 2782 540 2838 bi
593 2782 1015 2838 vivificabuntur
1060 2783 1117 2837 in
1162 2782 1404 2847 Christo,
1437 2781 1529 2851 qui
1569 2778 1772 2835 Christi

169 2874 538 2930 merebuntur
578 2875 826 2945 copulari
859 2874 1098 2945 corpori.
1140 2873 1275 2929 Item
1301 2879 1357 2928 et
1388 2872 1461 2928 de
1495 2869 1770 2927 communi

170 2975 377 3031 morte,
402 2976 454 3019 ct
480 2965 547 3022 de
572 2966 969 3022 resurrectione
1000 2965 1147 3021 dicit.
1234 3012 1239 3015 Α

252 3056 619 3131 Unusquisque
662 3069 837 3113 autem
872 3059 924 3113 in
966 3074 1059 3113 suo
1107 3057 1308 3113 ordine.
1353 3054 1640 3127 Temporis
1684 3053 1770 3109 vel

169 3150 423 3207 honoris.

246 3241 507 3299 Primitiae
531 3244 764 3301 Christus
790 3260 807 3298 :
830 3242 1020 3298 deinde
1048 3243 1123 3309 hi,
1155 3242 1242 3313 qui
1278 3253 1400 3297 sunt
1428 3240 1653 3313 Christi:
1680 3238 1767 3310 qui

165 3339 223 3393 in
253 3340 477 3394 adventu
515 3342 630 3412 ejus
672 3339 1024 3394 crediderunt.
1066 3335 1272 3392 Deinde
1302 3336 1445 3407 finis.
1478 3335 1632 3390 Tunc
1665 3334 1769 3389 erit

164 3432 296 3488 linis
333 3433 599 3503 omnium,
647 3434 809 3490 etiam
868 3431 1080 3497 mortis,
1129 3446 1251 3486 cum
1301 3429 1540 3485 universi
1583 3442 1768 3484 resur-

164 3534 317 3597 gent.

241 3620 374 3675 Cum
397 3620 671 3674 tradiderit
691 3636 907 3690 regnum
935 3618 1039 3673 Deo
1062 3625 1111 3672 et
1144 3616 1315 3671 Patri.
1345 3616 1591 3687 Regnum
1618 3613 1768 3670 scili-

162 3725 259 3771 cet
289 3716 509 3771 humani
539 3717 786 3785 generis,
820 3714 1120 3770 secundum
1156 3712 1300 3769 Petri
1348 3711 1637 3780 epistolam
1664 3748 1679 3774 ,
1712 3716 1767 3764 et

161 3806 553 3878 Apocalypsim
580 3806 828 3874 Joannis,
860 3806 1007 3862 Patri
1040 3803 1363 3860 tradendum
1404 3801 1602 3858 asserit
1643 3815 1765 3856 esse

164 3914 266 3969 per
295 3900 490 3956 Filium
516 3919 528 3954 :
566 3910 623 3956 ut
654 3901 729 3956 ibi
753 3908 944 3972 regnet
973 3901 1113 3956 Deus
1144 3914 1241 3969 per
1268 3897 1522 3969 gloriam,
1551 3896 1643 3952 ubi
1671 3912 1765 3967 per

166 3993 303 4047 vitia
326 3993 578 4048 diabolus
602 4003 730 4048 ante
757 3993 1038 4063 regnabat.
1068 3993 1178 4047 Deo
1208 3999 1266 4047 et
1297 3990 1464 4045 Patri.
1501 3990 1643 4055 Deo,
1674 4004 1763 4044 se-

160 4086 404 4142 cundum
448 4087 871 4143 humanitatem:
917 4086 1101 4150 Patri,
1138 4084 1436 4141 secundum
1480 4083 1760 4139 deitatem.

160 4181 283 4235 lloe
303 4179 426 4235 loco
448 4180 767 4235 calumniari
792 4181 973 4235 solent
1010 4177 1228 4243 Ariani,
1262 4178 1504 4233 dicentes
1526 4217 1541 4243 ,
1585 4178 1763 4230 mino-

160 4286 283 4328 re.n
311 4287 434 4341 esse
468 4271 692 4327 Filium.
747 4272 805 4327 Si
844 4272 988 4327 enim
1022 4270 1239 4337 tradet,
1276 4270 1567 4339 inquiunt,
1618 4268 1762 4323 Patri

159 4380 433 4434 regnum:
478 4364 596 4436 ipse
642 4366 831 4436 utique
870 4366 979 4434 jam
1027 4379 1256 4435 regnare
1286 4364 1521 4420 desinet.
1556 4364 1763 4431 Quibus

161 4458 342 4527 primo
373 4458 663 4513 dicendum
687 4466 812 4516 est:
839 4458 964 4528 quia
993 4456 1081 4513 hic
1100 4472 1209 4512 non
1235 4456 1304 4512 de
1326 4457 1609 4513 Trinitatis
1637 4456 1765 4512 sub-

1881 466 2052 522 dicit:
2085 466 2257 522 Nemo
2290 468 2438 523 venit
2464 466 2530 521 ad
2558 467 2797 535 Patrem,
2830 468 2933 523 nisi
2963 483 3056 535 per
3088 483 3193 523 me.

1884 582 1895 591 -
1954 559 2084 615 Cum
2107 560 2424 616 eracuaverit
2453 575 2654 614 onmem
2682 561 3053 632 principatum,
3084 570 3132 615 et
3154 567 3481 631 potestatem,

1880 658 1931 706 et
1958 652 2214 707 virtutem.
2248 651 2529 706 Evaeuatis
2550 652 2804 720 peccatis,
2831 652 3242 709 evacuabuntur
3263 667 3292 706 a
3324 651 3482 707 nobis

1882 760 2075 802 omnes
2113 746 2403 800 contrariae
2435 752 2733 814 potestates
2765 762 2778 799 :
2808 744 2880 799 ab
2908 759 2978 800 eo
2999 785 3013 811 ,
3052 744 3197 815 quod
3227 743 3385 798 nobis
3422 758 3482 799 se
3562 801 3568 807 ,

1880 840 2245 909 sequentibus
2274 838 2657 909 principantur
2696 846 2965 907 potestate
2987 879 3003 906 ,
3048 853 3155 909 qua
3196 853 3295 894 nos
3327 838 3480 894 vice-

1882 940 2025 988 rant.
2066 934 2244 989 Virtns
2268 934 2413 988 enim
2441 948 2655 1001 eorum,
2689 942 2875 989 nostra
2906 942 3126 1005 peccata
3160 942 3308 988 sunt.

1958 1024 2171 1095 Oportet
2219 1034 2398 1081 autem
2435 1026 2586 1081 illum
2638 1042 2877 1095 regnare,
2923 1028 3087 1080 donec
3124 1036 3302 1099 ponat.
3343 1025 3479 1082 Cum

1882 1118 2139 1172 omnibus
2170 1118 2384 1173 scilicet
2411 1119 2543 1174 suis.
2580 1118 2795 1184 Donec,
2828 1133 2935 1173 non
2967 1133 3191 1189 semper
3224 1118 3387 1173 tinem
3411 1120 3486 1173 si-

1881 1210 2101 1281 gniﬁcat
2126 1224 2141 1265 :
2169 1212 2312 1269 sicut
2332 1221 2415 1267 est
2445 1212 2574 1267 illud
2602 1230 2615 1267 :
2650 1212 2763 1283 Ego
2787 1212 2928 1267 Deus
2961 1220 3165 1277 vester,
3193 1212 3368 1269 donec
3396 1228 3485 1270 se-

1885 1304 2153 1370 nescatis,
2188 1313 2241 1359 et
2286 1313 2482 1360 caetera
2526 1304 2676 1359 talia.
2724 1303 3233 1373 Atiter:0portet,
3269 1304 3483 1376 inquit,

1883 1412 2110 1467 regnare
2140 1398 2394 1453 omnibus
2422 1398 2721 1464 Christum,
2756 1399 2933 1453 donec
2965 1399 3235 1465 inimicos,
3261 1411 3315 1452 et
3342 1399 3392 1452 in
3426 1414 3486 1454 se

1885 1490 2220 1555 incredulos,
2246 1492 2500 1561 subjiciat
2526 1492 2627 1546 sibi
2647 1500 2701 1547 et
2725 1492 2895 1547 Patri.
2926 1492 3045 1547 Non
3067 1502 3149 1546 est
3171 1500 3348 1547 autem
3380 1504 3485 1547 una

1882 1583 2152 1654 subjectio
2182 1602 2194 1638 :
2230 1598 2352 1639 nam
2382 1585 2563 1653 jnstos
2588 1627 2602 1649 ,
2635 1586 2704 1640 ad
2738 1599 2797 1642 se
2827 1585 2932 1640 tide
2963 1594 3017 1640 et
3043 1585 3365 1641 credulitate
3391 1600 3486 1640 ve-

1884 1674 2119 1738 nientes,
2140 1674 2376 1745 subjicit.
2403 1674 2877 1741 lnﬁdelesautem,
2894 1685 2943 1730 et
2962 1676 3157 1745 impios
3171 1674 3479 1743 destruens,

1808 1777 1857 1838 Β
1883 1765 2195 1837 subjugabit
2218 1777 2425 1822 aaterno
2457 1767 2733 1838 supplicio
2760 1767 3121 1838 deputandos.

1956 1862 2145 1916 Omnes
2163 1862 2403 1916 inimicos
2424 1862 2516 1917 sub
2539 1862 2757 1933 pedibus
2776 1865 2910 1936 ejus.
2932 1863 3160 1931 Quando
3181 1861 3268 1917 alii
3292 1862 3486 1917 volun-

1881 1963 2015 2023 tate,
2043 1954 2135 2008 alii
2162 1963 2319 2009 erunt
2347 1955 2675 2011 necessitate
2703 1954 2962 2025 subjecti.

1950 2047 2243 2103 Nouissime
2278 2056 2450 2101 autent
2486 2048 2701 2101 inimica
2738 2048 3035 2102 destruetur
3087 2062 3247 2103 more.
3291 2046 3483 2102 Omnia

1880 2138 2017 2194 enim
2043 2138 2267 2211 subjecit
2294 2138 2389 2193 sub
2418 2138 2637 2211 pedibus
2661 2140 2799 2208 eius.
2828 2137 2958 2193 Cum
2988 2148 3163 2194 autem
3182 2140 3349 2206 dicat,
3371 2156 3482 2193 om-

1878 2231 1966 2285 nia
1992 2232 2223 2299 subiecta
2252 2240 2373 2284 sunt
2391 2230 2457 2284 εἰ.
2484 2230 2765 2295 Diabolus,
2796 2230 2888 2301 qui
2910 2230 2964 2285 in
2997 2230 3325 2302 Apocalypsi
3353 2246 3481 2298 pec-

1877 2335 2059 2382 catum
2081 2336 2136 2381 et
2165 2340 2314 2380 mors
2350 2325 2703 2395 appellatur:
2736 2326 2863 2395 quia
2905 2334 3098 2380 auctor
3139 2333 3226 2380 est
3268 2324 3477 2395 peccati

1876 2427 1932 2473 et
1960 2415 2172 2473 mortis.

1948 2510 2152 2565 Praeter
2176 2526 2299 2564 eum
2318 2552 2333 2577 ,
2368 2510 2457 2581 qui
2486 2509 2705 2579 subjecit
2728 2509 2777 2564 ei
2816 2510 3011 2564 omnia.
3041 2507 3212 2564 Caute
3241 2507 3477 2579 Aposto-

1875 2601 1960 2656 lus
1985 2602 2116 2658 dicit
2142 2600 2280 2656 Filio
2301 2643 2316 2667 ,
2339 2605 2429 2671 qui
2460 2601 2569 2656 Deo
2598 2601 2743 2655 Patri
2776 2601 3009 2669 subjecit
3030 2601 3209 2655 omnia
3232 2641 3248 2665 ,
3278 2602 3473 2655 cuncta
3568 2606 3579 2611 “

1875 2710 2001 2765 esse
2033 2695 2317 2764 subjecta:
2359 2709 2428 2750 ne
2469 2703 2526 2749 et
2557 2696 2733 2764 ipsum
2771 2694 2974 2759 simul,
3023 2690 3146 2748 cum
3193 2693 3470 2760 omnibus,

1874 2805 1994 2859 qua:
2024 2789 2264 2857 subjecta
2295 2799 2452 2853 sunt,
2493 2787 2783 2843 credamus
2809 2802 2933 2843 esse
2960 2788 3306 2857 subjectum,
3339 2803 3472 2858 quo-

1875 2882 2020 2937 niam
2050 2896 2078 2934 a
2110 2880 2315 2936 dextris
2330 2880 2520 2935 Patris
2561 2880 2757 2936 sedet:
2786 2880 2989 2950 aequali
3026 2889 3294 2950 potestate
3343 2894 3467 2935 cum

1874 2973 2036 3029 Patre
2055 2973 2418 3043 iudicaturus.

1944 3066 2073 3122 Cum
2095 3075 2266 3121 autem
2292 3066 2527 3139 subjecta
2557 3066 2750 3137 fuerint
2786 3063 2868 3119 illi
2899 3066 3106 3131 omnia,
3142 3074 3263 3119 tunc
3284 3074 3333 3119 et
3360 3067 3471 3133 ipse

1797 3171 1843 3235 (ζ
1878 3160 2051 3215 Filius
2076 3160 2338 3230 subiectus
2365 3161 2465 3215 erit
2488 3161 2598 3226 illi,
2623 3161 2712 3229 qui
2741 3162 2963 3231 subjecit
3005 3160 3105 3214 sibi
3145 3161 3338 3215 omnia.
3372 3160 3471 3216 Hic

1873 3265 2088 3321 quoque
2114 3250 2299 3306 Ariani
2332 3249 2403 3305 ita
2433 3251 2853 3316 calumniantur,
2883 3258 2940 3305 ut
2963 3250 3169 3315 dicant,
3199 3252 3325 3318 quia
3348 3259 3472 3320 post

1872 3342 2331 3399 resurrectionem
2378 3341 2621 3396 omnium
2664 3350 2720 3396 et
2751 3342 2912 3395 linem
2937 3382 2952 3407 ,
2984 3342 3091 3395 erit
3120 3341 3299 3397 Filius
3328 3342 3474 3397 Patri

1868 3437 2166 3507 subjectus,
2202 3444 2262 3491 ut
2289 3437 2468 3491 minor
2494 3437 2707 3493 scilicet
2747 3436 2962 3506 majori.
2997 3437 3205 3505 Quibus
3235 3448 3467 3508 reSpon-

1869 3527 2104 3583 dendum
2139 3538 2220 3582 est
2245 3545 2258 3581 :
2282 3527 2697 3597 Subjectiouem-
2735 3543 2845 3582 non
2875 3542 3098 3597 semper
3127 3528 3197 3581 ad
3226 3528 3465 3583 diminu-

1870 3620 2069 3676 tionem
2100 3619 2325 3675 bonoris
2351 3620 2645 3691 pertinere,
2671 3621 2764 3675 sed
2790 3622 2953 3676 etiam
2982 3621 3049 3675 ad
3076 3620 3361 3679 cbaritatis
3388 3622 3467 3677 oi-

1869 3712 2086 3768 iicinm:
2117 3712 2353 3768 maxime
2394 3728 2516 3767 cum
2556 3721 2613 3768 et
2656 3712 3298 3783 spiritus-prophetarum
3344 3727 3470 3783 pro-

1868 3808 2046 3879 phetis
2071 3807 2287 3863 dicatur
2307 3822 2431 3863 esse
2452 3806 2751 3876 subjectus,
2777 3814 2837 3861 ut
2865 3820 2971 3861 non
3001 3808 3069 3860 sit
3095 3806 3236 3861 Deus
3261 3806 3333 3860 ibi
3356 3804 3469 3860 dis-

1866 3906 2161 3971 sensionis,
2190 3905 2286 3959 sed
2320 3905 2488 3972 pacis.
2516 3904 2583 3958 Et
2613 3904 2729 3972 ipse
2760 3903 3017 3957 Dominus
3038 3900 3238 3970 Joseph
3266 3914 3331 3955 ac
3351 3899 3464 3954 Ma-

1867 4002 1961 4057 ri:e
1987 3999 2244 4055 scribitur
2268 3998 2436 4051 fuisse
2463 3997 2764 4064 subjectus.
2796 3995 2945 4049 Multi
2968 4010 3101 4050 sane
3140 3994 3209 4049 de
3236 3994 3339 4049 hoc
3371 4007 3465 4048 ca-

1868 4094 2041 4167 pitulo
2061 4093 2281 4148 diversa
2312 4098 2622 4146 senserunt.
2651 4090 2784 4144 Nam
2810 4089 3031 4159 quidam
3059 4088 3254 4144 dicunt
3278 4129 3293 4154 ,
3326 4087 3469 4142 sicut

1868 4187 1921 4241 in
1954 4186 2068 4240 suis
2105 4183 2473 4240 esurientibus
2509 4182 2726 4249 esuriit,
2771 4182 2857 4235 vel
2904 4181 3160 4235 cibatur:
3202 4179 3273 4233 ita
3314 4189 3366 4234 et
3410 4179 3463 4233 in

1868 4277 2114 4334 Ecclesia
2149 4278 2309 4348 (qum
2337 4285 2419 4331 est
2454 4289 2656 4345 corpus
2684 4273 2845 4346 ejus)
2875 4275 2992 4344 ipse
3021 4274 3324 4343 subjicitur.
3359 4271 3466 4327 Alii

1867 4371 2037 4436 aiunt,
2071 4369 2213 4440 quod
2264 4369 2377 4438 ipsa
2414 4368 2649 4422 humana
2698 4375 2888 4421 natura
2912 4407 2926 4430 ,
2973 4380 3135 4437 quam
3167 4366 3364 4429 induit,
3409 4366 3462 4421 in

1865 4464 2164 4534 gratiarum
2209 4464 2482 4519 actionem
2513 4475 2729 4531 semper
2758 4460 2831 4513 sit
2866 4458 3109 4529 subjecta
3150 4457 3463 4514 divinitati:

156 4550 384 4613 stantia,
414 4550 509 4605 sed
532 4550 599 4605 de
624 4552 1035 4605 resurrectione
1057 4550 1365 4606 conﬁrmat.
1401 4550 1547 4622 Ergo
1566 4564 1760 4606 secun-
1790 4562 1837 4621 D
1866 4555 1951 4611 cui
1983 4571 2165 4610 secum
2200 4571 2366 4609 unum
2404 4553 2655 4609 faciendo
2678 4594 2694 4619 ,
2738 4552 2918 4606 omnia
2950 4551 3270 4621 subiecerit.
3312 4551 3465 4608 Multi

156 4643 287 4697 dum
319 4643 683 4699 substantiam
710 4644 833 4713 ejus
860 4643 1120 4712 loquitur,
1144 4642 1241 4715 qui
1268 4658 1303 4699 a
1325 4645 1553 4699 mortuis
1578 4657 1759 4699 resur-

156 4736 325 4791 rexit.
365 4735 424 4792 Si
464 4747 641 4792 tamen
684 4737 807 4793 ideo
854 4736 1105 4793 Christus
1158 4752 1266 4794 non
1322 4737 1589 4809 regnabit,
1633 4738 1757 4808 quia

155 4844 392 4899 regnum
430 4832 725 4886 traditurus
756 4838 838 4887 est
869 4831 1014 4887 Patri
1039 4848 1053 4886 :
1084 4846 1219 4903 ergo
1254 4846 1358 4886 nec
1379 4830 1539 4886 Pater
1568 4845 1761 4901 regna-

154 4931 265 4984 rat,
296 4928 590 4991 antequam
632 4922 684 4977 ei
727 4923 972 4977 tradatur
1010 4937 1039 4977 a
1086 4922 1244 4978 Filio.
1291 4922 1347 4979 Si
1370 4931 1550 4978 autem
1598 4922 1759 4978 Pater

152 5027 270 5070 non
300 5023 429 5069 tunc
458 5014 694 5085 primum
734 5016 1000 5086 regnavit,
1039 5015 1286 5086 quamvis
1332 5023 1463 5070 tunc
1500 5013 1758 5085 suscipiat

152 5123 431 5178 regnum:
463 5123 566 5165 nec
595 5108 768 5164 Filius
792 5108 959 5176 illud,
984 5109 1231 5180 quamvis
1264 5117 1388 5163 tunc
1433 5108 1647 5163 tradere
1676 5108 1758 5163 vi-

153 5200 378 5265 deatur,
409 5199 624 5259 amittit.
673 5201 877 5256 Aliter:
923 5199 979 5255 In
1025 5200 1128 5256 hoc
1169 5200 1282 5256 Deo
1327 5206 1464 5271 patri
1509 5200 1755 5255 Christus

150 5306 387 5362 regnum
407 5291 593 5356 tradit,
616 5291 876 5363 quoniam
900 5306 1061 5348 nemo
1083 5300 1255 5362 potest
1278 5292 1343 5348 ad
1365 5293 1583 5349 Patrem
1607 5293 1752 5348 veni-

150 5504 153 5505 '
228 5509 255 5536 ι
284 5498 484 5553 Vlcarii
505 5513 606 5567 pro
627 5500 854 5555 mortuis
876 5499 1129 5568 baptismi
1154 5514 1362 5556 morem
1376 5498 1572 5567 respici
1596 5498 1741 5553 hisce

147 5571 225 5642 ab
252 5570 520 5637 Apostulo
557 5571 735 5625 verbis
762 5613 777 5634 ,
812 5572 1005 5625 scribit
1037 5572 1370 5642 Epiphanius
1402 5573 1595 5629 meres.
1642 5572 1737 5625 9.8.

148 5641 275 5698 Prae
298 5642 455 5710 cujus
484 5645 754 5713 sententia
784 5643 900 5697 haec
933 5651 1017 5697 est
1060 5641 1190 5696 vero
1240 5646 1461 5713 pr0pior
1502 5643 1739 5697 attetoris

148 5716 351 5775 nostri,
382 5715 468 5779 qui
501 5714 552 5766 in
585 5712 780 5767 Christi
813 5722 987 5767 morte
1017 5712 1278 5782 baptizari
1304 5713 1559 5781 explicat.
1594 5715 1737 5768 (Jon-

148 5789 235 5843 ter
285 5783 454 5857 ipsius
508 5786 758 5856 Apostoli
800 5784 963 5843 aliam
1003 5785 1300 5857 Epistolam
1350 5785 1417 5841 ad
1465 5786 1739 5841 Romanos

1863 4646 2027 4702 etiam
2057 4646 2185 4712 alia,
2208 4654 2263 4701 et
2292 4644 2514 4698 diversa
2541 4642 2762 4709 dicunt,
2797 4656 2917 4711 quas
2952 4643 3201 4698 inserere
3244 4650 3301 4697 et
3323 4657 3462 4697 enu-

1865 4751 2080 4795 merare
2104 4738 2375 4807 prolixum
2404 4745 2508 4791 est.
3044 4786 3047 4791 ,

1937 4834 2007 4891 Ut
2037 4835 2105 4889 sit
2127 4834 2268 4889 Deus
2300 4834 2476 4887 omnia
2504 4833 2559 4886 in
2602 4831 2856 4886 omnibus.
2891 4830 3045 4886 Tunc
3093 4830 3235 4885 Deus
3279 4828 3462 4883 omnia

1862 4929 1915 4983 in
1947 4927 2199 4982 omnibus
2234 4925 2359 4991 erit,
2386 4939 2510 4981 cum
2541 4931 2799 4979 evacuata
2836 4932 3048 4990 morte,
3083 4932 3137 4977 et
3168 4921 3314 4976 omni
3346 4935 3463 4973 ma-

1860 5022 1995 5086 litia,
2025 5020 2113 5075 vel
2136 5032 2323 5075 errore
2361 5017 2662 5082 destructo,
2688 5016 2839 5072 solus
2863 5015 3111 5085 regnabit
3141 5015 3194 5068 in
3226 5012 3458 5067 cunctis.

1932 5113 2180 5183 Alioquin
2200 5111 2324 5182 quid
2351 5110 2566 5181 facient,
2596 5111 2685 5181 qui
2715 5108 3045 5181 baptizantur
3068 5120 3163 5176 pro
3193 5104 3411 5158 mortuis
3437 5105 3462 5158 Ρ

1857 5208 2198 5277 Quicumque
2252 5204 2509 5275 baptizati
2558 5219 2747 5258 sumus
2790 5204 2841 5257 in
2877 5199 3138 5265 Christo,
3179 5198 3234 5252 in
3286 5206 3462 5255 morte

1859 5308 1885 5339 ι
1916 5299 2089 5369 ipsius
2118 5297 2374 5368 baptizati
2403 5309 2612 5363 sumus,
2648 5295 2702 5351 id
2724 5304 2838 5358 est,
2867 5293 2979 5363 jam
3008 5289 3162 5362 quasi
3186 5305 3459 5346 commor-

1847 5514 1901 5552 vt
1931 5500 1984 5555 5.
2020 5497 2185 5551 Paulo
2216 5496 2372 5551 aliter
2396 5494 2623 5549 Cosmas
2660 5490 3034 5560 indopleustes
3082 5504 3175 5543 vm
3219 5503 3268 5557 p.
3301 5486 3450 5541 280:

1848 5570 2200 5641 Βαπτιζόμεθα
2235 5571 2617 5655 μθστικώτερον
2661 5566 2793 5649 ὑπὲρ
2839 5570 2942 5652 τίῆν
2965 5564 3222 5652 ἡμετέρων
3261 5564 3454 5647 usupr

1849 5634 2098 5713 σωμάτωῦ
2126 5634 2494 5699 κατάδύνοντες
2529 5634 2576 5691 ’ἐν
2609 5644 2678 5706 τῷ
2704 5634 2832 5707 ἁῴὶῳ
2859 5634 3031 5697 ὕδατι,
3056 5634 3152 5699 quoii
3180 5634 3453 5713 ἀναδύηογ-

1848 5703 1938 5773 τεέ
1959 5712 2048 5768 ἀπ’
2069 5713 2310 5779 ἐνθεῦθεν,
2344 5703 2660 5781 μιμούμενπ
2678 5703 2885 5781 θὰὗαξτον
2910 5707 3325 5781 κριὲ-ἀνάστασιν..
3359 5703 3453 5781 1ξί-

1848 5771 2018 5841 dorus
2049 5798 2262 5856 quoque
2291 5771 2569 5838 retusus.
2601 5780 2639 5834 Ι.
2674 5794 2692 5833 t
2729 5779 2890 5851 epist.
2929 5776 3031 5834 221
3062 5771 3451 5844 εΒαπτιζὸμεθα
