3978 6286
544 343 651 402 767

1582 341 1642 401 S.
1684 328 2071 401 IIIERONYMI
2110 343 2396 404 OPERUM
2438 345 2805 407 MANTISSA.
3722 359 3798 419 768

551 461 630 517 tui
682 475 805 518 cum
846 458 940 516 illo
991 469 1201 515 sumus.
1242 456 1385 525 Quid
1420 470 1552 530 ergo
1601 458 1829 529 prodest
1874 474 1972 516 nos
2016 459 2142 516 huic
2169 460 2222 521 Α
2318 462 2598 534 Evigilute,
2640 464 2798 537 justi,
2827 473 2875 521 et
2919 465 3077 524 nolite
3116 484 3346 540 peccare.
3398 469 3493 528 Ille
3531 470 3698 544 justus
3719 488 3797 549 est,

547 554 753 612 mundo
781 550 956 618 mori,
996 551 1043 607 si
1071 551 1217 607 hunc
1261 560 1630 623 contemptum
1676 552 2013 624 voluptatum
2064 553 2150 609 vi-

553 656 607 703 ta
639 662 747 702 non
778 644 1025 715 sequitur
1055 644 1301 700 aeterna?
1332 642 1467 700 Item
1498 642 1604 700 hoc
1630 652 1714 699 est
1736 685 1752 711 ,
1799 644 1945 715 quod
1975 643 2146 715 dicit,

550 740 677 812 quia
725 753 831 794 non
870 737 1046 794 solum
1097 744 1321 809 propter
1373 736 1752 794 remissionem
1798 746 2149 807 peccatorum

552 833 927 905 baptizantur,
960 831 1057 889 sed
1100 840 1152 887 et
1188 838 1413 902 propter
1457 830 1915 886 resurrectionem
1966 831 2153 887 carnis

553 936 777 983 nostrae.
805 926 1039 982 Carnem
1081 933 1263 980 autem
1293 934 1536 980 nostram
1578 931 1845 980 mortuam
1876 923 2149 994 appellat,

553 1018 811 1089 quoniam
841 1016 942 1073 hac
964 1028 1144 1073 morte
1169 1016 1346 1071 anima
1375 1030 1481 1072 non
1513 1015 1767 1071 moritur.
1792 1014 1947 1071 Unde
1976 1015 2152 1071 incre-

556 1109 736 1181 pando
783 1110 901 1165 ait:
941 1109 1052 1165 Aut
1098 1108 1227 1181 quid
1265 1107 1501 1175 facient,
1541 1108 1634 1179 qui
1663 1108 2013 1179 baptizantur
2055 1122 2153 1178 pro

556 1202 825 1270 mortuis,
866 1202 912 1257 si
941 1203 1167 1258 omnino
1208 1201 1407 1257 mortui
1436 1216 1547 1256 non
1586 1201 1996 1273 resurgunt?“
2024 1211 2107 1256 est
2132 1242 2150 1271 ,

557 1293 688 1364 quid
721 1293 984 1365 baptizari
1017 1308 1154 1365 opus
1178 1301 1264 1349 est
1288 1307 1511 1349 carnem
1535 1336 1550 1363 ,
1585 1293 1631 1348 si
1656 1308 1762 1348 non
1792 1293 2082 1363 resurgat?

633 1386 695 1442 Si
734 1387 944 1440 omnino
974 1386 1167 1439 mortui
1220 1401 1322 1439 non
1364 1394 1656 1456 resurgunt,
1690 1384 1874 1453 utquid
1897 1392 1945 1439 et
1983 1384 2155 1453 bapti-

559 1486 747 1533 zantur
800 1493 894 1547 pro
938 1476 1093 1532 illis?
1144 1476 1336 1548 thuid
1391 1485 1439 1532 et
1485 1494 1576 1531 nos
1622 1476 1976 1548 periclitamur
2016 1478 2155 1531 muni

564 1571 727 1624 hora?
750 1568 807 1625 Si
829 1569 967 1625 nihil
991 1578 1140 1627 esset
1166 1571 1221 1625 in
1249 1569 1453 1640 futuro,
1481 1584 1587 1625 non
1607 1583 1824 1625 eramus
1848 1580 1955 1625 tam
1978 1570 2154 1638 stulti,

565 1672 623 1719 ut
646 1672 821 1719 tantas
846 1663 1230 1721 tribulationes
1256 1679 1355 1734 pro
1382 1663 1487 1721 illis
1518 1676 1849 1735 pateremur.

640 1756 881 1823 Quotidie
924 1759 1134 1812 morior.
1179 1756 1408 1829 Semper
1454 1767 1669 1827 paratus
1712 1757 1778 1811 ad
1811 1766 2060 1825 mortem,
2105 1766 2160 1814 et

2255 555 2350 627 qui
2381 573 2487 612 non
2520 566 2732 628 peccat.

2325 646 2693 722 Ignorantiam
2741 650 2879 705 enim
2926 650 3025 707 Dei
3072 653 3285 725 quidam
3335 655 3543 712 habent.
3595 659 3801 731 Ignorant

2253 741 2505 798 virtutem
2536 742 2653 811 Dei,
2696 743 2789 814 qui
2819 758 2945 800 eum
2978 754 3173 815 putant
3202 747 3471 805 suscitare
3500 765 3608 806 non
3638 768 3798 824 posse:

2260 835 2559 907 potentiam
2587 834 2706 906 ejus
2733 851 2802 892 ex
2830 851 2928 891 sua
2958 837 3328 896 imbecillitate
3355 852 3661 900 censentes.

2325 930 2407 983 Ad
2448 930 2785 984 reverentiam
2826 930 2964 985 vobis
3003 931 3205 1003 loquor.
3257 932 3330 989 Ut
3369 936 3695 994 erubescatis
3731 956 3801 997 vos

2260 1021 2347 1078 his
2378 1022 2745 1091 sermonibus,
2771 1030 3043 1094 tamquam
3073 1023 3251 1080 adhuc
3273 1029 3530 1097 parvulos
3556 1031 3752 1087 erudiri.

2331 1117 2438 1173 Sed
2483 1116 2619 1172 dicet
2664 1117 2877 1187 aliquis.
2920 1120 3043 1189 Ipse
3093 1120 3196 1176 sibi
3251 1137 3316 1177 ex
3364 1124 3803 1184 contradicentium

2255 1225 2487 1284 persona
2542 1211 2817 1281 proponit.
2871 1211 3049 1268 Aliter
3112 1232 3124 1266 :
3183 1214 3516 1273 Prmclarum
3577 1218 3673 1275 hoc
3716 1222 3804 1278 loco

2255 1304 2553 1376 Apostolus
2608 1306 2676 1362 de
2732 1307 3137 1363 resurrectione
3188 1310 3393 1377 carnis,
3452 1312 3799 1370 frumentorum

2256 1400 2421 1456 sumit
2460 1400 2767 1471 exemplum
2790 1446 2803 1472 ,
2845 1416 3078 1473 quorum
3122 1416 3334 1473 semen,
3368 1420 3493 1460 cum
3530 1407 3717 1463 nudum
3746 1424 3805 1464 se.

2255 1502 2431 1562 ratur,
2467 1508 2572 1549 non
2606 1493 2682 1550 ita
2711 1504 2768 1549 ut
2812 1504 2972 1551 terrai
3018 1494 3327 1565 mandatur,
3360 1499 3708 1556 renascitur:
3736 1501 3803 1557 sui

2259 1588 2401 1643 sicut
2439 1587 2493 1643 in
2540 1588 2807 1659 principio
2841 1589 3141 1645 secundum
3170 1590 3417 1647 ordinem
3450 1592 3723 1664 unicuique
3746 1610 3807 1649 sc-

2260 1684 2487 1745 minum,
2521 1682 2680 1754 quale
2712 1697 2913 1753 corpus
2940 1684 3085 1739 Deus
3124 1698 3247 1740 esse
3275 1685 3555 1755 praecepit,
3584 1697 3637 1742 et
3663 1703 3807 1759 quem—

2263 1776 2553 1833 admodum
2590 1776 2754 1847 jussit
2798 1785 2999 1831 terram
3033 1777 3336 1847 producere
3363 1779 3698 1835 ordinatione
3719 1796 3805 1847 sua,

564 1849 810 1920 quotidie
852 1858 1112 1920 exspecto
1142 1865 1229 1906 me
1261 1865 1358 1921 pro
1398 1860 1580 1907 vestra
1607 1851 1779 1921 gloria
1810 1852 2155 1907 moriturum.

2280 1871 2425 1926 iurat
2459 1878 2514 1927 et
2553 1879 2857 1940 permanet.
2896 1871 2975 1926 Ita
3008 1880 3063 1926 et
3108 1872 3404 1940 unicuique
3432 1874 3703 1930 hominum
3726 1890 3811 1931 car-

640 1943 744 1999 Per
770 1953 991 1999 vestram
1030 1945 1269 2015 gloriam,
1296 1945 1505 2015 fratres.
1534 1944 1660 2010 Per,
1693 1960 1803 2001 non
1844 1960 2061 2016 semper
2090 1944 2164 2001 si-

570 2037 847 2108 gnificatio
871 2038 1168 2108 juramenti
1199 2048 1301 2094 est.
1333 2037 1469 2094 Nam
1501 2038 1549 2093 si
1589 2038 1786 2102 dicam,
1819 2053 1916 2109 per
1935 2052 2162 2108 puerum

568 2130 691 2187 misi
719 2148 733 2191 :
765 2147 871 2187 non
903 2133 1083 2186 statim
1103 2146 1199 2202 per
1219 2147 1446 2203 puerum
1472 2129 1709 2201 jurasse,
1733 2139 1883 2187 recte
1909 2131 2162 2201 putabor.

645 2224 812 2292 Quum
839 2223 1003 2278 habeo
1047 2225 1100 2278 in
1130 2222 1334 2280 Christo
1370 2223 1500 2278 Jesu
1543 2221 1770 2279 Domino
1819 2233 2016 2279 nostro.
2052 2224 2166 2294 Ego

570 2318 749 2374 habeo
796 2318 1106 2375 mercedem
1146 2318 1395 2375 laborum
1441 2318 1496 2374 in
1540 2318 1733 2374 vobis:
1777 2318 1941 2375 etiam
1989 2318 2037 2375 si
2068 2333 2166 2375 vos

570 2410 837 2480 prolicere
863 2411 1167 2466 nolueritis.

644 2500 707 2557 Si
735 2502 1023 2555 secundum
1064 2501 1323 2555 hominem
1360 2501 1430 2554 ad
1469 2502 1656 2557 bestias
1679 2503 1908 2574 pugnavi
1951 2502 2164 2575 Ephesi,

570 2592 698 2663 quid
736 2592 864 2647 mihi
895 2594 1125 2665 prodest,
1166 2596 1211 2647 si
1240 2594 1433 2650 mortui
1463 2610 1562 2649 non
1590 2598 1903 2668 resurgunt?
1947 2596 2003 2653 Si
2032 2596 2168 2652 nihil

572 2688 1028 2744 remunerationis
1049 2704 1078 2743 a
1097 2688 1209 2744 Deo
1227 2704 1326 2758 pro
1344 2688 1453 2745 hoc
1474 2690 1772 2746 certamine
1794 2705 1982 2761 spero,
2001 2705 2169 2762 quare

573 2781 830 2851 pugnavi,
876 2790 934 2835 ut
963 2780 1272 2837 hominibus
1299 2781 1440 2838 forte
1468 2782 1777 2854 placerem?
1807 2784 2017 2841 Aliter:
2068 2784 2168 2842 Hic

572 2872 775 2929 bestias
802 2887 898 2931 eos
926 2884 1338 2943 commemorat,
1370 2876 1458 2945 qui
1486 2876 1687 2947 Ephesi
1711 2878 2035 2935 seditionem
2064 2879 2166 2935 ad.

575 2978 770 3020 versus
816 2979 940 3020 eum
986 2975 1269 3021 moverant
1321 2967 1659 3036 popularem,
1714 2977 1936 3040 propter
1982 2970 2164 3026 Dianas

573 3057 811 3124 idolum,
878 3058 1034 3129 cujus
1091 3058 1357 3114 culturam
1414 3060 1801 3129 prmdicatione
1865 3064 2165 3134 apostolica

572 3148 904 3207 destruebat.
955 3150 1107 3220 Quod
1139 3160 1319 3209 autem
1351 3152 1638 3210 manifeste
1672 3165 1906 3224 constet,
1938 3157 2161 3225 bestias,

571 3256 695 3297 cum
745 3242 942 3314 quibus
986 3245 1246 3314 pugnavit
1296 3245 1612 3315 Apostolus,
1671 3246 2018 3305 adversarios
2068 3243 2238 3308 lio-C

574 3335 752 3390 mines
801 3334 1005 3392 debere
1032 3336 1303 3408 intelligi:
1338 3337 1481 3394 idem
1529 3339 1585 3394 in
1626 3340 1729 3395 alia
1775 3341 2019 3413 Epistola
2054 3359 2169 3399 mc-

573 3434 773 3497 morat,
806 3425 1034 3483 dicens:
1080 3429 1148 3483 Et
1174 3428 1438 3485 liberatus
1480 3444 1600 3485 sum
1642 3430 1709 3486 de
1749 3446 1845 3487 ore
1884 3432 2074 3488 leonis.
2106 3433 2167 3490 In

573 3532 683 3589 quo
718 3517 961 3575 ostendit
987 3533 1051 3575 se
1080 3520 1345 3575 saevitiam
1387 3519 1618 3577 Neronis
1646 3522 1910 3588 evasisse,
1950 3524 2168 3595 quando

572 3611 747 3680 prima
795 3613 914 3667 vice
962 3612 1188 3668 Romam
1244 3617 1457 3671 vinctus
1505 3616 1769 3674 deductus
1818 3626 1922 3675 est.
1970 3619 2168 3678 Dicens

572 3715 727 3769 vero,
770 3703 899 3773 quid
932 3704 1064 3759 mihi
1104 3704 1348 3775 prodest,
1377 3707 1422 3761 si
1454 3708 1655 3764 mortui
1687 3724 1795 3765 non
1842 3714 2168 3782 resurgunt?

577 3793 793 3849 illorum
838 3793 1032 3865 dogma
1072 3796 1326 3865 destruit,
1370 3799 1460 3869 qui
1509 3799 1718 3868 dicunt,
1765 3811 1892 3859 ante
1934 3818 2168 3874 corpora

576 3886 788 3942 animas
837 3885 892 3942 in
941 3887 1081 3946 caelo
1130 3888 1317 3959 factas,
1370 3899 1547 3946 actum
1595 3892 1881 3963 quemdam
1931 3897 2169 3967 propriae

582 3981 1015 4038 conversationis
1056 3982 1332 4041 habuisse.
1364 3987 1536 4044 Aliter
1571 4006 1585 4046 :
1619 3989 1786 4047 Multa
1824 3992 2079 4050 dicuntur
2114 3997 2171 4051 in

576 4069 872 4140 Epistolis,
931 4089 1051 4143 quae
1110 4076 1163 4130 in
1221 4077 1445 4134 Actibus
1501 4096 1610 4136 non
1668 4082 2051 4154 continentur,
2114 4096 2170 4143 et

576 4164 745 4219 multa
779 4167 830 4219 in
870 4166 1115 4234 Actibus,
1146 4185 1267 4240 qum
1298 4172 1353 4226 in
1381 4171 1641 4243 Epistolis
1686 4191 1795 4233 non
1824 4178 2163 4237 scribuntur.

576 4256 681 4312 Per
724 4259 1041 4329 allegoriam
1085 4269 1263 4316 autem
1294 4262 1484 4320 bestia:
1529 4276 1757 4335 possunt
1806 4270 2032 4340 intelligi
2074 4272 2170 4328 ad-

576 4351 834 4406 versariae
876 4360 1200 4423 potestates,
1240 4354 1380 4410 sicut
1413 4357 1487 4412 ait
1514 4358 1569 4412 in
1595 4359 1850 4416 Psalmo:
1879 4361 1958 4418 Ne
1990 4363 2169 4420 tradas
2260 4366 2263 4367 ⁷

578 4440 768 4498 bestiis
808 4445 1018 4501 animas
1041 4448 1367 4505 confitentes
1395 4449 1490 4505 tibi
1518 4467 1531 4504 :
1565 4451 1632 4506 ad
1657 4468 1795 4523 quas
1828 4452 1915 4511 hic
1948 4454 2081 4511 dicit
2109 4471 2171 4515 se

579 4548 872 4604 pugnasse.

650 4625 1045 4703 Mauducemus,
1094 4641 1143 4689 et
1184 4634 1417 4692 bibamus

578 4721 823 4793 Increpat
857 4727 1109 4796 exemplo
1147 4728 1432 4800 Propheta:
1462 4734 1603 4803 gulae
1634 4734 1868 4805 deditos,
1914 4737 2169 4808 despera-

580 4816 726 4872 tione
759 4815 1065 4874 futurorum
1102 4836 1117 4874 :
1167 4822 1320 4893 cujus
1366 4826 1443 4880 rei
1474 4825 1683 4883 crimen
1724 4837 1950 4899 negatur
1977 4832 2057 4888 eis
2085 4847 2173 4889 re-

578 4909 722 4966 mitti
761 4913 1112 4983 quoadusque
1160 4916 1484 4975 moriantur.

649 5004 835 5061 Nolite
858 5009 1051 5063 sedaci.
1085 5010 1166 5064 Ab
1197 5011 1301 5073 his.
1335 5014 1427 5083 qui
1460 5016 1587 5072 talia
1618 5018 1931 5089 loquuntur.

650 5099 1002 5171 Corrumpunt
1039 5118 1203 5156 mores
1237 5104 1397 5159 bonos
1440 5109 1696 5180 colloquia
1722 5110 1881 5167 mala.
1919 5111 1996 5169 Ne
2023 5112 2172 5169 dice-

577 5201 725 5258 rent,
757 5208 887 5264 ergo
914 5196 1052 5252 tales
1093 5210 1192 5251 nos
1219 5197 1457 5267 judicas,
1489 5202 1580 5272 qui
1625 5202 1783 5259 facile
1811 5204 2169 5262 seducamur?

580 5298 689 5339 non
714 5283 908 5357 inquit,
939 5288 1010 5344 de
1041 5290 1195 5347 vobis
1241 5291 1449 5352 timeo:
1479 5294 1574 5349 sed
1603 5294 1671 5351 de
1700 5296 1916 5351 illorum
1945 5313 2175 5354 conver-

583 5376 794 5433 satione
822 5378 1076 5437 formido.
1109 5383 1217 5439 Sed
1241 5386 1515 5453 quomodo
1547 5388 1686 5442 mala
1710 5389 1977 5461 colloquia
1996 5391 2172 5449 bonos

579 5480 763 5524 mores
803 5482 1197 5543 corrumpunt:
1247 5475 1321 5532 ita
1357 5478 1666 5534 econtrario
1712 5480 1857 5538 bona
1900 5483 2170 5557 colloquia

582 5561 757 5619 malos
788 5577 969 5619 mores
998 5566 1291 5625 aediﬁcant.

578 5767 710 5846 ὑπὲρ
739 5777 839 5826 τῶν
846 5779 1044 5859 ,νεκρῶν
1064 5775 1211 5859 φύσει
1236 5780 1581 5859 σωμάτων-εἱς
1611 5784 1896 5859 ἀφθαρσέαν
1926 5787 2055 5859 αὐτὰ
2083 5807 2175 5859 μευ

575 5846 984 5907 τασκευασθῆνάι
1009 5846 1356 5912 nummi.
1392 5853 1544 5909 Paria
1570 5846 1766 5912 liaben't
1795 5846 2161 5913 Tertullianus

2265 1978 2411 2030 nem,
2439 1977 2600 2032 quam
2631 1962 3113 2042 unicuique_initio
3137 1965 3399 2021 nascendi
3428 1968 3726 2037 Specialiter
3747 1968 3815 2023 tri-

2264 2054 2401 2125 buit,
2432 2053 2485 2109 in
2526 2055 2932 2112 resurrectione
2960 2056 3238 2114 restituet.
3271 2058 3511 2115 Dicendo
3542 2069 3731 2127 autem,
3750 2061 3815 2115 dat

2267 2144 2347 2201 illi
2374 2160 2571 2217 corpus
2598 2146 2743 2202 sicut
2765 2145 2960 2215 voluit,
2993 2156 3047 2203 et
3074 2164 3205 2216 non,
3234 2150 3380 2206 sicut
3407 2151 3526 2206 vult
3556 2168 3573 2207 :
3604 2153 3813 2217 ostendit,

2266 2253 2297 2293 a
2347 2238 2611 2309 principio
2657 2238 3102 2296 constitutionem
3150 2241 3247 2298 Dei
3294 2243 3688 2302 immutabilem
3724 2260 3817 2317 pcr-

2269 2344 2513 2387 manere.

2345 2421 2612 2489 Quomodo
2653 2433 2920 2495 resurgent
2966 2425 3193 2481 mortui?
3236 2426 3395 2495 Quali
3446 2437 3622 2485 autem
3654 2447 3821 2501 corpore

2270 2515 2509 2571 venient?
2537 2515 2689 2572 Multi
2728 2517 2907 2573 solent
2933 2532 3241 2590 proponere
3271 2529 3458 2576 utrum
3488 2521 3686 2579 debilia
3724 2539 3819 2579 cor-

2268 2620 2425 2677 pora,
2467 2614 2526 2662 ut
2566 2615 2693 2663 sunt
2728 2606 3006 2676 defuncta,
3046 2620 3354 2683 resurgant.
3387 2612 3600 2681 Quibus
3640 2630 3824 2686 respon-

2270 2700 2504 2758 dendum
2536 2711 2641 2769 est,
2667 2703 2721 2757 in
2753 2705 3157 2762 resurrectione
3179 2723 3287 2762 non
3319 2706 3619 2765 debilitatis
3648 2710 3821 2773 vitium,

2270 2794 2367 2851 sed
2400 2795 2770 2866 integritatem
2816 2797 3056 2868 reparari
3096 2808 3324 2855 naturae.
3372 2799 3673 2873 Numquam
3712 2802 3824 2857 enim

2270 2898 2381 2945 tam
2412 2887 2589 2945 debile
2618 2899 2700 2945 est
2727 2904 2945 2961 corpus,
2976 2907 3137 2963 quam
3160 2908 3283 2949 cum
3306 2893 3473 2949 fuerit
3502 2896 3557 2950 in
3589 2895 3823 2967 pulverem

2270 2980 2590 3037 resolutum.
2623 2981 2722 3050 Qui
2745 2998 2873 3054 ergo
2897 2983 3145 3039 creditur
3185 2992 3356 3041 totum
3387 2986 3637 3053 reddere,
3665 3002 3749 3042 cur
3772 3001 3827 3041 ex

2271 3080 2424 3144 parte
2471 3087 2731 3144 reparare
2776 3074 3094 3131 dubiteturi
3164 3076 3270 3133 hoc
3319 3087 3425 3144 est,
3472 3079 3623 3136 verbi
3669 3078 3826 3148 gratia,

2270 3179 2368 3222 cur
2408 3180 2517 3220 non
2544 3165 2738 3222 reddat
2765 3166 2979 3234 oculos,
3012 3169 3107 3238 qui
3140 3177 3317 3224 totum
3352 3170 3607 3227 restituet
3635 3168 3830 3240 corpus?

2343 3255 2645 3328 Insipiens,
2695 3264 2751 3309 tu
2794 3258 2934 3327 quod
2981 3258 3207 3312 seminus
3256 3276 3360 3313 non
3409 3260 3714 3330 uiviﬁcatur,
3756 3258 3833 3312 nisi

2273 3349 2421 3419 prius
2476 3350 2747 3403 moriatur.
2806 3348 2909 3416 Qui
2981 3351 3143 3405 etiam
3203 3352 3546 3409 naturalibus
3601 3351 3831 3421 exemplis

2273 3440 2490 3497 edoceri
2520 3440 2814 3511 debueras,
2844 3441 3023 3499 adhuc
3048 3442 3245 3501 divinis
3288 3446 3735 3517 promissionibus
3768 3445 3831 3498 in-

2276 3532 2455 3588 fidelis
2488 3533 2699 3587 existis.

2343 3622 2411 3676 Et
2448 3621 2573 3694 quid
2622 3623 2881 3677 seminus?
2924 3622 3049 3678 Non
3090 3640 3300 3696 corpus,
3348 3627 3487 3695 quod
3526 3627 3752 3697 futurum
3781 3636 3834 3680 est

2272 3714 2490 3769 seminus
2520 3730 2539 3768 :
2582 3714 2672 3769 sed
2714 3714 2914 3769 nudum
2958 3731 3202 3787 granum,
3256 3726 3309 3769 ut
3359 3726 3508 3786 puta,
3553 3720 3726 3787 tritici,
3766 3726 3836 3769 aut

2273 3807 2498 3879 alicujus
2547 3813 2869 3860 cwterorum.
2920 3806 3076 3863 Sicut
3115 3805 3381 3879 degrano
3408 3811 3647 3878 resurgit
3686 3809 3836 3865 fecun-

2272 3898 2415 3967 dior,
2443 3912 2564 3952 cum
2595 3898 2781 3967 granis
2806 3897 2975 3954 arista
3018 3917 3030 3951 :
3075 3898 3151 3954 ita
3182 3907 3238 3955 et
3274 3901 3638 3972 corruptibile
3670 3914 3835 3969 corpus

2276 3992 2330 4049 in
2356 3992 2531 4063 gloria
2554 3992 2792 4063 resurgit
2823 4008 2945 4048 cum
2976 4002 3288 4065 augmento.

2345 4084 2485 4138 Deus
2531 4091 2706 4139 autem
2755 4085 2845 4137 dat
2897 4082 2981 4139 illi
3031 4101 3217 4154 corpus
3262 4085 3395 4140 sicut
3431 4087 3562 4140 vult.
3611 4087 3753 4143 Sicut
3787 4083 3840 4137 ab

2272 4178 2426 4234 initio
2466 4177 2755 4248 disposuit,
2785 4187 2843 4233 ut
2872 4182 3051 4235 omnia
3089 4180 3297 4237 semina
3327 4196 3450 4237 cum
3481 4181 3776 4250 putrucrint
3800 4178 3839 4230 in

2278 4270 2518 4340 amplius
2543 4268 2930 4326 reformentur.

2344 4360 2416 4416 Et
2457 4361 2731 4431 unicuique
2768 4362 3021 4416 seminum
3062 4364 3332 4435 praprium
3381 4380 3594 4435 corpus.
3644 4361 3845 4419 Attende

2271 4451 2395 4522 quia
2425 4452 2702 4521 proprium
2732 4465 2931 4523 corpus
2955 4452 3173 4520 dixerit,
3207 4469 3317 4510 non
3342 4454 3609 4510 alienum.

2346 4545 2471 4601 Non
2512 4545 2678 4599 omnis
2716 4561 2859 4615 curo,
2908 4548 3091 4602 eadem
3119 4562 3264 4615 caro,
3316 4548 3406 4603 sed
3435 4549 3543 4603 alia
3588 4547 3843 4609 hominem,

1457 4654 1476 4692 :
1528 4654 1642 4695 cras
1689 4641 1825 4696 enim
1860 4643 2164 4702 moriemur.
2196 4638 2250 4700 D
2274 4640 2381 4694 alia
2408 4655 2669 4712 pecorum.
2699 4639 2863 4710 Cujus
2890 4639 3043 4709 jussu
3072 4639 3127 4696 in
3169 4641 3439 4713 principio
3467 4650 3614 4698 terra
3648 4649 3781 4696 tanta
3804 4648 3846 4693 et

2278 4742 2387 4789 tam
2429 4732 2644 4789 diversa
2670 4747 2906 4805 corpora
2934 4735 3199 4804 animata,
3246 4750 3369 4807 quae
3400 4752 3510 4793 non
3562 4743 3842 4808 acceperat,

2277 4824 2462 4881 dedit:
2493 4825 2621 4896 quid
2648 4824 2845 4881 mirum
2875 4826 2921 4881 si
2954 4825 3071 4897 ejus
3096 4826 3251 4897 jussu
3282 4827 3566 4885 hominem
3598 4829 3845 4893 restituat,

2277 4930 2438 4988 quem
2463 4916 2707 4986 accepit?

2349 5010 2469 5066 Alia
2496 5008 2786 5078 uolucrum,
2817 5009 2926 5065 alia
2955 5018 3127 5066 autem
3154 5011 3401 5083 piscium.
3430 5011 3700 5068 Similiter
3726 5019 3775 5068 et
3796 5010 3848 5063 de

2279 5105 2436 5174 aquis
2467 5102 2728 5174 intellige,
2762 5118 2883 5173 qua:
2921 5111 3124 5159 tantam
3170 5102 3547 5160 diversitatem
3591 5105 3850 5162 volucrum

2281 5208 2337 5255 et
2369 5199 2595 5268 piscium
2620 5196 2925 5253 ediderunt.

2355 5291 2423 5346 Et
2452 5309 2670 5364 corpora
2696 5293 2943 5362 caelestia,
2974 5301 3023 5349 et
3053 5309 3273 5366 corpora
3295 5293 3583 5349 terrestria.
3615 5289 3721 5360 Qui
3751 5288 3854 5343 talia

2281 5386 2411 5443 fecit
2440 5400 2673 5457 corpora
2699 5384 3120 5453 elementorum,
3149 5401 3248 5443 cur
3280 5404 3390 5443 non
3422 5385 3597 5459 possit
3624 5385 3853 5454 exiguum

2280 5495 2482 5550 corpus
2510 5482 2806 5535 humanum
2840 5478 3102 5536 reticere?

2351 5574 2460 5630 Sed
2491 5575 2597 5629 alia
2636 5573 2842 5645 quidem
2868 5574 3150 5629 cwlestium
3187 5573 3355 5644 gloria
3381 5589 3400 5628 :
3440 5574 3548 5630 alia
3572 5582 3749 5630 autem
3771 5581 3856 5626 ter-

2282 5803 2335 5849 ν,
2381 5783 2450 5840 10
2476 5792 2663 5857 contra
2694 5784 3040 5855 Marcionem,
3065 5783 3492 5857 Cbrysostomus
3519 5828 3535 5857 ,
3583 5781 3861 5855 TlieOphy-

2272 5857 2468 5928 lactus,
2500 5856 2719 5926 aliique.
