3978 6286
132 328 245 389 ⁸769

879 320 1426 387 COMMENTARIUS
1464 325 1532 387 ΙΝ
1572 318 1964 387 EPISTOLAM
2005 327 2026 385 ι
2063 324 2157 385 AD
2194 320 2353 387 COR.
2391 326 2548 386 CAP.
2589 320 2708 386 XV.

3338 316 3445 384 770

130 444 410 500 restrium.
453 440 576 498 Alia
616 440 830 497 claritas
869 442 1035 497 solis:
1065 442 1173 498 alia
1219 442 1437 497 claritas
1482 443 1651 508 Iunce;
1699 450 1747 496 et
1773 442 1826 504 Α
1851 450 2070 513 portat:
2101 442 2283 514 justus
2322 458 2477 510 vero,
2508 442 2799 513 imaginem
2843 440 3066 499 Christi.
3114 440 3262 513 Ergo
3306 440 3447 498 sicut

134 536 253 591 alia
280 536 498 591 claritas
536 533 826 590 stellarum.
854 533 993 591 Tota
1022 534 1450 607 comparationis
1480 534 1640 606 hujus
1662 534 1744 591 di-

134 628 382 686 versitas
416 626 484 684 ad
516 626 622 684 hoc
666 626 821 694 facit,
850 635 909 683 ut
935 626 1129 684 credas
1174 643 1341 683 unum
1384 643 1557 700 genus
1587 642 1749 698 repa-

135 735 272 778 rare
300 720 462 778 facile
483 735 673 793 posse,
702 721 794 793 qui
824 728 974 777 tanta
996 719 1126 777 fecit
1146 735 1215 778 ex
1239 720 1437 778 nihilo.

217 815 391 871 Stella
417 815 553 871 enim
574 832 608 870 a
628 814 783 871 stella
805 813 981 883 di/l'ert
1010 815 1065 871 in
1090 815 1331 870 claritate
1352 831 1372 871 :
1402 816 1478 870 sic
1503 822 1549 870 et
1578 829 1749 869 resur-

138 911 307 966 rectio
351 918 701 966 mortuorum.
754 909 1047 967 Stellarum
1094 908 1424 976 diversitati,
1479 907 1749 979 justorum

144 1002 516 1061 differentiam
570 1012 897 1075 comparat:
947 1016 1083 1074 quos
1130 1002 1331 1073 gradus
1387 1001 1649 1057 virtutum
1695 1000 1751 1055 in

142 1096 349 1169 gloria,
407 1112 513 1153 non
562 1104 811 1168 peccata,
861 1094 1064 1151 facient
1116 1108 1241 1152 esse
1297 1094 1566 1151 diversos.
1615 1092 1750 1148 Nam

145 1198 503 1262 peccatorum
552 1190 843 1247 diversitas
896 1188 955 1246 in
1010 1188 1154 1247 coelo
1208 1203 1318 1247 non
1371 1189 1495 1257 erit,
1548 1187 1643 1245 sed
1696 1186 1751 1244 in

152 1298 345 1355 poena.

226 1374 534 1431 Seminatur
556 1373 611 1429 in
639 1374 1011 1448 corruptione:
1054 1381 1232 1448 surget
1260 1374 1313 1427 in
1344 1372 1753 1445 incorruptione.

150 1468 226 1525 Ut
271 1482 376 1524 nec
417 1467 599 1525 febres
634 1468 771 1539 jam,
797 1484 900 1526 nec
929 1479 1128 1525 ctetera
1169 1466 1639 1537 corruptibilitatis
1664 1483 1759 1540 ge-

157 1574 293 1617 nera
322 1560 621 1632 patiantur.
655 1560 825 1618 Aliter
864 1579 877 1616 :
908 1560 1124 1618 Sanctis
1160 1568 1216 1616 et
1260 1559 1639 1630 peccatoribus
1668 1576 1756 1616 re-

152 1655 431 1711 surrectio
492 1652 679 1710 carnis
729 1655 1037 1712 communis
1085 1663 1175 1710 est
1226 1670 1241 1707 :
1298 1651 1394 1709 sed
1445 1663 1757 1710 sanctorum

152 1762 391 1818 corpora
412 1755 613 1803 aaterna
640 1746 817 1819 gloria
842 1747 1173 1814 vestientur,
1203 1759 1327 1801 eum
1351 1744 1759 1817 incorruptione

158 1850 216 1896 et
247 1838 683 1896 immortalitate.

229 1932 537 1989 Seminatur
560 1934 613 1989 in
637 1930 981 2004 ignobilitate.
1011 1930 1153 2001 Quid
1194 1940 1303 1990 tam
1333 1930 1569 2005 ignobile
1599 1944 1760 2003 quam

154 2025 397 2085 cadaver
417 2025 441 2081 ‘t

232 2120 431 2191 Surget
458 2118 513 2172 in
538 2118 732 2191 gloria.
764 2117 822 2174 In
852 2116 1026 2190 gloria
1059 2115 1391 2189 splendoris,
1424 2125 1484 2173 ut
1512 2116 1615 2172 sol.

233 2212 545 2269 Seminatur
570 2212 623 2264 in
655 2210 977 2280 inﬁrmitate.
1009 2209 1407 2265 lmbecillitatis
1428 2209 1699 2265 humanas.

234 2304 430 2375 Surget
459 2304 515 2359 in
538 2304 743 2357 virtute.
771 2302 827 2357 In
860 2302 1059 2358 virtute
1081 2301 1423 2358 aeternitatis.

234 2397 545 2455 Seminatur
571 2411 762 2466 corpus
788 2395 1032 2461 animale,
1057 2402 1228 2466 surget
1260 2409 1445 2464 corpus
1474 2392 1762 2465 spirituale.

164 2492 227 2549 Si
250 2500 328 2547 est
354 2507 547 2561 corpus
568 2489 814 2559 animale,
845 2496 916 2544 est
947 2497 993 2543 et
1018 2487 1290 2561 spirituale
1318 2503 1337 2542 :
1363 2488 1499 2542 sicut
1518 2488 1768 2559 scriptum

175 2594 270 2640 est.
305 2583 411 2643 llic
437 2581 673 2638 animale
698 2589 783 2638 est
812 2596 1032 2652 corpus,
1065 2580 1188 2651 quia
1227 2594 1333 2635 non
1364 2594 1579 2651 semper
1609 2578 1772 2634 habet

169 2676 441 2749 Spiritum
468 2685 739 2732 sanctum.
766 2684 789 2713 α
820 2674 973 2731 Tunc
1000 2689 1131 2731 vero
1170 2689 1386 2745 semper
1434 2672 1676 2728 manebit
1712 2670 1767 2727 in

168 2767 397 2825 sanctis.
445 2767 579 2823 Item
608 2766 911 2824 seminatur
935 2780 1134 2837 corpus
1163 2764 1419 2835 animale,
1453 2765 1624 2835 surgit
1650 2777 1772 2819 cor-

168 2878 272 2935 pus
315 2862 625 2933 spirituale.
675 2860 888 2917 Aliter:
920 2860 1171 2918 Animale
1198 2873 1396 2931 corpus
1431 2859 1582 2926 dicit,
1625 2857 1769 2930 quod

169 2954 453 3011 conditum
484 2962 645 3011 terrae
675 2953 1064 3023 corrumpitur.
1096 2952 1388 3023 Spirituale
1425 2965 1576 3019 vero,
1622 2948 1765 3021 quod

173 3048 554 3118 incorruptum
581 3045 840 3117 resurgit,
868 3056 926 3101 ut
959 3045 1130 3117 possit
1161 3032 1286 3100 aera
1333 3053 1638 3115 penetrare,
1670 3043 1776 3099 fes-

171 3143 358 3198 tinans
398 3141 469 3197 ad
500 3140 693 3198 caelos.
743 3140 959 3196 Primus
991 3138 1164 3194 Adam
1206 3138 1271 3193 ad
1323 3138 1426 3194 hoc
1474 3138 1645 3194 lactus
1690 3143 1777 3193 est

1854 536 2187 605 portavimus
2216 546 2455 593 veterem
2488 536 2764 591 hominem
2796 544 2924 590 ante
2952 533 3279 606 baptismum
3307 552 3319 587 :
3373 534 3446 591 ita

1850 637 1907 684 et
1936 636 2058 699 post
2088 628 2417 700 baptismum
2450 637 2727 700 portemus
2758 642 2981 684 novum.

1922 722 2041 778 Hoc
2082 732 2253 779 autem
2280 724 2417 794 dico,
2462 726 2672 795 fratres,
2709 725 2831 796 quia
2862 740 2985 780 caro
3007 733 3055 780 et
3083 724 3295 796 sanguis
3324 738 3445 797 reg-

1851 834 1978 871 num
2022 817 2121 872 Dei
2150 819 2415 891 possidere
2451 836 2555 874 non
2594 827 2854 891 possunt:
2884 836 3046 891 neque
3071 819 3332 889 corruptio
3366 818 3451 873 in-

1852 915 2200 984 corruptelam
2247 914 2544 980 possidebit.
2604 913 2944 985 Frequenter
2999 910 3280 984 Scriptura
3328 927 3451 969 car-

1854 1020 2002 1073 nem,
2057 1021 2157 1077 pro
2208 1006 2468 1077 operibus
2518 1006 2765 1062 nominat
2812 1006 3014 1084 carnis,
3066 1014 3125 1061 ut
3174 1004 3287 1063 ibi:
3340 1003 3453 1061 Vos

1854 1107 2037 1156 autem
2070 1100 2124 1155 in
2155 1114 2320 1156 carne
2366 1116 2474 1156 non
2511 1100 2665 1169 estis,
2712 1100 2809 1156 sed
2854 1099 2907 1155 in
2956 1098 3186 1169 Spiritu.
3232 1095 3450 1152 Aliter:

1854 1192 1998 1250 Caro
2048 1194 2215 1266 (sicut
2259 1194 2366 1267 est)
2407 1210 2638 1267 regnum
2689 1194 2787 1251 Dei
2832 1208 2939 1251 non
2969 1191 3295 1263 possidebit,
3348 1190 3453 1247 nisi

1855 1285 2267 1343 immortalitate
2300 1288 2518 1343 vestita.

1932 1379 2067 1435 Ecce
2113 1382 2413 1452 mysterium
2464 1380 2605 1436 vobis
2654 1379 2792 1435 dico.
2846 1378 3246 1436 Obscuritatem
3288 1378 3457 1451 signi-

1859 1470 2010 1537 ﬁcat,
2044 1471 2379 1527 nominando
2410 1470 2756 1543 mysterium.

1938 1564 2129 1620 Omnes
2163 1565 2371 1635 quidem
2400 1580 2743 1636 resurgemus,
2787 1562 2875 1618 sed
2906 1579 3011 1617 non
3052 1578 3226 1618 omnes
3270 1563 3459 1618 immu-

1865 1657 2107 1711 tabimur.
2152 1658 2353 1713 Omnes
2409 1658 2659 1714 homines
2700 1666 3020 1728 resurgant,
3070 1657 3167 1713 sed
3218 1656 3319 1713 soli
3367 1657 3461 1725 qui

1867 1754 2143 1821 regnaturi
2198 1759 2325 1805 sunt
2381 1750 2436 1806 in
2495 1749 2690 1821 gloria,
2752 1748 3128 1805 mutabuntur.
3184 1747 3309 1805 Sive
3362 1749 3460 1817 ita,

1788 1842 1836 1905 Β
1866 1857 2215 1914 resurgemus
2261 1856 2475 1910 omnes,
2525 1842 2616 1912 qui
2655 1840 2711 1897 in
2748 1842 2983 1897 adventu
3021 1840 3225 1897 Christi
3264 1842 3465 1897 mortui

1867 1936 2234 1993 inveniemur.
2280 1934 2398 1990 Non
2430 1949 2622 1990 omnes
2652 1934 3106 2002 immutabuntur,
3136 1934 3229 2005 qui
3257 1935 3310 1990 in
3337 1948 3466 1990 cor-

1865 2044 1999 2102 pore
2028 2028 2139 2085 sint
2167 2028 2369 2099 reperti
2400 2046 2413 2083 :
2444 2028 2570 2099 quia
2613 2026 2788 2083 sancti
2825 2026 2928 2083 soli
2965 2027 3316 2083 beatitudinis
3346 2028 3467 2097 glo-

1866 2122 2005 2178 riam
2058 2130 2486 2192 consequentur.
2538 2120 2714 2176 Allter
2763 2120 2817 2174 in
2874 2118 3198 2190 quibusdam
3256 2118 3465 2175 Grtecis

1866 2213 2143 2271 codicibus
2186 2212 2437 2279 habetur,
2492 2211 2681 2267 Omnes
2728 2210 2863 2267 enim
2913 2210 3229 2266 dormiamus
3276 2226 3296 2265 :
3358 2226 3462 2264 non

1868 2323 2042 2364 omnes
2072 2306 2481 2361 immutabimur.
2513 2305 2570 2361 In
2600 2302 2724 2358 aliis
2744 2313 2950 2371 autem,
2978 2300 3171 2357 Omnes
3202 2302 3336 2356 enim
3362 2317 3465 2356 non

1869 2400 2207 2465 dormiemus,
2235 2415 2407 2455 omnes
2435 2409 2607 2454 autem
2628 2397 3049 2452 immutabimur:
3073 2394 3217 2466 quod
3237 2393 3469 2466 quadrat

1871 2495 2042 2566 magis
2070 2493 2137 2550 ad
2168 2508 2391 2551 sensum
2438 2490 2724 2561 Apostoli:
2754 2490 2883 2561 quia
2912 2488 3000 2544 hic
3043 2502 3224 2545 sermo
3255 2503 3362 2543 non
3401 2485 3470 2542 de

1870 2587 2122 2645 omnibus
2151 2585 2483 2658 generaliter
2504 2583 2727 2649 dicitur,
2760 2580 2853 2637 sed
2884 2580 2952 2636 de
2984 2580 3117 2636 solis
3142 2578 3370 2636 sanctis.

1947 2678 2014 2733 In
2038 2689 2313 2744 momento,
2343 2678 2396 2732 in
2422 2678 2528 2731 ictu
2559 2675 2716 2731 oculi.
2740 2672 2843 2729 Per
2868 2674 3035 2729 ictum
3060 2672 3226 2739 oculi,
3250 2670 3471 2727 nimiam

1875 2770 2196 2827 brevitatem
2238 2770 2355 2825 vult
2392 2769 2699 2839 significare
2745 2765 3045 2821 momenti:
3079 2775 3137 2820 ut
3164 2774 3367 2836 quanta
3396 2763 3470 2819 sit

1878 2862 1973 2919 Dei
2028 2862 2285 2934 potentia,
2342 2876 2408 2916 ex
2456 2857 2875 2915 resurrectionis
2925 2855 3211 2913 celeritate
3268 2869 3472 2926 cogno-

1876 2970 2015 3013 808$.

1952 3051 2016 3106 In
2059 3051 2333 3107 novissima
2359 3048 2499 3105 tuba.
2539 3048 2700 3104 Canet
2747 3048 2883 3103 enim
2910 3046 3054 3115 tuba,
3089 3054 3137 3101 et
3177 3045 3368 3100 mortui
3393 3060 3479 3099 re-

1882 3154 2096 3217 surgent
2140 3143 2452 3214 incorrupti,
2492 3152 2543 3197 et
2589 3158 2683 3196 nos
2721 3140 3123 3196 immutabimur.
3174 3138 3480 3194 Novissima

172 3243 436 3298 tantum.
492 3242 551 3287 ut
602 3233 831 3288 viveret.
900 3229 1241 3286 Novissimus
1287 3228 1499 3294 Adam.
1546 3228 1598 3284 id
1648 3236 1856 3303 est.c
1888 3238 2053 3307 tuba,
2115 3236 2447 3292 novissimus
2503 3235 2770 3290 adventus
2826 3233 3149 3304 intelligitur
3196 3231 3400 3287 Christi
3462 3248 3476 3286 :

169 3326 452 3393 Christus,
486 3324 611 3381 ideo
632 3323 876 3395 suscepit
906 3322 1206 3390 hominem,
1241 3332 1299 3377 ut
1330 3320 1651 3377 viviﬁcaret.

244 3418 451 3473 Factus
471 3430 545 3473 est
577 3419 776 3489 primus
798 3416 954 3471 homo
977 3416 1144 3471 Adam
1164 3416 1217 3470 in
1236 3417 1465 3471 animam
1493 3415 1739 3469 viventem
1764 3431 1783 3471 :

172 3512 488 3568 novissimus
515 3512 682 3565 Adam
708 3512 762 3565 in
791 3511 1034 3583 spiritum
1060 3508 1420 3579 viviﬁcantem.
1451 3506 1783 3573 Notandum,

172 3604 325 3678 quod
352 3620 479 3662 cum
511 3605 656 3662 Deus
686 3602 859 3660 Adam
906 3603 1057 3669 dicit,
1090 3601 1332 3673 ejusdem
1364 3609 1575 3656 natura:
1609 3610 1786 3656 utros-

171 3715 284 3772 que
332 3697 696 3755 demonstrat.
742 3695 896 3765 Quod
937 3704 1126 3750 contra
1166 3693 1488 3750 Manichazos
1529 3700 1584 3747 et
1621 3690 1789 3761 Apol-

173 3792 465 3850 linaristas
492 3791 645 3860 facit,
678 3791 771 3862 qui
814 3798 1017 3861 negant
1061 3804 1093 3844 a
1137 3788 1233 3845 Dei
1260 3787 1438 3845 Verbo
1482 3786 1782 3858 perfectum

173 3882 470 3944 hominem
497 3900 620 3943 esse
650 3894 988 3956 susceptum.

252 3981 369 4038 Sed
411 3996 513 4035 non
543 3980 711 4051 prius,
753 3979 893 4052 quod
936 3977 1211 4051 spirituale
1240 3985 1337 4044 est,
1383 3976 1472 4031 sed
1500 3976 1639 4049 quod
1681 3976 1791 4031 ani-

175 4074 322 4128 male
367 4082 481 4128 est:
514 4072 702 4127 deinde
729 4072 870 4144 quod
908 4070 1203 4142 spirituale.
1250 4067 1463 4123 Primus
1510 4070 1685 4135 homo,
1726 4069 1791 4124 de

175 4178 332 4225 terra
387 4174 662 4221 terrenus:
716 4163 974 4220 secundus
1023 4164 1199 4230 homo,
1259 4162 1324 4216 de
1374 4161 1501 4217 (telo
1547 4162 1787 4219 caelestis.

177 4259 381 4327 Qualis
437 4266 693 4327 terrenus,
746 4257 874 4312 tales
926 4264 973 4311 et
1005 4256 1219 4311 terreni.
1265 4253 1518 4311 leestis
1568 4254 1790 4323 dicitur,

174 4354 318 4426 quia
353 4366 463 4407 non
493 4350 747 4407 humane
769 4350 1100 4422 fragilitatis
1130 4350 1258 4417 ritu,
1302 4348 1399 4404 sed
1452 4347 1650 4404 divina:
1680 4363 1794 4404 ma-

174 4445 408 4517 jestatis
465 4452 604 4499 nutu
643 4451 700 4499 et
754 4449 1049 4513 conceptus
1095 4451 1201 4509 est,
1256 4451 1311 4497 et
1355 4442 1550 4497 enixus
1602 4458 1613 4494 :
1671 4456 1795 4497 nam

181 4552 370 4610 nslue
412 4536 551 4593 adeo
590 4544 842 4592 naturam
883 4545 1127 4590 nostram
1175 4533 1388 4601 habuit,
1418 4543 1479 4589 ut
1521 4533 1795 4590 secundus

1888 3327 2092 3385 mortui
2117 3335 2325 3393 autem,
2356 3326 2439 3382 vel
2471 3333 2791 3396 peccatores
2836 3322 3177 3395 intelligendi
3205 3330 3353 3387 sunt,
3386 3321 3480 3393 qui

1888 3421 2051 3476 etiam
2085 3419 2333 3475 viventes
2371 3418 2569 3472 mortui
2609 3431 2729 3472 esse
2761 3415 3036 3482 dicuntur,
3066 3425 3125 3470 ut
3150 3413 3218 3469 ad
3263 3429 3481 3485 poenam

1886 3524 1979 3568 aut
2017 3513 2376 3580 immortales,
2419 3518 2513 3564 aut
2550 3510 2756 3580 absque
2792 3509 2972 3580 aliqua
3009 3507 3374 3565 membrorum
3404 3508 3485 3563 di-

1888 3604 2192 3661 minutione
2237 3610 2570 3674 resurgant:
2610 3602 2697 3659 vel
2723 3611 2878 3658 certe
2926 3600 3250 3673 simpliciter
3293 3615 3484 3658 omnes

1890 3706 2135 3755 mortuos
2174 3712 2460 3769 resurgere
2502 3696 2656 3764 dicit,
2700 3707 2757 3753 et
2782 3697 2932 3752 solos
2963 3706 3201 3761 sanctos,
3230 3711 3354 3753 cum
3402 3696 3486 3752 his

1887 3790 1978 3863 qui
2004 3790 2108 3847 vivi
2131 3791 2265 3862 justi
2296 3790 2500 3847 inventi
2524 3789 2747 3856 fuerint,
2773 3789 2828 3843 in
2856 3788 3084 3859 gloriam
3112 3789 3411 3844 immutari.

1965 3887 2181 3957 Oportet
2231 3886 2369 3940 enim
2415 3883 2746 3954 corruptibile
2792 3883 2909 3938 hoc.
2947 3880 3185 3939 Necesse
3231 3889 3318 3938 est
3368 3879 3487 3937 lteri

1889 3979 2031 4052 quod
2062 3978 2393 4050 promissum
2425 3984 2529 4033 est.

1963 4072 2189 4126 Induere
2208 4070 2669 4142 incorruptionem,
2700 4077 2749 4123 et
2778 4066 2995 4123 mortale
3021 4067 3117 4122 hoc
3147 4066 3361 4122 induere
3384 4067 3486 4121 im-

1892 4166 2283 4223 mortalitatem.
2318 4164 2418 4221 Est
2442 4164 2588 4236 quod
2618 4162 2832 4234 induit,
2861 4171 3020 4220 etest
3048 4160 3306 4218 similiter
3334 4160 3494 4216 indu-

1892 4270 2160 4319 mentum.

1968 4353 2095 4408 Cum
2123 4360 2293 4406 autem
2320 4349 2538 4405 mortale
2589 4349 2687 4403 hoc
2734 4348 2965 4403 induerit
3018 4346 3491 4415 immortalitatem,

1899 4455 2020 4501 tunc
2041 4446 2125 4515 ﬁet
2156 4460 2345 4512 sermo,
2370 4444 2459 4515 qui
2484 4443 2705 4512 scriptus
2722 4452 2798 4496 est
2825 4459 2836 4494 :
2862 4441 3115 4513 Absorpta
3153 4449 3229 4495 est
3274 4458 3412 4495 mors
3441 4442 3495 4497 in

1898 4541 2136 4597 uictoria.
2192 4538 2263 4595 Ut
2316 4537 2595 4593 cvacuatis
2654 4536 2834 4591 causis
2874 4535 3106 4603 mortis,
3134 4550 3234 4607 per
3256 4536 3496 4591 divinam

182 4634 371 4691 Adam
406 4632 639 4698 dicatur,
680 4640 736 4686 et
767 4629 951 4685 homo.
982 4628 1157 4684 Aliter
1183 4644 1194 4680 :
1239 4627 1337 4683 llic
1369 4627 1599 4698 primum
1628 4635 1683 4682 et
1712 4641 1794 4683 se-
1821 4619 1874 4681 D
1902 4634 2209 4698 victoriam,
2240 4632 2342 4687 sibi
2368 4631 2621 4700 absorpta
2657 4645 2763 4684 non
2796 4636 3079 4699 appareat.

183 4725 440 4783 cundum
477 4722 777 4788 hominem,
819 4721 969 4793 juxta
1016 4733 1184 4790 opera
1224 4726 1542 4775 terrestrem
1588 4726 1643 4773 et
1679 4734 1795 4775 cte-

183 4820 388 4875 lestem
436 4815 612 4873 dicit:
645 4812 780 4869 Nam
823 4822 877 4870 et
919 4812 1168 4870 Christus
1198 4810 1503 4869 secundum
1550 4826 1792 4878 carnem,

187 4928 258 4969 ex
287 4918 477 4966 nostra
509 4923 691 4965 massa
724 4907 846 4963 fuit.

266 5003 340 5059 Et
376 5004 545 5075 qualis
594 5000 847 5069 caelestis,
891 5000 1018 5055 tales
1055 5008 1105 5054 et
1141 5000 1388 5056 caelestes.
1437 4999 1495 5057 Si
1538 4999 1697 5067 ideo,
1739 5008 1799 5056 ut

190 5097 444 5155 hairetici
466 5096 679 5163 volunt,
712 5093 889 5150 nostri
920 5092 1140 5164 generis
1162 5103 1470 5163 assumptus
1503 5093 1664 5149 homo
1690 5108 1798 5148 non

192 5193 333 5259 fuit,
388 5190 512 5262 quia
558 5188 802 5246 caelestis
848 5186 1085 5242 dicitur:
1136 5202 1265 5258 ergo
1313 5200 1413 5243 nec
1449 5186 1545 5251 isti
1596 5195 1802 5242 naturae

196 5294 408 5343 nostra:
436 5293 585 5349 sunt,
629 5282 720 5354 qui
749 5282 1001 5337 cmlestes
1050 5280 1413 5351 appellantur.
1448 5278 1509 5335 Si
1556 5294 1685 5336 vero
1734 5280 1803 5336 de

196 5380 290 5437 his
321 5392 483 5434 nemo
510 5375 743 5441 dubitat,
773 5387 874 5430 nec
896 5372 967 5429 de
988 5372 1095 5429 illis
1119 5384 1203 5429 est
1230 5371 1635 5444 ambigendum.

279 5470 456 5544 Igitur
484 5470 614 5524 sicut
644 5467 965 5541 portavimus
990 5465 1268 5538 imaginem
1298 5466 1508 5534 terreni,
1543 5474 1808 5536 portemus

193 5576 250 5624 et
316 5562 597 5635 imaginem
661 5558 901 5615 caelestis.
957 5558 1251 5625 Peccator,
1313 5557 1447 5614 Adae
1515 5558 1807 5631 imaginem

276 5710 305 5738 ἰ
338 5700 469 5767 Quae
512 5696 644 5753 hinc
679 5695 1090 5767 subsequuntur
1118 5694 1299 5751 omnia
1326 5695 1395 5750 ad
1441 5694 1604 5751 finem
1638 5712 1807 5767 usque

192 5766 388 5845 hujus,
426 5780 483 5826 et
528 5769 739 5845 initium
780 5766 1107 5845 alteriusin
1142 5776 1467 5845 sequentem
1506 5766 1806 5845 Epistulam

193 5836 586 5909 commentarii
628 5837 695 5896 ad
728 5854 876 5896 vers.
924 5856 974 5912 v,
1022 5836 1367 5898 habebantur
1394 5839 1529 5896 olim
1555 5836 1803 5900 totidem

218 6038 251 6051 ρ

1979 4726 2077 4783 Ubi
2104 4734 2199 4791 est,
2222 4740 2379 4790 mors,
2410 4724 2622 4778 victoria
2649 4724 2776 4778 tua?
2805 4720 2905 4777 Ubi
2931 4730 3029 4793 est,
3064 4738 3225 4791 more,
3253 4720 3499 4777 stimulus

1903 4830 2018 4877 tuus
2040 4822 2063 4875 ?
2084 4817 2359 4888 Propheta
2390 4832 2457 4872 ex
2485 4830 2718 4889 persona
2760 4816 3031 4887 justorum
3065 4816 3305 4888 loquitur
3332 4813 3498 4869 insul-

1905 4913 2130 4971 tantium
2155 4911 2340 4967 morti.

1981 5005 2237 5063 Stimulus
2266 5012 2437 5057 autem
2467 5003 2662 5068 mortis,
2681 5009 2946 5075 peccatum
2981 5009 3076 5057 est.
3098 4984 3502 5071 Sagittaimor-

1906 5104 1978 5161 tis
2004 5109 2309 5172 peccatum,
2338 5113 2434 5168 per
2462 5097 2605 5169 quod
2637 5098 2831 5153 anima:
2871 5095 3209 5166 jugulantnr.

1986 5194 2166 5249 Virtus
2198 5192 2523 5261 veropeccati
2546 5189 2653 5246 lex.
2679 5190 2815 5245 Dum
2862 5187 3057 5243 fortius
3113 5194 3171 5242 et
3221 5185 3398 5257 majus
3445 5185 3506 5241 lit

1907 5301 2007 5360 per
2036 5284 2320 5342 scientiam
2350 5290 2659 5353 peccatum.

1982 5378 2092 5434 Deo
2118 5385 2290 5431 autem
2316 5374 2541 5447 gratias,
2572 5372 2659 5442 qui
2699 5371 2839 5426 dedit
2869 5370 3015 5424 nobis
3044 5370 3311 5425 victoriam
3344 5412 3360 5439 ,
3419 5387 3510 5444 per

1912 5471 2192 5526 Dominum
2222 5477 2457 5523 nostrum
2486 5466 2669 5521 Iesum
2693 5462 2957 5518 Christum
2989 5480 3006 5519 :
3035 5463 3328 5521 Victoriam
3358 5466 3511 5521 illius

1910 5562 2141 5637 peccati,
2173 5561 2231 5617 in
2261 5575 2367 5631 quo
2402 5559 2489 5615 lex
2522 5573 2620 5628 per
2646 5556 2923 5613 carnalem
2975 5566 3219 5613 nostram
3268 5557 3509 5613 volunta-

1912 5702 2077 5774 plane
2098 5700 2279 5759 verbis
2297 5695 2973 5774 in_antiqi_iis_e_di_ti0i_iibus
2997 5695 3052 5752 S.
3086 5696 3380 5774 Ambrosii,
3413 5710 3513 5755 an-

1914 5767 2137 5852 tequam
2166 5789 2320 5836 suam
2349 5768 2687 5831 Benedictini
2720 5767 3057 5828 Parisienses
3083 5768 3435 5828 adornarent.
