3978 6286
548 389 646 449 771
1559 392 1617 451 S.
1660 390 2038 463 lilEROhYlll
2078 385 2359 447 OPERUM
2400 384 2768 453 MANTISSA.
3719 395 3797 453 ’ῖῖῖ

550 517 658 567 tem
684 508 860 565 fuerat
888 507 1182 574 inﬁrmata,
1208 520 1370 578 quam
1393 504 1646 567 Christus
1673 525 1859 581 cruce,
1882 520 1939 568 et
1957 524 2106 568 exem

2250 512 2297 557 et
2324 503 2499 574 utique
2528 518 2631 557 non
2662 502 2765 573 fuit
2790 500 3029 558 voluntas
3054 504 3168 576 ejus
3188 544 3207 570 ,
3256 512 3313 565 ut
3343 521 3483 565 nunc
3507 506 3696 563 veniret.
3723 507 3797 566 Υι-

550 600 641 671 plo
677 600 968 654 destruxit.
2246 596 2351 650 niet
2376 604 2550 651 autem
2574 612 2688 650 cum
2715 596 2759 651 ei
2782 613 2997 653 vacuum
3012 598 3190 667 fuerit.
3227 595 3614 669 Vigilate,state
3636 598 3683 655 in
3700 601 3794 670 fide.

619 689 829 761 Itaque,
858 690 1046 760 fratres
1075 691 1173 746 mei
1214 691 1413 747 dilecti.
1463 692 1690 750 Reddita
1720 694 2145 752 resurrectionis
2245 688 2477 760 Vigilate
2504 689 2705 745 mentis
2733 689 2907 746 oculis
2931 689 3000 747 ad
3024 687 3228 746 diaboli
3263 690 3496 746 astutias
3536 707 3797 763 praecavea-

548 785 783 848 ratione,
808 784 875 841 de
903 801 1009 856 qua
1035 785 1385 851 haesitabant,
1407 785 1655 841 hortatur
1672 802 1766 843 eos
1790 789 1841 842 in
1866 787 1959 843 Dei
1979 802 2146 857 opere
2244 780 2362 837 dus.
2403 782 2577 849 State,
2607 783 2729 852 quia
2762 782 3034 841 stantibus
3062 780 3283 837 difﬁcile
3341 796 3570 849 50111008
3608 784 3794 854 οὺῐερὶιο

548 893 890 948 permanere,
919 879 1031 949 jam
1057 886 1242 935 certos
1268 878 1337 935 de
1365 880 1725 943 retributione
1746 881 1948 935 futura.
2324 872 2559 929 Viriliter
2589 874 2746 947 agite.
2771 874 3053 931 Muliebris
3086 875 3230 930 enim
3255 874 3436 929 omnis
3482 876 3796 935 inconstantia

617 971 843 1028 Stabiles
874 981 1034 1029 estote
1071 983 1119 1027 et
1150 974 1476 1043 immobiles,
1537 972 1857 1029 abundantes
1907 980 1962 1028 in
2007 975 2149 1028 omni
2244 975 2299 1025 et
2323 968 2561 1024 Varietas
2602 968 2898 1037 iudicatur.

544 1082 696 1135 opere
718 1064 951 1135 Domini,
979 1083 1177 1139 semper
1208 1067 1425 1122 scientes
1451 1107 1465 1133 ,
1492 1066 1631 1135 quod
1682 1066 1827 1120 labor
1857 1075 2020 1121 vester
2043 1082 2146 1120 non
2317 1060 2388 1115 Et
2417 1062 2791 1132 confortamini
2820 1078 2840 1116 :
2863 1061 3038 1116 omnia
3082 1062 3218 1118 enim
3264 1076 3431 1118 vestra
3483 1061 3537 1125 in
3593 1062 3798 1117 charitate

543 1171 619 1215 est
651 1160 821 1215 inanis
846 1162 901 1215 in
928 1159 1177 1215 Domino.
1211 1159 1382 1227 Nemo
1414 1174 1509 1214 vos
1537 1160 1604 1215 de
1644 1157 1815 1229 gradu
1846 1159 1962 1229 spei
2002 1160 2146 1213 lutu-
2247 1157 2399 1227 fiant.
2432 1156 2506 1213 Ut
2533 1156 2603 1211 sit
2630 1162 2684 1211 in
2710 1168 2890 1213 vestra
2918 1157 3119 1221 virtute
3145 1154 3453 1226 profectus,
3509 1157 3677 1212 omnia
3716 1172 3796 1223 non

549 1268 622 1308 ra:
646 1256 785 1308 ultra
812 1262 1147 1324 permoveat.
1985 1254 2004 1292 ⁸
2248 1250 2425 1305 inanis
2452 1250 2641 1322 gloria:
2664 1265 2849 1318 causa,
2893 1250 2990 1307 sed
3020 1250 3304 1307 charitatis
3330 1248 3504 1322 gratia
3542 1249 3704 1306 facere
3737 1252 3797 1307 ιδ-

1136 1341 1366 1398 CAPUT
1408 1341 1548 1398 XVI.
2243 1340 2467 1399 stiuate.

618 1433 697 1490 De
722 1436 948 1492 collectis
976 1446 1171 1504 autem,
1197 1452 1315 1507 qua:
1345 1436 1475 1506 fiunt
1506 1437 1560 1489 in
1590 1444 1798 1493 sanctos
1817 1477 1830 1501 ,
1887 1436 2019 1491 sicut
2060 1452 2144 1489 or-
2322 1436 2545 1492 Obsecro
2577 1445 2747 1491 autent
2773 1453 2879 1503 ros,
2913 1437 3101 1508 fratres
3125 1477 3139 1504 ,
3174 1436 3336 1497 nostis
3371 1435 3589 1492 domum
3617 1436 3795 1509 Stephac

544 1529 719 1583 αἰνιαυὶ
748 1531 803 1583 in
833 1529 1078 1584 Ecclesiis
1107 1526 1357 1593 Galatiae,
1394 1530 1464 1583 ita
1491 1539 1539 1583 et
1572 1544 1658 1583 vos
1686 1529 1860 1599 facile.
1889 1527 1966 1583 De
1994 1544 2143 1583 sutn-
2243 1546 2324 1586 na:
2350 1542 2399 1585 et
2426 1529 2731 1597 Fortunati,
2759 1538 2807 1584 et
2837 1529 3083 1595 Achaici,
3136 1529 3385 1596 quoniam
3427 1540 3554 1591 sunt
3603 1531 3795 1599 primitiae

545 1623 727 1692 ptibus
773 1621 943 1689 dicit,
992 1621 1083 1692 qui
1120 1636 1215 1691 per
1268 1621 1505 1691 singulas
1562 1619 1839 1675 Ecclesias
1889 1618 2140 1687 collecti,
2244 1621 2476 1692 Achaiae,
2510 1630 2556 1677 et
2583 1622 2635 1677 in
2660 1621 2999 1676 ministerium
3025 1634 3321 1675 sanetorum
3360 1620 3711 1679 ordinaverunt
3737 1640 3797 1676 se-

542 1715 944 1786 Jcrosolymam
970 1715 1175 1770 sanctis
1207 1714 1536 1785 pauperibus
1567 1712 1948 1768 mittebantur.
2243 1718 2383 1788 ipsos
2404 1757 2419 1783 ,
2455 1726 2510 1771 ut
2541 1725 2590 1770 et
2614 1730 2700 1769 vos
2729 1715 2924 1770 subditi
2943 1715 3058 1773 sitis
3076 1712 3336 1786 ejusmodi
3355 1754 3373 1782 ,
3404 1722 3452 1768 et
3485 1715 3625 1769 omni
3649 1730 3794 1783 coope-

616 1808 720 1863 I’er
747 1807 1146 1879 unamsabbati.
1171 1805 1288 1863 Una
1317 1806 1532 1862 sabbati
1562 1804 1842 1861 Dominica
1873 1804 1990 1859 dies
2015 1812 2098 1859 est
2124 1821 2137 1859 :
2242 1810 2384 1862 ranti
2402 1815 2450 1861 et
2473 1805 2750 1861 laboranti.
2772 1804 2989 1860 Gaudeo
3003 1814 3175 1859 autem
3193 1806 3243 1859 in
3264 1806 3547 1877 praesentia
3567 1805 3797 1877 Stephants

542 1905 686 1959 sicut
712 1905 769 1959 in
799 1902 1097 1973 Evangelio
1150 1902 1375 1969 dicitur,
1434 1902 1721 1956 Dominum
1767 1916 1874 1956 uua
1923 1900 2137 1974 sabbati
2170 1901 2218 1961 B
2245 1913 2292 1958 et
2323 1899 2604 1956 Fortunati
2632 1911 2679 1956 et
2709 1900 2943 1967 Achaici,
2976 1901 3219 1971 quoniam
3244 1902 3297 1954 id
3321 1903 3460 1971 quod
3477 1900 3616 1956 vobis
3639 1904 3792 1969 deerat,

542 1996 871 2069 surrexisse.
2245 1993 2347 2063 ipsi
2371 1992 2754 2064 suppleverunt.
2794 1990 2931 2059 Quia
2960 2001 3256 2061 prwscntes
3283 2004 3410 2048 sunt
3441 1994 3588 2063 apud
3613 2008 3723 2059 vos,
3757 2003 3796 2048 ct

618 2088 983 2161 Unusquisque
1012 2098 1236 2145 vestrum
1264 2086 1407 2160 apud
1432 2103 1486 2142 se
1518 2094 1732 2159 reponat
1770 2127 1784 2152 ,
1817 2084 2098 2143 recondens
2122 2126 2137 2152 ,
2244 2085 2294 2140 in
2348 2085 2458 2140 illis
2507 2102 2759 2157 maguum
2816 2084 3049 2155 potestis
3096 2086 3298 2141 habere
3345 2084 3667 2156 profectum.
3701 2086 3795 2141 Sive

540 2184 677 2251 quod
703 2182 750 2236 ei
776 2183 900 2236 bene
924 2182 1198 2252 placuerit,
1236 2191 1414 2247 utnon
1440 2196 1556 2234 cum
1587 2195 1765 2234 venero
1791 2218 1807 2246 ,
1864 2188 1986 2233 tunc
2023 2176 2135 2232 col-
2241 2181 2365 2249 quia
2411 2178 2543 2234 mihi
2579 2189 2847 2235 venerunt
2895 2195 2993 2249 pro
3025 2179 3177 2236 vobis
3229 2179 3547 2236 ministrare
3600 2177 3793 2235 ofﬁciunt

538 2278 687 2332 lecta:
710 2276 861 2345 ﬁant.
890 2276 959 2331 Ut
986 2276 1241 2346 paulatim
1273 2281 1640 2341 reservantes,
1682 2288 1789 2329 non
1844 2289 1948 2329 una
2000 2272 2137 2328 hora
2241 2270 2544 2325 cliaritatis.

538 2371 755 2440 gravari
787 2386 847 2426 se
877 2377 1071 2440 putent
1104 2386 1117 2423 :
1149 2378 1205 2425 ut
1235 2369 1440 2424 hilares
1489 2367 1708 2424 datores
1766 2367 2060 2437 diligantur
2105 2382 2134 2419 a
2313 2364 2625 2435 [infecerant
2680 2366 2817 2421 enim
2873 2374 2921 2420 et
2978 2382 3147 2421 meum
3199 2365 3439 2435 spiritum
3492 2374 3545 2421 et
3598 2374 3794 2421 uestrum.

540 2462 673 2518 Deo.
2237 2456 2412 2513 Meum
2437 2459 2687 2528 spiritum
2718 2459 3021 2527 cltaritate,
3083 2473 3180 2529 pro
3227 2458 3423 2517 vobis:
3459 2470 3689 2519 vestrum
3721 2472 3796 2529 pro

610 2552 738 2607 Cum
764 2562 937 2609 autem
974 2568 1197 2624 prtesens
1238 2552 1387 2623 fuero
1417 2594 1432 2620 ,
1483 2568 1610 2623 quos
1662 2551 1997 2624 probaueritis
2044 2567 2136 2621 per
2237 2566 2355 2608 mea
2389 2552 2594 2619 lzetitia,
2627 2553 2959 2607 refecerunt.

534 2643 824 2711 Epistolas,
853 2646 946 2698 hos
978 2646 1175 2703 mittam
1199 2644 1430 2715 perferre
1465 2645 1688 2716 gratiam
1719 2654 1939 2697 uestram
1965 2644 2017 2697 in
2037 2640 2131 2696 Je-
2309 2644 2610 2715 Cognoscite
2637 2662 2758 2715 ergo
2800 2661 2919 2716 qua:
2945 2645 3199 2718 ejusmodi
3225 2655 3369 2701 sunt.
3407 2644 3599 2712 Unde,
3633 2653 3681 2702 ct
3697 2642 3796 2699 alibi

532 2738 778 2793 rusalem.
815 2736 967 2805 Quod
993 2737 1038 2791 si
1062 2736 1276 2808 dignum
1307 2737 1501 2807 fuerit,
1536 2745 1589 2790 ut
1617 2752 1713 2807 ego
1744 2752 1855 2791 eam
1885 2752 1903 2791 :
1935 2751 2133 2791 mecum
2235 2742 2310 2796 ait
2340 2757 2355 2795 :
2387 2739 2714 2809 Coguoscite
2742 2755 2858 2806 eos,
2887 2740 2977 2810 qui
3017 2740 3091 2796 ita
3138 2740 3416 2798 ambulant
3443 2782 3461 2808 ,
3513 2752 3576 2799 ut
3625 2740 3797 2797 habent

532 2830 703 2886 ibunt.
736 2831 952 2887 Veniam
1016 2842 1193 2887 autem
1255 2832 1324 2887 ad
1388 2847 1471 2886 vos
1502 2876 1515 2901 ,
1587 2848 1702 2885 cum
1767 2830 2130 2895 Macedoniam
2234 2833 2467 2891 formam
2494 2844 2756 2890 nostram.
2802 2834 2922 2890 lloc
2946 2836 3286 2906 cognoscite,
3320 2835 3602 2894 honorate
3627 2849 3795 2904 cogno-

532 2924 902 2994 pertransiero.
965 2923 1103 2977 Nam
1164 2923 1521 2977 Macedoniam
1583 2924 1926 2994 pertransibo.
1976 2926 2129 2995 Apud
2233 2939 2447 2984 sccntes
2476 2943 2663 2983 eorum
2690 2928 2928 2983 studium
2954 2928 3037 2984 vel
3069 2928 3336 2985 laborem.

530 3032 618 3070 vos
644 3024 815 3069 autem
836 3016 1060 3084 forsitan
1098 3017 1332 3081 nunebo,
1364 3016 1441 3069 vel
1464 3015 1619 3071 etiam
1645 3014 1881 3071 hiemabo
1913 3034 1931 3071 :
1960 3026 2010 3071 ut
2042 3035 2129 3071 eos
2307 3021 2554 3077 Salutant
2580 3038 2667 3076 vos
2696 3021 2942 3077 Ecclesia:
2962 3022 3121 3079 Λεία).
3154 3023 3404 3080 Salutant
3429 3040 3516 3078 vos
3542 3026 3597 3079 in
3611 3022 3798 3078 Domino

532 3123 610 3160 me
636 3106 903 3160 deducatis
926 3123 1247 3177 quocumque
1272 3108 1401 3162 iero.
1452 3105 1594 3161 Nolo
1619 3109 1754 3162 enim
1781 3125 1866 3163 vos
1897 3111 2049 3164 modo
2076 3112 2128 3166 in
2232 3116 2451 3171 multum
2481 3115 2670 3185 Aquila
2698 3126 2741 3169 et
2772 3114 2981 3182 Prisca,
3027 3132 3143 3170 cum
3171 3116 3457 3171 domestica
3507 3133 3600 3170 sua
3646 3112 3799 3169 Eccle-

528 3198 746 3252 transitu
773 3196 961 3253 videre.
1001 3198 1166 3270 Spero
1188 3199 1323 3251 enim
1353 3214 1432 3253 me
1463 3198 1849 3269 aliquantulum
1882 3203 2127 3270 temporis
2229 3211 2331 3276 sia,
2360 3210 2502 3281 apud
2527 3226 2654 3279 quos
2675 3219 2721 3264 et
2749 3207 3004 3278 hospitor.
3031 3210 3281 3265 Salutant
3312 3223 3401 3264 vos
3423 3225 3599 3263 omnes
3619 3209 3794 3280 fratres.

518 3294 736 3343 ’manere
778 3291 917 3361 apud
940 3306 1025 3343 vos
1059 3306 1076 3342 :
1107 3290 1153 3344 si
1208 3288 1461 3345 Dominus
1502 3292 1809 3361 permiserit.
1869 3292 2003 3359 Quia
2052 3295 2121 3350 ita
2151 3294 2194 3356 C
2231 3302 2476 3358 saturare
2504 3301 2792 3357 ξηυξεεηιίη
2824 3301 2997 3357 osculo
3038 3311 3236 3356 εαηειο,
3270 3302 3639 3357 Domestica",
3685 3313 3794 3355 con.

525 3399 586 3440 se
613 3393 776 3454 agunt
806 3383 1152 3452 Macedones,
1183 3393 1240 3439 ut
1270 3400 1377 3440 nou
1426 3387 1495 3439 sit
1527 3400 1751 3442 necesse
1796 3386 1931 3440 mihi
1978 3388 2119 3456 apud

527 3494 622 3535 eos
646 3479 849 3535 diutius
870 3478 1143 3535 demorari
1172 3480 1351 3555 :apud
1387 3496 1482 3535 vos
1524 3491 1706 3537 autem
1742 3496 1965 3537 necesse
1992 3495 2073 3537 est
2100 3524 2117 3550 ,

528 3582 585 3626 ut
633 3586 918 3638 maneam,
971 3572 1054 3625 vel
1102 3571 1360 3627 hiemem.
1403 3571 1562 3627 Multa
1613 3572 1760 3628 enim
1818 3584 1944 3629 sunt
1998 3591 2120 3646 qua:

496 3661 864 3732 corrigantur
918 3662 972 3716 in
1002 3663 1155 3717 vobis
1185 3678 1199 3719 :
1230 3665 1372 3717 sicut
1409 3663 1653 3719 medicus
1683 3664 1758 3720 ibi
1785 3682 1991 3723 moram
2022 3666 2118 3721 ha-

524 3756 634 3823 bet,
670 3754 760 3809 ubi
785 3754 967 3824 plures
1005 3765 1292 3825 agrotant.

592 3847 909 3915 Permanebo
959 3858 1132 3901 autem
1174 3844 1364 3917 Ephesi
1407 3861 1568 3915 usque
1635 3847 1702 3901 ad
1753 3848 2112 3907 Pentecosten.

523 3936 725 3993 Ostium
750 3941 889 3993 enim
917 3940 1043 3993 mihi
1073 3948 1306 4011 apertum
1336 3947 1408 3992 est
1436 3953 1681 4008 magnum
1709 3952 1755 3996 et
1782 3943 1987 3997 evidens
2016 3985 2031 4010 ,
2067 3955 2114 4000 ct

519 4032 805 4091 adversarii
829 4032 997 4088 multi.
1025 4031 1151 4087 ideo
1174 4031 1248 4086 ibi
1290 4034 1643 4103 permanebo,
1671 4036 1795 4105 quia
1829 4052 1950 4091 cum
1978 4038 2111 4092 mihi

516 4124 743 4179 evidens
768 4124 928 4179 datus
955 4125 1023 4179 sit
1047 4126 1230 4181 aditus
1270 4126 1600 4196 praedicandi
1635 4144 1648 4181 :
1680 4136 1808 4183 sunt
1857 4129 2111 4200 plurimi,

515 4222 604 4289 qui
640 4219 917 4274 resistant.

586 4312 650 4369 Si
679 4320 851 4366 autem
878 4310 1065 4366 venerit
1105 4309 1434 4382 Timotheus,
1480 4314 1643 4369 videte
1680 4323 1738 4369 ut
1778 4316 1888 4371 sine
1928 4318 2111 4372 timore

511 4404 576 4459 sit
601 4406 739 4474 apud
762 4421 866 4459 vos.
902 4404 1047 4476 Opus
1071 4406 1206 4459 enim
1238 4404 1445 4461 Domini
1467 4419 1730 4476 operatur,
1757 4410 1886 4463 sicut
1915 4419 1959 4465 et
1990 4427 2100 4481 ego.

426 4540 429 4541 ν
516 4494 600 4553 Ne
627 4497 737 4566 quis
767 4514 885 4567 ergo
913 4498 1062 4551 illum
1087 4509 1318 4571 spernat.
1350 4498 1481 4556 Siue
1512 4500 1874 4557 tribulationis
1921 4502 2107 4559 formic

511 4588 661 4655 dine,
688 4590 771 4643 vel
809 4584 971 4645 etiam
1003 4594 1173 4646 vestri
1218 4600 1555 4663 contemptu.

2224 3395 2593 3465 gregationem
2622 3393 3000 3463 fraternitatis,
3024 3393 3329 3451 Ecclesium
3368 3394 3681 3451 nominavit.

2297 3485 2565 3542 Salutatio
2594 3501 2729 3553 mea,
2749 3501 2909 3551 manu
2933 3484 3112 3541 Pauli.
3143 3485 3203 3541 Si
3223 3487 3339 3556 quis
3361 3503 3465 3540 non
3485 3496 3622 3543 amat
3642 3481 3794 3539 Domi-

2223 3597 2345 3635 num
2398 3589 2634 3635 nostrum
2683 3577 2865 3634 Jesum
2908 3576 3196 3647 Christum,
3240 3582 3307 3635 sit
3326 3581 3628 3635 anathema.
3671 3577 3795 3634 Sicut

2220 3673 2348 3739 illis,
2378 3672 2616 3740 quicum
2644 3680 2850 3742 amant,
2892 3670 3200 3742 redemptio
3221 3682 3483 3729 venturus
3536 3682 3619 3729 est
3665 3668 3795 3725 Chri-

2220 3775 2335 3821 stus
2368 3783 2381 3821 :
2413 3765 2485 3821 ita
2518 3775 2572 3820 et
2596 3765 2690 3836 qui
2713 3781 2837 3822 eum
2863 3781 2972 3821 non
2996 3776 3202 3833 ament,
3264 3769 3561 3825 anathema
3608 3767 3714 3833 sit,
3750 3762 3793 3818 id

2220 3869 2321 3924 est,
2352 3870 2412 3912 ut
2441 3859 2562 3913 illos
2591 3859 2956 3928 abominetur,
2993 3868 3047 3915 et
3076 3858 3292 3930 perdat.

2291 3949 2628 4005 Maranatha.
2661 3951 2829 4020 Magis
2854 3950 3048 4022 Syrum
3099 3960 3224 4019 est,
3272 3967 3432 4022 quam
3482 3950 3789 4009 Hebraeum:

2219 4044 2433 4101 tametsi
2464 4058 2529 4101 ex
2557 4042 2799 4101 conﬁnio
2836 4055 3192 4114 utrarumque
3248 4044 3558 4123 linguarum
3615 4038 3790 4111 aliquid

2218 4137 2502 4195 Hebraeum
2529 4144 2707 4193 sonet.
2750 4137 2819 4193 Et
2868 4137 3286 4211 interpretatur,
3334 4138 3596 4199 Dominus
3622 4147 3793 4195 noster

2214 4231 2372 4287 venit.

2285 4321 2472 4377 Gratia
2496 4321 2709 4378 Domini
2738 4322 2902 4379 nostri
2941 4322 3069 4379 Iesu
3120 4321 3311 4380 Christi
3355 4325 3637 4383 vobiscum.
3683 4324 3793 4380 Pro-

2214 4414 2343 4486 priae
2367 4429 2560 4470 manus
2586 4423 2845 4470 consueta
2875 4415 3225 4486 subscriptio.

2283 4505 2523 4561 Charitas
2554 4522 2667 4563 mea
2692 4524 2807 4562 cum
2835 4507 3072 4562 omnibus
3102 4508 3265 4563 vobis.
3298 4508 3367 4566 Ut
3391 4510 3670 4580 quomodo
3710 4518 3793 4562 vos

2211 4614 2312 4671 ego
2334 4601 2501 4671 diligo
2527 4618 2540 4655 :
2565 4600 2639 4656 ita
2663 4610 2719 4657 et
2744 4602 2796 4656 in
2824 4600 3049 4658 Christo
3080 4601 3313 4659 invicem
3334 4604 3602 4674 diligatis.

584 4681 834 4737 Deducite
859 4691 1029 4737 autem
1059 4682 1205 4738 illum
1236 4685 1287 4738 in
1309 4701 1455 4756 pace,
1484 4696 1539 4739 ut
1560 4689 1730 4741 veniat
1753 4687 1821 4740 ad
1848 4703 1945 4740 nte.
1994 4684 2102 4741 Ex-
2132 4695 2185 4756 1)
2280 4690 2348 4747 In
2375 4689 2582 4748 Christo
2610 4691 2641 4747 J
2651 4710 2761 4748 esu.
2783 4692 2900 4750 Non
2924 4693 3223 4750 secundum
3248 4695 3435 4752 smculi
3461 4695 3789 4755 charitatetn.

507 4788 680 4851 specto
701 4777 833 4831 enim
862 4774 1015 4830 illum
1042 4792 1159 4829 cum
1186 4778 1451 4846 fratribus.
1502 4780 1647 4835 Nihil
1700 4779 2054 4837 admittentes
2079 4821 2095 4849 ,

508 4870 654 4942 quod
683 4870 749 4925 ad
780 4870 973 4925 anima:
995 4870 1113 4938 ejus
1136 4867 1297 4922 iaciat
1329 4870 1630 4927 lmsionem.

579 4964 658 5019 De
686 4961 872 5035 Apollo
902 4970 1071 5014 autem
1099 4961 1260 5030 fratre
1284 4961 1420 5015 vobis
1444 4975 1621 5016 notum
1645 4963 1782 5034 facio
1805 5003 1821 5031 ,
1854 4964 2097 5035 quoniam

501 5056 721 5110 multum
752 5054 924 5126 rogavi
946 5068 1084 5121 eum,
1119 5062 1173 5105 ut
1201 5054 1387 5109 veniret
1408 5056 1477 5108 ad
1500 5072 1605 5125 vos,
1639 5072 1757 5110 cum
1803 5057 2053 5124 fratribus
2076 5098 2093 5128 ,

2278 4786 2460 4840 Amen.
2495 4786 2846 4842 Conﬁrtnatio
2874 4797 2958 4842 est
2997 4788 3390 4845 benedictionis
3448 4788 3540 4845 hic
3581 4802 3751 4844 sermo
3775 4825 3788 4850 ,

2206 4875 2349 4932 sicut
2373 4878 2623 4947 superius
2656 4879 2770 4948 ipse
2792 4877 3132 4934 demonstrat
3163 4899 3175 4935 :
3201 4880 3501 4952 quomodo,
3526 4880 3788 4954 inquiens,

2205 4967 2336 5025 dicit
2365 4985 2524 5026 amen
2563 4985 2729 5042 super
2755 4981 2897 5027 tuam
2927 4971 3409 5031 benedictionem?

523 5193 3785 5221 _____._______.__._______________.__________________________

814 5337 933 5421 IN
1011 5333 1661 5419 SECUNDAM
1735 5334 2404 5424 EPISTOLAM
2478 5338 2634 5424 AD
2712 5341 3477 5433 CORINTHIOS.

1018 5595 1245 5653 CAPUT
1287 5592 1573 5652 PRIMUM.

572 5691 773 5748 Paulus
801 5687 1069 5762 apostolus
1095 5686 1127 5741 Ι
1135 5706 1221 5743 esu
1247 5688 1438 5744 Christi
1464 5730 1478 5753 ,
1513 5702 1604 5759 per
1628 5687 1945 5744 voluntatem
1979 5688 2093 5744 Dei.

496 5785 766 5854 Qumritur
788 5800 886 5840 cur
918 5783 971 5837 in
1001 5782 1258 5837 omnibus
1306 5782 1561 5852 Epistolis
1587 5792 1776 5839 contra
1809 5797 1963 5839 usum
1987 5785 2095 5854 epi-

499 5877 783 5944 stolarum,
820 5877 1055 5946 primum
1084 5889 1240 5930 suum
1272 5888 1470 5931 nomen
1498 5885 1690 5947 ponat,
1720 5891 1882 5948 quam
1905 5891 2093 5935 eorum

2201 5599 2267 5653 ad
2313 5614 2449 5669 quos
2480 5597 2679 5656 littera:
2706 5600 3068 5659 destinantur.
3120 5603 3225 5661 Sed
3254 5604 3357 5663 hoc
3378 5621 3443 5661 ex
3474 5605 3793 5662 auctoritate

2201 5692 2483 5762 apostolici
2517 5692 2747 5761 ordinis,
2772 5695 2896 5765 quia
2926 5696 3228 5752 minoribus
3259 5699 3516 5769 scripsit:
3547 5707 3613 5753 ut
3641 5698 3793 5754 etiam

2200 5784 2385 5838 sa~culi
2419 5783 2632 5854 judices
2664 5787 2842 5841 solent
2866 5787 2934 5843 ad
2965 5802 3088 5857 eos,
3115 5806 3250 5861 quos
3301 5800 3489 5863 regunt
3525 5832 3553 5857 ,ν
3598 5791 3793 5860 scripta

2199 5874 2463 5948 dirigere.
2495 5877 2599 5934 Per
2622 5878 2959 5936 voluntatem
2981 5880 3099 5952 Dei,
3130 5882 3182 5939 id
3204 5890 3321 5950 est,
3359 5898 3463 5940 non
3509 5881 3796 5941 hominum
