3978 6286
115 323 206 380 773

861 319 1410 380 COMMENTARIUS
1450 322 1514 380 IN
1558 317 1949 384 EPISTOLAM
1991 323 2032 381 II
2078 321 2166 380 AD
2204 322 2360 381 (ΞΟΠ.
2403 324 2558 380 CAP.
2601 323 2640 382 I.

3293 324 3400 384 7η

115 436 399 491 voluntate.
429 434 600 491 Simul
633 435 741 489 vult
765 436 1059 493 ostendere
1105 454 1214 494 non
1255 453 1375 495 sue
1425 437 1699 494 voluntate
1730 438 1775 496 A
1807 444 1947 492 trum
1978 437 2182 509 majora
2208 454 2522 510 perpessum
2545 484 2559 510 ,
2594 438 2970 496 consolatione
3005 448 3226 510 accepta
3251 481 3268 508 ,
3302 440 3403 497 do-

113 529 274 586 Patris
303 544 364 584 se
394 527 620 584 missum
653 527 946 585 aChristo.

175 620 238 676 Et
265 619 562 678 Timotheus
595 624 755 693 frater
782 621 1037 680 Ecclesiae
1068 623 1193 692 Dei,
1226 641 1341 695 qua:
1394 635 1468 681 est
1520 624 1703 680 Corin-

116 715 195 767 thi.
226 712 345 768 Non
367 712 530 778 dixit,
554 712 753 768 Paulus
782 724 835 768 et
863 713 1206 781 Timotheus,
1232 716 1354 785 quia
1399 732 1502 770 non
1542 717 1703 775 ambo

116 805 358 876 apostoli.
389 806 471 861 Ad
499 805 878 878 Pliilippenses
906 823 1056 871 vero,
1092 809 1180 865 ubi
1233 825 1340 864 non
1382 818 1500 866 erat
1557 820 1700 866 tanta

117 899 402 955 auctoritas
432 899 766 966 necessaria,
799 903 942 956 servi
975 902 1141 957 ambo
1173 912 1468 972 ponuntur.

175 989 303 1045 Cum
323 991 561 1052 omnibus
603 993 798 1047 sanctis
829 1033 844 1059 ,
871 994 958 1064 qui
985 1004 1107 1052 sunt
1135 997 1186 1050 in
1219 997 1455 1054 universa
1479 996 1702 1054 Achaia.

120 1081 201 1136 llic
227 1082 406 1136 sancti
439 1091 667 1150 possunt
691 1083 863 1154 accipi
889 1085 1208 1143 sacerdotes
1234 1128 1249 1151 ,
1291 1089 1381 1158 qui
1427 1089 1479 1143 in
1505 1089 1704 1158 'pritna

118 1186 383 1247 ponuntur
408 1176 730 1232 invocantes
763 1177 1050 1234 Dominum
1071 1222 1086 1246 ,
1117 1189 1174 1234 et
1195 1179 1274 1247 _ad
1325 1181 1703 1251 l’hilippenses

118 1285 222 1324 cum
253 1268 530 1339 episcopis
559 1277 615 1324 et
644 1268 985 1326 diacouibus.
1027 1269 1153 1326 Ideo
1176 1282 1358 1328 autem
1395 1282 1582 1339 postea
1607 1289 1706 1330 no-

117 1361 409 1424 minantur,
437 1376 504 1417 nc
537 1377 724 1432 parum
759 1362 1143 1433 intelligentes.
1175 1379 1272 1420 eos
1304 1366 1703 1434 praetermissos

117 1469 223 1509 esse
253 1463 532 1524 putarent.
575 1451 710 1508 Cum
762 1454 872 1508 sint
926 1455 978 1508 in
1030 1455 1270 1510 Ecclesia
1320 1456 1700 1527 comprehensi

116 1546 344 1613 Achaim,
374 1546 530 1616 cujus
552 1557 636 1603 est
660 1548 980 1618 metropolis
1007 1547 1326 1607 Corinthus.

179 1637 360 1710 Gratia
393 1639 533 1695 vobis
560 1651 608 1695 et
633 1658 742 1712 pax
762 1658 797 1694 a
827 1641 933 1696 Deo
961 1639 1126 1697 Patre
1162 1651 1369 1710 nostro,
1403 1652 1449 1697 et
1475 1641 1702 1699 Domino

115 1728 228 1784 Jesu
257 1729 487 1786 Christo.
521 1719 652 1788 [hec
687 1743 769 1790 est
818 1732 976 1788 solita
1020 1735 1292 1789 salutatio.
1346 1735 1450 1794 llic
1501 1739 1700 1808 gratias

1807 529 2168 586 ωηάωωη
2535 581 2540 584 .

1881 623 2140 690 Quoniam
2165 640 2320 694 super
2352 625 2559 679 modum
2583 626 2782 697 gravati
2813 642 3003 681 .sumus
3043 642 3204 693 supra
3242 625 3409 680 uirtu-

1806 722 1924 770 tem.
1943 714 2115 784 Supra
2129 717 2388 772 "virtutem
2419 719 2626 787 gravati
2657 718 2902 788 pondere
2927 719 3264 788 passionum.

1823 845 1830 848 -
1879 805 1966 862 Ita
1987 817 2042 862 ut
2067 807 2278 862 truderet
2307 825 2404 863 nos
2433 809 2586 863 etiam
2619 810 2800 865 vivere.
2852 809 2932 864 Ita
2973 818 3031 878 ut
3070 808 3209 865 mori
3255 807 3404 866 omni

1803 899 2078 956 desiderio
2115 916 2180 956 cu
2191 916 2464 969 pet-emus.

1845 992 1984 1048 -Sed
2018 993 2121 1062 ipsi
2156 993 2211 1048 in
2237 989 2614 1066 nobismetipsis
2654 1011 2960 1067 responsum
2998 996 3182 1050 martis
3216 994 3402 1050 habui-

1804 1100 1917 1138 mus
1939 1125 1955 1151 ,
1984 1093 2039 1138 ut
2069 1100 2171 1138 non
2196 1085 2358 1139 simus
2388 1086 2604 1154 ﬁdentes
2634 1088 2689 1141 in
2727 1087 2898 1142 nobis.
2941 1087 3056 1143 Hoc
3076 1096 3160 1142 est
3186 1087 3242 1143 in
3271 1102 3403 1144 nos-

1807 1184 1886 1230 tra
1918 1175 2206 1244 prudentia
2225 1216 2241 1240 ,
2276 1177 2360 1230 vel
2384 1177 2622 1232 cautela.

1879 1267 1983 1328 Sed
2027 1269 2078 1322 in
2121 1265 2232 1324 Deo
2256 1312 2272 1336 ,
2304 1267 2396 1339 qui
2422 1270 2637 1324 suscitat
2669 1278 2920 1325 mortuos.
2967 1267 3086 1339 Ipsa
3119 1282 3267 1334 mors
3294 1268 3398 1330 do-

1805 1359 1916 1415 cuit
1945 1375 2044 1415 nos
2075 1376 2239 1416 omne
2269 1360 2564 1417 humanum
2601 1363 2864 1417 auxilium
2899 1362 3170 1419 deiecisse
3206 1382 3222 1426 ε,
3250 1374 3306 1422 et
3336 1363 3405 1420 ab

1805 1453 1898 1510 illo
1919 1453 2037 1510 solo
2063 1453 2390 1524 sperandum
2427 1470 2551 1511 esse
2587 1456 2924 1523 remedium,
2965 1458 3054 1512 cui
3084 1458 3247 1514 etiam
3281 1472 3407 1528 pos-

1804 1545 1963 1602 sibile
1987 1557 2071 1608 est
2097 1556 2345 1602 mortuos
2371 1548 2661 1604 suscitare.

1882 1638 1983 1705 Qui
2005 1638 2070 1692 de
2097 1640 2257 1693 tantis
2286 1639 2530 1707 periculis
2558 1655 2651 1694 nos
2683 1640 2870 1710 eripuit
2893 1649 2940 1695 et
2971 1642 3141 1709 eruit,
3174 1642 3231 1698 in
3251 1658 3402 1712 quem

1805 1748 2074 1802 speramus
2105 1748 2125 1786 :
2148 1734 2392 1802 quoniam
2423 1742 2471 1787 et
2498 1732 2669 1788 adhuc
2709 1735 2910 1804 eripiet.
2956 1734 3074 1790 Scit
3120 1751 3178 1790 se
3227 1734 3406 1792 adhuc

115 1822 212 1894 agit
243 1823 381 1889 Deo,
429 1824 670 1895 gaudens
710 1840 770 1892 se
794 1825 918 1882 ideo
949 1825 1256 1902 consolari,
1288 1835 1348 1882 ut
1396 1829 1512 1898 ipse
1568 1820 1710 1885 alios
1733 1830 1782 1892 Β
1809 1825 1976 1878 multa
2010 1839 2316 1893 passurum,
2339 1826 2436 1896 qui
2465 1836 2650 1895 sperat
2679 1841 2737 1881 se
2767 1827 2944 1882 adhuc
2974 1827 3332 1884 liberandum.

114 1916 440 1970 consoletur.

179 2008 493 2082 Benedictus
547 2010 690 2068 Deus
751 2020 797 2066 et
853 2009 1011 2068 Pater
1073 2013 1290 2068 Domini
1359 2012 1520 2068 nostri
1579 2011 1708 2066 Iesu

115 2101 353 2171 Christi,
411 2116 556 2175 pater
611 2085 1102 2160 misiricordiarum.
1152 2107 1283 2175 Quia
1340 2120 1406 2162 ex
1464 2107 1580 2175 ipso
1625 2115 1710 2160 est

114 2197 281 2250 omnis
331 2196 727 2256 misericordia.

178 2288 245 2343 Et
275 2289 420 2346 Deus
464 2292 621 2344 totius
670 2290 1035 2364 consolationis
1063 2306 1081 2344 :
1110 2290 1199 2362 qui
1253 2289 1549 2346 consolatur
1591 2307 1706 2346 nos.

116 2382 290 2450 ldest,
327 2385 583 2454 perfecte
611 2384 1028 2452 consolatidnis,
1063 2385 1188 2456 quia
1222 2399 1331 2440 non
1387 2392 1472 2440 est
1529 2383 1708 2440 minus

116 2477 462 2532 tribulatione
490 2477 760 2532 solatium.

179 2567 242 2622 In
274 2570 420 2623 omni
442 2569 775 2624 tribulatione
797 2578 995 2626 nostra.
1029 2569 1085 2626 Id
1110 2579 1225 2638 est,
1274 2585 1382 2628 non
1433 2571 1484 2626 in
1516 2570 1709 2641 aliqui-

114 2662 226 2726 bus,
253 2661 350 2716 sed
375 2662 432 2716 in
464 2662 738 2717 omnibus.

182 2752 249 2808 Ut
278 2756 560 2824 possimus,
593 2765 642 2808 et
693 2755 794 2827 ipsi
838 2757 1105 2812 consolari
1158 2773 1281 2827 eos,
1329 2756 1419 2828 qui
1462 2758 1517 2812 in
1570 2756 1709 2812 omni
1754 2804 1759 2809 .

113 2863 353 2912 pressura
388 2856 529 2913 sunt,
560 2864 651 2918 per
671 2847 1112 2918 exhortationem,
1142 2867 1247 2921 qua
1288 2853 1622 2906 exhortamur
1663 2859 1710 2904 et

110 2940 261 3008 ipsis:
292 2939 428 2993 Deo.
463 2940 516 2994 ld
540 2949 622 2996 est
645 2982 660 3008 ,
695 2953 980 3013 propterea
1017 2943 1334 3007 liberamur,
1387 2954 1443 3000 ut
1495 2955 1552 3000 et
1611 2960 1710 2999 nos

111 3034 242 3088 alios
288 3035 568 3089 consolari
602 3075 619 3102 ,
666 3044 722 3090 ct
775 3035 842 3091 de
890 3037 1108 3092 tristitia
1147 3019 1382 3094 liberare
1415 3039 1706 3109 possimus.

109 3128 213 3178 Aut
241 3125 320 3180 ita
347 3125 578 3180 formam
607 3127 701 3181 dat
730 3127 886 3182 nobis
927 3130 1064 3183 alios
1091 3129 1406 3184 consolandi
1441 3176 1455 3200 ,
1508 3140 1564 3186 ut
1613 3145 1709 3200 per

1883 1917 2259 1989 Adjurantibus
2283 1927 2331 1974 et
2362 1919 2521 1974 vobis.
2553 1918 2663 1974 Nisi
2695 1918 2948 1977 laborans
2971 1935 3076 1977 non
3105 1921 3309 1978 dicitur
3329 1922 3400 1978 ab

1811 2012 1918 2066 alio
1939 2011 2141 2080 juvari.
2459 2063 2473 2072 ,

1882 2104 1949 2160 1η
1976 2107 2206 2162 oratione
2241 2123 2335 2177 pro
2363 2108 2531 2163 nobis.
2570 2107 2790 2167 Multum
2829 2107 2973 2164 valet
3012 2107 3187 2175 oratio
3235 2109 3402 2166 totius

1817 2200 2098 2264 Ecclesiae,
2127 2216 2249 2270 quae
2279 2201 2498 2263 Petrum
2529 2199 2597 2264 de
2627 2215 2845 2260 carcere
2868 2201 3143 2257 liberavit.

1887 2292 1955 2348 Ut
2004 2309 2067 2350 ea;
2107 2294 2388 2354 multarum
2428 2295 2666 2365 personis
2707 2295 2953 2364 [acierttm
2995 2299 3143 2360 eius,
3193 2311 3309 2365 qua:
3348 2295 3406 2351 in

1810 2387 1954 2442 nobis
1982 2396 2054 2441 est
2085 2387 2417 2448 donationis.
2444 2401 2540 2458 per
2575 2387 2774 2448 multos»
2806 2387 2989 2457 gratim
3034 2396 3260 2459 agantur
3313 2404 3408 2459 pro

1811 2480 1978 2534 nobis.
2008 2479 2063 2534 Id
2094 2490 2198 2546 est,
2229 2487 2287 2535 ut
2311 2495 2376 2535 ex
2407 2480 2697 2538 multorum
2726 2488 2996 2538 conventu
3027 2496 3126 2551 pro
3153 2496 3220 2542 eo
3261 2481 3412 2550 quod,

1810 2573 1968 2627 vobis
1998 2572 2291 2640 donamur,
2320 2573 2552 2630 Duutino
2577 2575 2770 2644 gratim
2797 2574 3103 2632 referantur
3136 2592 3149 2632 :
3179 2574 3265 2633 vel
3285 2575 3410 2643 quia

1811 2663 1998 2720 multis
2023 2665 2205 2720 donati
2228 2680 2412 2721 sumus
2439 2707 2455 2733 ,
2496 2665 2676 2735 plures
2709 2673 3091 2722 convertentes
3115 2705 3131 2732 ,
3184 2681 3280 2738 per
3307 2680 3409 2722 nos

1811 2756 2040 2830 gratiam
2071 2765 2256 2826 agunt.

1885 2847 2026 2903 Nam
2056 2847 2226 2920 gloria
2265 2858 2439 2904 nostra
2469 2851 2577 2904 haec
2605 2859 2701 2904 est.
2733 2848 2859 2904 Ideo
2890 2849 2942 2904 in
2970 2848 3103 2919 ipsis
3142 2848 3412 2919 passioni-

1812 2944 1914 2999 bus
1943 2944 2257 3014 gloriamur,
2293 2945 2550 3014 quoniam
2579 2943 2912 3016 conscieuu'a
2943 2960 3046 2999 non
3077 2945 3300 3000 minime
3323 2961 3411 3000 re-

1812 3037 2141 3108 prehendit,
2185 3050 2252 3092 eo
2282 3036 2426 3106 quod
2453 3036 2638 3107 gloria:
2664 3076 2680 3103 ,
2726 3035 2809 3092 vel
2838 3036 2977 3093 lucri
3005 3051 3167 3092 causa
3202 3035 3406 3092 docere

1812 3131 2116 3186 videamur.

107 3215 574 3284 exhortationem,
603 3234 704 3290 qua
735 3220 890 3290 ipsia
918 3221 1027 3277 Deo
1048 3222 1421 3286 consolamur.
1451 3237 1713 3292 agttosca-
1740 3206 1786 3272 C
1887 3222 2260 3278 Testimonium
2312 3222 2640 3277 conscientia:
2702 3231 2909 3277 nostris.
2979 3221 3036 3278 Id
3081 3231 3203 3288 est,
3264 3222 3411 3280 beati

106 3326 251 3379 tuus,
280 3311 428 3382 quod
463 3312 604 3367 Deus
634 3313 938 3370 timentium
961 3331 1018 3370 se
1041 3311 1310 3372 nemiuem
1338 3316 1712 3389 derelinquat,

106 3415 157 3458 et
185 3406 365 3460 multo
387 3397 642 3476 tuagis'in
667 3409 850 3463 futuro
880 3416 1226 3475 retttuueret,
1257 3423 1393 3480 quos
1445 3411 1611 3484 etiam
1659 3410 1710 3462 in

108 3499 371 3564 praesenti
404 3514 511 3553 non
545 3497 767 3554 deserit.
825 3545 844 3562 ,

180 3588 451 3656 Quoniam
473 3591 605 3644 sicut
634 3590 900 3666 abundant
924 3593 1187 3662 passiones
1211 3590 1403 3647 Christi
1446 3594 1498 3647 in
1540 3593 1706 3649 nobis.

103 3677 160 3734 Id
191 3692 307 3748 est,
342 3697 443 3752 pro
476 3684 696 3738 nomine
719 3681 949 3750 Christi.

177 3773 276 3828 Ita
309 3785 358 3828 et
385 3792 475 3847 per
501 3775 764 3830 Christum
795 3776 1026 3831 abundat
1078 3777 1364 3832 consolatio
1410 3786 1605 3832 nostra.
1651 3775 1719 3833 Ut

101 3868 314 3925 Petrus
344 3869 521 3926 estde
550 3885 773 3926 carcere
805 3870 1099 3939 liberatus,
1155 3881 1209 3926 et
1254 3871 1455 3928 Paulus
1509 3871 1720 3928 visione

102 3962 344 4018 Domini
373 3971 427 4019 et
456 3978 590 4020 voce
615 3967 972 4048 conﬁrmatus
998 3964 1054 4019 in
1085 3965 1311 4034 templo.

176 4059 319 4114 Sive
355 4069 526 4112 autem
558 4059 870 4114 tribulamur
919 4074 1015 4132 pro
1046 4067 1214 4113 vestra
1263 4059 1626 4113 exhortatione
1675 4066 1723 4112 et

98 4154 294 4206 salute
333 4168 349 4205 :
381 4153 489 4206 sive
527 4151 895 4220 consolamur,
951 4169 1044 4223 pro
1094 4161 1262 4206 reslra
1323 4151 1680 4205 consolatione
1704 4165 1723 4204 :

98 4249 216 4299 sive
258 4245 634 4312 exhortamur,
684 4261 779 4316 pro
809 4253 974 4298 vestra
1030 4241 1385 4298 exhortatione
1434 4253 1482 4296 et
1535 4243 1722 4296 salute.

98 4339 250 4405 Quia
289 4353 395 4392 vos
427 4336 490 4390 ad
522 4323 752 4391 salutem
784 4335 1065 4391 hortamur
1101 4355 1111 4389 :
1145 4334 1233 4391 vel
1267 4345 1322 4390 ut
1353 4335 1507 4390 vobis
1537 4349 1724 4390 exem-

99 4433 266 4501 plum
299 4429 605 4484 tolerantia:
635 4430 996 4500 praebeamus.

182 4527 339 4594 Qua
367 4533 611 4595 operatur
652 4523 978 4576 tolerantiam
1037 4521 1333 4576 earutndem
1381 4520 1682 4592 passionum
1709 4565 1723 4590 ,

98 4636 247 4689 quas
295 4627 350 4672 et
379 4632 472 4670 nos
513 4617 741 4688 patimur
772 4631 790 4670 :
821 4625 874 4669 ut
922 4631 1037 4688 spes
1091 4624 1268 4669 nostra
1325 4614 1476 4684 ﬁrma
1529 4615 1592 4670 sit
1637 4633 1732 4688 pro

100 4712 295 4764 τοὺὶε.
331 4706 390 4762 Id
417 4716 524 4777 est,
551 4708 673 4762 ideo
706 4707 1023 4774 liberamur,
1056 4717 1116 4762 ut
1168 4707 1285 4776 ipsa
1328 4721 1388 4762 re
1437 4707 1729 4762 conﬁrme-

1819 3315 2022 3372 mundo
2048 3314 2244 3381 corde,
2275 3314 2528 3384 quoniam
2562 3314 2664 3382 ipsi
2696 3313 2864 3370 Deum
2896 3314 3200 3375 videbunt-
3369 3389 3376 3394 _

1894 3408 2044 3473 Quod
2067 3407 2120 3460 in
2145 3405 2476 3475 simplicitate
2499 3404 2671 3464 cordis
2704 3413 2752 3458 et
2779 3405 3071 3462 sinceritate
3102 3403 3221 3462 Dei.
3261 3405 3413 3474 Quo-

1821 3499 1986 3556 modo
2017 3500 2155 3553 Deus
2183 3497 2416 3566 simplex
2439 3506 2521 3553 est
2545 3538 2561 3564 ,
2595 3508 2650 3552 et
2681 3497 2950 3553 sincerus.
3405 3557 3408 3561 ,

1893 3591 1960 3647 Et
1986 3594 2162 3648 nonin
2190 3593 2450 3664 sapientia
2488 3593 2721 3660 carnali,
2756 3593 2847 3647 sed
2877 3594 2928 3648 in
2970 3594 3142 3666 gratia
3175 3591 3273 3652 Dei
3300 3609 3424 3656 con-

1822 3685 2007 3740 versati
2047 3700 2224 3738 sumus
2260 3685 2314 3737 in
2357 3684 2454 3738 hoc
2504 3683 2718 3739 mundo.
2753 3683 2866 3740 Hoc
2899 3700 3004 3740 non
3031 3684 3259 3744 subdole
3284 3729 3300 3755 ,
3333 3685 3421 3742 vel

1823 3787 2002 3834 astute
2023 3777 2281 3838 ducentes
2315 3793 2328 3830 :
2365 3785 2422 3832 ut
2447 3775 2714 3847 sapientia
2738 3775 2994 3841 carnalis,
3025 3792 3146 3846 qua:
3170 3776 3422 3838 mercede

1823 3869 2164 3935 distrahitur,
2197 3867 2291 3925 sed
2316 3869 2486 3938 gratis
2515 3887 2528 3922 ε
2561 3869 2702 3924 sicut
2728 3882 2760 3921 a
2791 3868 2902 3924 Deo
2925 3870 3237 3939 accepimus
3268 3909 3284 3934 ,
3333 3869 3420 3926 vel

1825 3964 1921 4022 Dei
1952 3964 2119 4019 solius
2147 3976 2310 4018 causa
2337 3961 2618 4028 docemus.

1898 4053 2260 4109 Abundantius
2287 4063 2455 4107 autent
2485 4053 2554 4118 ad
2582 4069 2687 4110 vos.
2734 4053 2776 4108 Δ
2809 4052 3007 4124 quibus
3039 4070 3139 4112 nec
3180 4055 3382 4116 victum
3408 4098 3424 4126 ,

1828 4150 1919 4220 qui
1952 4147 2105 4202 nobis
2125 4145 2248 4216 jure
2275 4145 2506 4201 debetur
2528 4189 2543 4214 ,
2575 4146 2907 4217 accepimus.

1903 4239 2030 4296 Non
2063 4240 2197 4296 enim
2237 4239 2348 4298 alia
2391 4239 2663 4296 scribimus
2714 4241 2875 4304 vobis.
2922 4241 3042 4299 Non
3091 4241 3429 4312 confundor,

1829 4336 1953 4407 quia
1985 4350 2081 4390 vos
2112 4333 2281 4390 nostis
2311 4343 2524 4392 certum
2551 4351 2676 4391 esse
2705 4336 2848 4404 quod
2877 4335 3024 4392 dico.

1906 4427 2075 4493 Quam
2104 4442 2220 4498 qua:
2242 4427 2436 4498 legistis
2457 4436 2504 4480 et
2525 4427 2853 4498 cognovistis.
2877 4427 2933 4482 ld
2955 4440 3062 4496 est,
3077 4444 3198 4500 qum
3221 4429 3432 4501 legistis

1835 4519 1890 4574 in
1922 4519 2184 4588 Epistula,
2219 4518 2554 4586 cognovistis
2585 4517 2638 4572 iu
2671 4517 3029 4574 conscientia.

1914 4610 2080 4682 Spero
2101 4617 2272 4662 autent
2295 4607 2432 4677 quod
2453 4625 2611 4678 usque
2631 4608 2686 4663 in
2711 4609 2866 4678 ﬁnem
2889 4612 3221 4682 cognoscetis.
3246 4611 3304 4668 Id
3331 4622 3438 4683 est,

1841 4716 2022 4764 certus
2053 4719 2170 4759 sum
2203 4719 2386 4758 meum
2419 4702 2760 4773 pr0p0situm
2789 4720 2896 4759 non
2927 4708 3147 4762 mutari.

1916 4797 2066 4854 Sicut
2095 4806 2142 4851 et
2165 4796 2470 4867 cognovistis
2493 4812 2585 4850 nos
2608 4812 2672 4852 ea:
2690 4806 2860 4867 parte.
2885 4799 3022 4866 Quia
3047 4799 3284 4854 nondum
3315 4799 3438 4858 linis

1845 4900 1932 4949 est
1959 4907 1971 4943 :
2003 4905 2123 4946 cum
2152 4898 2336 4944 autem
2358 4891 2590 4958 venerit,
2625 4905 2693 4946 ex
2723 4890 2933 4961 integro
2957 4892 3318 4962 cognoscetis.

1923 4986 2059 5053 Quia
2084 4985 2252 5058 gloria
2276 4995 2448 5040 uestra
2483 5002 2661 5040 sumus
2681 5025 2696 5051 ,
2745 4987 2878 5042 sicut
2910 4997 2956 5042 et
2991 5005 3078 5044 vos
3109 4998 3306 5044 nostra.
3347 4987 3440 5045 Sic

1845 5079 2146 5149 gloriantur
2182 5078 2431 5149 discipuli
2477 5077 2544 5134 de
2586 5079 2733 5135 bono
2772 5081 3032 5149 doctore,
3065 5081 3338 5151 quomodo
3376 5093 3434 5139 et

1850 5173 2105 5242 magister
2134 5172 2186 5226 in
2218 5170 2374 5226 bonis
2399 5170 2684 5240 discipulis
2715 5172 3004 5243 gloriatur.

1924 5262 1992 5318 In
2026 5265 2108 5318 die
2152 5263 2359 5318 Domini
2387 5263 2548 5326 nostri
2570 5263 2699 5328 Jesu
2725 5262 2937 5318 Christi.
2972 5264 3200 5332 Quando
3227 5275 3284 5326 et
3329 5268 3444 5326 veri

1853 5359 2094 5428 magistri
2123 5370 2179 5414 et
2210 5357 2336 5411 boui
2365 5356 2618 5427 discipuli
2651 5356 3048 5425 probabuntur.

1927 5449 1994 5505 Et
2016 5450 2114 5504 hac
2137 5450 2450 5519 conﬁdentia
2473 5449 2609 5503 volui
2637 5449 2782 5521 prius
2815 5451 2988 5504 venire
3017 5453 3085 5506 ad
3109 5469 3218 5509 vos.
3245 5450 3300 5508 Id
3331 5463 3409 5510 est
3429 5495 3446 5523 ,

1857 5546 1998 5620 quod
2029 5544 2157 5600 nihil
2185 5543 2327 5599 aliud
2357 5555 2596 5599 vestrum
2629 5544 2849 5614 (ιιιωεὶκνί
2890 5560 3048 5616 quam
3084 5548 3338 5604 salutem.

1936 5637 2003 5693 Ut
2035 5637 2317 5691 secundum
2358 5636 2577 5706 gratiam
2604 5633 2892 5705 haberetis,
2931 5647 2977 5692 et
3010 5655 3102 5709 per
3140 5655 3227 5696 vos
3276 5650 3450 5694 trans-

1860 5732 1988 5786 irent
2015 5731 2066 5783 in
2098 5727 2488 5792 Macedoniam,
2533 5736 2580 5780 et
2620 5729 2806 5782 iterum
2837 5747 2870 5782 a
2903 5730 3208 5786 Macedonia
3233 5734 3457 5788 uenirem

1863 5823 1930 5879 ad
1959 5839 2042 5879 ros
2070 5861 2085 5892 ,
2131 5831 2177 5879 et
2201 5837 2234 5876 a
2267 5821 2407 5877 nobis
2455 5817 2728 5895 deduciin
2754 5818 3016 5879 Judazam.
3046 5822 3184 5892 Quia
3232 5826 3464 5897 primam

100 4804 255 4858 mini
296 4818 411 4856 non
445 4805 832 4870 pertimescere
861 4801 1164 4870 passiones,
1188 4798 1274 4854 vel
1318 4806 1374 4852 ut
1398 4814 1494 4853 vos
1547 4797 1729 4854 horte-

97 4914 244 4954 mur
291 4895 575 4966 patienter
603 4894 745 4952 ferre
770 4894 884 4961 illa,
918 4910 1037 4968 qua:
1084 4893 1148 4947 ad
1183 4901 1506 4964 prmsenteut
1535 4906 1734 4948 conso-

97 4995 400 5048 lationem
436 4989 709 5062 pertinent
739 4999 792 5044 et
823 4989 1080 5044 futuram.

181 5085 451 5141 Scientcs
479 5085 723 5152 quoniam
751 5082 879 5136 sicut
909 5081 1036 5136 socii
1057 5081 1354 5152 passionum
1378 5079 1519 5144 estis,
1545 5076 1618 5132 sic
1640 5078 1741 5131 eri-

99 5183 172 5234 tis
215 5188 276 5233 ει
321 5176 713 5230 consolationis.
748 5173 804 5229 Id
832 5183 935 5243 est,
968 5171 1086 5228 lucc
1115 5183 1198 5231 est
1220 5188 1344 5245 spes
1372 5182 1557 5227 nostra
1591 5170 1739 5228 ﬁrma

94 5291 216 5346 pro
256 5288 292 5322 γ
303 5269 452 5324 ubis.
1394 5333 1402 5338 _

183 5364 348 5420 Non
378 5363 513 5416 enim
543 5359 777 5414 rolumus
809 5359 1050 5432 ignorare
1072 5375 1160 5414 vos
1185 5399 1199 5426 ,
1229 5359 1416 5428 fratres
1435 5399 1452 5426 ,
1485 5356 1550 5412 de
1583 5356 1748 5413 tribu-

92 5460 345 5516 latione
387 5465 565 5508 nostra
593 5497 608 5521 ,
648 5468 762 5522 qua:
806 5453 943 5521 facta
985 5461 1058 5506 est
1101 5451 1150 5504 in
1200 5450 1344 5506 Asia.
1392 5449 1589 5506 Narrat
1622 5466 1747 5506 suas

91 5555 461 5630 passiones,
495 5557 555 5601 ut
584 5547 662 5602 illi
689 5560 748 5602 se
768 5546 834 5602 ad
863 5546 1077 5600 illarum
1101 5529 1561 5616 comparationem
1583 5558 1749 5613 parva

91 5649 234 5723 pati
296 5651 646 5714 cognoscant
677 5683 692 5709 ,
745 5645 980 5694 maxime
1013 5653 1136 5692 cum
1170 5638 1243 5692 illi
1280 5638 1405 5691 talia
1436 5638 1708 5708 patiantur
1736 5678 1752 5705 ,

87 5744 202 5814 qui
241 5738 392 5792 vice
418 5734 619 5789 Christi
650 5731 866 5787 fuerant
890 5730 1168 5785 destinati.
1199 5729 1352 5784 Sicut
1381 5727 1424 5783 si
1452 5730 1572 5800 quis
1594 5727 1757 5785 disci-

83 5836 307 5914 pulus
350 5826 534 5886 doleat
565 5841 730 5898 super
758 5822 954 5897 injuria
973 5838 1071 5881 sua
1103 5837 1263 5880 :cum
1297 5820 1532 5879 audierit
1558 5822 1753 5894 magis-
