3978 6286
566 291 672 354 775
1566 279 1626 343 S.
1666 272 2057 340 IllERONYblI
2094 266 2381 336 OPERUM
2418 270 2783 331 MANTISSA.
3737 257 3815 321 776

560 414 615 471 in
664 412 843 484 primo
886 406 1159 464 habuistis
1192 402 1428 460 adventu
1459 418 1473 456 :
1499 400 1592 457 vel
1619 409 1680 456 ut
1706 399 1933 469 gratiam
1973 409 2167 453 secun-
2194 392 2245 454 Α
2275 390 2494 447 tristitia
2516 388 2755 445 secundo
2776 376 3167 450 venirem.'Qui
3192 392 3313 437 cum
3340 376 3573 451 primum
3600 374 3819 435 credidis-

568 477 692 565 dam
724 502 1028 578 praesentia:
1055 514 1190 556 meas
1221 505 1344 569 post
1365 497 1573 552 litteras
1599 492 1896 549 haberetis.
2264 484 2333 541 tis
2355 525 2370 552 ,
2401 482 2543 555 apud
2579 496 2677 538 vos
2706 481 2757 536 in
2784 478 2981 551 gaudio
3006 477 3099 531 lui.

645 566 777 657 Cum
820 614 940 670 ergo
994 595 1091 651 hoc
1138 566 1412 650 voluissem
1441 607 1459 646 :
1485 587 1735 661 numquid
1792 586 1996 641 levitate
2037 600 2161 639 usus
2339 580 2401 637 Si
2429 578 2565 633 enim
2593 592 2686 649 ego
2713 573 2960 629 contristo
2991 586 3078 626 vos
3105 612 3121 639 ,
3161 576 3210 625 et
3235 568 3351 638 quis
3381 576 3454 623 est
3487 566 3581 638 qui
3617 582 3687 621 me
3718 566 3819 621 (teti-

569 710 684 752 sunt
709 694 734 747 ἵ
760 660 897 760 Quia
924 688 1251 761 promissum
1283 701 1394 743 non
1423 683 1753 755 impleverat
1775 723 1791 750 ,
1831 694 1901 737 ne
1923 676 2161 735 levitatis
2266 677 2420 748 ﬂeet?
2452 672 2747 742 Propterea
2781 667 2835 725 id
2865 666 3005 724 facio
3027 710 3041 737 ,
3076 672 3136 722 ut.
3166 664 3367 737 possim
3397 661 3630 736 gaudere
3667 660 3725 717 de
3749 675 3819 717 vo-

569 791 923 861 accusaretnr
947 796 1007 838 se
1028 789 1276 838 excusat.
1710 806 1721 835 ε
2266 771 2369 827 his.

641 879 744 932 Aut
769 857 890 949 qua:
912 874 1103 946 cogito,
1130 870 1413 927 secundum
1432 883 1635 925 carnem
1664 868 1853 940 aagito.
1878 863 1935 920 Id
1949 871 2051 933 est,
2078 875 2165 918 se-
2340 863 2461 920 Nisi
2482 862 2571 936 qui
2596 861 2935 918 contristatur
2961 875 3026 916 ex
3047 875 3146 915 me.
3176 857 3279 928 Qui
3307 856 3453 914 enim
3489 852 3819 921 contristatur,

464 974 477 983 ’
570 973 807 1032 cundum
864 969 1137 1026 carnalem
1195 966 1534 1022 voluntatem
1567 980 1580 1017 :
1614 960 1837 1018 carnale
1888 959 2034 1014 enim
2078 962 2165 1011 est
2266 957 2520 1029 intelligit
2548 971 2607 1013 se
2633 970 2890 1026 peccasse
2919 970 2933 1009 :
2960 956 3101 1009 sicut
3128 968 3272 1022 mger
3296 993 3312 1019 ,
3344 952 3435 1023 qui
3469 950 3702 1006 dolorem
3723 962 3816 1003 sen-

570 1068 807 1139 aliquem
830 1064 976 1121 nulla
1004 1061 1211 1134 majore
1234 1074 1396 1116 causa
1418 1058 1687 1115 existente
1711 1069 1819 1111 non
1845 1036 2024 1109 iacere
2045 1062 2167 1121 qua:
2268 1050 2369 1117 tit,
2417 1056 2594 1120 potest
2626 1047 2912 1119 percipere
2948 1044 3273 1111 sanitatem,
3314 1052 3370 1099 et
3408 1041 3477 1097 ad
3505 1039 3691 1097 medici
3716 1038 3822 1093 laeti-

578 1160 850 1236 promisit.
2271 1145 2398 1201 tiam
2425 1143 2723 1215 pertinere.

648 1258 716 1313 Ut
746 1256 813 1313 sit
840 1253 983 1326 apud
1013 1268 1092 1307 me
1119 1258 1191 1308 est
1218 1296 1233 1321 ,
1275 1258 1321 1305 et
1369 1263 1473 1304 non
1512 1254 1587 1302 est
1614 1247 1639 1303 ?
1682 1244 1808 1301 Ideo
1836 1256 1945 1299 non
1984 1238 2168 1311 cogito
2343 1236 2413 1292 Et
2434 1238 2532 1291 hoc
2551 1236 2724 1306 ipsum
2743 1233 2934 1306 scripsi
2959 1231 3123 1287 vobis.
3155 1228 3315 1286 Modo
3342 1226 3491 1286 enim
3519 1224 3640 1282 ideo
3663 1223 3823 1287 scribo,

573 1321 887 1407 secundum
904 1356 1124 1402 carnem
1147 1383 1164 1411 ,
1211 1350 1269 1398 ut
1298 1356 1405 1397 non
1432 1338 1671 1396 mendax
1697 1378 1713 1407 ,
1737 1334 1823 1392 vel
1856 1333 2057 1405 duplex
2084 1331 2171 1387 in—
2276 1330 2361 1387 vel
2387 1338 2517 1386 ante
2542 1328 2738 1399 scripsi
2763 1369 2778 1394 ,
2809 1335 2869 1382 ut
2896 1325 3095 1382 litteris
3118 1321 3393 1380 emendati
3423 1328 3731 1392 praesentem
3761 1330 3824 1371 mc

571 1441 782 1500 veniar.
2269 1423 2510 1497 gaudere
2537 1418 2770 1478 faciatis.
3176 1440 3181 1443 -

650 1534 854 1590 Fidelis
885 1542 1056 1587 autem
1086 1529 1249 1585 Deus.
1300 1526 1376 1583 Ita
1408 1533 1460 1582 et
1494 1538 1594 1581 nos
1616 1565 1630 1590 ,
1676 1538 1773 1594 per
1794 1534 1929 1592 quos
1954 1519 2069 1587 ipse
2091 1516 2169 1572 lo-
2348 1516 2417 1571 Ut
2436 1528 2868 1570 noncumvenero
2890 1510 3155 1567 tristitiam
3172 1522 3324 1581 super
3348 1506 3618 1561 tristitiam
3636 1502 3824 1557 habeam.

579 1627 762 1701 quitur
796 1644 809 1680 :
842 1625 968 1681 dum
1002 1638 1125 1679 eum
1160 1622 1463 1685 imitamur,
1491 1632 1601 1673 non
1629 1624 1820 1671 sumus
1841 1610 2111 1668 inﬁdeles.
2272 1608 2573 1666 Tristitiam
2603 1606 2777 1663 habeo
2803 1650 2817 1675 ,
2845 1604 2969 1675 quia
3001 1600 3268 1675 peccastis
3302 1617 3318 1656 :
3350 1614 3474 1670 quae
3512 1596 3680 1668 magis
3706 1608 3829 1663 auge-

653 1721 790 1789 Quia
832 1733 999 1774 sermo
1040 1724 1211 1771 noster
1256 1714 1347 1785 qui
1387 1712 1487 1783 [uit
1522 1709 1665 1782 apud
1709 1724 1833 1775 vos,
1883 1721 1986 1759 non
2017 1710 2091 1758 est
2117 1701 2172 1755 in
2274 1705 2451 1773 bitur,
2480 1702 2526 1758 si
2556 1717 2655 1760 vos
2687 1716 2794 1758 non
2824 1699 3072 1770 perfecte
3096 1697 3285 1754 videro
3308 1688 3671 1752 emcndasse.‘

575 1788 811 1880 illoest,
845 1820 891 1867 et
923 1827 1026 1885 non
1051 1825 1068 1862 :
1099 1807 1188 1862 sed
1218 1814 1290 1860 est
1319 1806 1372 1858 in
1413 1803 1506 1857 illo
1532 1844 1548 1870 ,
1581 1809 1677 1856 est.
1712 1798 1870 1854 Nulla
1892 1797 1948 1852 in
1969 1811 2035 1851 eo
2058 1808 2174 1849 am-
2203 1795 2253 1857 B
2350 1799 2428 1855 De
2455 1798 2639 1870 quibus
2668 1802 2965 1867 oportuerat
2996 1810 3073 1849 me
3113 1791 3367 1865 gaudere.
3399 1790 3479 1845 De
3506 1788 3694 1860 quibus
3724 1801 3832 1842 sem-

580 1905 810 1976 biguitas
838 1945 853 1970 ,
884 1882 1114 1959 necinos
1136 1898 1289 1954 vobis
1314 1910 1505 1952 sumus
1529 1892 1822 1964 aliquando
1854 1889 2086 1946 mentiti.
2281 1909 2377 1966 per
2402 1891 2637 1965 gaudere
2675 1891 2969 1948 debueram
2998 1929 3014 1958 ,
3052 1886 3137 1944 vel
3169 1885 3238 1943 de
3271 1882 3650 1941 emendatione
3690 1891 3830 1953 gratu-

652 1998 750 2053 Dei
770 1996 906 2051 enim
924 1993 1095 2049 Filius
1124 1993 1279 2047 Iesus
1308 1988 1546 2044 Christus
1569 2031 1583 2055 ,
1610 1987 1696 2057 qui
1726 1987 1779 2040 in
1802 1984 1943 2040 vobis
1970 1999 2057 2053 per
2083 1997 2177 2037 nos
2282 1987 2407 2044 lari,
3458 2028 3463 2033 _

583 2090 897 2165 prazdicatus
926 2094 1003 2141 est
1034 2101 1169 2156 :per
1192 2099 1270 2137 me
1300 2092 1347 2137 et
1372 2081 1687 2153 Sylvanum,
1724 2087 1774 2132 et
1801 2073 2174 2142 Timotheum,
2354 2078 2632 2149 Conﬁdens
2666 2077 2722 2132 ξη
2762 2074 2998 2131 omnibus
3039 2073 3180 2129 vobis
3203 2112 3219 2141 ,
3257 2071 3379 2144 quia
3425 2085 3595 2125 meum
3632 2068 3831 2141 gaudium

579 2155 685 2240 non
711 2183 879 2254 fuitin
901 2179 994 2235 ξιιο
1015 2220 1030 2245 ,
1062 2155 1137 2234 est
1160 2186 1205 2232 et
1228 2193 1331 2231 non
1355 2219 1370 2242 ,
1410 2176 1499 2228 sed
1529 2182 1603 2228 est
1630 2174 1685 2226 in
1723 2169 1817 2225 illo
1846 2170 1967 2239 fuit.
2000 2167 2181 2235 Quare
2283 2175 2513 2230 omnium
2543 2181 2735 2228 vestrm;

2372 2175 2513 2228 nium
2543 2181 2767 2228 vestrum
2795 2180 2888 2225 est.
2917 2168 3059 2224 Nam
3085 2185 3148 2224 ex
3175 2155 3339 2223 multa
3359 2165 3686 2220 tribulatione
3709 2172 3747 2216 et
3767 2180 3834 2215 an-

577 2295 704 2336 cum
731 2276 1073 2349 promisisset
1109 2274 1191 2328 ire
1220 2285 1282 2327 se
1311 2268 1378 2325 ad
1410 2264 1757 2324 Centurionis
1784 2277 2041 2335 puerum,
2070 2274 2179 2315 non
2283 2267 2453 2337 gustia
2497 2265 2691 2321 cordis,
2742 2263 2799 2319 1d
2830 2270 2916 2319 est
2938 2306 2953 2331 ,
2989 2260 3206 2318 conﬁdo
3240 2274 3338 2315 vos
3376 2257 3713 2328 intelligere,
3738 2253 3831 2323 quia

583 2370 849 2445 perrexit.
879 2367 987 2425 Sed
1019 2364 1173 2420 aﬂuit
1201 2359 1473 2434 spirituali
1502 2358 1673 2430 gratia
1700 2398 1714 2423 ,
1747 2355 1837 2426 qui
1880 2368 1989 2409 non
2029 2350 2183 2445 alluit
2283 2369 2415 2416 tunc
2462 2358 2531 2416 sit
2559 2372 2746 2414 Verum
2794 2356 3050 2429 gaudium
3096 2363 3334 2411 vesti-um
3364 2354 3411 2409 si
3457 2367 3561 2423 ego
3588 2350 3830 2421 gaudeam.

585 2443 874 2537 prresentia
905 2456 1200 2529 corporali.
1224 2454 1331 2511 Sed
1355 2461 1437 2508 est
1465 2452 1522 2506 in
1551 2451 1644 2505 illo
1672 2448 1772 2503 luit
1799 2465 1812 2500 :
1843 2446 1897 2501 id
1922 2453 2038 2537 est,
2073 2443 2181 2499 im-
2285 2452 2412 2510 Sive
2436 2451 2650 2507 conﬁdo
2673 2449 2815 2521 quod
2845 2463 2932 2504 me
2964 2448 3148 2504 [aliler
3177 2445 3441 2518 diligatis,
3473 2454 3533 2501 ut,
3556 2456 3722 2499 meum
3743 2454 3837 2511 gau-

587 2536 864 2615 mutabilis
916 2552 1119 2609 VCI‘IlﬂS
1144 2589 1161 2615 ,
1210 2557 1272 2603 ut
1315 2544 1383 2601 ad
1431 2544 1651 2615 MOYSCII
1702 2539 1839 2595 dicit
1867 2557 1878 2591 ε
2057 2545 2136 2592 est
2164 2575 2181 2604 ,
2286 2547 2434 2603 dium
2460 2556 2700 2601 vesnum
2726 2559 2849 2601 esse
2872 2542 3086 2599 dicatis.

588 2649 735 2708 misit
767 2662 872 2703 me.
909 2645 1006 2700 llle
1031 2642 1176 2699 enim
1201 2653 1332 2696 vere
1361 2644 1483 2704 est,
1524 2635 1617 2707 qui
1647 2646 1865 2702 semper
1903 2630 2043 2685 idem
2077 2635 2182 2683 est.
2362 2642 2563 2716 Scripsi
2592 2641 2736 2697 υοδε,
2758 2658 2849 2714 per
2877 2640 3067 2695 manu,
3089 2638 3375 2710 ιαεννηιαε,
3403 2637 3641 2693 primam
3667 2633 3841 2706 Epislo.

664 2742 923 2812 Quotquot
967 2737 1103 2793 enim
1134 2732 1500 2807 promissioues
1538 2726 1637 2782 Dei
1663 2735 1783 2782 sunt
1814 2765 1829 2792 ,
1875 2724 1929 2777 in
1960 2720 2056 2776 illo
2086 2728 2181 2774 est.
2288 2736 2393 2792 iam
2420 2778 2435 2804 ν
2461 2750 2565 2808 qua
2594 2750 2689 2791 vos
2716 2749 2735 2790 ε

2372 2752 2393 2791 n
2420 2778 2435 2804 ,
2461 2750 2565 2808 qua
2594 2750 2689 2791 vos
2716 2733 2957 2806 corripui
2981 2752 2992 2788 :
3028 2742 3084 2789 et
3111 2731 3241 2788 hinc
3267 2731 3694 2803 intelligendum,
3716 2741 3842 2799 quam

589 2837 717 2893 Ideo
762 2843 811 2889 et
852 2848 943 2903 iter
978 2831 1149 2901 ipsum
1190 2824 1441 2892 dicimus,
1479 2837 1628 2877 auten
1662 2818 1771 2874 Deo
1796 2859 1811 2885 ,
1852 2819 1921 2869 ad
1966 2813 2187 2885 gloriam
2291 2828 2457 2886 ίυειιίι
2486 2828 2553 2885 de
2576 2828 2735 2884 omni1

2372 2829 2457 2886 :rit
2486 2828 2553 2885 de
2576 2828 2819 2884 omnium
2849 2827 3024 2883 salute
3047 2826 3338 2884 sollicitus.

591 2936 843 2984 nostram.
872 2922 1064 2979 Omnis
1089 2918 1296 2975 veritas
1328 2911 1706 2986 promissionis
1734 2911 1786 2964 in
1814 2907 2033 2963 Christo
2061 2914 2185 2971 est,
2362 2921 2487 2977 Νοη
2515 2930 2570 2976 ηε
2592 2921 2995 2988 εοηινίεεεηήηί,
3036 2921 3126 2976 sed
3164 2929 3221 2974 ut
3256 2920 3433 2975 “iam
3470 2936 3624 2992 quam
3659 2915 3847 2971 chaﬁla‘

598 3035 719 3091 qua:
746 3031 842 3087 per
868 3028 965 3068 nos
993 3011 1061 3067 ad
1093 3010 1190 3073 Dei
1220 3007 1449 3079 gloriam
1479 3003 1827 3074 praedicatur.
2066 3090 2081 3091 7
2293 3023 2391 3070 ιεη,
2413 3015 2651 3071 habeam.
2685 3013 2727 3069 Ν

2372 3032 2391 3070 ἰ
2413 3015 2651 3071 habeam.
2685 3013 2804 3070 Non
2847 3012 2974 3069 ideo
3009 3028 3379 3070 commemoro
3406 3053 3422 3079 ,
3454 3022 3514 3068 ut
3538 3013 3725 3069 iterum
3747 3023 3848 3063 con—

667 3108 771 3176 Qui
792 3112 966 3160 autem
991 3102 1265 3171 conﬁrmat
1288 3114 1381 3153 nos
1405 3096 1663 3151 vobiscum
1690 3096 1742 3149 in
1769 3091 1999 3148 Christo.
2048 3090 2187 3147 Gra-
2292 3107 2580 3164 irisiemini
2613 3148 2628 3173 ν
2673 3106 2770 3163 sed
2793 3115 2852 3162 ul
2879 3106 3066 3162 sciatis
3096 3122 3181 3163 me
3209 3107 3393 3162 omnia
3422 3105 3477 3162 in
3511 3104 3764 3162 charime
3792 3100 3847 3154 ie-

596 3202 669 3256 tia
694 3210 751 3256 et
778 3196 1047 3254 doctrina.
1084 3194 1152 3249 Et
1173 3192 1296 3264 quia
1324 3190 1536 3247 dixerat
1576 3203 1672 3258 per
1714 3201 1847 3253 nos,
1894 3184 2057 3241 modo
2099 3198 2189 3238 os-
2217 3182 2264 3247 C
2292 3201 2456 3258 cisse.
3108 3212 3115 3218 .

601 3292 775 3350 leﬂdil
818 3290 993 3347 Deum
1043 3295 1214 3343 ῑοῑυιη
1264 3284 1485 3353 facere.
1534 3282 1626 3354 qui
1669 3282 1722 3337 Ῐη
1751 3281 1832 3336 εἷς
1865 3280 1967 3335 is“
2006 3277 2188 3335 omni“
2365 3293 2729 3349 Abundantius
2775 3294 2831 3351 in
2886 3292 3051 3349 vobis.
3105 3290 3187 3347 Ex
3231 3290 3431 3362 majori
3481 3284 3847 3348 sollicitudine,

595 3400 852 3466 operatus
877 3397 982 3445 εει.
2297 3388 2745 3445 abundantiorem
2768 3389 3086 3457 cognoscite
3107 3386 3453 3442 charitatem.

670 3483 739 3539 Et
765 3483 854 3555 qui
882 3479 1035 3537 unxit
1064 3494 1155 3534 nos
1184 3475 1346 3532 Deus.
1379 3473 1587 3545 Spiritu
1615 3480 1805 3529 sancto
1830 3512 1845 3539 ,
1877 3470 1965 3527 vel
2011 3468 2188 3525 chris-
2364 3482 2429 3539 Si
2457 3485 2573 3555 qui,
2610 3490 2735 3538 aute,

2372 3482 2429 3539 Si
2457 3485 2573 3555 quis
2610 3490 2780 3538 autem
2823 3482 3141 3537 contristavit
3168 3498 3280 3548 me,
3313 3496 3417 3535 non
3445 3495 3526 3535 me
3554 3472 3850 3533 contristent.

601 3585 766 3634 male.
2291 3576 2426 3645 Quia
2458 3591 2556 3647 per
2580 3577 2727 3633 illius
2748 3586 3030 3649 peccatum
3058 3592 3155 3632 vos
3181 3577 3344 3632 etiam
3365 3574 3635 3646 correpti,
3661 3570 3854 3641 amplius

671 3667 740 3723 Et
770 3666 856 3740 qui
882 3664 1241 3737 signavitnos.
1284 3660 1419 3718 Illud
1465 3661 1707 3732 signatur
1734 3704 1749 3731 ,
1796 3658 1943 3731 quod
1991 3654 2191 3727 aliquid
2292 3671 2617 3743 profecisiis,
2646 3670 2735 3727 εῖν

2372 3671 2617 3727 )l‘ecistis.
2646 3670 2771 3727 Sive
2792 3713 2808 3740 ,
2837 3671 2927 3743 qui
2953 3686 3040 3728 me
3064 3669 3392 3738 emendavit,
3429 3684 3543 3725 non
3572 3683 3658 3724 me
3682 3663 3854 3737 penitus

606 3762 934 3819 intrinsecus
964 3755 1211 3814 continet
1238 3754 1556 3826 pretiosum.
2084 3810 2087 3813 ἰ
2294 3763 2667 3819 εοηιιυίδιθνίι,

2372 3763 2667 3819 ntristavit.

668 3854 828 3910 Dedit
856 3852 1043 3925 pignus
1082 3848 1299 3921 spiritus
1336 3846 1395 3900 in
1442 3843 1684 3900 cordibus
1724 3841 1937 3896 nostris.
1981 3838 2038 3895 Id
2068 3847 2151 3895 est
2175 3879 2190 3907 ,
2370 3855 2477 3911 Sed
2509 3870 2573 3909 εχ
2604 3863 2772 3927 parte,
2806 3852 2863 3909 id
2896 3861 2980 3911 est
3003 3898 3017 3921 ,
3066 3868 3132 3910 ει
3158 3868 3221 3910 ea
3250 3852 3423 3908 solum
3445 3860 3604 3924 parte
3626 3898 3640 3922 ,
3671 3863 3762 3922 qua
3784 3860 3854 3901 110'

596 3962 698 4022 pro
728 3945 920 4011 arrha,
945 3942 1175 4014 spiritus
1201 3939 1431 4012 gratiam
1460 3955 1472 3991 :
1500 3936 1676 3993 omnis
1700 3944 1879 3990 autem
1912 3933 2070 3988 arrha
2096 3947 2194 4003 pro
2297 3948 2410 4005 cuii
2438 3947 2540 4004 sibi
2575 3966 2588 4004 ;
2614 3948 2743 4002 dum
2772 3947 2849 4003 iiii
2883 3961 3106 4003 necesse
3132 3954 3216 4003 est
3244 3945 3536 4020 ρωηῑιειιε,

598 4037 968 4111 magnitudine
1008 4034 1167 4106 pretii
1209 4033 1326 4089 dari
1372 4031 1535 4088 solet.
1581 4029 1857 4099 Quantum
1904 4041 2033 4099 ergo
2066 4040 2193 4095 prc-
2374 4042 2567 4097 υιηοη
2594 4059 2735 4097 cum

2374 4042 2441 4097 Ut
2464 4059 2567 4097 non
2594 4058 2798 4097 onerent
2822 4058 2997 4097 omnes
3020 4059 3127 4098 vos.
3162 4041 3290 4098 Ideo
3317 4042 3499 4098 scribo
3526 4056 3654 4098 eum
3696 4034 3856 4105 recipi.

602 4137 735 4193 tium
762 4142 885 4200 est,
917 4130 1073 4201 cujus
1098 4137 1247 4184 tanta
1276 4137 1359 4183 est
1387 4124 1572 4181 arrha.
2299 4143 2361 4191 υι
2398 4150 2504 4190 non
2552 4150 2735 4191 onere.

2398 4150 2504 4190 non
2552 4134 2858 4191 oneremini
2885 4179 2900 4206 ,
2935 4135 2982 4191 si
3023 4149 3120 4206 per
3143 4145 3381 4192 vestram
3412 4134 3672 4191 duritiam
3701 4130 3861 4198 despe-

674 4228 790 4299 Ego
836 4232 1010 4280 autem
1054 4231 1234 4276 testem
1273 4218 1445 4274 Deum
1480 4219 1678 4272 invoco.
1735 4215 2194 4271 Reddit'causam
2298 4228 2502 4285 ιιωνρτίι
2532 4227 2601 4283 de
2626 4226 2821 4283 mium.

603 4337 715 4377 non
736 4317 949 4389 impleti
979 4313 1228 4386 promissi
1263 4328 1276 4366 :
1302 4310 1406 4367 hoc
1434 4325 1541 4364 non
1569 4324 1681 4364 suae
1704 4307 1934 4377 levitati,
1961 4306 2054 4362 sed
2078 4306 2197 4362 illo-
2373 4318 2587 4389 Sufﬁcit
2628 4317 2743 4386 illi,
2772 4317 2858 4389 qui
2888 4317 3145 4391 ejusmodi
3173 4326 3249 4373 est
3272 4359 3289 4386 ,
3322 4316 3623 4391 objurgatia
3652 4314 3754 4370 here
3776 4324 3864 4382 qua

604 4428 721 4469 Tum
750 4409 1049 4468 ίιιίίτιηίίίὶιί
1080 4407 1277 4463 θεεθΐῖι
1296 4402 1688 4474 ἀθρυίθηάυιηο
2300 4411 2361 4481 fit
2387 4428 2419 4465 a
2443 4410 2701 4482 pluribus.
2732 4408 2847 4466 Non
2877 4409 2945 4466 de
2974 4409 3074 4465 illo
3099 4411 3275 4466 solum
3303 4410 3469 4481 dicit,
3494 4411 3589 4482 qui
3618 4416 3863 4480 paternum

674 4505 742 4560 In
768 4506 997 4559 animam
1031 4516 1220 4556 meam.
1253 4497 1423 4569 Cujus
1444 4504 1653 4552 secreta
1687 4493 1834 4549 solus
1859 4492 2120 4565 agnoscit.
2230 4567 2270 4575 Μ
2301 4504 2493 4575 polluit
2521 4504 2735 4558 ιιιοι-ωη

2377 4504 2493 4558 lluit
2521 4504 2737 4558 thorum
2765 4545 2781 4570 ,
2815 4503 2910 4558 sed
2942 4502 3010 4559 de
3041 4503 3188 4558 omni
3219 4510 3481 4573 peccante
3506 4522 3520 4555 :
3548 4516 3675 4556 nam
3703 4497 3868 4554 multos

678 4598 828 4666 Quod
858 4612 1075 4669 parcens
1105 4595 1245 4650 vobis
1270 4634 1287 4662 ,
1316 4609 1419 4648 non
1449 4591 1561 4646 veni
1587 4587 1726 4645 ultra
1766 4587 2086 4644 Corinthum.
2120 4583 2198 4640 Ne
2226 4567 2279 4629 Ῑ)
2304 4567 2417 4653 illic
2448 4610 2736 4667 peccasse,
2762 4567 3009 4666 Epistola
3034 4567 3597 4667 prima-demonsimi,

604 4694 658 4751 in
687 4693 840 4749 vobis
866 4690 1046 4746 acrius
1080 4687 1432 4743 Vindical‘em.
2374 4689 2460 4745 Ita
2486 4699 2537 4744 ut
2567 4690 2857 4745 econtrario
2886 4689 3051 4761 magis
3073 4690 3295 4746 donatis.
3340 4688 3405 4746 Ut
3431 4682 3628 4745 contra
3653 4684 3869 4756 objttrgft-

676 4788 730 4843 Ν
736 4804 801 4843 an
825 4786 946 4858 quia
970 4784 1301 4839 dominamur
1323 4781 1448 4852 fidei
1468 4788 1651 4835 vestra:
1668 4822 1682 4847 ,
1707 4777 1797 4833 sed
1822 4776 2090 4848 adjutores
2111 4790 2199 4828 διιε-
2302 4781 2506 4838 tionem
2547 4783 2762 4839 donelis
2791 4783 3032 4839 veniam,

603 4900 717 4940 mus
741 4880 920 4955 gaudii
942 4878 1116 4933 vestri.
1138 4875 1253 4931 Non
1274 4874 1415 4946 quod
1439 4874 1559 4929 ideo
1583 4871 1943 4937 credideritis,
1966 4878 2022 4924 ut
2042 4867 2199 4923 vobis
2252 4884 2255 4885 '
2376 4873 2442 4928 Et
2482 4875 2837 4929 consolemini.
2893 4874 3086 4931 Verbis
3134 4872 3421 4946 prOpheta:
3452 4872 3693 4930 dicentis
3723 4888 3736 4925 :
3762 4863 3871 4923 Nolo

606 4978 948 5036 dominemur
972 5014 989 5040 ν
1022 4972 1166 5037 εῖευι
1209 4971 1263 5025 in
1309 4970 1428 5039 lege
1462 4967 1774 5024 sacerdmcs
1809 4985 1821 5019 ε
1855 4976 1908 5022 οι
1938 4964 2060 5019 Μαο
2098 4976 2195 5018 \‘06
2292 4964 2531 5024 'mortem
2554 4968 2877 5039 peccatoris.
2903 4966 2991 5035 Et,
3018 4968 3239 5040 Iniquus
3258 4982 3609 5039 quacumque
3636 4966 3722 5023 die
3742 4959 3873 5018 fuerit
3936 4974 3937 4977 η

605 5083 906 5127 terremus:
938 5064 1033 5123 sed
1075 5062 1257 5120 omnia
1301 5060 1367 5115 ad
1400 5067 1635 5115 vestram
1676 5057 1906 5113 facimus
1930 5054 2193 5112 emenda-
2301 5074 2597 5115 conversus
2625 5100 2641 5125 ,
2675 5075 2782 5115 non
2808 5060 3258 5115 memorabumur
3286 5067 3509 5128 πωπω
3544 5059 3692 5131 eius.

602 5166 805 5220 tionem
842 5179 855 5216 :
889 5168 947 5215 ut
976 5158 1062 5215 hic
1089 5158 1141 5212 in
1174 5152 1539 5220 conscientia,
1572 5161 1628 5208 et
1666 5152 1720 5206 in
1764 5158 2028 5222 perpetuo
2065 5163 2196 5219 gau-
2376 5150 2461 5208 Ne
2481 5154 2615 5223 forte
2643 5153 2735 5207 ab"

2376 5150 2461 5208 Ne
2481 5154 2615 5223 forte
2643 5153 3011 5207 abundantiori
3040 5153 3252 5207 tristitia
3274 5153 3643 5227 absorbeatur,
3665 5150 3753 5222 qui
3773 5150 3874 5219 ejss-
3936 5140 3937 5145 “

605 5257 810 5322 αοειῖδι
841 5270 909 5311 ne
940 5255 1055 5325 ἰνεει
1086 5250 1335 5307 “bertam
1362 5246 1448 5303 “Si
1477 5245 1685 5303 ίυθτίίίδ
1707 5246 1761 5300 in
1795 5244 1971 5314 Pejus.
2303 5247 2442 5302 modi
2478 5256 2575 5303 est.
2624 5245 2704 5302 Ne
2746 5247 2887 5304 forte
2936 5264 3036 5320 per
3076 5248 3514 5320 desperationem
3550 5240 3871 5319 indulgentiae
3936 5242 3937 5291 ξ

681 5348 819 5402 Nam
844 5347 947 5416 ﬁde
976 5346 1144 5401 statis.
1180 5340 1343 5411 Fide,
1370 5355 1483 5396 non
1512 5338 1629 5411 lege
1651 5380 1665 5408 ,
1696 5337 1747 5394 id
1776 5344 1860 5395 est
1882 5375 1899 5404 ,
1922 5334 2197 5393 credendo
2303 5339 2661 5396 absorbeatur
2691 5341 2904 5411 gurgite
2931 5341 3190 5398 vitiorum
3220 5384 3235 5408 ,
3277 5353 3335 5399 et
3360 5357 3387 5397 a
3419 5341 3655 5398 diabolo
3682 5350 3875 5412 persua-

605 5442 824 5503 Cltristo
850 5447 996 5498 stare
1024 5437 1290 5512 cmpistis.
2303 5444 2395 5487 sus
2420 5475 2434 5500 ,
2466 5431 2533 5486 ad
2573 5430 2910 5489 infidelitatis
2939 5442 2991 5490 et
3015 5432 3375 5505 blasphemiae
3403 5434 3621 5505 majora
3654 5426 3875 5506 pracipio

1226 5568 1453 5631 CAPUT
1493 5569 1556 5626 Π.
2299 5524 2735 5631 ῑὶίιῆάεάιιοτιῑιπ.

2372 5616 2595 5691 Propter
2630 5621 2767 5692 quod
2808 5618 3017 5676 obsecro
3053 5635 3173 5689 vos,
3211 5628 3268 5676 ut
3312 5620 3641 5692 conﬁrmatis
3674 5622 3729 5678 in
3758 5619 3880 5677 illast

682 5715 856 5775 Statui
884 5719 1054 5770 autem
1074 5712 1171 5767 hoc
1190 5711 1359 5784 ipsum
1379 5708 1519 5783 apud
1547 5723 1625 5762 me
1659 5720 1677 5764 :
1706 5718 1767 5762 ne
1792 5705 1976 5761 iterum
1996 5704 2049 5760 in
2070 5700 2195 5758 tris-
2297 5710 2621 5769 ειιαγξιαιεηι,
2655 5714 2735 5783 Qu

2372 5712 2621 5769 aritatem.
2655 5714 2770 5783 Qua
2792 5713 3038 5785 perfecte
3064 5723 3416 5787 recognoscat
3439 5727 3499 5772 se
3530 5716 3754 5775 veniam
3780 5726 3883 5769 con-

618 5810 782 5869 titiam
813 5807 1034 5867 venirent
1059 5804 1128 5861 ad
1149 5818 1253 5860 vos.
1285 5801 1530 5874 Cogitavi
1559 5843 1574 5873 ,
1615 5799 1700 5859 vel
1734 5798 1970 5875 disposui
1998 5844 2011 5873 ,
2045 5813 2112 5867 ne
2143 5799 2195 5855 in
2300 5818 2569 5871 seculum.
2958 5812 2959 5815 η
2992 5813 2998 5816 -
3376 5812 3383 5816 -
3470 5814 3473 5815 ν
3596 5814 3621 5819 »-
