3978 6286
184 246 291 306 777

936 242 1486 304 COMMENTARIUS
1527 244 1592 303 IN
1635 243 2021 305 EPISTOLAM
2061 241 2105 302 ll
2144 244 2235 302 AD
2264 243 2422 303 (ΞΟΠ.
2454 246 2606 304 CAP.
2639 245 2728 303 lli.

3373 242 3480 302 778

254 363 389 421 Ideo
426 363 562 419 enim
608 370 656 419 et
700 362 888 433 scripsi
925 364 1062 419 vobis
1086 404 1103 432 ,
1157 372 1212 417 ut
1245 379 1549 434 cognoscam
1580 364 1786 434 experi-
1814 367 1868 425 Α
1894 361 2012 417 Dei.
2047 361 2537 433 Pseudoapostolos
2584 362 2775 433 tangit,
2811 358 3107 416 humanum
3149 373 3369 415 sensum
3396 360 3480 415 di-

178 470 410 515 mentnm
440 468 663 514 vestrum
685 473 754 511 an
783 456 840 510 in
869 457 1104 511 omnibus
1127 457 1416 511 obedientes
1443 456 1575 511 sitis.
1605 454 1677 511 Ut
1706 455 1786 510 vi-

178 551 341 607 deam
393 552 438 606 si
489 550 765 621 quomodo
820 548 1124 605 obaudiStis
1175 550 1230 603 in
1292 548 1619 603 vindicando
1657 566 1670 602 :
1706 548 1779 602 ita

178 645 490 701 obaudiatis
529 644 581 699 in
610 641 964 713 indulgendo.
1010 641 1329 697 Ohedientia
1358 642 1503 697 enim
1530 641 1626 697 illa
1655 655 1783 697 vera

178 747 237 795 et
267 737 510 810 perfecta
539 747 623 793 est
648 777 664 799 ,
696 753 817 806 qua:
840 736 895 791 in
927 735 1078 790 nullo
1106 736 1433 791 contemnit.

254 832 353 886 Cui
392 844 563 887 autem
598 831 799 901 aliquid
831 831 1069 897 donatis,
1102 841 1149 885 et
1178 846 1291 902 ego.
1323 829 1476 886 Sicut
1504 830 1784 887 vobiscum

179 927 453 983 vindicavi
478 944 493 983 :
523 927 597 981 ita
627 935 685 983 et
704 926 847 981 dono
877 926 1178 982 vobiscum.

258 1019 404 1075 Nam
429 1030 476 1076 et
505 1038 597 1092 ego
627 1020 766 1091 quod
787 1020 1003 1076 donavi.
1030 1020 1147 1075 Non
1177 1020 1232 1075 in
1262 1035 1381 1075 mea
1410 1034 1665 1089 persona,
1690 1019 1786 1075 sed

182 1114 239 1171 in
266 1114 492 1179 Christi,
517 1116 607 1184 qui
632 1114 767 1168 dixit
795 1131 807 1167 :
832 1113 1199 1184 Quazcumque
1228 1110 1506 1170 solveritis
1534 1112 1588 1168 in
1613 1121 1786 1180 terra,

184 1216 351 1265 erunt
372 1217 427 1263 et
454 1206 507 1261 in
539 1206 682 1262 caelo
712 1206 910 1262 soluta.
1552 1210 1553 1213 ‘

260 1300 325 1357 Si
353 1299 480 1370 quid
511 1300 733 1368 donavi,
778 1306 991 1372 propter
1028 1313 1135 1354 vos.
1181 1296 1261 1353 Ne
1301 1312 1403 1354 vos
1447 1296 1785 1369 gravemini,

183 1392 277 1449 vel
305 1387 726 1447 contristemini.
874 1446 875 1449 η

259 1483 331 1538 In
357 1500 579 1555 persona
605 1481 818 1539 Christi.
844 1484 981 1551 Quia
1010 1484 1127 1539 vice
1150 1483 1424 1556 fungimur
1447 1482 1672 1539 Christi.

266 1574 337 1631 Ut
364 1592 467 1630 non
493 1576 955 1630 circumveniantur
985 1593 1015 1629 a
1038 1576 1261 1631 Satana.
1297 1574 1421 1630 Non
1462 1576 1599 1630 enim
1641 1574 1793 1646 igno-

184 1683 370 1722 ramus
412 1668 750 1738 cogitationes
797 1669 936 1736 ejus.
978 1667 1089 1722 Nec
1127 1669 1275 1723 enim
1316 1668 1437 1738 ejus
1480 1667 1791 1738 ignoramus

1890 455 2029 510 vince
2058 455 2433 527 praedicationi
2457 457 2774 511 miscentes.
2806 452 2963 509 Unde
2992 452 3158 509 Isaias
3186 452 3261 507 ait
3292 472 3304 505 :
3333 450 3480 507 Can-

1890 561 2061 618 pones
2093 547 2169 602 tui
2195 549 2427 604 miscent
2455 550 2585 604 vino
2604 562 2820 619 aquam,
2853 546 2905 602 id
2936 554 3043 616 est,
3076 561 3240 601 merce
3269 545 3471 601 doctri-

1888 658 1973 699 nae
1999 642 2330 699 adulationis
2374 643 2559 698 mollia
2607 643 2772 699 verba
2804 641 3039 713 :qnibus
3072 638 3325 695 homines
3367 652 3479 695 non

1888 743 1998 792 tam
2031 737 2283 793 inebriati
2316 736 2579 804 ferveant,
2608 751 2771 808 quam
2801 733 3054 790 delectati
3083 732 3382 788 tabescant.

1964 829 2071 886 Sed
2095 846 2160 884 ea:
2178 830 2497 898 sinceritate,
2523 830 2657 883 sicut
2686 845 2750 884 ca:
2770 827 2899 896 Deo,
2923 844 3097 882 coram
3119 826 3229 882 Deo
3249 827 3303 881 in
3335 825 3488 882 Chri-

1889 932 1968 978 sto
2009 923 2289 993 loquimur.
2320 922 2402 977 Ex
2433 922 2544 977 Deo
2575 922 2840 992 processit
2875 919 3144 985 doctrina,
3184 934 3346 991 quam
3374 918 3483 974 sci-

1890 1031 2034 1085 mus,
2068 1018 2187 1088 ipso
2218 1024 2505 1086 praesente,
2539 1015 2590 1069 in
2624 1027 2853 1085 persona
2906 1011 3092 1071 dicere
3136 1011 3341 1069 Christi
3373 1030 3387 1065 :
3428 1010 3483 1067 id

1890 1115 1995 1179 est,
2024 1108 2164 1165 sicut
2190 1109 2309 1179 ipse
2334 1106 2680 1180 praedicavit.

2508 1220 2737 1278 CAPUT
2774 1220 2864 1277 ΙΙΙ.
3164 1284 3169 1287 χ

1966 1316 2256 1392 Incipimus
2277 1317 2464 1372 iterum
2488 1316 2826 1400 nosmetipsos
2858 1314 3257 1370 commendare?
3283 1312 3398 1371 Non
3428 1323 3489 1371 ut

1893 1410 2338 1468 commendemus
2368 1424 2468 1465 nos
2509 1408 2662 1463 vobis
2694 1408 2795 1461 ista
2831 1405 3087 1473 dicendo,
3121 1407 3343 1462 laudare
3387 1422 3488 1463 nos

1893 1505 2145 1561 volumus
2174 1522 2187 1559 :
2215 1503 2310 1559 sed
2341 1504 2459 1559 haec
2500 1518 2565 1559 ne
2604 1501 2674 1556 ab
2703 1500 2827 1555 aliis
2856 1500 3217 1569 sedueamini,
3250 1500 3496 1572 cogimur

1888 1611 2353 1655 commemorare.

1968 1690 2071 1743 Aut
2109 1688 2369 1759 numquid
2402 1703 2607 1760 egemus
2647 1686 2781 1740 sicut
2805 1684 3020 1757 quidam
3064 1686 3496 1741 commendatitiis

184 1760 483 1817 versutias.
528 1760 677 1815 idem
726 1760 977 1816 similiter
1024 1760 1383 1816 circumvenit
1429 1775 1527 1830 per
1568 1759 1790 1814 nimiam

1929 1784 2129 1853 pistolis
2152 1783 2222 1836 ad
2250 1799 2359 1849 vos,
2390 1793 2479 1835 aut
2514 1798 2580 1837 ea:
2606 1780 2791 1836 vobis?
2820 1780 2967 1846 Quos
2996 1794 3104 1834 non
3148 1779 3496 1836 commendat

188 1859 449 1915 duritiam
495 1866 837 1928 peccatores,
889 1867 947 1912 ut
982 1866 1208 1928 pereant
1252 1856 1597 1927 desperando
1623 1875 1633 1909 :
1659 1871 1794 1925 quo-

189 1952 360 2010 modo
391 1953 555 2007 nimia
604 1954 928 2008 remissione
979 1952 1202 2007 minime
1246 1950 1591 2021 corrigendo.
1639 1948 1795 2005 Unde

190 2044 560 2102 Salomon‘ait
585 2063 597 2098 :
622 2044 738 2098 Non
763 2044 1012 2099 declines
1044 2046 1095 2097 in
1125 2043 1429 2106 dexteram,
1459 2056 1636 2112 neque
1663 2041 1796 2095 sini-

190 2146 389 2192 stram.
421 2136 685 2204 Quamvis
710 2151 843 2207 ergo
886 2145 997 2191 tota
1041 2135 1282 2205 Epistula
1313 2142 1500 2189 contra
1528 2133 1795 2188 Novatum

193 2228 290 2297 sit,
345 2237 528 2284 tamen
579 2228 668 2284 hic
716 2228 1126 2284 cvidentissime
1171 2226 1477 2282 ostenditur
1519 2241 1547 2280 a
1580 2224 1798 2281 diabolo

191 2324 602 2380 circumventos
624 2324 999 2394 pmnitentiam
1030 2324 1303 2394 denegare
1327 2340 1340 2375 ε
1365 2322 1521 2392 cujus
1552 2321 1652 2376 ista
1678 2336 1801 2376 ver-

193 2417 341 2472 sutia
372 2425 480 2482 est,
513 2427 571 2471 ut
597 2417 699 2472 sub
735 2416 921 2486 specie
946 2415 1170 2485 iustitia:
1202 2415 1350 2470 fallat
1380 2414 1650 2470 incautos.

268 2510 402 2566 Cum
433 2512 684 2566 venissem
713 2520 887 2564 autem
907 2509 1190 2585 Troadem,
1216 2519 1428 2582 propter
1455 2508 1802 2582 Erangelium

196 2602 419 2670 Christi,
442 2613 491 2658 et
526 2605 715 2659 ostium
745 2604 871 2657 mihi
898 2613 1137 2673 apertum
1163 2612 1292 2657 esset
1322 2604 1374 2655 in
1407 2603 1633 2655 Domino
1657 2619 1675 2655 :
1699 2618 1805 2655 non

194 2697 359 2751 habui
387 2697 615 2766 requiem
637 2696 847 2765 spiritui
879 2686 1011 2763 meo,
1041 2712 1099 2750 eo
1123 2695 1258 2764 quod
1286 2710 1391 2748 non
1419 2694 1700 2747 invenerim
1723 2692 1808 2746 Ti-

196 2801 313 2845 tum
353 2794 574 2861 fratrem
602 2807 791 2844 meum.
827 2790 989 2845 Modo
1022 2791 1131 2845 illis
1163 2790 1282 2843 vult
1320 2789 1553 2860 probare
1603 2796 1805 2857 quanto

196 2886 441 2955 amplius
468 2900 565 2940 eos
593 2885 781 2955 diligat
810 2902 824 2939 :
850 2900 1080 2954 quorum
1112 2886 1273 2939 causa
1304 2892 1509 2939 tantum
1542 2882 1805 2937 sollicitus

198 2987 311 3043 est,
342 2987 403 3032 ut
431 2993 555 3033 cum
581 2986 768 3034 essent
800 2979 873 3033 illi
898 2980 1079 3033 omnia
1110 2986 1450 3049 prosperata,
1487 2977 1691 3033 nullam
1719 2992 1806 3033 re-

197 3073 395 3143 quiem
426 3070 719 3126 habuerit:
759 3072 880 3141 quia
908 3071 1087 3125 Titum
1121 3088 1279 3141 quem
1313 3071 1380 3126 ad
1416 3087 1510 3127 eos
1537 3072 1803 3127 videndos

196 3165 453 3230 miserat,
484 3178 593 3217 non
643 3162 873 3226 invenit,
927 3164 1125 3218 timens
1164 3163 1299 3233 jam,
1332 3180 1401 3219 ne
1442 3165 1666 3220 minime
1710 3180 1805 3221 eos

195 3256 555 3323 correxisset,
587 3255 710 3326 quia
738 3254 978 3311 nondum
1002 3257 1051 3311 ei
1076 3256 1371 3327 quidquam
1397 3258 1806 3312 renuntiaverat

195 3347 380 3404 Titus.

275 3445 389 3500 Sed
413 3444 722 3515 valefaciens
750 3444 843 3510 eis,
869 3443 1129 3515 profectus
1158 3459 1292 3497 sum.
1325 3444 1443 3500 Cito
1466 3443 1593 3501 inde
1622 3458 1805 3514 ρει-εει

195 3550 302 3594 sus
329 3552 473 3605 sum,
508 3542 756 3607 quamvis
778 3537 1118 3593 occasionem
1146 3536 1425 3593 habuerim
1450 3537 1804 3607 przedicandi.

276 3629 349 3685 In
382 3628 769 3685 Macedoniam.
805 3630 910 3685 Per
942 3638 1105 3701 quam
1132 3646 1159 3683 a
1192 3631 1348 3686 vobis
1379 3631 1533 3685 Titus
1554 3640 1670 3687 erat
1698 3633 1804 3686 uti-

194 3742 313 3796 que
344 3725 642 3780 rediturus.
676 3723 917 3779 Vicinior
946 3731 1033 3779 est
1053 3724 1195 3780 enim
1226 3724 1539 3780 Macedonia
1566 3724 1804 3791 Achaizn,

194 3834 369 3891 quam
402 3817 632 3872 Troada:
661 3833 675 3870 :
714 3816 947 3888 denique
977 3832 1103 3871 cum
1136 3817 1208 3872 ibi
1254 3828 1421 3885 esset,
1466 3816 1595 3873 dicit
1622 3816 1803 3872 Titum

193 3920 399 3983 postea
433 3910 746 3967 advenisse.

228 4042 231 4045 »
284 4004 399 4057 Deo
439 4013 613 4058 autem
644 4003 865 4074 gratias,
908 4004 997 4074 qui
1034 4020 1232 4076 semper
1282 4003 1566 4078 triumphat
1613 4022 1705 4061 nos
1752 4006 1807 4060 in

193 4094 424 4151 Christo
452 4093 606 4151 Iesu.
639 4096 1004 4167 Triumphare
1052 4096 1178 4153 facit
1222 4114 1321 4154 nos
1365 4114 1463 4169 per
1508 4097 1805 4167 Christum,

192 4190 290 4244 vel
319 4190 373 4243 in
404 4188 561 4244 nobis
594 4190 709 4260 ipse
739 4191 1050 4261 triumphat.

280 4280 354 4335 Et
382 4284 595 4336 odorem
620 4283 820 4338 notitia:
848 4300 957 4339 sua:
986 4285 1285 4357 manifestat
1319 4302 1410 4355 per
1436 4303 1529 4341 nos
1568 4287 1621 4341 in
1668 4286 1809 4342 omni

190 4377 347 4432 loco.
381 4375 530 4431 Odor
559 4376 770 4431 notitia:
802 4376 921 4442 Dei,
961 4392 1056 4448 per
1097 4378 1399 4434 doctrinam
1435 4379 1811 4435 manifestatur

190 4481 267 4528 et
296 4470 479 4541 signa.
507 4468 654 4526 Odor
686 4480 867 4527 autem
898 4470 1021 4527 ideo
1050 4472 1268 4539 dicitur,
1302 4474 1425 4543 quia
1456 4475 1686 4531 sentitur
1715 4489 1810 4544 po-

1899 1875 2070 1947 gratia
2122 1866 2563 1943 virtutum,’illos
2604 1874 2766 1945 digne
2809 1872 3199 1929 commendant
3246 1873 3497 1945 epistola:

1900 1967 2225 2022 amicorum.

1972 2057 2218 2131 Epistola
2248 2066 2423 2112 nostra
2466 2073 2554 2111 vos
2580 2057 2723 2112 estis.
2758 2056 2863 2112 Per
2892 2065 3132 2113 vestram
3171 2057 3329 2113 [idem
3372 2072 3493 2113 om-

1901 2150 2062 2206 nibus
2105 2150 2577 2216 commendantur,
2618 2151 2757 2205 sicut
2787 2150 2915 2205 alibi
2946 2150 3114 2206 dicit:
3140 2150 3494 2221 Signaculum

1900 2244 2239 2314 apostolatus
2271 2245 2373 2298 mei
2416 2257 2510 2298 vos
2534 2243 2689 2298 estis.

1976 2337 2189 2405 Scripta
2212 2339 2264 2391 in
2294 2338 2537 2392 cordibus
2561 2339 2772 2405 nostris,
2798 2354 2915 2409 qum
2943 2339 3103 2394 scitur
3124 2349 3171 2394 et
3202 2340 3390 2410 legitur
3428 2340 3492 2393 ab

1906 2430 2138 2483 omnibus
2171 2430 2486 2498 horninibus,
2538 2432 2877 2501 mauifestati.
2929 2430 2987 2486 In
3016 2431 3366 2488 conscientiis
3398 2448 3499 2487 no-

1904 2523 2054 2589 stris,
2088 2531 2137 2577 et
2169 2538 2267 2577 vos
2300 2523 2456 2578 nobis
2489 2524 2912 2593 praedicantibus
2940 2524 3239 2580 credidisse
3268 2541 3280 2577 :
3314 2525 3422 2590 vel,
3448 2524 3504 2580 in

1906 2616 2071 2672 corde
2099 2626 2287 2672 nostro
2314 2625 2399 2672 est
2437 2617 2775 2687 praedicatio,
2814 2635 2910 2687 per
2938 2634 3098 2688 quam
3137 2618 3374 2688 Epistola
3405 2633 3503 2672 no-

1906 2719 2017 2766 stra
2045 2709 2177 2765 estis
2207 2709 2355 2775 lacti,
2398 2726 2521 2781 qum
2564 2710 2930 2781 cognoscitur,
2975 2721 3031 2767 et
3060 2726 3181 2782 qua:
3207 2711 3404 2782 legitur
3430 2710 3499 2765 ab

1909 2804 2161 2857 omnibus
2196 2803 2529 2871 hominibus,
2562 2816 2615 2859 et
2646 2804 3051 2861 manifestatur.

1985 2895 2248 2960 Quoniam
2292 2892 2530 2966 Epistola
2573 2896 2692 2950 estis
2723 2894 2937 2949 Christi.
2976 2895 3242 2951 Omnibus
3280 2896 3507 2951 manife-

1908 2995 2051 3044 stum
2081 2996 2184 3054 est,
2210 2987 2432 3043 Christo
2455 3003 2552 3043 vos
2580 3002 2676 3058 per
2706 2999 2949 3043 nostram
2979 2988 3278 3044 credidisse
3308 2989 3511 3044 doctri-

1912 3095 2069 3148 nam,
2121 3079 2483 3135 conlirmante
2531 3078 2785 3135 virtutem
2837 3080 3046 3152 Spiritu
3095 3091 3305 3137 sancto.
3352 3081 3502 3151 Sive,

1833 3145 1881 3209 α
1914 3187 2043 3227 vere
2085 3171 2214 3226 hinc
2243 3171 2639 3243 cognoscimini
2666 3172 2868 3229 ChriSti
2900 3188 3042 3241 esse,
3067 3174 3208 3245 quod
3250 3174 3368 3246 ejus
3392 3175 3511 3246 spio

1914 3270 2079 3324 ritum
2114 3268 2423 3342 accepistis.

1986 3360 2289 3416 Ministrata
2335 3378 2367 3415 a
2402 3360 2569 3416 nobis.
2616 3359 2733 3417 Hoc
2778 3368 2864 3418 est
2892 3360 3099 3432 Spiritu
3151 3370 3341 3419 sancto
3371 3378 3510 3433 pra:-

1914 3462 2121 3522 parata.

1984 3543 2052 3599 Et
2073 3546 2285 3618 scripta,
2320 3561 2419 3599 non
2444 3552 2755 3614 atramento,
2783 3546 2875 3600 sed
2896 3547 3083 3619 spiritu
3114 3544 3210 3602 Dei
3240 3547 3382 3605 vivi:
3410 3564 3513 3604 non

1912 3640 1969 3694 in
1999 3639 2185 3694 tabulis
2209 3639 2447 3712 lapideis,
2477 3640 2566 3695 sed
2587 3642 2639 3694 in
2663 3638 2855 3695 tabulis
2877 3642 3048 3697 cordis
3071 3642 3389 3699 carnalibus.
3417 3644 3514 3699 llic

1915 3732 2271 3789 differentiam
2305 3732 2513 3787 inducit
2550 3733 2687 3804 legis
2728 3742 2784 3789 et
2820 3735 3015 3804 gratiae
3046 3752 3059 3788 :
3088 3734 3260 3790 Judaai
3292 3737 3343 3790 in
3377 3735 3513 3791 dura

1914 3825 2144 3881 materia
2209 3825 2385 3895 legem
2434 3834 2802 3896 acceperant,
2856 3825 3196 3896 signiﬁcante
3251 3826 3512 3883 duritiam

1913 3918 2115 3974 mentis
2142 3932 2333 3974 eorum
2361 3934 2373 3971 :
2399 3917 2538 3971 sicut
2561 3924 2617 3971 et
2640 3916 2890 3971 velamen
2917 3915 3075 3972 faciei
3110 3918 3305 3989 Moysi,
3331 3917 3515 3974 cordis

1914 4027 2104 4069 eorum
2148 4009 2398 4065 velamen
2448 4008 2771 4079 ignorantia:
2802 4007 3187 4079 portendebat.
3222 4007 3333 4064 Nos
3378 4024 3515 4065 vero

1915 4102 2167 4175 quamvis
2194 4102 2364 4172 legem
2388 4098 2587 4156 Christi
2610 4100 2867 4171 scriptam
2897 4100 2951 4155 in
2979 4100 3291 4172 Evangeliis
3314 4100 3515 4158 habea-

1915 4209 2079 4249 mus:
2116 4205 2293 4248 tamen
2338 4190 2390 4246 in
2425 4190 2615 4261 primis
2646 4204 2757 4246 non
2804 4191 2959 4260 quasi
3008 4191 3263 4247 absentes
3312 4192 3512 4249 tabulis

1915 4285 2157 4356 scriptis,
2198 4284 2292 4340 sed
2328 4293 2627 4352 prmscntes
2671 4298 2765 4354 per
2791 4284 3033 4338 auditum
3083 4284 3298 4340 Domini
3346 4287 3515 4341 verba

1917 4378 2085 4434 corde
2119 4378 2477 4447 suscepimus.
2510 4375 2800 4446 Evangelia
2826 4390 2959 4431 vero
2991 4376 3340 4446 postmodum
3374 4380 3509 4435 scri-

1918 4483 2009 4545 pta
2030 4480 2180 4540 sunt,
2217 4470 2283 4525 ad
2312 4469 2633 4526 memoriam
2664 4478 3031 4539 posterorum,
3056 4469 3100 4524 si
3130 4485 3258 4541 ergo
3287 4471 3514 4529 inexcu-

192 4564 320 4619 tius
349 4578 513 4632 quam
542 4562 780 4629 videtur,
813 4571 868 4618 ct
891 4565 1015 4635 quia
1047 4566 1220 4635 primo
1248 4567 1559 4633 credentes,
1605 4568 1811 4639 aliquid
1840 4548 1897 4610 Ῑ)
1921 4565 2123 4621 sabiles
2170 4573 2321 4630 sunt,
2362 4562 2455 4633 qui
2493 4562 2664 4632 legem
2714 4560 2769 4615 in
2819 4560 3090 4631 lapidibus
3142 4574 3512 4635 acceperunt:

191 4664 493 4724 tamquam
521 4671 619 4726 per
647 4656 916 4711 modicum
945 4656 1168 4713 odorem
1194 4662 1396 4715 sentire
1424 4661 1698 4718 valebant.

291 4747 433 4814 Quia
461 4746 654 4801 Christi
674 4748 838 4801 bonus
866 4748 994 4803 odor
1023 4766 1199 4804 sumus
1228 4751 1355 4815 Deo,
1382 4753 1437 4806 in
1463 4752 1543 4806 Itis
1565 4756 1654 4824 qui
1683 4756 1811 4810 salvi

186 4841 375 4911 ﬁunt,
407 4846 456 4893 et
481 4840 533 4893 in
560 4840 641 4893 Itis
667 4842 756 4912 qui
796 4850 1029 4912 pereunt.
1066 4841 1197 4898 Aliis
1234 4845 1437 4910 quidem
1474 4846 1603 4899 odor
1637 4849 1814 4902 mortis

186 4935 263 4988 in
292 4941 534 4999 mortem,
558 4932 678 4988 aliis
707 4943 879 4988 autem
905 4934 1034 4989 odor
1065 4937 1181 4991 rita:
1206 4939 1257 4991 in
1280 4938 1457 4993 vitam.
1487 4939 1712 5007 Quidam
1741 4942 1814 4997 ita

185 5027 432 5090 dicunt,
462 5035 653 5082 noster
695 5026 847 5082 labor
876 5027 988 5083 Deo
1027 5044 1244 5100 semper
1290 5040 1372 5085 est
1413 5042 1599 5100 gratus
1642 5050 1656 5089 :
1692 5034 1815 5103 quia

184 5123 263 5177 in
300 5117 563 5174 omnibus
584 5118 971 5189 praedicamus,
1002 5134 1100 5177 seu
1129 5122 1298 5177 velint
1326 5122 1571 5189 credere,
1604 5138 1696 5179 seu
1722 5140 1819 5180 no-

186 5213 355 5275 lint;
388 5208 485 5265 sed
514 5208 602 5266 hic
638 5212 856 5282 proprie
884 5210 956 5267 de
993 5212 1104 5268 illis
1143 5212 1362 5280 dicitur,
1396 5215 1486 5285 qui
1517 5215 1605 5270 vel
1653 5231 1817 5271 sana-

1922 4668 2126 4731 quanto
2157 4659 2329 4728 magis
2366 4672 2485 4723 nos,
2514 4656 2605 4727 qui
2638 4655 2803 4711 verba
2833 4655 3041 4712 Christi
3072 4660 3436 4730 suscepimus,
3468 4661 3514 4715 si

1924 4757 2340 4824 peccemuszut
2382 4748 2449 4803 ad
2501 4748 2759 4804 llebrzcos
2812 4749 3198 4808 scribitur:Si
3250 4755 3395 4807 enim
3445 4753 3522 4809 illi

1926 4860 2033 4900 non
2066 4841 2374 4913 ell‘ugerunt
2414 4854 2578 4911 super
2631 4850 2832 4896 terram
2877 4840 3135 4913 loquente
3172 4844 3301 4914 illis,
3334 4854 3391 4901 et
3438 4861 3526 4902 re-

1927 4938 2098 5009 liqua.

2003 5028 2287 5084 Fiduciam
2321 5035 2493 5082 autem
2533 5028 2688 5083 talem
2730 5028 2977 5083 habemus
3024 5044 3112 5097 per
3157 5028 3418 5084 Christum
3455 5032 3525 5087 ad

1928 5120 2116 5177 Deum.
2160 5120 2296 5189 Quia
2338 5120 2589 5175 novimus
2635 5135 2732 5175 vos
2779 5135 2876 5190 per
2912 5133 3013 5174 nos
3057 5119 3359 5178 credidisse
3394 5141 3405 5175 :
3436 5124 3523 5180 vel

1928 5214 2073 5286 quod
2114 5228 2213 5268 nos
2245 5228 2353 5269 non
2395 5211 2628 5267 humana
2671 5211 2936 5282 Epistola,
2987 5210 3085 5268 sed
3126 5214 3302 5284 gratia
3342 5215 3527 5274 divina

1932 5308 2295 5367 commendat.

2011 5403 2133 5456 Non
2154 5400 2290 5473 quod
2314 5399 2631 5471 sufﬁcientes
2656 5398 2817 5452 simus
2839 5397 3067 5469 cogitare
3089 5397 3291 5470 aliquid
3311 5416 3343 5453 a
3360 5401 3525 5467 nobis,

1932 5496 2085 5569 quasi
2112 5512 2175 5550 ex
2196 5492 2362 5550 nobis.
2391 5491 2517 5548 Vult
2540 5492 2829 5549 ostendere
2854 5506 2915 5547 se
2952 5490 3087 5546 nihil
3117 5506 3211 5547 sua
3238 5492 3523 5563 prudentia

1935 5589 2137 5655 facere,
2160 5588 2245 5644 vel
2266 5589 2468 5643 virtute
2493 5604 2504 5639 :
2529 5586 2654 5656 quia
2689 5585 2842 5653 pauci
2867 5582 3115 5639 homines
3137 5584 3345 5648 rustici,
3377 5600 3533 5639 num.

182 5307 424 5363 bantur
461 5319 556 5374 per
580 5305 751 5375 ipsos,
785 5304 871 5361 vel
903 5306 955 5360 in
988 5308 1181 5376 quibus
1211 5307 1454 5364 vindicta
1486 5307 1675 5365 ﬁebat.
1716 5309 1819 5365 Bo-

183 5413 325 5459 nus
352 5412 485 5469 ergo
515 5397 650 5454 odor
676 5399 729 5454 in
764 5400 1029 5471 utrisque,
1057 5403 1183 5472 quia
1204 5401 1401 5473 justus.

290 5490 369 5544 Et
390 5490 460 5543 ad
488 5489 599 5545 hac
619 5492 732 5562 quis
758 5500 863 5545 tam
892 5493 1143 5548 idoneus?
1167 5494 1247 5549 Ad
1280 5494 1397 5551 haec
1427 5496 1673 5554 facienda
1698 5499 1823 5570 quis

184 5592 411 5658 potest
442 5591 548 5637 tam
584 5583 811 5640 idoneus
846 5600 989 5654 esse,
1023 5602 1183 5658 quam
1211 5602 1330 5652 nos,
1364 5589 1456 5660 qui
1486 5590 1553 5646 ad
1584 5590 1686 5647 hoc
1731 5610 1823 5649 su-

182 5691 351 5739 mus
379 5675 579 5732 electi?
1934 5699 2098 5755 quam
2142 5681 2261 5739 sine
2303 5678 2401 5737 Dei
2437 5679 2608 5753 gratia
2644 5688 2819 5737 totum
2864 5678 3122 5735 mundum
3170 5678 3380 5736 salvarc
3426 5692 3519 5749 po-

300 5769 429 5828 Non
462 5772 595 5828 enim
626 5789 804 5831 sumus
831 5775 960 5829 sicut
984 5775 1215 5845 plurimi,
1241 5776 1591 5836 adulterantes
1617 5778 1824 5837 verbum
1939 5778 2191 5834 tuissent.

836 5870 1113 5934 ΡΑτιιοι..
1164 5868 1373 5932 XXX.

1940 5820 2191 5834 ιυιυυνιιιυ
2329 5820 2332 5823 λ

2948 5865 3025 5924 Q5

2949 5910 2982 5923 μ
