3978 6286
487 281 593 339 779

1520 275 1580 333 S.
1622 273 2004 332 BIERONYSII
2039 271 2325 332 OPERUlI
2366 273 2733 330 ΜλΝτιδεΑ..

3663 273 3750 333 780

557 396 666 452 Sed
686 395 1002 467 sufﬁcientia
1028 401 1205 448 nostra
1229 408 1294 448 ex
1317 389 1428 446 Deo
1456 398 1552 447 est.
1583 390 1712 446 Ideo
1733 390 1838 446 hoc
1859 388 2078 461 praemi-
2102 392 2158 452 Α
2252 388 2513 444 Habentes
2546 390 2709 460 igitur
2747 387 2906 444 talem
2941 403 3106 456 spem.
3147 387 3333 446 Talem
3364 403 3518 462 spem
3554 390 3748 464 gloria,

487 493 579 560 sit,
602 491 726 562 quia
753 489 998 544 dicturus
1022 497 1140 543 erat
1165 495 1318 542 tanto
1347 485 1520 555 majus
1539 500 1618 550 se,
1649 500 1813 555 quam
1833 485 2080 558 Moysen,

487 582 850 638 ministerium
894 579 1234 648 suscepisse,
1283 587 1489 648 quanto
1535 578 1710 649 majus
1757 587 1841 633 est
1883 593 2082 634 novum

489 674 898 728 Testamentum
930 669 1095 742 Lege,
1123 680 1184 725 ut
1208 685 1306 727 eos
1337 686 1367 725 a
1396 670 1549 726 falsis
1574 671 1838 742 apostolis
1858 670 1962 726 sibi
1986 671 2086 727 de-

489 764 830 819 trahentihus
855 770 1154 818 revocaret.

565 855 668 922 Qui
694 864 741 907 et
767 854 980 909 idoneos
1009 871 1104 908 nos
1143 854 1263 925 fecit
1293 847 1557 909 ministros
1590 855 1712 910 novi
1741 855 2080 911 Testamenti.

488 947 625 1002 Dum
657 945 722 999 ad
756 944 856 1000 hoc
881 946 1061 1001 idonei
1091 947 1495 1017 adimplendum
1521 963 1628 1002 non
1656 963 1924 1004 essemus.

562 1038 688 1092 Non
716 1037 914 1101 littera,
934 1040 1024 1092 sed
1046 1039 1252 1112 spiritu.
1286 1039 1404 1095 Non
1437 1039 1635 1096 litterae
1663 1041 1820 1113 legis,
1853 1040 1948 1096 sed
1975 1040 2088 1111 spi-

490 1130 616 1186 ritui
644 1131 831 1199 gratim
864 1132 1259 1187 miniStrantes.

561 1223 758 1280 Littera
797 1227 935 1281 enim
961 1226 1149 1279 occidit
1171 1241 1192 1278 :
1221 1226 1436 1296 spiritus
1459 1235 1627 1282 autem
1656 1227 1900 1298 uiviﬁcat.
1936 1225 2088 1294 Quo-

492 1319 652 1373 modo
673 1319 800 1376 alibi
826 1320 957 1372 dicit
984 1319 1153 1388 Iegem
1175 1317 1300 1374 esse
1320 1321 1659 1390 spiritualem
1689 1321 2086 1391 Spiritualibus.

491 1412 763 1480 Cancrum
806 1422 1120 1478 peccatores
1163 1405 1401 1466 occidit:
1429 1408 1599 1483 gratia
1636 1428 1820 1468 autem
1853 1415 2089 1468 vivilicat

488 1503 717 1572 impium
742 1513 1168 1558 convertentem.
1191 1504 1420 1572 Quidam
1450 1505 1660 1571 dicunt,
1693 1506 1836 1577 quod
1871 1506 2090 1563 histori-

491 1612 586 1652 cus
618 1597 931 1650 intellectus
969 1595 1183 1651 occidat
1215 1615 1227 1649 :
1263 1598 1569 1654 nescientes
1606 1615 1714 1668 quo
1747 1613 1848 1654 nec
1887 1600 2088 1669 ubique

493 1691 739 1755 hismrio,
773 1704 874 1743 nec
915 1687 1110 1759 ubique
1155 1691 1331 1759 possit
1369 1690 1630 1762 allegoria
1677 1692 1906 1747 servari.
1950 1691 2086 1746 Nam

2186 484 2306 553 quia
2333 497 2430 553 spe
2455 481 2596 538 salvi
2621 483 2748 539 lacti
2774 497 2984 538 sumus.

2259 573 2433 629 Multa
2455 575 2648 645 ﬁducia
2671 576 2882 629 utimur.
2911 575 2964 629 In
2991 575 3123 642 Deo,
3151 577 3240 645 qui
3265 575 3391 633 fecit
3412 591 3513 632 nos
3536 577 3750 634 idoneos.

2259 665 2327 720 Et
2357 683 2461 720 non
2486 667 2621 722 sicut
2655 665 2862 738 Moyses
2893 668 3120 738 ponebat
3142 647 3372 738 velantia
3405 686 3564 742 super
3598 671 3752 741 facim

2186 773 2357 811 suam.
2407 756 2522 811 Non
2551 759 2622 811 ita
2656 755 2906 824 facimus,
2954 759 3079 829 quia
3115 761 3226 830 jam
3267 775 3459 817 omnes
3493 760 3752 818 Christiani

2185 847 2374 904 vident
2401 849 2630 919 gloriam
2661 849 2901 919 Domini,
2930 861 3122 906 sancto
3151 851 3358 922 Spiritu
3391 853 3681 910 revelante.

2262 940 2330 997 Ut
2357 959 2459 995 non
2485 941 2809 996 intenderent
2830 944 2929 1013 ﬁlii
2951 942 3122 999 Israel
3143 945 3198 1000 in
3224 948 3415 1016 faciem
3437 948 3578 1014 ejus.
3599 947 3754 1020 Usque

2188 1035 2241 1090 in
2274 1032 2434 1089 finem
2462 1034 2601 1104 ejus,
2637 1036 2690 1089 id
2719 1043 2826 1097 est,
2863 1051 3034 1107 usque
3057 1037 3114 1093 in
3157 1038 3318 1094 [litem
3362 1039 3492 1094 vita:
3522 1040 3657 1110 ejus,
3693 1041 3752 1098 ita

2189 1136 2245 1200 et
2269 1128 2356 1182 lex
2386 1142 2490 1182 non
2523 1128 2839 1199 intelligitur
2882 1144 3052 1200 usque
3095 1129 3224 1185 dum
3256 1131 3309 1186 in
3341 1130 3500 1188 linem
3553 1133 3682 1204 ejus,
3708 1133 3750 1190 id

2188 1233 2294 1283 est.
2327 1221 2452 1276 dum
2497 1221 2716 1277 Christo
2749 1223 3022 1279 credatur.

2264 1314 2417 1382 Quod
2427 1327 2723 1369 evacuatur.
2747 1315 3004 1372 Velamcn
3021 1333 3164 1373 lianc
3180 1329 3470 1389 evacuatur
3482 1318 3537 1374 in
3547 1317 3751 1377 Christo.

2265 1407 2368 1464 Sed
2402 1408 2570 1462 obtusi
2591 1417 2712 1462 sunt
2749 1426 2930 1463 sensus
2956 1427 3150 1464 eorum.
3199 1408 3370 1481 Usque
3396 1411 3450 1466 in
3477 1413 3756 1467 hodiernum

2191 1501 2349 1555 diem.
2384 1501 2497 1556 Nisi
2539 1502 2686 1556 enim
2725 1502 3082 1570 crediderint,
3133 1505 3439 1576 intelligere
3482 1507 3755 1562 secundum

2194 1593 2524 1663 Prophetam
2557 1595 2781 1649 omnino
2815 1611 2922 1650 non
2956 1606 3204 1667 possunt.

2265 1684 2507 1755 ldipsum
2535 1688 2765 1742 uelamen
2792 1689 2847 1742 in
2876 1688 3093 1744 lectione
3118 1691 3300 1745 veteris
3328 1686 3410 1750 τι
3428 1693 3647 1746 "tumenti
3671 1705 3757 1747 ma-

489 1781 628 1834 sicut
663 1780 909 1850 quaedam
943 1779 997 1834 in
1037 1778 1206 1848 ﬁgura
1239 1779 1379 1836 dicta
1428 1790 1557 1836 sunt
1592 1801 1602 1835 :
1637 1793 1695 1837 ut
1735 1786 1778 1837 si
1810 1795 2082 1854 praecepta

2224 1785 2271 1832 et
2287 1794 2388 1831 non
2410 1777 2713 1833 revelatum.
2734 1779 2902 1850 Cujus
2919 1781 3146 1850 ﬁguram
3166 1783 3257 1838 ille
3277 1785 3529 1854 gestabat
3553 1786 3604 1839 in
3629 1783 3757 1842 facie.

488 1874 626 1929 velis
657 1875 952 1944 allegorice
988 1873 1317 1944 intelligere,
1351 1891 1566 1932 omnem
1597 1877 1855 1932 virtutem
1891 1893 2082 1934 eorum

490 1981 789 2032 evacnans,
821 1967 1070 2020 omnibus
1102 1970 1362 2036 aperuisti
1400 1967 1542 2023 viam
1571 1969 1942 2040 delinquendi.
1976 1969 2086 2026 Sed

490 2062 585 2115 ille
607 2075 771 2115 veros
801 2061 1098 2130 spiritualis
1133 2062 1442 2116 intellectus
1475 2074 1580 2129 eet,
1614 2063 1709 2133 qui
1744 2078 1854 2117 non
1885 2063 2085 2118 verisi-

492 2155 713 2208 milibus
740 2152 1018 2208 coloribus
1052 2153 1336 2222 pulchrum
1371 2139 1714 2210 mendacium
1754 2155 1944 2226 pingit,
1988 2157 2086 2212 sed

487 2249 690 2301 virtute
722 2262 904 2301 rerum
932 2245 1102 2315 ipsam
1129 2263 1244 2301 rem
1270 2249 1527 2317 exprimit
1553 2249 1815 2304 veritatis.

564 2339 716 2405 Quod
740 2340 784 2394 si
814 2341 1128 2394 ministratio
1159 2342 1361 2406 mortis,
1397 2340 1583 2395 litteris
1611 2343 1901 2411 deformata
1923 2343 1975 2398 in
2004 2345 2085 2398 la-

489 2431 718 2501 pidibus,
752 2431 850 2501 fuit
893 2431 948 2483 in
978 2429 1165 2498 gloria.
1211 2429 1344 2498 Quae
1380 2431 1674 2486 mortificat
1724 2445 2085 2502 peceatores:

488 2532 748 2577 caeterum
777 2523 895 2592 ipse
919 2536 1040 2575 eam
1063 2526 1306 2576 sanctam
1338 2533 1390 2577 et
1408 2522 1635 2592 justam,
1659 2535 1715 2579 et
1736 2526 1934 2580 bonam
1959 2525 2088 2582 alibi

491 2615 644 2670 dicit.

561 2703 651 2759 Ita
690 2714 745 2759 ut
787 2721 890 2758 non
929 2713 1135 2774 possent
1167 2705 1433 2761 intendere
1477 2706 1576 2778 ﬁlii
1607 2704 1780 2763 Israel
1816 2709 1870 2762 in
1902 2710 2089 2781 faciem

493 2796 684 2868 Moysi.
733 2795 792 2852 Id
836 2806 942 2862 est.
974 2807 1166 2852 contra
1199 2797 1553 2854 Manicharos.
1599 2801 1898 2871 Numquam
1939 2803 2085 2857 enim

491 2890 782 2961 Apostolus
814 2899 999 2960 posset
1024 2893 1301 2945 contrario
1325 2906 1643 2962 comparare
1667 2911 1678 2945 :
1707 2893 1757 2947 id
1783 2901 1886 2960 est,
1920 2895 2088 2964 majo-

493 2987 607 3038 r'em
639 2983 1010 3037 ministrorum
1037 2983 1159 3037 novi
1187 2983 1539 3048 Testamenti,
1570 3001 1728 3053 quam
1763 2981 1931 3056 Moysi
1971 2985 2089 3055 glo-

491 3075 626 3130 riam
649 3074 848 3138 dicere,
865 3072 911 3126 si
935 3073 1073 3127 inter
1085 3087 1180 3126 eos
1194 3091 1296 3127 non
1315 3073 1588 3129 videretur
1608 3090 1731 3130 esse
1747 3077 2082 3132 communio.

2262 1867 2414 1936 Quod
2445 1870 2498 1923 in
2528 1868 2735 1925 Christo
2779 1883 3078 1929 evacuatur.
3107 1873 3209 1942 Qui
3240 1875 3363 1930 linis
3389 1887 3471 1931 est
3503 1876 3678 1947 Legis.

2261 1959 2368 2016 Sed
2395 1977 2555 2030 usque
2577 1963 2631 2015 in
2658 1961 2970 2018 hodiernum
3000 1965 3162 2033 diem,
3192 1983 3310 2022 cum
3337 1968 3532 2040 legitur
3565 1968 3761 2040 Hogses,

2187 2054 2418 2108 velamen
2459 2057 2684 2127 positum
2731 2067 2806 2112 est
2846 2073 3003 2125 super
3049 2075 3139 2114 cor
3183 2076 3380 2116 eorum.
3430 2062 3760 2133 Ignorantia,

2189 2161 2354 2216 super
2399 2161 2494 2201 cor
2542 2163 2757 2218 eorum,
2807 2148 3002 2219 quibus
3044 2151 3242 2223 legitur
3288 2153 3504 2226 Moyses
3538 2175 3552 2208 :
3585 2155 3632 2212 id
3674 2168 3762 2226 est,

2189 2239 2520 2296 Judmorum.

2261 2331 2392 2387 Cum
2429 2344 2601 2389 autem
2645 2351 2920 2392 conversus
2970 2338 3128 2408 fuerit
3168 2339 3238 2393 ad
3285 2339 3476 2405 Deum,
3524 2345 3764 2413 auferetur

2189 2426 2437 2480 uelamen.
2471 2425 2607 2482 Cum
2639 2443 2940 2486 conversus
2989 2428 3154 2486 fuerit
3193 2430 3435 2498 ιιιάωυθ,
3470 2434 3611 2490 sicut
3641 2435 3764 2508 Moy-

2190 2532 2280 2573 ses
2317 2521 2737 2576 convertebatur
2760 2523 2825 2577 ad
2859 2523 3150 2580 Dominum
3177 2527 3537 2584 audiendum.

2262 2609 2523 2667 Dominus
2569 2622 2745 2668 autem
2791 2616 3009 2687 spiritus
3057 2627 3152 2672 est.
3185 2617 3328 2674 Nihil
3359 2624 3413 2674 in
3457 2621 3558 2677 illo
3594 2619 3763 2678 obsca-

2191 2719 2332 2766 rum.
2365 2705 2450 2760 vel
2482 2705 2738 2762 velatum.

2270 2795 2372 2852 Ubi
2400 2806 2576 2853 autem
2605 2801 2822 2869 spiritus
2855 2801 3098 2874 Domini,
3129 2805 3202 2860 ibi
3242 2806 3474 2863 libertas.
3506 2809 3664 2865 Liber
3694 2817 3766 2865 est

2191 2890 2435 2960 spiritus,
2485 2902 2541 2947 et
2573 2894 2778 2950 idcirco
2831 2911 2936 2952 non
2984 2909 3159 2968 potest
3207 2902 3458 2958 velamen
3516 2907 3760 2974 accipere,

2189 2997 2313 3037 cum
2348 2985 2519 3054 magis
2563 2986 2679 3056 ipse
2711 2989 2892 3044 omnia
2938 2992 3146 3048 revolet
3185 3010 3202 3047 :-
3233 2996 3358 3064 quia
3391 2997 3486 3066 qui
3537 2999 3766 3065 spiritum

2192 3072 2287 3129 Dei
2314 3074 2502 3141 habet,
2530 3079 2709 3132 omnia
2735 3077 2814 3134 illi
2844 3080 2984 3137 nuda
3011 3097 3136 3138 sunt
3167 3095 3222 3140 et
3251 3096 3450 3157 aperta
3483 3106 3495 3141 :
3526 3090 3652 3160 quia
3673 3086 3765 3160 spi-

561 3165 791 3235 Propter
821 3165 1041 3236 gloriam
1067 3165 1236 3220 vultus
1267 3169 1404 3238 ejus,
1433 3182 1547 3237 qua!
1566 3177 1866 3220 evacuatur.
1899 3167 2079 3223 Gloria
2107 3166 2156 3234 C
2188 3164 2320 3221 ritus
2352 3170 2534 3222 omnia
2563 3179 2858 3226 scrutatur.

490 3255 667 3327 Legis,
703 3269 799 3326 per
824 3255 1052 3327 gloriam
1078 3257 1354 3326 Evangelii
1384 3265 1703 3324 evacuatur,
1729 3258 1826 3314 sed
1857 3261 1926 3312 ita
1957 3274 2085 3315 eva-

492 3357 705 3414 cuatur,
739 3358 798 3402 ut
837 3348 1084 3416 proﬁciat
1116 3366 1128 3401 :
1160 3349 1302 3404 sicut
1333 3347 1592 3405 infantem
1626 3350 1739 3421 ipse
1783 3351 1916 3408 dicit
1952 3367 2082 3407 eva-

491 3440 638 3495 cnari
663 3438 716 3493 in
749 3440 851 3493 viri
878 3439 1100 3509 perfecti
1133 3447 1368 3496 aetatem.
1398 3441 1832 3514 Samenquoque
1855 3459 2087 3501 evacua-

495 3544 584 3588 tur
619 3534 674 3589 in
709 3533 939 3589 fructum
975 3551 988 3587 :
1025 3533 1217 3589 melior
1247 3535 1460 3591 fructus
1491 3539 1723 3600 semine,
1757 3539 1851 3592 sed
1883 3535 2000 3593 sine
2021 3555 2086 3595 eo

490 3639 614 3680 esse
653 3638 760 3679 non
791 3631 990 3697 potest.
1045 3623 1274 3680 Fructus
1312 3639 1417 3679 non
1473 3627 1633 3696 perit,
1683 3629 1776 3684 sed
1827 3629 2086 3700 multipli-

491 3722 645 3770 catur
673 3726 862 3771 semen
904 3715 958 3770 in
1000 3713 1200 3779 fructu,
1242 3726 1298 3770 et
1329 3717 1401 3771 ita
1432 3729 1750 3785 evacuatur,
1789 3721 1932 3777 sicut
1963 3739 2086 3792 pro-

499 3810 680 3881 phetia
705 3819 762 3864 et
790 3809 1014 3865 scientia
1043 3809 1418 3866 destruentur.

566 3904 836 3972 Quomodo
867 3919 970 3959 non
999 3904 1161 3976 magis
1193 3903 1500 3960 ministratio
1529 3907 1746 3976 spiritus
1768 3907 1862 3962 erit
1891 3905 1947 3962 in
1974 3908 2087 3980 glo-

493 3997 613 4053 ria?
643 3997 700 4053 In
730 3998 900 4068 gloria
952 4006 1158 4067 nostra,
1208 4007 1326 4069 quae
1376 4006 1436 4054 ut
1468 3997 1706 4070 perfecta
1758 4017 1864 4056 non
1910 4012 2089 4073 potest

494 4090 778 4148 evacnari.

565 4183 709 4238 Nam
744 4185 789 4238 si
821 4182 1132 4237 ministratio
1162 4182 1512 4239 damnationis
1551 4184 1604 4239 in
1636 4185 1809 4255 gloria
1847 4197 1941 4245 est.
1980 4185 2089 4245 Ex-

494 4278 677 4346 posuit
695 4275 836 4347 quod
856 4274 1106 4345 superius
1137 4275 1364 4340 dixerat,
1397 4276 1632 4332 litteram
1659 4279 1912 4335 occidere
1941 4298 1954 4335 :
1985 4282 2086 4336 mi-

493 4367 872 4423 nistratiouem
902 4373 1039 4422 esse
1059 4367 1270 4429 mortis,
1293 4366 1400 4435 jam
1434 4367 1740 4424 damnando
1767 4382 2073 4440 peccantes.

566 4460 738 4514 Multo
769 4461 935 4531 magis
964 4456 1191 4514 abundat
1214 4460 1555 4518 ministerium
1568 4462 1790 4534 justitite
1821 4465 1872 4517 in
1893 4464 2084 4535 gloria.

494 4552 649 4620 Quod
681 4552 955 4606 ministrat
978 4551 1267 4621 justitiam,
1301 4551 1636 4609 admittendo
1664 4565 1906 4624 peccata.

569 4643 712 4697 Nam
739 4659 829 4697 nec
855 4643 1204 4715 gloriﬁcatum
1230 4653 1327 4712 est,
1368 4644 1508 4715 quod
1536 4648 1722 4700 claruit
1747 4648 1801 4702 in
1827 4649 1925 4702 hac
1942 4661 2088 4722 parte

497 4746 707 4810 prapter
728 4735 1060 4791 excellentem
1084 4737 1323 4807 gloriam.
1373 4737 1430 4792 In
1454 4742 1860 4809 comparatione
1898 4745 2087 4815 gloria:

471 4828 845 4898 ’evangelicm,
870 4828 1227 4881 obumbratur
1257 4829 1433 4898 gloria
1465 4829 1624 4902 Legis
1652 4849 1664 4884 :
1692 4843 1770 4899 ut,
1797 4845 1918 4890 orto
1947 4837 2082 4904 Sole,

490 4925 671 4979 lumen
717 4919 1037 4977 obtunditur
1077 4919 1238 4987 luam,
1294 4936 1418 4975 cum
1463 4932 1644 4978 tamen
1698 4941 1797 4982 suo
1844 4937 2087 4999 tempore

490 5031 742 5086 magnum
768 5013 964 5068 habeat
988 5011 1275 5082 fulgorem.
1307 5013 1420 5070 Hoc
1449 5018 1689 5072 ostendit
1710 5021 1875 5076 etiam
1905 5023 2084 5079 Domi-

489 5125 610 5172 nus,
654 5121 777 5164 cum
805 5107 1106 5163 ascendens
1143 5110 1579 5174 montem‘solos,
1631 5113 1922 5183 splendore
1953 5119 2080 5174 solis

484 5200 633 5254 visus
659 5211 742 5254 est
767 5198 1009 5255 radiasse
1040 5216 1052 5253 :
1085 5213 1208 5254 cum
1243 5208 1420 5256 tamen
1469 5190 1682 5275 Moyses
1708 5216 1760 5262 et
1804 5206 1950 5264 Elias
1977 5209 2080 5267 visi

482 5295 536 5349 in
576 5293 774 5363 gloria.
821 5293 1172 5348 referantur:
1200 5298 1254 5347 et
1301 5291 1424 5348 ideo
1471 5311 1576 5352 vox
1623 5295 1858 5371 desuper
1904 5297 2080 5358 Patris

480 5389 656 5458 ipsum
685 5386 860 5440 solum
890 5387 1147 5458 praecepit
1178 5385 1376 5442 audiri.

550 5480 612 5535 Si
641 5475 778 5534 enim
799 5477 934 5548 quod
951 5487 1246 5545 evacuatur,
1275 5497 1365 5549 per
1387 5475 1609 5552 gloriam
1637 5495 1711 5540 est
1735 5503 1752 5540 :
1774 5487 1938 5546 multo
1959 5508 2072 5546 ma-

474 5574 553 5645 gis
594 5569 737 5643 quod
774 5581 967 5637 manet,
1011 5571 1062 5624 in
1105 5571 1272 5642 gloria
1321 5584 1413 5630 est.
1457 5576 1517 5632 Si
1561 5579 1930 5638 evacuandum
1980 5601 2075 5656 per

472 5664 697 5733 gloriam
729 5662 918 5720 datum
945 5671 1027 5718 est
1048 5659 1482 5737 Tesmmentum,
1514 5679 1719 5742 quanto
1745 5677 1919 5748 magis
1943 5677 2070 5748 erit,

468 5754 613 5829 quod
646 5765 930 5830 permanet
956 5753 1293 5832 gloriosum?

2261 3256 2372 3313 Nos
2405 3275 2522 3314 vero
2552 3277 2729 3317 omnes
2757 3265 2980 3319 revelata
3030 3268 3165 3338 facie
3184 3270 3416 3341 gloriam
3435 3273 3646 3329 Domini
3667 3287 3766 3346 spe-

2186 3352 2438 3408 culantes.
2497 3355 2788 3413 Evidenter
2815 3366 2871 3414 et
2898 3361 3048 3417 clare
3103 3363 3315 3420 Domini
3367 3368 3600 3438 gloriam
3648 3383 3767 3423 con-

2188 3444 2536 3513 templamur.

2233 3534 2328 3620 _ln
2356 3538 2588 3593 eamdem
2635 3541 2908 3614 imaginem
2961 3547 3420 3617 transformamur.
3469 3553 3646 3622 Quam
3676 3553 3770 3608 De:

2191 3627 2367 3682 minus
2414 3629 2657 3685 ostendit
2700 3633 2752 3688 in
2803 3644 3030 3702 monte,
3083 3639 3226 3696 sicut
3275 3641 3410 3698 alibi
3458 3645 3644 3701 dicit:
3683 3640 3768 3702 (liti

2193 3719 2599 3791 lransliguravit
2626 3738 2823 3795 corpus
2863 3728 3184 3785 humilitatis
3226 3743 3435 3788 nostrae
3460 3780 3477 3804 ,
3511 3739 3770 3792 conformo

2189 3814 2402 3882 corpori
2453 3814 2720 3872 claritatis
2759 3832 2892 3872 suae.
2937 3819 3066 3876 Sive
3107 3821 3572 3883 transformamur
3608 3826 3770 3898 quoti-

2189 3903 2301 3968 die,
2329 3915 2382 3958 et
2410 3903 2637 3961 nitimur
2664 3908 3064 3966 transformari.

2261 3997 2308 4051 A
2335 3997 2571 4054 claritate
2611 4002 2666 4054 in
2709 4001 3002 4058 claritatem
3025 4047 3040 4071 ,
3075 4014 3336 4077 tamquam
3365 4025 3398 4063 a
3430 4009 3647 4065 Domini
3683 4011 3775 4082 spi-

2191 4091 2314 4144 ritu.
2365 4089 2421 4145 Id
2469 4100 2553 4147 est
2577 4136 2592 4159 ,
2628 4094 2696 4147 ab
2729 4093 2827 4152 huc
2857 4096 3030 4166 gloria
3063 4100 3118 4154 in
3144 4100 3386 4156 futuram
3433 4105 3772 4174 proﬁciatis,-

2191 4184 2384 4254 Spiritu
2416 4184 2627 4242 Domini
2656 4199 2940 4258 Operante.

2802 4351 3031 4410 CAPUT
3069 4351 3162 4411 IV.

2269 4477 2395 4534 Ideo
2416 4479 2656 4537 habentes
2696 4482 2830 4539 Italic
2873 4487 3377 4544 administrationem
3403 4535 3419 4560 ,
3451 4490 3622 4563 juxta
3659 4487 3785 4564 quod

2112 4559 2174 4622 Ι)
2194 4571 2603 4627 misericordiam
2632 4579 2899 4630 consecuti
2940 4595 3141 4637 sumus.
3175 4579 3312 4650 Quia
3345 4559 3584 4654 per-nos
3619 4559 3783 4640 idonei

2197 4672 2348 4719 tanto
2374 4665 2557 4720 oflicio
2589 4684 2696 4723 non
2728 4685 2968 4726 eramus.

2212 4755 2216 4762 ’
2267 4755 2390 4811 Non
2419 4758 2712 4830 deﬁcimus.
2741 4761 2797 4817 In
2825 4764 3078 4821 omnibus
3100 4765 3559 4826 tribulationibus
3578 4768 3784 4826 uotiuis.

2267 4848 2377 4904 Sed
2406 4851 2710 4908 abdicamus
2750 4856 2960 4910 occulta
2993 4859 3280 4915 dedecoris.
3321 4862 3378 4916 Id
3417 4872 3537 4926 est,
3592 4862 3790 4919 oeculta

2194 4942 2470 5000 vitiorum.
2501 4944 2750 5004 Dedecus
2777 4957 2860 5004 est
2883 4951 3028 5005 enim
3060 4950 3385 5022 delinquere
3419 4954 3792 5013 Chrisﬁsnm

2195 5033 2379 5105 [illam
2407 5036 2732 5111 Christum].

2263 5123 2387 5183 Non
2416 5128 2743 5186 ambulantes
2772 5131 2828 5185 in
2857 5133 3072 5191 astutia.
3103 5133 3218 5191 Non
3251 5138 3426 5210 turpis
3459 5138 3608 5196 lucri
3637 5139 3802 5211 gratia-

2192 5219 2574 5289 [medic-antes.

2261 5308 2442 5378 Neque
2478 5314 2825 5372 adulterantes
2862 5315 3070 5371 verbum
3101 5317 3218 5372 Dei.
3268 5317 3375 5375 Per
3412 5320 3795 5378 adulationem

2186 5404 2501 5459 excusando
2535 5414 2758 5475 peccata
2783 5449 2798 5475 ,
2846 5416 2904 5462 ut
2943 5407 3117 5480 aliqui
3141 5424 3304 5466 causa
3348 5411 3688 5469 laetiﬁcandi'
3707 5424 3796 5469 cor

2186 5492 2444 5564 hominis,
2473 5497 2642 5554 verbo
2673 5497 2770 5554 Dei
2804 5514 3114 5558 sermonem
3146 5504 3310 5559 vilem
3343 5503 3674 5563 adn'tiscent
3696 5548 3711 5571 ,
3745 5513 3794 5560 et

2184 5599 2279 5656 per
2309 5594 2514 5659 tqam
2543 5599 2760 5659 repunt.

2253 5673 2441 5734 Sed‘m
2471 5681 2892 5752 manifestatione
2915 5687 3147 5741 ueritatis
3173 5728 3188 5755 ,
3218 5690 3656 5745 commendantes
3682 5704 3795 5743 nos-

2175 5776 2420 5851 metipsos.
2443 5774 2512 5831 ad
2537 5791 2738 5834 omnem
2783 5779 3161 5838 conscientiam
3207 5779 3507 5842 hominum.
3563 5782 3680 5842 Sed
3724 5781 3792 5838 ita
