3978 6286
535 310 642 383 755
1112 330 1115 335 ·
1574 328 1635 384 s.
1678 322 2059 383 lllERONYllll
2098 319 2380 382 OPERUM
2420 321 2783 381 MANTISSA.
3656 328 3777 389 ’νει

534 456 665 498 men
694 454 791 513 Spe
825 440 1131 499 futurorum
1163 440 1411 513 quotidie
1460 441 1814 497 confirmatur
1843 441 1911 497 ad
1942 440 2120 497 omnia
2152 444 2203 502 Α
2229 455 2350 495 mus
2375 448 2566 512 petere
2595 458 2610 497 :
2639 439 2762 509 quia
2788 436 3047 511 quamdiu
3082 437 3133 494 in
3163 452 3398 510 corpore
3426 452 3604 496 sumus
3629 440 3673 498 in
3699 444 3777 503 hac

533 537 877 594 sustinenda.
2228 535 2364 597 vita,
2391 533 2617 587 incertis
2640 531 2911 602 jactamur
2934 532 3238 598 eventibus,
3268 532 3427 589 finem
3453 536 3615 590 nostri
3636 538 3775 595 exitus

606 631 675 685 Id
698 631 853 697 enim,
880 632 1017 700 quod
1046 632 1100 685 in
1132 632 1372 703 pra'senti
1398 638 1473 687 est
1496 640 1927 695 momentaneum,
1953 637 1999 682 et
2023 629 2128 681 leve
2226 626 2556 682 nescientes.
2584 624 2718 680 Cum
2743 635 2926 680 autem
2950 625 3353 681 excesserimus
3374 641 3405 682 e
3422 641 3659 698 corpore,
3680 638 3777 686 tunc

528 707 875 779 tribulationis
924 733 1135 779 nostrw.
1182 725 1432 779 Przesens
1480 722 1758 777 tribulatio
1785 719 2125 791 quantolibet
2226 720 2431 774 scimus
2461 733 2560 773 nos
2589 717 2820 773 Domino
2854 718 3222 788 prOpinquare
3244 759 3259 784 ,
3287 719 3542 789 quoniam
3580 720 3777 779 adversis

526 825 773 886 tempore
812 830 1212 885 perseverans,
1249 816 1314 870 ad
1348 815 1812 885 comparationem
1844 814 2125 867 immensa:
2224 824 2278 868 et
2310 811 2533 867 incertis
2565 826 2754 867 sumus
2786 811 2972 867 saeculi
3006 811 3273 868 molestiis
3302 811 3538 871 liberati.

527 909 715 980 gloria:
767 916 991 964 interna:
1042 909 1228 964 brevis
1280 918 1335 963 et
1379 908 1552 962 facilis
1581 917 1662 962 est
1698 924 1711 962 :
1744 907 1881 961 sicut
1912 905 1976 959 ad
2008 904 2123 959 Ro-
2300 906 2581 973 Quoniam,
2613 906 2742 958 dum
2767 921 2946 959 sumus
2974 905 3032 960 in
3058 906 3154 959 hoc
3180 908 3777 979 corpore,peregrinamur

525 1002 803 1057 manosait
833 1020 845 1055 :
888 1001 1158 1056 Existimo
1181 1002 1351 1068 enim,
1383 999 1526 1071 quod
1557 1016 1663 1053 non
1688 1007 1817 1053 sunt
1839 996 2123 1067 condigna:
2222 1016 2257 1053 a
2288 998 2532 1052 Domino.
2580 996 2689 1052 Per
2719 997 2880 1066 ﬁdem
2920 1000 3057 1052 enim
3098 999 3424 1054 ambulamus
3449 1043 3465 1067 ,
3507 1010 3555 1055 et
3590 1017 3677 1056 nan
3710 1021 3779 1074 per

524 1096 808 1165 passiones
842 1095 1004 1165 hujus
1036 1095 1300 1165 temporis
1326 1094 1393 1149 ad
1426 1095 1656 1148 futuram
1689 1094 1945 1163 gloriam.
2221 1092 2464 1159 speciem.
2499 1090 2763 1146 Audemus
2789 1101 2981 1157 autem,
3013 1102 3063 1146 et
3096 1092 3285 1147 bonam
3319 1093 3626 1149 voluntatem
3653 1095 3775 1152 habe-

600 1187 773 1258 Supra
802 1188 1011 1241 modum
1040 1188 1092 1241 in
1127 1186 1459 1242 sublimitate.
1491 1185 1627 1253 Quia
1658 1185 1801 1239 nulla
1834 1196 2121 1253 compara-
2221 1200 2355 1238 mus.
2388 1183 2813 1254 Peregrinamur
2847 1202 2861 1238 :
2891 1185 3020 1255 quia
3053 1184 3233 1240 adhuc
3263 1200 3371 1241 non
3400 1200 3589 1242 sumus
3617 1188 3661 1241 in
3688 1188 3777 1243 hm-

522 1280 604 1336 tio
635 1290 807 1350 potest
836 1296 979 1337 esse.
2223 1277 2457 1334 reditate
2486 1287 2729 1347 paterna.
2773 1277 2839 1333 Ut
2869 1278 3144 1349 peregrini
3175 1292 3311 1350 ergo
3341 1294 3451 1335 non
3474 1279 3776 1336 debemusde

598 1374 879 1429 zElernum
912 1372 1095 1443 gloria?
1125 1374 1328 1443 pondus
1379 1382 1624 1441 operatur
1670 1372 1723 1423 in
1770 1369 1936 1423 nobis.
1984 1364 2119 1433 Quia
2223 1369 2387 1440 hujus
2430 1369 2616 1423 sreculi
2656 1369 2822 1425 rebus
2866 1383 3196 1440 magnopere
3238 1386 3474 1426 curare:
3509 1371 3600 1427 sed
3630 1387 3777 1427 neces-

522 1468 655 1523 illud
687 1469 808 1523 leve
839 1466 1055 1521 dixerat
1089 1484 1100 1519 :
1132 1466 1255 1521 ideo
1288 1466 1468 1534 posuit
1499 1465 1583 1518 hic
1618 1463 1863 1533 pondus,
1895 1474 2121 1516 servans
2222 1462 2383 1517 sariis
2411 1463 2686 1531 contenti,
2716 1460 3051 1518 desiderium
3083 1477 3246 1519 omne
3269 1504 3285 1531 ,
3320 1472 3377 1519 et
3417 1464 3648 1519 studium
3683 1479 3779 1535 per-

521 1560 900 1631 metaphoratn
950 1566 1170 1613 statera:
1204 1559 1324 1613 :vel
1353 1557 1496 1628 quod
1533 1555 1941 1610 tribulationum
1988 1567 2122 1621 pou-
2222 1554 2481 1611 veniendi
2521 1555 2588 1611 ad
2635 1556 2870 1626 patriam
2920 1555 3222 1613 habeamus
3273 1574 3284 1609 :
3328 1558 3454 1626 quia
3505 1558 3605 1613 ﬁde
3640 1559 3779 1615 adhuc

521 1656 625 1710 dus
653 1700 667 1723 ,
701 1670 821 1723 qua:
852 1668 1016 1723 supra
1042 1651 1263 1707 modum
1297 1661 1423 1705 sunt
1452 1651 1503 1705 in
1540 1649 1797 1720 prasenti
1828 1696 1841 1719 ,
1871 1645 2121 1703 sublimi-
2222 1662 2510 1716 Speramus
2536 1690 2552 1716 ,
2579 1657 2635 1703 et
2664 1648 2904 1703 nondum
2932 1649 3117 1718 specie
3148 1648 3517 1717 possidemus.
3550 1650 3777 1706 Audemus

521 1756 685 1802 tatem
719 1746 909 1817 glorite
939 1756 1160 1799 mternae
1194 1746 1499 1815 perficiant.
2221 1754 2402 1798 autem
2430 1754 2485 1798 et
2514 1743 2907 1808 consentimus,
2938 1752 2994 1798 et
3018 1758 3244 1813 prorsus
3269 1743 3371 1798 hoc
3395 1743 3650 1800 audenter
3676 1744 3778 1814 ἰθεί-

593 1838 717 1893 Non
744 1836 1215 1907 contemplantibus
1244 1836 1389 1890 nobis
1410 1880 1423 1903 ,
1456 1850 1571 1907 qua:
1596 1834 1854 1900 videntur,
1886 1833 1976 1887 sed
2003 1848 2119 1903 qua:
2147 1824 2194 1886 Β
2223 1853 2368 1903 mus,
2400 1837 2543 1895 sicut
2571 1838 2701 1893 alibi
2731 1839 2805 1892 ait
2841 1855 2854 1893 :
2893 1836 3145 1904 Dissolvi,
3180 1845 3236 1894 et
3260 1852 3383 1893 cum
3413 1836 3628 1894 Christo
3652 1851 3775 1904 esse,

519 1949 623 1987 non
650 1931 912 1986 videntur.
952 1929 1079 1994 Qua:
1126 1930 1258 1982 enim
1304 1928 1564 1992 ridentur,
1608 1926 1914 1995 temporalia
1956 1932 2114 1989 sunt,

517 2040 635 2094 qute
660 2032 830 2077 autem
860 2038 963 2075 non
990 2020 1252 2087 videntur,
1284 2029 1473 2074 (eterna
1505 2027 1647 2073 sunt.
1681 2018 1754 2071 De
1783 2016 2113 2081 visibilibus,

516 2130 620 2170 nec
670 2114 831 2169 bonis
880 2127 1187 2177 movemur,
1238 2126 1337 2167 nec
1388 2111 1585 2179 malis,
1617 2111 1743 2180 quia
1792 2118 2017 2180 utraque
2055 2107 2115 2163 li-

2220 1930 2395 1986 multo
2432 1930 2605 2000 magis
2636 1930 2852 1987 melius.

2289 2021 2466 2093 Magis
2493 2024 2817 2096 peregrinari
2843 2040 2875 2077 a
2902 2039 3132 2094 corpore.
3167 2022 3320 2080 Bene
3349 2025 3456 2089 ait,
3489 2026 3779 2097 peregrinari

2216 2132 2246 2172 a
2286 2131 2521 2186 corpore
2553 2136 2566 2171 :
2597 2118 2725 2187 quia
2756 2117 2822 2171 ad
2858 2117 2911 2172 id
2942 2132 3132 2173 sumus
3166 2121 3364 2175 iterum
3395 2122 3704 2191 regressuri.

2292 2208 2359 2264 Et
2386 2219 2672 2279 prementes
2710 2226 2821 2264 esse
2849 2210 2917 2264 ad
2955 2209 3263 2269 Demittunt.
3294 2212 3631 2284 Quamquam
3656 2228 3778 2269 crea-

2218 2302 2319 2357 tori
2348 2317 2449 2357 suo
2476 2303 2623 2357 nulla
2652 2313 2903 2357 creatura
2931 2303 3003 2359 sit
3032 2303 3233 2358 absens
3264 2321 3278 2357 :
3309 2305 3405 2359 sed
3431 2319 3533 2359 nos
3557 2304 3779 2376 quodam-

2214 2398 2377 2453 modo
2417 2409 2546 2453 tunc
2586 2397 2667 2452 illi
2720 2397 2890 2468 magis
2940 2408 3237 2468 praesentes
3279 2399 3490 2454 erimus
3518 2443 3533 2467 ,
3575 2401 3777 2455 utetiam

2215 2488 2442 2560 perfecti
2467 2533 2480 2555 ,
2521 2504 2643 2543 cum
2672 2504 2702 2544 a
2732 2489 2917 2543 carnis
2948 2488 3214 2545 fuerimus
3244 2490 3543 2559 fragilitate
3566 2490 3775 2562 sejuncti.

2214 2580 2341 2637 Sive
2384 2579 2526 2650 quod
2576 2579 2878 2635 secundum
2923 2594 3021 2634 nos
3055 2580 3167 2635 Deo
3216 2590 3522 2651 prmsentes
3558 2582 3775 2637 erimus:

2211 2673 2335 2743 quia
2366 2672 2665 2728 secundum
2708 2671 2859 2727 illum
2891 2671 3149 2728 absentes
3189 2688 3314 2731 esse
3356 2691 3646 2747 numquam
3673 2690 3776 2746 pos-

2211 2780 2424 2821 sumus.

2284 2858 2351 2912 Et
2380 2859 2492 2913 ideo
2532 2859 2921 2926 contendimus,
2953 2860 3059 2913 sive
3090 2860 3348 2926 absentes,
3379 2861 3488 2916 sive
3513 2870 3776 2933 pressantes,

2209 2952 2414 3024 placere
2464 2952 2564 3007 illi.
2609 2950 2727 3006 Jam
2781 2952 2943 3007 modo
2986 2952 3124 3008 tales
3169 2968 3293 3009 esse
3343 2967 3474 3011 actu
3524 2971 3775 3021 conamur,

2209 3046 2397 3115 quales
2436 3044 2599 3099 futuri
2632 3059 2820 3099 smnus
2851 3044 2907 3101 in
2938 3061 3106 3115 regno
3127 3088 3140 3111 ,
3172 3055 3363 3101 natura
3406 3048 3774 3119 incorruptibili

2209 3138 2326 3192 sine
2357 3138 2524 3193 dubio
2547 3149 2599 3193 ct
2624 3138 2874 3208 perfecti.
2903 3140 3019 3194 lloc
3042 3140 3172 3195 dicit
3202 3159 3216 3196 :
3240 3143 3506 3211 quamdiu
3531 3145 3583 3199 in
3607 3143 3778 3199 mando

2133 3216 2180 3280 C
2212 3233 2373 3303 positi
2404 3232 2815 3304 peregrinamur
2854 3249 2883 3288 a
2918 3233 3173 3297 Domino.
3206 3238 3626 3294 conversatione
3662 3237 3776 3292 bona

2208 3324 2259 3380 id
2292 3342 2518 3396 agamus
2554 3344 2568 3382 :
2600 3336 2657 3381 ut
2685 3328 2734 3383 ei
2766 3326 2818 3381 in
2856 3326 3036 3382 futuro
3080 3328 3301 3396 placere
3342 3331 3621 3399 possimus
3649 3348 3661 3385 :
3691 3345 3777 3383 non

2205 3427 2262 3473 ut
2290 3418 2512 3489 quidam
2543 3428 2768 3488 putant,
2812 3420 2938 3490 quia
2980 3430 3165 3490 postea
3191 3436 3355 3489 quam
3398 3424 3772 3480 excesserimus

2203 3527 2233 3568 e
2255 3526 2509 3581 corpore,
2533 3511 2603 3565 ibi
2628 3510 2835 3581 aliquid
2859 3522 3149 3581 operantes
3165 3512 3336 3567 Deum
3362 3529 3770 3583 promereamur.

2278 3602 2463 3657 Omnes
2495 3604 2631 3656 enim
2677 3620 2770 3658 nos
2802 3605 3127 3675 manifestari
3166 3616 3368 3676 Oportet
3406 3618 3532 3663 ante
3573 3604 3772 3661 tribunal

2204 3693 2423 3750 Christi.
2463 3694 2571 3749 Pro
2601 3695 2974 3765 magnitudine
3007 3697 3261 3764 potentiae
3290 3699 3575 3765 sedentis,
3600 3694 3777 3767 magni-

2201 3787 2329 3843 tudo
2364 3787 2685 3854 tribunalis,
2717 3797 2773 3843 et
2800 3799 2975 3843 terror
2999 3788 3190 3859 judicii
3221 3791 3548 3847 {estimanda
3581 3798 3716 3847 sunt.

2273 3877 2339 3933 Ut
2361 3880 2552 3948 referat
2588 3881 2945 3951 unusquisque
2970 3882 3181 3952 prapria
3220 3885 3461 3955 corporis
3486 3892 3637 3955 prout
3675 3898 3769 3954 ges-

2197 3972 2293 4041 sit,
2342 3971 2447 4025 sive
2470 3972 2688 4040 bonum,
2724 3972 2827 4026 sive
2859 3973 3077 4027 malum.
3110 3973 3245 4041 Quia
3277 3975 3347 4030 de
3376 3973 3770 4031 resurrectionis

2198 4076 2443 4137 tempore
2481 4066 2685 4121 fecerat
2713 4067 3066 4134 mentionem,
3100 4069 3216 4123 vult
3246 4070 3545 4126 ostendere
3566 4068 3775 4124 animam

2195 4161 2373 4216 omnia
2402 4175 2499 4230 per
2523 4175 2717 4230 corpus
2735 4168 3033 4229 operatam,
3059 4162 3174 4218 sive
3190 4161 3417 4231 bonum,
3446 4162 3562 4219 sive
3580 4163 3774 4217 malum.

2192 4254 2385 4312 Venite
2399 4254 2464 4309 ad
2486 4271 2590 4319 me.
2606 4254 2894 4311 benedicti.
2914 4255 2999 4319 Et,
3027 4254 3296 4312 Discedite
3319 4271 3350 4309 a
3374 4272 3487 4325 me,
3507 4252 3772 4311 maledicti.

2266 4348 2496 4403 Scientes
2540 4363 2662 4417 ergo
2700 4347 2929 4401 timorem
2977 4346 3220 4412 Domini,
3264 4346 3566 4402 hominibus
3608 4344 3776 4400 suade-

519 2212 759 2267 niuntur.

1156 2279 1383 2336 CAPUT
1423 2279 1489 2334 V.

588 2398 794 2455 Scimus
837 2398 971 2453 enim
1001 2398 1249 2469 quoniam
1296 2396 1341 2450 si
1394 2396 1649 2449 terrestris
1696 2396 1883 2448 domus
1933 2400 2111 2447 nostra

514 2490 676 2563 hujus
702 2490 1034 2544 habitationis
1061 2490 1368 2541 dissolt'atur
1396 2502 1415 2540 :
1446 2486 1582 2557 quod
1618 2485 2011 2553 ludiﬁcationem
2050 2498 2113 2536 ea:

511 2583 621 2636 Deo
651 2584 916 2636 habemus.
946 2580 1115 2646 Quasi
1143 2580 1341 2649 aliquis
1368 2578 1416 2633 ei
1440 2577 1689 2645 dixisset,
1718 2576 1934 2646 quando
1966 2574 2109 2630 istud

508 2676 605 2732 erit
636 2717 651 2741 ,
685 2692 808 2729 cum
848 2676 1017 2729 sciam
1050 2690 1135 2729 me
1168 2688 1287 2729 esse
1320 2672 1604 2727 mortalem
1639 2688 1654 2726 :
1685 2670 1805 2727 ideo
1835 2685 2110 2725 resurrec-

512 2770 714 2824 tionem
743 2768 934 2839 gloriae
964 2767 1198 2822 induxit.
1230 2767 1433 2820 Domus
1471 2776 1675 2828 nostra,
1712 2764 1903 2835 inquit,
1937 2772 2109 2817 terre-

518 2878 646 2916 num
673 2875 873 2930 corpus
900 2902 913 2926 ,
954 2860 1005 2913 in
1033 2874 1140 2928 quo
1170 2859 1221 2912 in
1256 2858 1361 2913 hoc
1400 2857 1602 2911 sa-culo
1633 2855 1813 2910 adhuc
1851 2870 2109 2925 corpora-

506 2954 631 3010 liter
660 2954 969 3007 habitamus
993 2968 1008 3008 :
1034 2952 1079 3005 si
1105 2963 1230 3006 ante
1256 2950 1553 3004 adventum
1589 2948 1837 3014 Domini,
1870 2948 1954 3001 vel
1986 2962 2107 3017 pas-

508 3049 757 3105 sionibus
785 3090 799 3114 ,
829 3048 911 3102 vel
940 3045 1258 3101 conditione
1307 3055 1513 3099 natura:
1546 3044 1707 3098 fuerit
1737 3042 2059 3097 dissolutum
2087 3082 2102 3107 ,

505 3140 788 3196 celestem
822 3137 1290 3207 incorruptionem
1324 3152 1388 3192 ex
1432 3135 1546 3191 Deo
1571 3175 1585 3201 ,
1638 3149 1869 3205 corpore
1911 3134 2101 3189 revivi-

502 3243 710 3300 scente,
741 3246 1035 3287 sumemus.

575 3327 802 3382 Domum
843 3343 949 3381 non
996 3326 1345 3397 manufactam
1374 3368 1388 3391 ,
1440 3324 1530 3379 sed
1569 3332 1816 3377 retentam
1854 3322 1907 3376 in
1938 3321 2099 3375 cmlis.

504 3422 642 3490 Quia
666 3422 900 3476 animale
931 3434 1153 3486 corpus,
1183 3417 1331 3491 quod
1362 3418 1461 3491 Dei
1489 3416 1891 3489 quodammodo
1937 3430 2100 3469 manu

500 3516 697 3571 dicitur
727 3529 849 3570 esse
874 3514 1202 3584 plasmatum
1237 3529 1248 3564 :
1284 3513 1386 3568 hoc
1431 3511 1610 3583 ipsum
1658 3510 1944 3581 spirituale
1987 3510 2096 3577 liet,

502 3620 602 3680 per
630 3608 899 3678 Spiritum.

581 3700 726 3754 Nam
767 3708 813 3753 et
858 3700 914 3752 in
952 3697 1048 3751 hoc
1074 3738 1088 3763 ,
1132 3697 1513 3769 ingemiscimus
1538 3742 1551 3765 ,
1595 3696 1963 3751 habitationem
2003 3712 2099 3751 no-

503 3801 684 3857 stram,
708 3806 820 3860 qua:
841 3790 906 3844 de
928 3790 1053 3845 coelo
1081 3798 1175 3855 est,
1200 3789 1509 3858 superindui
1536 3789 1818 3857 cupientes.
1849 3789 2096 3844 Gemitus

498 3887 586 3942 hic
614 3901 715 3955 pro
739 3885 925 3940 labore
948 3884 1213 3953 accipitur
1235 3899 1249 3936 :
1271 3883 1395 3951 quia
1419 3896 1541 3937 cum
1565 3882 1767 3954 gemitu
1796 3882 2093 3947 laboratur,

494 3980 632 4033 sicut
663 3987 714 4032 et
742 3985 930 4047 partus
968 3990 1068 4045 pro
1107 3975 1294 4029 labore
1335 3972 1576 4043 ponitur.
1610 3973 1687 4028 Ad
1718 3973 1823 4028 hoc
1854 3987 1983 4043 ergo
2008 3972 2094 4027 la-

492 4070 771 4134 boramus,
801 4078 862 4123 ut
892 4068 983 4122 illa
1013 4066 1329 4137 snperindui
1361 4080 1691 4120 mereamur.

572 4162 635 4219 Si
664 4172 834 4216 tamen
884 4160 1089 4225 vestiti,
1124 4169 1170 4214 et
1216 4174 1320 4213 non
1366 4158 1492 4211 nudi
1535 4159 1883 4213 inveniamur.
1914 4158 1953 4213 A
1987 4157 2093 4215 fide

493 4255 579 4309 vel
610 4268 775 4323 opere
806 4251 1044 4322 pietatis.

568 4346 708 4399 Nam
731 4354 777 4400 et
797 4345 885 4416 qui
914 4359 1091 4397 sumus
1115 4342 1167 4396 in
1195 4342 1290 4396 hoc
1316 4341 1677 4408 tabernaculo,
1703 4342 2090 4414 ingemiscimus

495 4438 698 4509 gravati
722 4452 740 4491 :
763 4452 821 4489 eo
842 4436 981 4506 quod
1012 4435 1253 4489 nolumus
1280 4435 1588 4503 exspoliari,
1621 4435 1711 4487 sed
1737 4435 2085 4505 superaestiri.
2192 4455 2307 4493 mus
2338 4455 2356 4493 :
2384 4438 2496 4492 Dt'O
2530 4447 2703 4491 autem
2733 4438 2992 4507 manifesti
3028 4454 3226 4491 smnus.
3276 4436 3528 4493 Scientes
3571 4444 3777 4507 quantus

492 4531 627 4585 Nam
656 4529 747 4597 qui
776 4528 884 4597 vivi
927 4527 1295 4595 invenientur,
1339 4526 1441 4583 hoc
1474 4526 1838 4594 laborabunt,
1881 4539 1941 4582 ιιι
1981 4544 2085 4583 ηοιι
2192 4542 2375 4591 metus
2399 4532 2469 4586 sit
2500 4530 2665 4585 divini
2688 4530 2913 4599 judicii,
2947 4531 3259 4585 hominibus
3292 4530 3591 4587 suademus
3620 4537 3675 4584 ut
3699 4541 3779 4582 ca-

495 4620 867 4690 eXSpolicntur
891 4619 958 4674 ab
991 4621 1111 4690 igne
1142 4635 1263 4674 cum
1306 4619 1718 4689 peccatoribus,
1751 4635 1875 4674 cum
1907 4619 2087 4675 omnia
2114 4615 2171 4678 Ι)
2197 4636 2357 4683 veant
2401 4645 2411 4680 :
2450 4626 2560 4680 Dco
2603 4633 2781 4680 autem
2820 4624 3088 4680 manifeSIi
3120 4638 3306 4679 sumus
3330 4668 3345 4692 ,
3392 4625 3439 4679 si
3470 4640 3579 4679 non
3614 4630 3667 4677 et
3693 4634 3775 4675 nos

494 4712 762 4783 emperint
790 4712 1057 4767 elementa
1097 4713 1341 4767 consumi
1375 4731 1385 4764 :
1423 4712 1519 4767 sed
1549 4722 1606 4767 ut
1632 4727 1753 4768 cum
1793 4713 1958 4783 justis
1989 4714 2090 4769 im-
2197 4718 2572 4775 formidamus.

493 4805 823 4863 mortalitate
852 4803 1171 4873 superindui
1204 4815 1541 4861 mereantur.
2268 4812 2435 4883 Spero
2485 4819 2655 4865 autem
2707 4818 2755 4865 et
2796 4810 2847 4862 in
2890 4808 3220 4863 conscientiis
3264 4808 3447 4863 vestris
3494 4804 3777 4875 manifestos

570 4898 638 4955 Ut
667 4896 1018 4959 absorbeatur,
1050 4895 1189 4967 quod
1221 4897 1439 4950 mortale
1478 4905 1551 4950 est
1585 4912 1617 4949 a
1655 4899 1781 4951 vita.
1815 4898 1967 4966 Quod
1994 4899 2090 4955 ab-
2194 4919 2288 4959 nos
2315 4920 2444 4959 esse.
2480 4902 2736 4969 Quamvis
2766 4902 2905 4956 male
2936 4901 3088 4955 vobis
3134 4909 3451 4972 suggestum
3483 4902 3558 4954 sit
3596 4898 3665 4955 de
3693 4912 3779 4952 no-

489 4992 767 5058 sorbetur,
800 5004 906 5044 non
939 4997 1163 5057 apparet
1188 5003 1310 5042 cum
1341 4988 1441 5056 sit,
1474 4989 1615 5043 sicut
1642 4988 1846 5044 ferrum
1887 4992 1931 5045 si
1965 4993 2089 5047 mit-
2196 4996 2278 5051 bis
2309 5015 2319 5049 :
2350 5007 2477 5066 puto
2506 5003 2681 5049 tamen
2712 4993 2858 5064 quod
2890 5010 2994 5048 non
3041 4992 3273 5062 recipiat
3318 4992 3657 5048 conscientia
3695 5004 3777 5043 vc-

490 5093 635 5139 tatur
665 5085 715 5138 in
743 5084 943 5154 ignem,
966 5090 1220 5136 manente
1248 5079 1368 5149 ejus
1394 5081 1617 5136 materia
1643 5090 1811 5136 totum
1833 5084 1890 5137 lit
1914 5085 2082 5154 ignis:
2194 5098 2304 5144 stra
2334 5087 2401 5143 de
2421 5086 2579 5142 nobis
2600 5084 2745 5140 aliud
2766 5083 3233 5156 suspicari,quam
3266 5084 3422 5140 novit
3455 5102 3467 5137 :
3499 5098 3604 5140 nec
3631 5079 3782 5155 possit

490 5193 615 5233 nam
653 5188 707 5233 et
756 5175 1105 5247 splendorem
1138 5214 1153 5241 ,
1190 5182 1247 5229 et
1276 5173 1515 5230 calorem
1560 5176 1730 5245 ipsius
1778 5176 1917 5246 ignis
1952 5195 1966 5232 :
1999 5193 2088 5233 as-
2191 5182 2311 5237 aliis
2335 5182 2505 5250 magis
2530 5180 2690 5235 ﬁdem
2725 5177 3158 5245 accommodare,
3189 5193 3350 5249 quam
3380 5178 3513 5235 sibi.

484 5268 673 5324 sumit.
2264 5273 2387 5327 Non
2414 5272 2595 5326 ittrnm
2618 5270 3039 5325 commendamus
3064 5288 3159 5325 nos
3182 5271 3343 5325 vobis.
3368 5270 3505 5339 Quia
3532 5267 3779 5343 superius

565 5359 665 5427 Qui
693 5368 865 5415 autem
912 5360 1071 5430 efﬁcit
1093 5376 1183 5415 nos
1220 5361 1273 5413 in
1301 5359 1395 5413 hoc
1425 5360 1591 5431 ipsum
1621 5357 1777 5416 Deus.
1812 5360 1943 5416 Dum
1979 5360 2083 5419 hoc
2185 5364 2401 5420 dixerat
2434 5388 2446 5420 :
2480 5364 2770 5433 lnaipimus
2800 5363 3164 5433 nosmetipsos
3193 5364 3611 5419 commendare.

484 5455 616 5512 dicit
648 5454 849 5518 facere,
882 5468 951 5508 ne
981 5454 1066 5508 cui
1100 5452 1436 5524 impossibile
1469 5452 1761 5508 videretur.
2261 5457 2365 5512 Sed
2394 5456 2715 5511 occasionem
2755 5455 2939 5509 damus
2983 5456 3124 5509 vobis
3172 5455 3436 5527 gloriandi
3479 5472 3585 5527 pro
3628 5454 3779 5510 nobis.

559 5548 661 5615 Qui
686 5547 826 5601 dedit
859 5545 1001 5599 nobis
1041 5547 1225 5617 pignus
1251 5547 1487 5616 spiritus.
1514 5546 1615 5613 Qui
1641 5546 1799 5602 nobis
1820 5547 1969 5604 dedit
1995 5549 2076 5620 pi-
2182 5548 2382 5606 Contra
2427 5546 2942 5619 pseudoapostolos,
2973 5548 3065 5618 qui
3106 5547 3340 5617 primum
3373 5561 3467 5617 per
3494 5546 3781 5604 detractio-

480 5657 616 5714 gnus
645 5640 886 5712 spiritus,
916 5647 977 5694 ut
1001 5638 1254 5706 sciamus,
1286 5640 1413 5711 quia
1443 5639 1701 5709 templum
1733 5642 1818 5697 sui
1846 5642 2074 5711 spiritus
2181 5657 2303 5698 nem
2329 5639 2515 5695 odium
2543 5638 2621 5695 eis
2646 5638 2896 5695 volebant
2920 5638 3158 5695 inserere
3184 5656 3196 5692 :
3229 5646 3286 5693 ut
3308 5637 3389 5693 eis
3410 5637 3553 5695 fides
3574 5636 3783 5694 facilius

478 5738 658 5810 perire
689 5752 797 5792 non
832 5735 1051 5805 patitur.
2178 5734 2496 5789 haberetur.
3294 5806 3297 5807 ν

548 5832 805 5887 Audentes
830 5830 985 5901 igitur
1005 5844 1222 5900 semper,
1249 5837 1299 5886 et
1326 5832 1559 5888 scientes.
1608 5829 1732 5888 Ideo
1763 5828 1864 5889 hoc
1895 5831 2063 5891 audc-

2250 5823 2317 5881 Ut
2350 5825 2580 5882 habeatis
2609 5824 2676 5880 ad
2701 5840 2787 5882 eos
2808 5865 2823 5895 ,
2853 5824 2938 5897 qui
2968 5825 3022 5881 in
3059 5824 3195 5898 facie
3220 5823 3520 5897 gloriantur
3543 5866 3561 5896 ,
3597 5834 3646 5881 et
3673 5835 3767 5879 non
