  <div class='ocr_page' id='page_1' title='image "/cluster/home/n/w/nwhite01/storage/ocr_20150623/30/hvd.32044096580535/402.png"; bbox 0 0 3978 6286; ppageno 0'>
   <div class='ocr_carea' id='block_1_1' title="bbox 206 346 320 402">
    <p class='ocr_par' dir='ltr' id='par_1_1' title="bbox 206 346 320 402">
     <span class='ocr_line' id='line_1_1' title="bbox 206 346 320 402; baseline 0 0"><span class='ocrx_word' id='word_1_1' title='bbox 206 346 320 402; x_wconf 79' lang='lat'><strong>785</strong></span> 
     </span>
    </p>
   </div>
   <div class='ocr_carea' id='block_1_2' title="bbox 956 342 2769 420">
    <p class='ocr_par' dir='ltr' id='par_1_2' title="bbox 956 342 2769 420">
     <span class='ocr_line' id='line_1_2' title="bbox 956 342 2769 420; baseline 0.007 -12"><span class='ocrx_word' id='word_1_2' title='bbox 956 348 1499 409; x_wconf 72' lang='lat' dir='ltr'><strong>COMMENTARIUS</strong></span> <span class='ocrx_word' id='word_1_3' title='bbox 1538 342 2036 415; x_wconf 28' lang='lat' dir='ltr'><strong>IN‘EPISTOLAM</strong></span> <span class='ocrx_word' id='word_1_4' title='bbox 2074 358 2118 415; x_wconf 88' lang='lat' dir='ltr'><strong>Il</strong></span> <span class='ocrx_word' id='word_1_5' title='bbox 2156 359 2249 416; x_wconf 82' lang='lat' dir='ltr'><strong>AD</strong></span> <span class='ocrx_word' id='word_1_6' title='bbox 2284 356 2444 418; x_wconf 76' lang='lat' dir='ltr'><strong>COR.</strong></span> <span class='ocrx_word' id='word_1_7' title='bbox 2482 362 2636 420; x_wconf 81' lang='lat' dir='ltr'><strong>CAP.</strong></span> <span class='ocrx_word' id='word_1_8' title='bbox 2680 364 2769 420; x_wconf 79' lang='lat' dir='ltr'><strong>Vl.</strong></span> 
     </span>
    </p>
   </div>
   <div class='ocr_carea' id='block_1_3' title="bbox 3410 368 3523 427">
    <p class='ocr_par' dir='ltr' id='par_1_3' title="bbox 3410 368 3523 427">
     <span class='ocr_line' id='line_1_3' title="bbox 3410 368 3523 427; baseline 0.027 -2"><span class='ocrx_word' id='word_1_9' title='bbox 3410 368 3523 427; x_wconf 27' lang='lat'><strong>786’</strong></span> 
     </span>
    </p>
   </div>
   <div class='ocr_carea' id='block_1_4' title="bbox 204 462 3517 555">
    <p class='ocr_par' dir='ltr' id='par_1_4' title="bbox 204 462 3517 555">
     <span class='ocr_line' id='line_1_4' title="bbox 204 462 3517 555; baseline 0.008 -40"><span class='ocrx_word' id='word_1_10' title='bbox 204 463 262 555; x_wconf 75' lang='lat' dir='ltr'><strong>in</strong></span> <span class='ocrx_word' id='word_1_11' title='bbox 304 462 484 555; x_wconf 83' lang='lat' dir='ltr'><strong>corde.</strong></span> <span class='ocrx_word' id='word_1_12' title='bbox 532 463 603 521; x_wconf 92' lang='lat' dir='ltr'><strong>Ut</strong></span> <span class='ocrx_word' id='word_1_13' title='bbox 634 463 884 523; x_wconf 78' lang='lat' dir='ltr'><strong>habeatis</strong></span> <span class='ocrx_word' id='word_1_14' title='bbox 911 468 979 523; x_wconf 90' lang='lat' dir='ltr'><strong>ad</strong></span> <span class='ocrx_word' id='word_1_15' title='bbox 1008 482 1134 533; x_wconf 90' lang='lat' dir='ltr'><strong>eos,</strong></span> <span class='ocrx_word' id='word_1_16' title='bbox 1168 467 1257 537; x_wconf 94' lang='lat' dir='ltr'><strong>qui</strong></span> <span class='ocrx_word' id='word_1_17' title='bbox 1289 471 1341 523; x_wconf 91' lang='lat' dir='ltr'><strong>in</strong></span> <span class='ocrx_word' id='word_1_18' title='bbox 1377 469 1689 526; x_wconf 82' lang='lat' dir='ltr'><strong>carnalibus</strong></span> <span class='ocrx_word' id='word_1_19' title='bbox 1714 516 1727 541; x_wconf 94' lang='lat'><strong>,</strong></span> <span class='ocrx_word' id='word_1_20' title='bbox 1762 479 1817 526; x_wconf 92' lang='lat' dir='ltr'><strong>et</strong></span> <span class='ocrx_word' id='word_1_21' title='bbox 1841 469 1897 531; x_wconf 80' lang='grc' dir='ltr'><strong>Α</strong></span> <span class='ocrx_word' id='word_1_22' title='bbox 1997 474 2185 531; x_wconf 86' lang='lat' dir='ltr'><strong>Omnia</strong></span> <span class='ocrx_word' id='word_1_23' title='bbox 2229 487 2400 532; x_wconf 85' lang='lat' dir='ltr'><strong>autem</strong></span> <span class='ocrx_word' id='word_1_24' title='bbox 2427 494 2492 533; x_wconf 76' lang='lat' dir='ltr'><strong>ex</strong></span> <span class='ocrx_word' id='word_1_25' title='bbox 2521 479 2653 534; x_wconf 90' lang='lat' dir='ltr'><strong>Deo.</strong></span> <span class='ocrx_word' id='word_1_26' title='bbox 2693 479 2828 548; x_wconf 92' lang='lat' dir='ltr'><strong>Quia</strong></span> <span class='ocrx_word' id='word_1_27' title='bbox 2857 480 3020 537; x_wconf 87' lang='lat' dir='ltr'><strong>etiam</strong></span> <span class='ocrx_word' id='word_1_28' title='bbox 3054 492 3324 555; x_wconf 85' lang='lat' dir='ltr'><strong>praecepta</strong></span> <span class='ocrx_word' id='word_1_29' title='bbox 3359 484 3517 541; x_wconf 89' lang='lat' dir='ltr'><strong>inno-</strong></span> 
     </span>
    </p>
   </div>
   <div class='ocr_carea' id='block_1_5' title="bbox 204 552 1817 631">
    <p class='ocr_par' dir='ltr' id='par_1_5' title="bbox 204 552 1817 631">
     <span class='ocr_line' id='line_1_5' title="bbox 204 552 1817 631; baseline 0.007 -24"><span class='ocrx_word' id='word_1_30' title='bbox 204 552 264 609; x_wconf 90' lang='lat' dir='ltr'><strong>in</strong></span> <span class='ocrx_word' id='word_1_31' title='bbox 296 554 624 623; x_wconf 91' lang='lat' dir='ltr'><strong>visibilibus,</strong></span> <span class='ocrx_word' id='word_1_32' title='bbox 653 566 710 614; x_wconf 92' lang='lat' dir='ltr'><strong>et</strong></span> <span class='ocrx_word' id='word_1_33' title='bbox 734 573 841 613; x_wconf 91' lang='lat' dir='ltr'><strong>non</strong></span> <span class='ocrx_word' id='word_1_34' title='bbox 870 557 924 614; x_wconf 90' lang='lat' dir='ltr'><strong>in</strong></span> <span class='ocrx_word' id='word_1_35' title='bbox 951 559 1303 614; x_wconf 91' lang='lat' dir='ltr'><strong>conscientiis</strong></span> <span class='ocrx_word' id='word_1_36' title='bbox 1329 559 1650 631; x_wconf 77' lang='lat' dir='ltr'><strong>gloriantur.</strong></span> <span class='ocrx_word' id='word_1_37' title='bbox 1675 561 1817 628; x_wconf 88' lang='lat' dir='ltr'><strong>Quid</strong></span> 
     </span>
    </p>
   </div>
   <div class='ocr_carea' id='block_1_6' title="bbox 203 648 1816 723">
    <p class='ocr_par' dir='ltr' id='par_1_6' title="bbox 203 648 1816 723">
     <span class='ocr_line' id='line_1_6' title="bbox 203 648 1816 723; baseline 0.006 -22"><span class='ocrx_word' id='word_1_38' title='bbox 203 648 545 715; x_wconf 90' lang='lat' dir='ltr'><strong>respondere</strong></span> <span class='ocrx_word' id='word_1_39' title='bbox 576 650 803 719; x_wconf 80' lang='lat' dir='ltr'><strong>patestis</strong></span> <span class='ocrx_word' id='word_1_40' title='bbox 830 660 1021 707; x_wconf 90' lang='lat' dir='ltr'><strong>contra</strong></span> <span class='ocrx_word' id='word_1_41' title='bbox 1051 667 1139 717; x_wconf 86' lang='lat' dir='ltr'><strong>ea,</strong></span> <span class='ocrx_word' id='word_1_42' title='bbox 1173 666 1292 723; x_wconf 68' lang='lat' dir='ltr'><strong>quso</strong></span> <span class='ocrx_word' id='word_1_43' title='bbox 1320 650 1389 707; x_wconf 91' lang='lat' dir='ltr'><strong>de</strong></span> <span class='ocrx_word' id='word_1_44' title='bbox 1416 664 1603 709; x_wconf 89' lang='lat' dir='ltr'><strong>nostra</strong></span> <span class='ocrx_word' id='word_1_45' title='bbox 1634 654 1816 711; x_wconf 93' lang='lat' dir='ltr'><strong>obtre-</strong></span> 
     </span>
    </p>
   </div>
   <div class='ocr_carea' id='block_1_7' title="bbox 202 747 1816 821">
    <p class='ocr_par' dir='ltr' id='par_1_7' title="bbox 202 747 1816 821">
     <span class='ocr_line' id='line_1_7' title="bbox 202 747 1816 821; baseline 0.003 -20"><span class='ocrx_word' id='word_1_46' title='bbox 202 747 452 802; x_wconf 84' lang='lat' dir='ltr'><strong>ctatione</strong></span> <span class='ocrx_word' id='word_1_47' title='bbox 501 748 849 821; x_wconf 81' lang='lat' dir='ltr'><strong>conﬁngunt,</strong></span> <span class='ocrx_word' id='word_1_48' title='bbox 882 757 944 804; x_wconf 89' lang='lat' dir='ltr'><strong>ut</strong></span> <span class='ocrx_word' id='word_1_49' title='bbox 972 749 1135 806; x_wconf 89' lang='lat' dir='ltr'><strong>etiam</strong></span> <span class='ocrx_word' id='word_1_50' title='bbox 1164 749 1249 804; x_wconf 90' lang='lat' dir='ltr'><strong>sui</strong></span> <span class='ocrx_word' id='word_1_51' title='bbox 1292 748 1473 805; x_wconf 87' lang='lat' dir='ltr'><strong>cordis</strong></span> <span class='ocrx_word' id='word_1_52' title='bbox 1507 749 1816 806; x_wconf 88' lang='lat' dir='ltr'><strong>testimonio</strong></span> 
     </span>
    </p>
   </div>
   <div class='ocr_carea' id='block_1_8' title="bbox 204 838 548 895">
    <p class='ocr_par' dir='ltr' id='par_1_8' title="bbox 204 838 548 895">
     <span class='ocr_line' id='line_1_8' title="bbox 204 838 548 895; baseline 0.006 -2"><span class='ocrx_word' id='word_1_53' title='bbox 204 838 548 895; x_wconf 86' lang='lat' dir='ltr'><strong>revincatur.</strong></span> 
     </span>
    </p>
   </div>
   <div class='ocr_carea' id='block_1_9' title="bbox 279 931 1813 1014">
    <p class='ocr_par' dir='ltr' id='par_1_9' title="bbox 279 931 1813 1014">
     <span class='ocr_line' id='line_1_9' title="bbox 279 931 1813 1014; baseline 0.002 -26"><span class='ocrx_word' id='word_1_54' title='bbox 279 931 406 988; x_wconf 80' lang='lat' dir='ltr'><strong>Sive</strong></span> <span class='ocrx_word' id='word_1_55' title='bbox 432 932 758 989; x_wconf 56' lang='lat' dir='ltr'><strong>enim’mente</strong></span> <span class='ocrx_word' id='word_1_56' title='bbox 801 935 1095 989; x_wconf 71' lang='lat' dir='ltr'><strong>excedimus</strong></span> <span class='ocrx_word' id='word_1_57' title='bbox 1127 933 1255 989; x_wconf 91' lang='lat' dir='ltr'><strong>Deo.</strong></span> <span class='ocrx_word' id='word_1_58' title='bbox 1292 934 1371 999; x_wconf 88' lang='lat' dir='ltr'><strong>Si,</strong></span> <span class='ocrx_word' id='word_1_59' title='bbox 1410 935 1613 1014; x_wconf 77' lang='lat' dir='ltr'><strong>inquit,</strong></span> <span class='ocrx_word' id='word_1_60' title='bbox 1647 949 1813 991; x_wconf 87' lang='lat' dir='ltr'><strong>sensu</strong></span> 
     </span>
    </p>
   </div>
   <div class='ocr_carea' id='block_1_10' title="bbox 201 1026 1813 1098">
    <p class='ocr_par' dir='ltr' id='par_1_10' title="bbox 201 1026 1813 1098">
     <span class='ocr_line' id='line_1_10' title="bbox 201 1026 1813 1098; baseline 0.001 -19"><span class='ocrx_word' id='word_1_61' title='bbox 201 1026 432 1095; x_wconf 91' lang='lat' dir='ltr'><strong>proprio</strong></span> <span class='ocrx_word' id='word_1_62' title='bbox 462 1036 614 1082; x_wconf 86' lang='lat' dir='ltr'><strong>recta</strong></span> <span class='ocrx_word' id='word_1_63' title='bbox 647 1029 1019 1098; x_wconf 88' lang='lat' dir='ltr'><strong>pervertimus</strong></span> <span class='ocrx_word' id='word_1_64' title='bbox 1052 1028 1105 1082; x_wconf 92' lang='lat' dir='ltr'><strong>in</strong></span> <span class='ocrx_word' id='word_1_65' title='bbox 1134 1027 1289 1094; x_wconf 87' lang='lat' dir='ltr'><strong>vitia,</strong></span> <span class='ocrx_word' id='word_1_66' title='bbox 1334 1027 1437 1097; x_wconf 83' lang='lat' dir='ltr'><strong>ipsi</strong></span> <span class='ocrx_word' id='word_1_67' title='bbox 1466 1042 1493 1080; x_wconf 91' lang='lat' dir='ltr'><strong>a</strong></span> <span class='ocrx_word' id='word_1_68' title='bbox 1526 1028 1637 1083; x_wconf 81' lang='lat' dir='ltr'><strong>Deo</strong></span> <span class='ocrx_word' id='word_1_69' title='bbox 1666 1029 1813 1082; x_wconf 84' lang='lat' dir='ltr'><strong>exci-</strong></span> 
     </span>
    </p>
   </div>
   <div class='ocr_carea' id='block_1_11' title="bbox 199 1117 1812 1189">
    <p class='ocr_par' dir='ltr' id='par_1_11' title="bbox 199 1117 1812 1189">
     <span class='ocr_line' id='line_1_11' title="bbox 199 1117 1812 1189; baseline 0.002 -17"><span class='ocrx_word' id='word_1_70' title='bbox 199 1117 410 1185; x_wconf 88' lang='lat' dir='ltr'><strong>dimus,</strong></span> <span class='ocrx_word' id='word_1_71' title='bbox 442 1127 606 1189; x_wconf 90' lang='lat' dir='ltr'><strong>atque</strong></span> <span class='ocrx_word' id='word_1_72' title='bbox 634 1119 940 1175; x_wconf 88' lang='lat' dir='ltr'><strong>alienamur</strong></span> <span class='ocrx_word' id='word_1_73' title='bbox 961 1119 1029 1175; x_wconf 90' lang='lat' dir='ltr'><strong>ab</strong></span> <span class='ocrx_word' id='word_1_74' title='bbox 1049 1132 1134 1174; x_wconf 90' lang='lat' dir='ltr'><strong>eo.</strong></span> <span class='ocrx_word' id='word_1_75' title='bbox 1158 1117 1214 1173; x_wconf 92' lang='lat' dir='ltr'><strong>Si</strong></span> <span class='ocrx_word' id='word_1_76' title='bbox 1244 1127 1423 1173; x_wconf 91' lang='lat' dir='ltr'><strong>autem</strong></span> <span class='ocrx_word' id='word_1_77' title='bbox 1451 1120 1662 1189; x_wconf 90' lang='lat' dir='ltr'><strong>integre</strong></span> <span class='ocrx_word' id='word_1_78' title='bbox 1685 1135 1812 1175; x_wconf 85' lang='lat' dir='ltr'><strong>sen-</strong></span> 
     </span>
    </p>
   </div>
   <div class='ocr_carea' id='block_1_12' title="bbox 199 1210 1811 1282">
    <p class='ocr_par' dir='ltr' id='par_1_12' title="bbox 199 1210 1811 1282">
     <span class='ocr_line' id='line_1_12' title="bbox 199 1210 1811 1282; baseline 0 -17"><span class='ocrx_word' id='word_1_79' title='bbox 199 1212 373 1266; x_wconf 89' lang='lat' dir='ltr'><strong>timus</strong></span> <span class='ocrx_word' id='word_1_80' title='bbox 405 1219 458 1266; x_wconf 93' lang='lat' dir='ltr'><strong>et</strong></span> <span class='ocrx_word' id='word_1_81' title='bbox 483 1211 681 1277; x_wconf 87' lang='lat' dir='ltr'><strong>sobrii,</strong></span> <span class='ocrx_word' id='word_1_82' title='bbox 714 1212 866 1267; x_wconf 83' lang='lat' dir='ltr'><strong>vobis</strong></span> <span class='ocrx_word' id='word_1_83' title='bbox 896 1211 1099 1267; x_wconf 81' lang='lat' dir='ltr'><strong>sufﬁcit</strong></span> <span class='ocrx_word' id='word_1_84' title='bbox 1129 1221 1313 1267; x_wconf 90' lang='lat' dir='ltr'><strong>nostra</strong></span> <span class='ocrx_word' id='word_1_85' title='bbox 1346 1212 1688 1282; x_wconf 69' lang='lat' dir='ltr'><strong>praedicatio.</strong></span> <span class='ocrx_word' id='word_1_86' title='bbox 1720 1210 1811 1265; x_wconf 86' lang='lat' dir='ltr'><strong>Di-</strong></span> 
     </span>
    </p>
   </div>
   <div class='ocr_carea' id='block_1_13' title="bbox 199 1305 1807 1371">
    <p class='ocr_par' dir='ltr' id='par_1_13' title="bbox 199 1305 1807 1371">
     <span class='ocr_line' id='line_1_13' title="bbox 199 1305 1807 1371; baseline -0.001 -11"><span class='ocrx_word' id='word_1_87' title='bbox 199 1307 365 1360; x_wconf 88' lang='lat' dir='ltr'><strong>cebat</strong></span> <span class='ocrx_word' id='word_1_88' title='bbox 395 1308 538 1361; x_wconf 89' lang='lat' dir='ltr'><strong>enim</strong></span> <span class='ocrx_word' id='word_1_89' title='bbox 578 1305 646 1362; x_wconf 91' lang='lat' dir='ltr'><strong>de</strong></span> <span class='ocrx_word' id='word_1_90' title='bbox 677 1306 786 1361; x_wconf 88' lang='lat' dir='ltr'><strong>illis</strong></span> <span class='ocrx_word' id='word_1_91' title='bbox 808 1348 823 1371; x_wconf 90' lang='lat'><strong>,</strong></span> <span class='ocrx_word' id='word_1_92' title='bbox 856 1306 901 1361; x_wconf 92' lang='lat' dir='ltr'><strong>si</strong></span> <span class='ocrx_word' id='word_1_93' title='bbox 933 1321 1122 1361; x_wconf 90' lang='lat' dir='ltr'><strong>eorum</strong></span> <span class='ocrx_word' id='word_1_94' title='bbox 1154 1317 1296 1361; x_wconf 89' lang='lat' dir='ltr'><strong>esset</strong></span> <span class='ocrx_word' id='word_1_95' title='bbox 1335 1306 1589 1361; x_wconf 79' lang='lat' dir='ltr'><strong>memoria</strong></span> <span class='ocrx_word' id='word_1_96' title='bbox 1623 1320 1807 1359; x_wconf 87' lang='lat' dir='ltr'><strong>coram</strong></span> 
     </span>
    </p>
   </div>
   <div class='ocr_carea' id='block_1_14' title="bbox 200 1396 1809 1468">
    <p class='ocr_par' dir='ltr' id='par_1_14' title="bbox 200 1396 1809 1468">
     <span class='ocr_line' id='line_1_14' title="bbox 200 1396 1809 1468; baseline -0.001 -17"><span class='ocrx_word' id='word_1_97' title='bbox 200 1396 348 1463; x_wconf 89' lang='lat' dir='ltr'><strong>Deo,</strong></span> <span class='ocrx_word' id='word_1_98' title='bbox 402 1412 695 1468; x_wconf 86' lang='lat' dir='ltr'><strong>numquam</strong></span> <span class='ocrx_word' id='word_1_99' title='bbox 739 1398 866 1451; x_wconf 88' lang='lat' dir='ltr'><strong>talia</strong></span> <span class='ocrx_word' id='word_1_100' title='bbox 896 1405 1237 1468; x_wconf 89' lang='lat' dir='ltr'><strong>paterentur.</strong></span> <span class='ocrx_word' id='word_1_101' title='bbox 1266 1396 1494 1464; x_wconf 87' lang='lat' dir='ltr'><strong>Quidam</strong></span> <span class='ocrx_word' id='word_1_102' title='bbox 1542 1397 1701 1452; x_wconf 89' lang='lat' dir='ltr'><strong>aliter</strong></span> <span class='ocrx_word' id='word_1_103' title='bbox 1729 1396 1809 1451; x_wconf 91' lang='lat' dir='ltr'><strong>di-</strong></span> 
     </span>
    </p>
   </div>
   <div class='ocr_carea' id='block_1_15' title="bbox 199 1488 1808 1555">
    <p class='ocr_par' dir='ltr' id='par_1_15' title="bbox 199 1488 1808 1555">
     <span class='ocr_line' id='line_1_15' title="bbox 199 1488 1808 1555; baseline 0.001 -11"><span class='ocrx_word' id='word_1_104' title='bbox 199 1498 353 1545; x_wconf 89' lang='lat' dir='ltr'><strong>cunt.</strong></span> <span class='ocrx_word' id='word_1_105' title='bbox 389 1489 519 1544; x_wconf 86' lang='lat' dir='ltr'><strong>Sive</strong></span> <span class='ocrx_word' id='word_1_106' title='bbox 548 1489 601 1543; x_wconf 92' lang='lat' dir='ltr'><strong>in</strong></span> <span class='ocrx_word' id='word_1_107' title='bbox 625 1489 827 1545; x_wconf 82' lang='lat' dir='ltr'><strong>exstasi</strong></span> <span class='ocrx_word' id='word_1_108' title='bbox 857 1504 1067 1555; x_wconf 91' lang='lat' dir='ltr'><strong>sumus,</strong></span> <span class='ocrx_word' id='word_1_109' title='bbox 1098 1488 1213 1544; x_wconf 91' lang='lat' dir='ltr'><strong>Deo</strong></span> <span class='ocrx_word' id='word_1_110' title='bbox 1241 1504 1255 1543; x_wconf 91' lang='lat'>:</span> <span class='ocrx_word' id='word_1_111' title='bbox 1289 1488 1405 1543; x_wconf 85' lang='lat' dir='ltr'><strong>sive</strong></span> <span class='ocrx_word' id='word_1_112' title='bbox 1426 1495 1615 1543; x_wconf 89' lang='lat' dir='ltr'><strong>nostro</strong></span> <span class='ocrx_word' id='word_1_113' title='bbox 1644 1501 1808 1545; x_wconf 81' lang='lat' dir='ltr'><strong>sensu</strong></span> 
     </span>
    </p>
   </div>
   <div class='ocr_carea' id='block_1_16' title="bbox 200 1580 709 1651">
    <p class='ocr_par' dir='ltr' id='par_1_16' title="bbox 200 1580 709 1651">
     <span class='ocr_line' id='line_1_16' title="bbox 200 1580 709 1651; baseline -0.008 -13"><span class='ocrx_word' id='word_1_114' title='bbox 200 1582 509 1651; x_wconf 88' lang='lat' dir='ltr'><strong>loquimur,</strong></span> <span class='ocrx_word' id='word_1_115' title='bbox 531 1580 709 1636; x_wconf 84' lang='lat' dir='ltr'><strong>vobis.</strong></span> 
     </span>
    </p>
   </div>
   <div class='ocr_carea' id='block_1_17' title="bbox 276 1674 1807 1747">
    <p class='ocr_par' dir='ltr' id='par_1_17' title="bbox 276 1674 1807 1747">
     <span class='ocr_line' id='line_1_17' title="bbox 276 1674 1807 1747; baseline 0.001 -18"><span class='ocrx_word' id='word_1_116' title='bbox 276 1674 403 1730; x_wconf 78' lang='lat' dir='ltr'><strong>Sive</strong></span> <span class='ocrx_word' id='word_1_117' title='bbox 432 1676 593 1730; x_wconf 87' lang='lat' dir='ltr'><strong>sobrii</strong></span> <span class='ocrx_word' id='word_1_118' title='bbox 618 1692 816 1743; x_wconf 87' lang='lat' dir='ltr'><strong>sumus,</strong></span> <span class='ocrx_word' id='word_1_119' title='bbox 846 1676 1007 1731; x_wconf 74' lang='lat' dir='ltr'><strong>vobis.</strong></span> <span class='ocrx_word' id='word_1_120' title='bbox 1033 1676 1159 1733; x_wconf 86' lang='lat' dir='ltr'><strong>Sive</strong></span> <span class='ocrx_word' id='word_1_121' title='bbox 1185 1675 1547 1742; x_wconf 87' lang='lat' dir='ltr'><strong>abstinentes,</strong></span> <span class='ocrx_word' id='word_1_122' title='bbox 1582 1685 1807 1747; x_wconf 79' lang='lat' dir='ltr'><strong>propter</strong></span> 
     </span>
    </p>
   </div>
   <div class='ocr_carea' id='block_1_18' title="bbox 197 1784 323 1823">
    <p class='ocr_par' dir='ltr' id='par_1_18' title="bbox 197 1784 323 1823">
     <span class='ocr_line' id='line_1_18' title="bbox 197 1784 323 1823; baseline -0.008 0"><span class='ocrx_word' id='word_1_123' title='bbox 197 1784 323 1823; x_wconf 65' lang='lat' dir='ltr'><strong>VOS.</strong></span> 
     </span>
    </p>
   </div>
   <div class='ocr_carea' id='block_1_19' title="bbox 1920 574 3514 648">
    <p class='ocr_par' dir='ltr' id='par_1_19' title="bbox 1920 574 3514 648">
     <span class='ocr_line' id='line_1_19' title="bbox 1920 574 3514 648; baseline 0.007 -26"><span class='ocrx_word' id='word_1_124' title='bbox 1920 576 2041 622; x_wconf 86' lang='lat' dir='ltr'><strong>vata</strong></span> <span class='ocrx_word' id='word_1_125' title='bbox 2071 576 2199 623; x_wconf 89' lang='lat' dir='ltr'><strong>sunt</strong></span> <span class='ocrx_word' id='word_1_126' title='bbox 2230 586 2244 624; x_wconf 90' lang='lat'><strong>:</strong></span> <span class='ocrx_word' id='word_1_127' title='bbox 2278 579 2456 625; x_wconf 89' lang='lat' dir='ltr'><strong>tamen</strong></span> <span class='ocrx_word' id='word_1_128' title='bbox 2481 580 2534 625; x_wconf 90' lang='lat' dir='ltr'><strong>et</strong></span> <span class='ocrx_word' id='word_1_129' title='bbox 2563 588 2698 626; x_wconf 87' lang='lat' dir='ltr'><strong>nova</strong></span> <span class='ocrx_word' id='word_1_130' title='bbox 2740 580 2795 627; x_wconf 89' lang='lat' dir='ltr'><strong>et</strong></span> <span class='ocrx_word' id='word_1_131' title='bbox 2821 584 3007 630; x_wconf 83' lang='lat' dir='ltr'><strong>vetera</strong></span> <span class='ocrx_word' id='word_1_132' title='bbox 3039 574 3107 630; x_wconf 90' lang='lat' dir='ltr'><strong>ab</strong></span> <span class='ocrx_word' id='word_1_133' title='bbox 3137 591 3245 630; x_wconf 91' lang='lat' dir='ltr'><strong>uno</strong></span> <span class='ocrx_word' id='word_1_134' title='bbox 3274 576 3385 633; x_wconf 92' lang='lat' dir='ltr'><strong>Deo</strong></span> <span class='ocrx_word' id='word_1_135' title='bbox 3415 592 3514 648; x_wconf 89' lang='lat' dir='ltr'><strong>pro</strong></span> 
     </span>
    </p>
   </div>
   <div class='ocr_carea' id='block_1_20' title="bbox 1918 659 3090 735">
    <p class='ocr_par' dir='ltr' id='par_1_20' title="bbox 1918 659 3090 735">
     <span class='ocr_line' id='line_1_20' title="bbox 1918 659 3090 735; baseline 0.005 -19"><span class='ocrx_word' id='word_1_136' title='bbox 1918 659 2241 716; x_wconf 86' lang='lat' dir='ltr'><strong>diversitate</strong></span> <span class='ocrx_word' id='word_1_137' title='bbox 2272 671 2575 731; x_wconf 84' lang='lat' dir='ltr'><strong>temporum</strong></span> <span class='ocrx_word' id='word_1_138' title='bbox 2602 672 2730 719; x_wconf 91' lang='lat' dir='ltr'><strong>sunt</strong></span> <span class='ocrx_word' id='word_1_139' title='bbox 2753 664 3090 735; x_wconf 86' lang='lat' dir='ltr'><strong>dispensata.</strong></span> 
     </span>
    </p>
   </div>
   <div class='ocr_carea' id='block_1_21' title="bbox 1992 750 3511 828">
    <p class='ocr_par' dir='ltr' id='par_1_21' title="bbox 1992 750 3511 828">
     <span class='ocr_line' id='line_1_21' title="bbox 1992 750 3511 828; baseline 0.008 -23"><span class='ocrx_word' id='word_1_140' title='bbox 1992 750 2096 817; x_wconf 84' lang='lat' dir='ltr'><strong>Qui</strong></span> <span class='ocrx_word' id='word_1_141' title='bbox 2122 770 2218 807; x_wconf 88' lang='lat' dir='ltr'><strong>nos</strong></span> <span class='ocrx_word' id='word_1_142' title='bbox 2236 754 2590 808; x_wconf 82' lang='lat' dir='ltr'><strong>reconciliavit</strong></span> <span class='ocrx_word' id='word_1_143' title='bbox 2619 755 2742 809; x_wconf 86' lang='lat' dir='ltr'><strong>sibi.</strong></span> <span class='ocrx_word' id='word_1_144' title='bbox 2774 755 2908 823; x_wconf 87' lang='lat' dir='ltr'><strong>Quia</strong></span> <span class='ocrx_word' id='word_1_145' title='bbox 2937 758 3214 828; x_wconf 89' lang='lat' dir='ltr'><strong>peccando</strong></span> <span class='ocrx_word' id='word_1_146' title='bbox 3234 759 3511 818; x_wconf 80' lang='lat' dir='ltr'><strong>fueramus</strong></span> 
     </span>
    </p>
   </div>
   <div class='ocr_carea' id='block_1_22' title="bbox 1916 831 2475 902">
    <p class='ocr_par' dir='ltr' id='par_1_22' title="bbox 1916 831 2475 902">
     <span class='ocr_line' id='line_1_22' title="bbox 1916 831 2475 902; baseline 0.002 -2"><span class='ocrx_word' id='word_1_147' title='bbox 1916 845 1986 900; x_wconf 88' lang='lat' dir='ltr'><strong>ab</strong></span> <span class='ocrx_word' id='word_1_148' title='bbox 2012 861 2076 901; x_wconf 89' lang='lat' dir='ltr'><strong>eo</strong></span> <span class='ocrx_word' id='word_1_149' title='bbox 2099 848 2301 902; x_wconf 79' lang='lat' dir='ltr'><strong>aversi.</strong></span> <span class='ocrx_word' id='word_1_150' title='bbox 2470 831 2475 837; x_wconf 15' lang='lat'><strong><em>5</em></strong></span> 
     </span>
    </p>
   </div>
   <div class='ocr_carea' id='block_1_23' title="bbox 1987 936 3511 1016">
    <p class='ocr_par' dir='ltr' id='par_1_23' title="bbox 1987 936 3511 1016">
     <span class='ocr_line' id='line_1_23' title="bbox 1987 936 3511 1016; baseline 0.008 -25"><span class='ocrx_word' id='word_1_151' title='bbox 1987 936 2095 991; x_wconf 87' lang='lat' dir='ltr'><strong>Per</strong></span> <span class='ocrx_word' id='word_1_152' title='bbox 2125 936 2415 994; x_wconf 81' lang='lat' dir='ltr'><strong>Christum.</strong></span> <span class='ocrx_word' id='word_1_153' title='bbox 2470 938 2579 995; x_wconf 84' lang='lat' dir='ltr'><strong>Per</strong></span> <span class='ocrx_word' id='word_1_154' title='bbox 2608 938 2807 997; x_wconf 85' lang='lat' dir='ltr'><strong>Christi</strong></span> <span class='ocrx_word' id='word_1_155' title='bbox 2847 941 3147 999; x_wconf 83' lang='lat' dir='ltr'><strong>doctrinam</strong></span> <span class='ocrx_word' id='word_1_156' title='bbox 3197 945 3422 1016; x_wconf 88' lang='lat' dir='ltr'><strong>pariter,</strong></span> <span class='ocrx_word' id='word_1_157' title='bbox 3454 955 3511 1003; x_wconf 84' lang='lat' dir='ltr'><strong>et</strong></span> 
     </span>
    </p>
   </div>
   <div class='ocr_carea' id='block_1_24' title="bbox 1914 1033 2248 1102">
    <p class='ocr_par' dir='ltr' id='par_1_24' title="bbox 1914 1033 2248 1102">
     <span class='ocr_line' id='line_1_24' title="bbox 1914 1033 2248 1102; baseline 0 -15"><span class='ocrx_word' id='word_1_158' title='bbox 1914 1033 2248 1102; x_wconf 81' lang='lat' dir='ltr'><strong>exemplum.</strong></span> 
     </span>
    </p>
   </div>
   <div class='ocr_carea' id='block_1_25' title="bbox 1985 1127 3512 1195">
    <p class='ocr_par' dir='ltr' id='par_1_25' title="bbox 1985 1127 3512 1195">
     <span class='ocr_line' id='line_1_25' title="bbox 1985 1127 3512 1195; baseline 0.01 -15"><span class='ocrx_word' id='word_1_159' title='bbox 1985 1127 2055 1181; x_wconf 86' lang='lat' dir='ltr'><strong>Et</strong></span> <span class='ocrx_word' id='word_1_160' title='bbox 2082 1128 2219 1182; x_wconf 83' lang='lat' dir='ltr'><strong>dedit</strong></span> <span class='ocrx_word' id='word_1_161' title='bbox 2248 1128 2400 1184; x_wconf 86' lang='lat' dir='ltr'><strong>nobis</strong></span> <span class='ocrx_word' id='word_1_162' title='bbox 2446 1131 2793 1187; x_wconf 78' lang='lat' dir='ltr'><strong>ministerium</strong></span> <span class='ocrx_word' id='word_1_163' title='bbox 2845 1135 3303 1193; x_wconf 78' lang='lat' dir='ltr'><strong>reconciliationis.</strong></span> <span class='ocrx_word' id='word_1_164' title='bbox 3343 1136 3414 1194; x_wconf 86' lang='lat' dir='ltr'><strong>Ut</strong></span> <span class='ocrx_word' id='word_1_165' title='bbox 3454 1146 3512 1195; x_wconf 88' lang='lat' dir='ltr'><strong>et</strong></span> 
     </span>
    </p>
   </div>
   <div class='ocr_carea' id='block_1_26' title="bbox 1913 1219 2879 1293">
    <p class='ocr_par' dir='ltr' id='par_1_26' title="bbox 1913 1219 2879 1293">
     <span class='ocr_line' id='line_1_26' title="bbox 1913 1219 2879 1293; baseline 0.007 -19"><span class='ocrx_word' id='word_1_166' title='bbox 1913 1233 2014 1274; x_wconf 89' lang='lat' dir='ltr'><strong>nos</strong></span> <span class='ocrx_word' id='word_1_167' title='bbox 2035 1219 2175 1274; x_wconf 89' lang='lat' dir='ltr'><strong>alios</strong></span> <span class='ocrx_word' id='word_1_168' title='bbox 2200 1222 2560 1279; x_wconf 88' lang='lat' dir='ltr'><strong>reconciliare</strong></span> <span class='ocrx_word' id='word_1_169' title='bbox 2581 1225 2879 1293; x_wconf 81' lang='lat' dir='ltr'><strong>possimus.</strong></span> 
     </span>
    </p>
   </div>
   <div class='ocr_carea' id='block_1_27' title="bbox 1987 1311 3509 1391">
    <p class='ocr_par' dir='ltr' id='par_1_27' title="bbox 1987 1311 3509 1391">
     <span class='ocr_line' id='line_1_27' title="bbox 1987 1311 3509 1391; baseline 0.01 -27"><span class='ocrx_word' id='word_1_170' title='bbox 1987 1311 2249 1379; x_wconf 83' lang='lat' dir='ltr'><strong>Quoniam</strong></span> <span class='ocrx_word' id='word_1_171' title='bbox 2280 1314 2491 1383; x_wconf 80' lang='lat' dir='ltr'><strong>quidem</strong></span> <span class='ocrx_word' id='word_1_172' title='bbox 2539 1314 2683 1371; x_wconf 87' lang='lat' dir='ltr'><strong>Deus</strong></span> <span class='ocrx_word' id='word_1_173' title='bbox 2726 1328 2839 1372; x_wconf 89' lang='lat' dir='ltr'><strong>erat</strong></span> <span class='ocrx_word' id='word_1_174' title='bbox 2884 1320 2937 1373; x_wconf 88' lang='lat' dir='ltr'><strong>in</strong></span> <span class='ocrx_word' id='word_1_175' title='bbox 2978 1320 3180 1376; x_wconf 78' lang='lat' dir='ltr'><strong>Christo</strong></span> <span class='ocrx_word' id='word_1_176' title='bbox 3210 1367 3224 1391; x_wconf 85' lang='lat'><strong>,</strong></span> <span class='ocrx_word' id='word_1_177' title='bbox 3258 1326 3509 1379; x_wconf 83' lang='lat' dir='ltr'><strong>mundum</strong></span> 
     </span>
    </p>
   </div>
   <div class='ocr_carea' id='block_1_28' title="bbox 1911 1405 3508 1487">
    <p class='ocr_par' dir='ltr' id='par_1_28' title="bbox 1911 1405 3508 1487">
     <span class='ocr_line' id='line_1_28' title="bbox 1911 1405 3508 1487; baseline 0.009 -29"><span class='ocrx_word' id='word_1_178' title='bbox 1911 1405 2255 1461; x_wconf 84' lang='lat' dir='ltr'><strong>reconcilians</strong></span> <span class='ocrx_word' id='word_1_179' title='bbox 2302 1408 2420 1461; x_wconf 89' lang='lat' dir='ltr'><strong>sibi.</strong></span> <span class='ocrx_word' id='word_1_180' title='bbox 2470 1407 2668 1465; x_wconf 89' lang='lat' dir='ltr'><strong>Tribus</strong></span> <span class='ocrx_word' id='word_1_181' title='bbox 2707 1410 2882 1465; x_wconf 91' lang='lat' dir='ltr'><strong>modis</strong></span> <span class='ocrx_word' id='word_1_182' title='bbox 2931 1412 3115 1468; x_wconf 79' lang='lat' dir='ltr'><strong>inesse</strong></span> <span class='ocrx_word' id='word_1_183' title='bbox 3161 1414 3327 1469; x_wconf 90' lang='lat' dir='ltr'><strong>Deum</strong></span> <span class='ocrx_word' id='word_1_184' title='bbox 3372 1416 3508 1487; x_wconf 88' lang='lat' dir='ltr'><strong>legi-</strong></span> 
     </span>
    </p>
   </div>
   <div class='ocr_carea' id='block_1_29' title="bbox 1913 1500 3510 1577">
    <p class='ocr_par' dir='ltr' id='par_1_29' title="bbox 1913 1500 3510 1577">
     <span class='ocr_line' id='line_1_29' title="bbox 1913 1500 3510 1577; baseline 0.009 -22"><span class='ocrx_word' id='word_1_185' title='bbox 1913 1514 2036 1555; x_wconf 90' lang='lat' dir='ltr'><strong>mus</strong></span> <span class='ocrx_word' id='word_1_186' title='bbox 2070 1519 2081 1554; x_wconf 85' lang='lat'>:</span> <span class='ocrx_word' id='word_1_187' title='bbox 2114 1500 2422 1556; x_wconf 87' lang='lat' dir='ltr'><strong>Secundum</strong></span> <span class='ocrx_word' id='word_1_188' title='bbox 2470 1501 2791 1560; x_wconf 78' lang='lat' dir='ltr'><strong>infinitatem</strong></span> <span class='ocrx_word' id='word_1_189' title='bbox 2838 1506 2988 1561; x_wconf 91' lang='lat' dir='ltr'><strong>omni</strong></span> <span class='ocrx_word' id='word_1_190' title='bbox 3038 1518 3333 1577; x_wconf 80' lang='lat' dir='ltr'><strong>creaturae,</strong></span> <span class='ocrx_word' id='word_1_191' title='bbox 3367 1512 3510 1569; x_wconf 86' lang='lat' dir='ltr'><strong>sicut</strong></span> 
     </span>
    </p>
   </div>
   <div class='ocr_carea' id='block_1_30' title="bbox 1912 1592 3502 1667">
    <p class='ocr_par' dir='ltr' id='par_1_30' title="bbox 1912 1592 3502 1667">
     <span class='ocr_line' id='line_1_30' title="bbox 1912 1592 3502 1667; baseline 0.009 -21"><span class='ocrx_word' id='word_1_192' title='bbox 1912 1592 2028 1663; x_wconf 91' lang='lat' dir='ltr'><strong>ipse</strong></span> <span class='ocrx_word' id='word_1_193' title='bbox 2055 1593 2185 1649; x_wconf 93' lang='lat' dir='ltr'><strong>dicit</strong></span> <span class='ocrx_word' id='word_1_194' title='bbox 2217 1610 2316 1664; x_wconf 85' lang='lat' dir='ltr'><strong>per</strong></span> <span class='ocrx_word' id='word_1_195' title='bbox 2355 1596 2705 1667; x_wconf 82' lang='lat' dir='ltr'><strong>Prophetam.</strong></span> <span class='ocrx_word' id='word_1_196' title='bbox 2752 1598 2942 1655; x_wconf 87' lang='lat' dir='ltr'><strong>Nonne</strong></span> <span class='ocrx_word' id='word_1_197' title='bbox 2984 1602 3180 1657; x_wconf 85' lang='lat' dir='ltr'><strong>coelum</strong></span> <span class='ocrx_word' id='word_1_198' title='bbox 3211 1613 3267 1658; x_wconf 93' lang='lat' dir='ltr'><strong>et</strong></span> <span class='ocrx_word' id='word_1_199' title='bbox 3298 1612 3502 1661; x_wconf 87' lang='lat' dir='ltr'><strong>terram</strong></span> 
     </span>
    </p>
   </div>
   <div class='ocr_carea' id='block_1_31' title="bbox 1912 1680 3508 1769">
    <p class='ocr_par' dir='ltr' id='par_1_31' title="bbox 1912 1680 3508 1769">
     <span class='ocr_line' id='line_1_31' title="bbox 1912 1680 3508 1769; baseline 0.008 -26"><span class='ocrx_word' id='word_1_200' title='bbox 1912 1702 2013 1761; x_wconf 86' lang='lat' dir='ltr'><strong>ego</strong></span> <span class='ocrx_word' id='word_1_201' title='bbox 2064 1682 2300 1758; x_wconf 87' lang='lat' dir='ltr'><strong>impleo?</strong></span> <span class='ocrx_word' id='word_1_202' title='bbox 2332 1690 2644 1746; x_wconf 89' lang='lat' dir='ltr'><strong>Secundum</strong></span> <span class='ocrx_word' id='word_1_203' title='bbox 2694 1680 3179 1751; x_wconf 82' lang='lat' dir='ltr'><strong>sanetiliCationem</strong></span> <span class='ocrx_word' id='word_1_204' title='bbox 3208 1742 3223 1767; x_wconf 89' lang='lat'><strong>,</strong></span> <span class='ocrx_word' id='word_1_205' title='bbox 3256 1707 3311 1754; x_wconf 90' lang='lat' dir='ltr'><strong>et</strong></span> <span class='ocrx_word' id='word_1_206' title='bbox 3338 1715 3508 1769; x_wconf 86' lang='lat' dir='ltr'><strong>pecu-</strong></span> 
     </span>
    </p>
   </div>
   <div class='ocr_carea' id='block_1_32' title="bbox 1912 1779 3513 1857">
    <p class='ocr_par' dir='ltr' id='par_1_32' title="bbox 1912 1779 3513 1857">
     <span class='ocr_line' id='line_1_32' title="bbox 1912 1779 3513 1857; baseline 0.009 -23"><span class='ocrx_word' id='word_1_207' title='bbox 1912 1779 2099 1835; x_wconf 91' lang='lat' dir='ltr'><strong>liarem</strong></span> <span class='ocrx_word' id='word_1_208' title='bbox 2139 1782 2588 1838; x_wconf 89' lang='lat' dir='ltr'><strong>inhabitationem</strong></span> <span class='ocrx_word' id='word_1_209' title='bbox 2639 1785 2691 1839; x_wconf 91' lang='lat' dir='ltr'><strong>in</strong></span> <span class='ocrx_word' id='word_1_210' title='bbox 2744 1787 2947 1842; x_wconf 87' lang='lat' dir='ltr'><strong>sanctis</strong></span> <span class='ocrx_word' id='word_1_211' title='bbox 2998 1806 3010 1841; x_wconf 93' lang='lat'>:</span> <span class='ocrx_word' id='word_1_212' title='bbox 3042 1788 3193 1857; x_wconf 80' lang='lat' dir='ltr'><strong>juxta</strong></span> <span class='ocrx_word' id='word_1_213' title='bbox 3229 1791 3359 1847; x_wconf 90' lang='lat' dir='ltr'><strong>illud</strong></span> <span class='ocrx_word' id='word_1_214' title='bbox 3392 1809 3406 1847; x_wconf 91' lang='lat'>:</span> <span class='ocrx_word' id='word_1_215' title='bbox 3442 1782 3513 1849; x_wconf 84' lang='lat' dir='ltr'><strong>Et</strong></span> 
     </span>
    </p>
   </div>
   <div class='ocr_carea' id='block_1_33' title="bbox 273 1848 3508 1948">
    <p class='ocr_par' dir='ltr' id='par_1_33' title="bbox 273 1848 3508 1948">
     <span class='ocr_line' id='line_1_33' title="bbox 273 1848 3508 1948; baseline 0.008 -31"><span class='ocrx_word' id='word_1_216' title='bbox 273 1861 523 1919; x_wconf 84' lang='lat' dir='ltr'><strong>Charitas</strong></span> <span class='ocrx_word' id='word_1_217' title='bbox 551 1865 685 1917; x_wconf 84' lang='lat' dir='ltr'><strong>enim</strong></span> <span class='ocrx_word' id='word_1_218' title='bbox 711 1863 907 1918; x_wconf 83' lang='lat' dir='ltr'><strong>Christi</strong></span> <span class='ocrx_word' id='word_1_219' title='bbox 927 1848 1076 1936; x_wconf 67' lang='lat' dir='ltr'><strong>urget</strong></span> <span class='ocrx_word' id='word_1_220' title='bbox 1105 1880 1224 1919; x_wconf 80' lang='lat' dir='ltr'><strong>nos.</strong></span> <span class='ocrx_word' id='word_1_221' title='bbox 1255 1863 1490 1920; x_wconf 79' lang='lat' dir='ltr'><strong>Necesse</strong></span> <span class='ocrx_word' id='word_1_222' title='bbox 1516 1872 1600 1919; x_wconf 73' lang='grc' dir='ltr'><strong>εει</strong></span> <span class='ocrx_word' id='word_1_223' title='bbox 1626 1862 1804 1930; x_wconf 71' lang='grc' dir='ltr'><strong>ηοῦίε,</strong></span> <span class='ocrx_word' id='word_1_224' title='bbox 1834 1862 1885 1927; x_wconf 87' lang='grc' dir='ltr'><strong>Β</strong></span> <span class='ocrx_word' id='word_1_225' title='bbox 1915 1874 2229 1931; x_wconf 77' lang='lat' dir='ltr'><strong>inliahitabo</strong></span> <span class='ocrx_word' id='word_1_226' title='bbox 2262 1878 2314 1930; x_wconf 90' lang='lat' dir='ltr'><strong>in</strong></span> <span class='ocrx_word' id='word_1_227' title='bbox 2344 1878 2473 1931; x_wconf 88' lang='lat' dir='ltr'><strong>illis.</strong></span> <span class='ocrx_word' id='word_1_228' title='bbox 2522 1878 2832 1934; x_wconf 89' lang='lat' dir='ltr'><strong>Secundum</strong></span> <span class='ocrx_word' id='word_1_229' title='bbox 2868 1848 3260 1948; x_wconf 78' lang='lat' dir='ltr'><strong>plenitudinem</strong></span> <span class='ocrx_word' id='word_1_230' title='bbox 3290 1886 3508 1941; x_wconf 85' lang='lat' dir='ltr'><strong>divini-</strong></span> 
     </span>
    </p>
   </div>
   <div class='ocr_carea' id='block_1_34' title="bbox 198 1955 1801 2027">
    <p class='ocr_par' dir='ltr' id='par_1_34' title="bbox 198 1955 1801 2027">
     <span class='ocr_line' id='line_1_34' title="bbox 198 1955 1801 2027; baseline 0 -16"><span class='ocrx_word' id='word_1_231' title='bbox 198 1956 289 2016; x_wconf 85' lang='lat' dir='ltr'><strong>vel</strong></span> <span class='ocrx_word' id='word_1_232' title='bbox 337 1956 682 2027; x_wconf 84' lang='lat' dir='ltr'><strong>aliquatenus</strong></span> <span class='ocrx_word' id='word_1_233' title='bbox 707 1957 882 2012; x_wconf 87' lang='lat' dir='ltr'><strong>vicem</strong></span> <span class='ocrx_word' id='word_1_234' title='bbox 924 1960 1043 2026; x_wconf 90' lang='lat' dir='ltr'><strong>ejus</strong></span> <span class='ocrx_word' id='word_1_235' title='bbox 1080 1956 1380 2022; x_wconf 86' lang='lat' dir='ltr'><strong>rependere</strong></span> <span class='ocrx_word' id='word_1_236' title='bbox 1417 1956 1705 2024; x_wconf 89' lang='lat' dir='ltr'><strong>charitati,</strong></span> <span class='ocrx_word' id='word_1_237' title='bbox 1746 1955 1801 2011; x_wconf 91' lang='lat' dir='ltr'><strong>id</strong></span> 
     </span>
    </p>
   </div>
   <div class='ocr_carea' id='block_1_35' title="bbox 196 2050 1797 2122">
    <p class='ocr_par' dir='ltr' id='par_1_35' title="bbox 196 2050 1797 2122">
     <span class='ocr_line' id='line_1_35' title="bbox 196 2050 1797 2122; baseline 0 -17"><span class='ocrx_word' id='word_1_238' title='bbox 196 2060 305 2117; x_wconf 89' lang='lat' dir='ltr'><strong>est,</strong></span> <span class='ocrx_word' id='word_1_239' title='bbox 336 2059 397 2106; x_wconf 91' lang='lat' dir='ltr'><strong>ut</strong></span> <span class='ocrx_word' id='word_1_240' title='bbox 426 2066 528 2121; x_wconf 90' lang='lat' dir='ltr'><strong>pro</strong></span> <span class='ocrx_word' id='word_1_241' title='bbox 554 2050 673 2120; x_wconf 86' lang='lat' dir='ltr'><strong>ejus</strong></span> <span class='ocrx_word' id='word_1_242' title='bbox 698 2066 928 2121; x_wconf 89' lang='lat' dir='ltr'><strong>corpore</strong></span> <span class='ocrx_word' id='word_1_243' title='bbox 958 2051 1245 2122; x_wconf 88' lang='lat' dir='ltr'><strong>patiamur,</strong></span> <span class='ocrx_word' id='word_1_244' title='bbox 1278 2052 1369 2122; x_wconf 91' lang='lat' dir='ltr'><strong>qui</strong></span> <span class='ocrx_word' id='word_1_245' title='bbox 1396 2050 1535 2106; x_wconf 88' lang='lat' dir='ltr'><strong>mori</strong></span> <span class='ocrx_word' id='word_1_246' title='bbox 1565 2065 1666 2122; x_wconf 91' lang='lat' dir='ltr'><strong>pro</strong></span> <span class='ocrx_word' id='word_1_247' title='bbox 1694 2065 1797 2105; x_wconf 91' lang='lat' dir='ltr'><strong>no-</strong></span> 
     </span>
    </p>
   </div>
   <div class='ocr_carea' id='block_1_36' title="bbox 197 2144 913 2216">
    <p class='ocr_par' dir='ltr' id='par_1_36' title="bbox 197 2144 913 2216">
     <span class='ocr_line' id='line_1_36' title="bbox 197 2144 913 2216; baseline -0.003 -16"><span class='ocrx_word' id='word_1_248' title='bbox 197 2144 284 2201; x_wconf 92' lang='lat' dir='ltr'><strong>bis</strong></span> <span class='ocrx_word' id='word_1_249' title='bbox 313 2154 492 2201; x_wconf 88' lang='lat' dir='ltr'><strong>morte</strong></span> <span class='ocrx_word' id='word_1_250' title='bbox 522 2144 778 2216; x_wconf 86' lang='lat' dir='ltr'><strong>dignatus</strong></span> <span class='ocrx_word' id='word_1_251' title='bbox 807 2152 913 2200; x_wconf 91' lang='lat' dir='ltr'><strong>est.</strong></span> 
     </span>
    </p>
   </div>
   <div class='ocr_carea' id='block_1_37' title="bbox 272 2236 1800 2309">
    <p class='ocr_par' dir='ltr' id='par_1_37' title="bbox 272 2236 1800 2309">
     <span class='ocr_line' id='line_1_37' title="bbox 272 2236 1800 2309; baseline -0.002 -16"><span class='ocrx_word' id='word_1_252' title='bbox 272 2238 627 2293; x_wconf 80' lang='lat' dir='ltr'><strong>/Estimautcs</strong></span> <span class='ocrx_word' id='word_1_253' title='bbox 677 2239 804 2306; x_wconf 85' lang='lat' dir='ltr'><strong>hoc,</strong></span> <span class='ocrx_word' id='word_1_254' title='bbox 853 2239 1102 2309; x_wconf 86' lang='lat' dir='ltr'><strong>quoniam</strong></span> <span class='ocrx_word' id='word_1_255' title='bbox 1142 2239 1189 2292; x_wconf 88' lang='lat' dir='ltr'><strong>si</strong></span> <span class='ocrx_word' id='word_1_256' title='bbox 1240 2255 1374 2293; x_wconf 89' lang='lat' dir='ltr'><strong>unus</strong></span> <span class='ocrx_word' id='word_1_257' title='bbox 1417 2254 1512 2309; x_wconf 89' lang='lat' dir='ltr'><strong>pro</strong></span> <span class='ocrx_word' id='word_1_258' title='bbox 1562 2236 1800 2292; x_wconf 88' lang='lat' dir='ltr'><strong>omnibus</strong></span> 
     </span>
    </p>
   </div>
   <div class='ocr_carea' id='block_1_38' title="bbox 197 2326 1799 2407">
    <p class='ocr_par' dir='ltr' id='par_1_38' title="bbox 197 2326 1799 2407">
     <span class='ocr_line' id='line_1_38' title="bbox 197 2326 1799 2407; baseline -0.003 -17"><span class='ocrx_word' id='word_1_259' title='bbox 197 2344 441 2390; x_wconf 83' lang='lat' dir='ltr'><strong>mortuus</strong></span> <span class='ocrx_word' id='word_1_260' title='bbox 469 2344 544 2391; x_wconf 83' lang='lat' dir='ltr'><strong>est</strong></span> <span class='ocrx_word' id='word_1_261' title='bbox 574 2351 593 2391; x_wconf 91' lang='lat'><strong><em>:</em></strong></span> <span class='ocrx_word' id='word_1_262' title='bbox 618 2351 740 2407; x_wconf 88' lang='lat' dir='ltr'><strong>ergo</strong></span> <span class='ocrx_word' id='word_1_263' title='bbox 772 2352 947 2390; x_wconf 90' lang='lat' dir='ltr'><strong>omnes</strong></span> <span class='ocrx_word' id='word_1_264' title='bbox 970 2336 1161 2389; x_wconf 87' lang='lat' dir='ltr'><strong>mortui</strong></span> <span class='ocrx_word' id='word_1_265' title='bbox 1189 2344 1333 2389; x_wconf 89' lang='lat' dir='ltr'><strong>sunt.</strong></span> <span class='ocrx_word' id='word_1_266' title='bbox 1361 2333 1428 2389; x_wconf 85' lang='lat' dir='ltr'><strong>Et</strong></span> <span class='ocrx_word' id='word_1_267' title='bbox 1451 2349 1544 2405; x_wconf 90' lang='lat' dir='ltr'><strong>pro</strong></span> <span class='ocrx_word' id='word_1_268' title='bbox 1566 2326 1799 2387; x_wconf 85' lang='lat' dir='ltr'><strong>omnibus</strong></span> 
     </span>
    </p>
   </div>
   <div class='ocr_carea' id='block_1_39' title="bbox 200 2424 1798 2495">
    <p class='ocr_par' dir='ltr' id='par_1_39' title="bbox 200 2424 1798 2495">
     <span class='ocr_line' id='line_1_39' title="bbox 200 2424 1798 2495; baseline -0.003 -13"><span class='ocrx_word' id='word_1_269' title='bbox 200 2438 440 2483; x_wconf 87' lang='lat' dir='ltr'><strong>mortuus</strong></span> <span class='ocrx_word' id='word_1_270' title='bbox 469 2438 543 2483; x_wconf 81' lang='lat' dir='ltr'><strong>est</strong></span> <span class='ocrx_word' id='word_1_271' title='bbox 575 2426 832 2482; x_wconf 85' lang='lat' dir='ltr'><strong>Christus.</strong></span> <span class='ocrx_word' id='word_1_272' title='bbox 858 2426 1023 2484; x_wconf 85' lang='lat' dir='ltr'><strong>Solus</strong></span> <span class='ocrx_word' id='word_1_273' title='bbox 1060 2427 1312 2482; x_wconf 89' lang='lat' dir='ltr'><strong>inventus</strong></span> <span class='ocrx_word' id='word_1_274' title='bbox 1342 2434 1448 2492; x_wconf 89' lang='lat' dir='ltr'><strong>est,</strong></span> <span class='ocrx_word' id='word_1_275' title='bbox 1489 2424 1581 2495; x_wconf 90' lang='lat' dir='ltr'><strong>qui</strong></span> <span class='ocrx_word' id='word_1_276' title='bbox 1608 2434 1666 2478; x_wconf 92' lang='lat' dir='ltr'><strong>ut</strong></span> <span class='ocrx_word' id='word_1_277' title='bbox 1695 2424 1798 2478; x_wconf 91' lang='lat' dir='ltr'><strong>im-</strong></span> 
     </span>
    </p>
   </div>
   <div class='ocr_carea' id='block_1_40' title="bbox 196 2515 1800 2591">
    <p class='ocr_par' dir='ltr' id='par_1_40' title="bbox 196 2515 1800 2591">
     <span class='ocr_line' id='line_1_40' title="bbox 196 2515 1800 2591; baseline -0.003 -15"><span class='ocrx_word' id='word_1_278' title='bbox 196 2520 468 2576; x_wconf 87' lang='lat' dir='ltr'><strong>maculata</strong></span> <span class='ocrx_word' id='word_1_279' title='bbox 500 2519 677 2575; x_wconf 84' lang='lat' dir='ltr'><strong>hostia</strong></span> <span class='ocrx_word' id='word_1_280' title='bbox 709 2534 808 2591; x_wconf 92' lang='lat' dir='ltr'><strong>pro</strong></span> <span class='ocrx_word' id='word_1_281' title='bbox 840 2518 1116 2585; x_wconf 90' lang='lat' dir='ltr'><strong>omnibus,</strong></span> <span class='ocrx_word' id='word_1_282' title='bbox 1160 2519 1251 2590; x_wconf 90' lang='lat' dir='ltr'><strong>qui</strong></span> <span class='ocrx_word' id='word_1_283' title='bbox 1281 2525 1440 2575; x_wconf 89' lang='lat' dir='ltr'><strong>erant</strong></span> <span class='ocrx_word' id='word_1_284' title='bbox 1468 2517 1521 2572; x_wconf 92' lang='lat' dir='ltr'><strong>in</strong></span> <span class='ocrx_word' id='word_1_285' title='bbox 1559 2515 1800 2586; x_wconf 84' lang='lat' dir='ltr'><strong>peccatis</strong></span> 
     </span>
    </p>
   </div>
   <div class='ocr_carea' id='block_1_41' title="bbox 196 2612 772 2679">
    <p class='ocr_par' dir='ltr' id='par_1_41' title="bbox 196 2612 772 2679">
     <span class='ocr_line' id='line_1_41' title="bbox 196 2612 772 2679; baseline -0.005 -10"><span class='ocrx_word' id='word_1_286' title='bbox 196 2613 427 2679; x_wconf 89' lang='lat' dir='ltr'><strong>mortui,</strong></span> <span class='ocrx_word' id='word_1_287' title='bbox 458 2612 772 2668; x_wconf 78' lang='lat' dir='ltr'><strong>offerretur.</strong></span> 
     </span>
    </p>
   </div>
   <div class='ocr_carea' id='block_1_42' title="bbox 275 2704 1799 2779">
    <p class='ocr_par' dir='ltr' id='par_1_42' title="bbox 275 2704 1799 2779">
     <span class='ocr_line' id='line_1_42' title="bbox 275 2704 1799 2779; baseline 0.001 -21"><span class='ocrx_word' id='word_1_288' title='bbox 275 2706 344 2762; x_wconf 84' lang='lat' dir='ltr'><strong>Ut</strong></span> <span class='ocrx_word' id='word_1_289' title='bbox 376 2715 426 2760; x_wconf 80' lang='lat' dir='ltr'><strong>et</strong></span> <span class='ocrx_word' id='word_1_290' title='bbox 466 2707 550 2777; x_wconf 86' lang='lat' dir='ltr'><strong>qui</strong></span> <span class='ocrx_word' id='word_1_291' title='bbox 581 2707 786 2774; x_wconf 75' lang='lat' dir='ltr'><strong>vivunt,</strong></span> <span class='ocrx_word' id='word_1_292' title='bbox 806 2706 925 2779; x_wconf 88' lang='lat' dir='ltr'><strong>jam</strong></span> <span class='ocrx_word' id='word_1_293' title='bbox 956 2723 1059 2761; x_wconf 90' lang='lat' dir='ltr'><strong>non</strong></span> <span class='ocrx_word' id='word_1_294' title='bbox 1094 2705 1193 2762; x_wconf 84' lang='lat' dir='ltr'><strong>sibi</strong></span> <span class='ocrx_word' id='word_1_295' title='bbox 1218 2706 1411 2761; x_wconf 82' lang='lat' dir='ltr'><strong>vivant.</strong></span> <span class='ocrx_word' id='word_1_296' title='bbox 1446 2704 1507 2760; x_wconf 84' lang='lat' dir='ltr'><strong>Ei</strong></span> <span class='ocrx_word' id='word_1_297' title='bbox 1535 2704 1799 2761; x_wconf 87' lang='lat' dir='ltr'><strong>debemus</strong></span> 
     </span>
    </p>
   </div>
   <div class='ocr_carea' id='block_1_43' title="bbox 194 2801 1801 2873">
    <p class='ocr_par' dir='ltr' id='par_1_43' title="bbox 194 2801 1801 2873">
     <span class='ocr_line' id='line_1_43' title="bbox 194 2801 1801 2873; baseline 0.001 -17"><span class='ocrx_word' id='word_1_298' title='bbox 194 2802 366 2856; x_wconf 88' lang='lat' dir='ltr'><strong>vitam</strong></span> <span class='ocrx_word' id='word_1_299' title='bbox 400 2812 666 2872; x_wconf 90' lang='lat' dir='ltr'><strong>nostram,</strong></span> <span class='ocrx_word' id='word_1_300' title='bbox 708 2803 798 2873; x_wconf 90' lang='lat' dir='ltr'><strong>qui</strong></span> <span class='ocrx_word' id='word_1_301' title='bbox 832 2803 980 2857; x_wconf 87' lang='lat' dir='ltr'><strong>illam</strong></span> <span class='ocrx_word' id='word_1_302' title='bbox 1011 2802 1064 2857; x_wconf 92' lang='lat' dir='ltr'><strong>in</strong></span> <span class='ocrx_word' id='word_1_303' title='bbox 1097 2801 1351 2857; x_wconf 87' lang='lat' dir='ltr'><strong>omnibus</strong></span> <span class='ocrx_word' id='word_1_304' title='bbox 1371 2816 1466 2855; x_wconf 89' lang='lat' dir='ltr'><strong>sua</strong></span> <span class='ocrx_word' id='word_1_305' title='bbox 1491 2807 1664 2855; x_wconf 90' lang='lat' dir='ltr'><strong>morte</strong></span> <span class='ocrx_word' id='word_1_306' title='bbox 1686 2814 1801 2858; x_wconf 83' lang='lat' dir='ltr'><strong>ser-</strong></span> 
     </span>
    </p>
   </div>
   <div class='ocr_carea' id='block_1_44' title="bbox 195 2891 1801 2966">
    <p class='ocr_par' dir='ltr' id='par_1_44' title="bbox 195 2891 1801 2966">
     <span class='ocr_line' id='line_1_44' title="bbox 195 2891 1801 2966; baseline -0.002 -17"><span class='ocrx_word' id='word_1_307' title='bbox 195 2895 365 2949; x_wconf 84' lang='lat' dir='ltr'><strong>vavit.</strong></span> <span class='ocrx_word' id='word_1_308' title='bbox 402 2893 462 2950; x_wconf 89' lang='lat' dir='ltr'><strong>Si</strong></span> <span class='ocrx_word' id='word_1_309' title='bbox 490 2896 609 2966; x_wconf 89' lang='lat' dir='ltr'><strong>quis</strong></span> <span class='ocrx_word' id='word_1_310' title='bbox 646 2909 779 2965; x_wconf 86' lang='lat' dir='ltr'><strong>ergo</strong></span> <span class='ocrx_word' id='word_1_311' title='bbox 811 2909 962 2948; x_wconf 90' lang='lat' dir='ltr'><strong>suam</strong></span> <span class='ocrx_word' id='word_1_312' title='bbox 1007 2894 1185 2964; x_wconf 90' lang='lat' dir='ltr'><strong>potius</strong></span> <span class='ocrx_word' id='word_1_313' title='bbox 1216 2908 1377 2963; x_wconf 89' lang='lat' dir='ltr'><strong>quam</strong></span> <span class='ocrx_word' id='word_1_314' title='bbox 1424 2892 1521 2947; x_wconf 90' lang='lat' dir='ltr'><strong>Dei</strong></span> <span class='ocrx_word' id='word_1_315' title='bbox 1555 2891 1801 2947; x_wconf 87' lang='lat' dir='ltr'><strong>volunta-</strong></span> 
     </span>
    </p>
   </div>
   <div class='ocr_carea' id='block_1_45' title="bbox 196 2985 1799 3058">
    <p class='ocr_par' dir='ltr' id='par_1_45' title="bbox 196 2985 1799 3058">
     <span class='ocr_line' id='line_1_45' title="bbox 196 2985 1799 3058; baseline -0.003 -14"><span class='ocrx_word' id='word_1_316' title='bbox 196 2999 308 3046; x_wconf 87' lang='lat' dir='ltr'><strong>tem</strong></span> <span class='ocrx_word' id='word_1_317' title='bbox 337 2989 469 3044; x_wconf 79' lang='lat' dir='ltr'><strong>l‘acit</strong></span> <span class='ocrx_word' id='word_1_318' title='bbox 513 3006 527 3045; x_wconf 89' lang='lat'><strong>:</strong></span> <span class='ocrx_word' id='word_1_319' title='bbox 557 2988 661 3043; x_wconf 89' lang='lat' dir='ltr'><strong>sibi</strong></span> <span class='ocrx_word' id='word_1_320' title='bbox 690 2986 864 3058; x_wconf 85' lang='lat' dir='ltr'><strong>vivit,</strong></span> <span class='ocrx_word' id='word_1_321' title='bbox 897 3004 1005 3043; x_wconf 92' lang='lat' dir='ltr'><strong>non</strong></span> <span class='ocrx_word' id='word_1_322' title='bbox 1038 2987 1143 3043; x_wconf 91' lang='lat' dir='ltr'><strong>illi.</strong></span> <span class='ocrx_word' id='word_1_323' title='bbox 1189 2985 1344 3043; x_wconf 88' lang='lat' dir='ltr'><strong>Unde</strong></span> <span class='ocrx_word' id='word_1_324' title='bbox 1390 2987 1508 3054; x_wconf 87' lang='lat' dir='ltr'><strong>ipse</strong></span> <span class='ocrx_word' id='word_1_325' title='bbox 1536 2985 1799 3040; x_wconf 88' lang='lat' dir='ltr'><strong>Dominus</strong></span> 
     </span>
    </p>
   </div>
   <div class='ocr_carea' id='block_1_46' title="bbox 196 3076 1798 3150">
    <p class='ocr_par' dir='ltr' id='par_1_46' title="bbox 196 3076 1798 3150">
     <span class='ocr_line' id='line_1_46' title="bbox 196 3076 1798 3150; baseline -0.004 -13"><span class='ocrx_word' id='word_1_326' title='bbox 196 3081 273 3137; x_wconf 84' lang='lat' dir='ltr'><strong>ait</strong></span> <span class='ocrx_word' id='word_1_327' title='bbox 308 3099 322 3134; x_wconf 90' lang='lat'><strong>:</strong></span> <span class='ocrx_word' id='word_1_328' title='bbox 354 3081 413 3136; x_wconf 89' lang='lat' dir='ltr'><strong>Si</strong></span> <span class='ocrx_word' id='word_1_329' title='bbox 443 3081 567 3150; x_wconf 85' lang='lat' dir='ltr'><strong>quis</strong></span> <span class='ocrx_word' id='word_1_330' title='bbox 608 3080 721 3135; x_wconf 90' lang='lat' dir='ltr'><strong>vult</strong></span> <span class='ocrx_word' id='word_1_331' title='bbox 754 3086 877 3150; x_wconf 91' lang='lat' dir='ltr'><strong>post</strong></span> <span class='ocrx_word' id='word_1_332' title='bbox 929 3093 1017 3135; x_wconf 90' lang='lat' dir='ltr'><strong>me</strong></span> <span class='ocrx_word' id='word_1_333' title='bbox 1058 3078 1276 3146; x_wconf 89' lang='lat' dir='ltr'><strong>venire,</strong></span> <span class='ocrx_word' id='word_1_334' title='bbox 1323 3076 1561 3148; x_wconf 86' lang='lat' dir='ltr'><strong>abneget</strong></span> <span class='ocrx_word' id='word_1_335' title='bbox 1598 3081 1798 3131; x_wconf 89' lang='lat' dir='ltr'><strong>semet-</strong></span> 
     </span>
    </p>
   </div>
   <div class='ocr_carea' id='block_1_47' title="bbox 197 3171 686 3243">
    <p class='ocr_par' dir='ltr' id='par_1_47' title="bbox 197 3171 686 3243">
     <span class='ocr_line' id='line_1_47' title="bbox 197 3171 686 3243; baseline -0.004 -16"><span class='ocrx_word' id='word_1_336' title='bbox 197 3171 377 3243; x_wconf 88' lang='lat' dir='ltr'><strong>ipsum</strong></span> <span class='ocrx_word' id='word_1_337' title='bbox 418 3172 547 3237; x_wconf 91' lang='lat' dir='ltr'><strong>sibi,</strong></span> <span class='ocrx_word' id='word_1_338' title='bbox 579 3180 686 3227; x_wconf 85' lang='lat' dir='ltr'><strong>etc.</strong></span> 
     </span>
    </p>
   </div>
   <div class='ocr_carea' id='block_1_48' title="bbox 1907 1966 3499 2051">
    <p class='ocr_par' dir='ltr' id='par_1_48' title="bbox 1907 1966 3499 2051">
     <span class='ocr_line' id='line_1_48' title="bbox 1907 1966 3499 2051; baseline 0.009 -29"><span class='ocrx_word' id='word_1_339' title='bbox 1907 1970 2031 2024; x_wconf 88' lang='lat' dir='ltr'><strong>tatis</strong></span> <span class='ocrx_word' id='word_1_340' title='bbox 2056 1966 2107 2024; x_wconf 93' lang='lat' dir='ltr'><strong>in</strong></span> <span class='ocrx_word' id='word_1_341' title='bbox 2133 1970 2371 2033; x_wconf 87' lang='lat' dir='ltr'><strong>Christo,</strong></span> <span class='ocrx_word' id='word_1_342' title='bbox 2402 1973 2618 2028; x_wconf 89' lang='lat' dir='ltr'><strong>dicente</strong></span> <span class='ocrx_word' id='word_1_343' title='bbox 2646 1974 2772 2027; x_wconf 88' lang='lat' dir='ltr'><strong>alibi</strong></span> <span class='ocrx_word' id='word_1_344' title='bbox 2802 1974 3063 2043; x_wconf 87' lang='lat' dir='ltr'><strong>Apostolo</strong></span> <span class='ocrx_word' id='word_1_345' title='bbox 3094 1995 3106 2031; x_wconf 93' lang='lat'>:</span> <span class='ocrx_word' id='word_1_346' title='bbox 3133 1976 3265 2045; x_wconf 87' lang='lat' dir='ltr'><strong>Quia</strong></span> <span class='ocrx_word' id='word_1_347' title='bbox 3294 1979 3345 2033; x_wconf 92' lang='lat' dir='ltr'><strong>in</strong></span> <span class='ocrx_word' id='word_1_348' title='bbox 3374 1980 3499 2051; x_wconf 87' lang='lat' dir='ltr'><strong>ipso</strong></span> 
     </span>
    </p>
   </div>
   <div class='ocr_carea' id='block_1_49' title="bbox 1906 2058 3507 2138">
    <p class='ocr_par' dir='ltr' id='par_1_49' title="bbox 1906 2058 3507 2138">
     <span class='ocr_line' id='line_1_49' title="bbox 1906 2058 3507 2138; baseline 0.007 -25"><span class='ocrx_word' id='word_1_349' title='bbox 1906 2058 2113 2115; x_wconf 91' lang='lat' dir='ltr'><strong>habitat</strong></span> <span class='ocrx_word' id='word_1_350' title='bbox 2170 2061 2348 2116; x_wconf 91' lang='lat' dir='ltr'><strong>omnis</strong></span> <span class='ocrx_word' id='word_1_351' title='bbox 2403 2063 2679 2131; x_wconf 90' lang='lat' dir='ltr'><strong>plenitudo</strong></span> <span class='ocrx_word' id='word_1_352' title='bbox 2733 2063 3029 2122; x_wconf 82' lang='lat' dir='ltr'><strong>divinitatis</strong></span> <span class='ocrx_word' id='word_1_353' title='bbox 3078 2069 3438 2138; x_wconf 85' lang='lat' dir='ltr'><strong>corporaliter</strong></span> <span class='ocrx_word' id='word_1_354' title='bbox 3490 2088 3507 2126; x_wconf 91' lang='lat'><strong>:</strong></span> 
     </span>
    </p>
   </div>
   <div class='ocr_carea' id='block_1_50' title="bbox 1903 2152 2716 2210">
    <p class='ocr_par' dir='ltr' id='par_1_50' title="bbox 1903 2152 2716 2210">
     <span class='ocr_line' id='line_1_50' title="bbox 1903 2152 2716 2210; baseline 0.005 -4"><span class='ocrx_word' id='word_1_355' title='bbox 1903 2152 2162 2208; x_wconf 91' lang='lat' dir='ltr'><strong>mundum</strong></span> <span class='ocrx_word' id='word_1_356' title='bbox 2196 2154 2558 2208; x_wconf 87' lang='lat' dir='ltr'><strong>reconcilians</strong></span> <span class='ocrx_word' id='word_1_357' title='bbox 2588 2154 2716 2210; x_wconf 90' lang='lat' dir='ltr'><strong>sibi.</strong></span> 
     </span>
    </p>
   </div>
   <div class='ocr_carea' id='block_1_51' title="bbox 1974 2245 3507 2327">
    <p class='ocr_par' dir='ltr' id='par_1_51' title="bbox 1974 2245 3507 2327">
     <span class='ocr_line' id='line_1_51' title="bbox 1974 2245 3507 2327; baseline 0.007 -28"><span class='ocrx_word' id='word_1_358' title='bbox 1974 2245 2097 2300; x_wconf 88' lang='lat' dir='ltr'><strong>Non</strong></span> <span class='ocrx_word' id='word_1_359' title='bbox 2136 2255 2385 2313; x_wconf 83' lang='lat' dir='ltr'><strong>reputans</strong></span> <span class='ocrx_word' id='word_1_360' title='bbox 2424 2246 2535 2301; x_wconf 80' lang='lat' dir='ltr'><strong>illis</strong></span> <span class='ocrx_word' id='word_1_361' title='bbox 2576 2247 2770 2303; x_wconf 88' lang='lat' dir='ltr'><strong>delicta</strong></span> <span class='ocrx_word' id='word_1_362' title='bbox 2810 2248 3065 2322; x_wconf 87' lang='lat' dir='ltr'><strong>ipsorum.</strong></span> <span class='ocrx_word' id='word_1_363' title='bbox 3110 2251 3225 2308; x_wconf 81' lang='lat' dir='ltr'><strong>Hoc</strong></span> <span class='ocrx_word' id='word_1_364' title='bbox 3264 2260 3376 2320; x_wconf 90' lang='lat' dir='ltr'><strong>est,</strong></span> <span class='ocrx_word' id='word_1_365' title='bbox 3407 2268 3507 2327; x_wconf 82' lang='lat' dir='ltr'><strong>per</strong></span> 
     </span>
    </p>
   </div>
   <div class='ocr_carea' id='block_1_52' title="bbox 1903 2338 2659 2409">
    <p class='ocr_par' dir='ltr' id='par_1_52' title="bbox 1903 2338 2659 2409">
     <span class='ocr_line' id='line_1_52' title="bbox 1903 2338 2659 2409; baseline 0.004 -15"><span class='ocrx_word' id='word_1_366' title='bbox 1903 2338 2075 2394; x_wconf 88' lang='lat' dir='ltr'><strong>solam</strong></span> <span class='ocrx_word' id='word_1_367' title='bbox 2109 2338 2269 2394; x_wconf 79' lang='lat' dir='ltr'><strong>ﬁdem</strong></span> <span class='ocrx_word' id='word_1_368' title='bbox 2302 2354 2659 2409; x_wconf 81' lang='lat' dir='ltr'><strong>cognoscens.</strong></span> 
     </span>
    </p>
   </div>
   <div class='ocr_carea' id='block_1_53' title="bbox 1976 2429 3499 2501">
    <p class='ocr_par' dir='ltr' id='par_1_53' title="bbox 1976 2429 3499 2501">
     <span class='ocr_line' id='line_1_53' title="bbox 1976 2429 3499 2501; baseline 0.009 -18"><span class='ocrx_word' id='word_1_369' title='bbox 1976 2429 2044 2483; x_wconf 88' lang='lat' dir='ltr'><strong>Et</strong></span> <span class='ocrx_word' id='word_1_370' title='bbox 2091 2432 2261 2501; x_wconf 86' lang='lat' dir='ltr'><strong>posuit</strong></span> <span class='ocrx_word' id='word_1_371' title='bbox 2310 2433 2364 2486; x_wconf 88' lang='lat' dir='ltr'><strong>in</strong></span> <span class='ocrx_word' id='word_1_372' title='bbox 2422 2432 2568 2488; x_wconf 89' lang='lat' dir='ltr'><strong>nobis</strong></span> <span class='ocrx_word' id='word_1_373' title='bbox 2617 2433 2828 2489; x_wconf 83' lang='lat' dir='ltr'><strong>verbum</strong></span> <span class='ocrx_word' id='word_1_374' title='bbox 2875 2437 3335 2493; x_wconf 83' lang='lat' dir='ltr'><strong>reconciliationis.</strong></span> <span class='ocrx_word' id='word_1_375' title='bbox 3388 2438 3499 2496; x_wconf 85' lang='lat' dir='ltr'><strong>Pro</strong></span> 
     </span>
    </p>
   </div>
   <div class='ocr_carea' id='block_1_54' title="bbox 1902 2522 3505 2599">
    <p class='ocr_par' dir='ltr' id='par_1_54' title="bbox 1902 2522 3505 2599">
     <span class='ocr_line' id='line_1_54' title="bbox 1902 2522 3505 2599; baseline 0.005 -21"><span class='ocrx_word' id='word_1_376' title='bbox 1902 2522 2106 2579; x_wconf 87' lang='lat' dir='ltr'><strong>Christo</strong></span> <span class='ocrx_word' id='word_1_377' title='bbox 2135 2541 2257 2595; x_wconf 87' lang='lat' dir='ltr'><strong>ergo</strong></span> <span class='ocrx_word' id='word_1_378' title='bbox 2296 2525 2549 2597; x_wconf 87' lang='lat' dir='ltr'><strong>legatione</strong></span> <span class='ocrx_word' id='word_1_379' title='bbox 2578 2526 2862 2599; x_wconf 82' lang='lat' dir='ltr'><strong>fungimur.</strong></span> <span class='ocrx_word' id='word_1_380' title='bbox 2905 2527 2977 2583; x_wconf 90' lang='lat' dir='ltr'><strong>Ut</strong></span> <span class='ocrx_word' id='word_1_381' title='bbox 3016 2543 3113 2599; x_wconf 90' lang='lat' dir='ltr'><strong>pro</strong></span> <span class='ocrx_word' id='word_1_382' title='bbox 3151 2528 3374 2586; x_wconf 88' lang='lat' dir='ltr'><strong>Christo</strong></span> <span class='ocrx_word' id='word_1_383' title='bbox 3405 2546 3505 2586; x_wconf 90' lang='lat' dir='ltr'><strong>nos</strong></span> 
     </span>
    </p>
   </div>
   <div class='ocr_carea' id='block_1_55' title="bbox 1900 2616 3499 2689">
    <p class='ocr_par' dir='ltr' id='par_1_55' title="bbox 1900 2616 3499 2689">
     <span class='ocr_line' id='line_1_55' title="bbox 1900 2616 3499 2689; baseline 0.004 -18"><span class='ocrx_word' id='word_1_384' title='bbox 1900 2616 2320 2672; x_wconf 89' lang='lat' dir='ltr'><strong>reconciliemus</strong></span> <span class='ocrx_word' id='word_1_385' title='bbox 2370 2617 2615 2673; x_wconf 88' lang='lat' dir='ltr'><strong>homines</strong></span> <span class='ocrx_word' id='word_1_386' title='bbox 2665 2617 2781 2673; x_wconf 89' lang='lat' dir='ltr'><strong>Deo</strong></span> <span class='ocrx_word' id='word_1_387' title='bbox 2810 2660 2827 2688; x_wconf 90' lang='lat'><strong>,</strong></span> <span class='ocrx_word' id='word_1_388' title='bbox 2880 2618 3039 2689; x_wconf 85' lang='lat' dir='ltr'><strong>cujus</strong></span> <span class='ocrx_word' id='word_1_389' title='bbox 3084 2619 3283 2677; x_wconf 87' lang='lat' dir='ltr'><strong>Christi</strong></span> <span class='ocrx_word' id='word_1_390' title='bbox 3340 2621 3499 2689; x_wconf 87' lang='lat' dir='ltr'><strong>vice,</strong></span> 
     </span>
    </p>
   </div>
   <div class='ocr_carea' id='block_1_56' title="bbox 1901 2706 2436 2776">
    <p class='ocr_par' dir='ltr' id='par_1_56' title="bbox 1901 2706 2436 2776">
     <span class='ocr_line' id='line_1_56' title="bbox 1901 2706 2436 2776; baseline 0.002 -15"><span class='ocrx_word' id='word_1_391' title='bbox 1901 2706 2067 2776; x_wconf 86' lang='lat' dir='ltr'><strong>legati</strong></span> <span class='ocrx_word' id='word_1_392' title='bbox 2096 2722 2284 2761; x_wconf 90' lang='lat' dir='ltr'><strong>sumus</strong></span> <span class='ocrx_word' id='word_1_393' title='bbox 2316 2706 2436 2763; x_wconf 89' lang='lat' dir='ltr'><strong>Dei.</strong></span> 
     </span>
    </p>
   </div>
   <div class='ocr_carea' id='block_1_57' title="bbox 1975 2798 3501 2874">
    <p class='ocr_par' dir='ltr' id='par_1_57' title="bbox 1975 2798 3501 2874">
     <span class='ocr_line' id='line_1_57' title="bbox 1975 2798 3501 2874; baseline 0.007 -22"><span class='ocrx_word' id='word_1_394' title='bbox 1975 2798 2259 2871; x_wconf 86' lang='lat' dir='ltr'><strong>Tamquam</strong></span> <span class='ocrx_word' id='word_1_395' title='bbox 2292 2798 2398 2853; x_wconf 90' lang='lat' dir='ltr'><strong>Deo</strong></span> <span class='ocrx_word' id='word_1_396' title='bbox 2427 2799 2728 2855; x_wconf 73' lang='lat' dir='ltr'><strong>exhortante</strong></span> <span class='ocrx_word' id='word_1_397' title='bbox 2752 2817 2843 2874; x_wconf 87' lang='lat' dir='ltr'><strong>per</strong></span> <span class='ocrx_word' id='word_1_398' title='bbox 2879 2817 2992 2858; x_wconf 90' lang='lat' dir='ltr'><strong>nos.</strong></span> <span class='ocrx_word' id='word_1_399' title='bbox 3036 2801 3094 2857; x_wconf 87' lang='lat' dir='ltr'><strong>Id</strong></span> <span class='ocrx_word' id='word_1_400' title='bbox 3134 2810 3255 2871; x_wconf 86' lang='lat' dir='ltr'><strong>est,</strong></span> <span class='ocrx_word' id='word_1_401' title='bbox 3291 2818 3398 2860; x_wconf 87' lang='lat' dir='ltr'><strong>non</strong></span> <span class='ocrx_word' id='word_1_402' title='bbox 3430 2820 3501 2862; x_wconf 80' lang='lat' dir='ltr'><strong>ex</strong></span> 
     </span>
    </p>
   </div>
   <div class='ocr_carea' id='block_1_58' title="bbox 1900 2890 2768 2961">
    <p class='ocr_par' dir='ltr' id='par_1_58' title="bbox 1900 2890 2768 2961">
     <span class='ocr_line' id='line_1_58' title="bbox 1900 2890 2768 2961; baseline 0.001 -14"><span class='ocrx_word' id='word_1_403' title='bbox 1900 2891 2058 2947; x_wconf 89' lang='lat' dir='ltr'><strong>nobis</strong></span> <span class='ocrx_word' id='word_1_404' title='bbox 2085 2890 2383 2961; x_wconf 87' lang='lat' dir='ltr'><strong>loquimur,</strong></span> <span class='ocrx_word' id='word_1_405' title='bbox 2412 2892 2509 2946; x_wconf 87' lang='lat' dir='ltr'><strong>sed</strong></span> <span class='ocrx_word' id='word_1_406' title='bbox 2537 2908 2603 2947; x_wconf 83' lang='lat' dir='ltr'><strong>ex</strong></span> <span class='ocrx_word' id='word_1_407' title='bbox 2639 2893 2768 2949; x_wconf 88' lang='lat' dir='ltr'><strong>Deo.</strong></span> 
     </span>
    </p>
   </div>
   <div class='ocr_carea' id='block_1_59' title="bbox 1976 2982 3496 3058">
    <p class='ocr_par' dir='ltr' id='par_1_59' title="bbox 1976 2982 3496 3058">
     <span class='ocr_line' id='line_1_59' title="bbox 1976 2982 3496 3058; baseline 0.005 -19"><span class='ocrx_word' id='word_1_408' title='bbox 1976 2983 2311 3039; x_wconf 87' lang='lat' dir='ltr'><strong>Obsecramus</strong></span> <span class='ocrx_word' id='word_1_409' title='bbox 2339 3001 2434 3057; x_wconf 87' lang='lat' dir='ltr'><strong>pro</strong></span> <span class='ocrx_word' id='word_1_410' title='bbox 2465 2982 2670 3040; x_wconf 86' lang='lat' dir='ltr'><strong>Christo</strong></span> <span class='ocrx_word' id='word_1_411' title='bbox 2688 3030 2702 3054; x_wconf 88' lang='lat'><strong>,</strong></span> <span class='ocrx_word' id='word_1_412' title='bbox 2732 2985 3138 3042; x_wconf 86' lang='lat' dir='ltr'><strong>reconciliamini</strong></span> <span class='ocrx_word' id='word_1_413' title='bbox 3172 2986 3306 3043; x_wconf 91' lang='lat' dir='ltr'><strong>Deo.</strong></span> <span class='ocrx_word' id='word_1_414' title='bbox 3335 2989 3496 3058; x_wconf 86' lang='lat' dir='ltr'><strong>Quod</strong></span> 
     </span>
    </p>
   </div>
   <div class='ocr_carea' id='block_1_60' title="bbox 1900 3077 3500 3154">
    <p class='ocr_par' dir='ltr' id='par_1_60' title="bbox 1900 3077 3500 3154">
     <span class='ocr_line' id='line_1_60' title="bbox 1900 3077 3500 3154; baseline 0.003 -20"><span class='ocrx_word' id='word_1_415' title='bbox 1900 3077 2054 3145; x_wconf 90' lang='lat' dir='ltr'><strong>dicit,</strong></span> <span class='ocrx_word' id='word_1_416' title='bbox 2094 3077 2201 3134; x_wconf 90' lang='lat' dir='ltr'><strong>hoc</strong></span> <span class='ocrx_word' id='word_1_417' title='bbox 2244 3086 2365 3133; x_wconf 90' lang='lat' dir='ltr'><strong>est:</strong></span> <span class='ocrx_word' id='word_1_418' title='bbox 2400 3094 2540 3145; x_wconf 89' lang='lat' dir='ltr'><strong>non,</strong></span> <span class='ocrx_word' id='word_1_419' title='bbox 2566 3078 2762 3149; x_wconf 88' lang='lat' dir='ltr'><strong>inquit,</strong></span> <span class='ocrx_word' id='word_1_420' title='bbox 2796 3095 2895 3135; x_wconf 89' lang='lat' dir='ltr'><strong>nos</strong></span> <span class='ocrx_word' id='word_1_421' title='bbox 2922 3095 3022 3150; x_wconf 91' lang='lat' dir='ltr'><strong>pro</strong></span> <span class='ocrx_word' id='word_1_422' title='bbox 3047 3081 3271 3137; x_wconf 89' lang='lat' dir='ltr'><strong>Christo</strong></span> <span class='ocrx_word' id='word_1_423' title='bbox 3298 3083 3500 3154; x_wconf 86' lang='lat' dir='ltr'><strong>deprc-</strong></span> 
     </span>
    </p>
   </div>
   <div class='ocr_carea' id='block_1_61' title="bbox 1901 3171 3497 3244">
    <p class='ocr_par' dir='ltr' id='par_1_61' title="bbox 1901 3171 3497 3244">
     <span class='ocr_line' id='line_1_61' title="bbox 1901 3171 3497 3244; baseline 0.003 -17"><span class='ocrx_word' id='word_1_424' title='bbox 1901 3187 2123 3238; x_wconf 90' lang='lat' dir='ltr'><strong>camur,</strong></span> <span class='ocrx_word' id='word_1_425' title='bbox 2171 3171 2267 3227; x_wconf 89' lang='lat' dir='ltr'><strong>sed</strong></span> <span class='ocrx_word' id='word_1_426' title='bbox 2310 3181 2533 3242; x_wconf 86' lang='lat' dir='ltr'><strong>propter</strong></span> <span class='ocrx_word' id='word_1_427' title='bbox 2564 3171 2616 3226; x_wconf 91' lang='lat' dir='ltr'><strong>id</strong></span> <span class='ocrx_word' id='word_1_428' title='bbox 2645 3172 2787 3241; x_wconf 90' lang='lat' dir='ltr'><strong>quod</strong></span> <span class='ocrx_word' id='word_1_429' title='bbox 2819 3187 2920 3240; x_wconf 90' lang='lat' dir='ltr'><strong>pro</strong></span> <span class='ocrx_word' id='word_1_430' title='bbox 2949 3172 3107 3228; x_wconf 90' lang='lat' dir='ltr'><strong>nobis</strong></span> <span class='ocrx_word' id='word_1_431' title='bbox 3147 3189 3339 3244; x_wconf 87' lang='lat' dir='ltr'><strong>passus</strong></span> <span class='ocrx_word' id='word_1_432' title='bbox 3368 3184 3453 3230; x_wconf 90' lang='lat' dir='ltr'><strong>est</strong></span> <span class='ocrx_word' id='word_1_433' title='bbox 3480 3192 3497 3233; x_wconf 91' lang='lat'><strong>:</strong></span> 
     </span>
    </p>
   </div>
   <div class='ocr_carea' id='block_1_62' title="bbox 272 3253 3496 3336">
    <p class='ocr_par' dir='ltr' id='par_1_62' title="bbox 272 3253 3496 3336">
     <span class='ocr_line' id='line_1_62' title="bbox 272 3253 3496 3336; baseline 0.002 -18"><span class='ocrx_word' id='word_1_434' title='bbox 272 3263 386 3319; x_wconf 83' lang='lat' dir='ltr'><strong>Sed</strong></span> <span class='ocrx_word' id='word_1_435' title='bbox 413 3264 460 3318; x_wconf 85' lang='lat' dir='ltr'><strong>ei</strong></span> <span class='ocrx_word' id='word_1_436' title='bbox 484 3264 573 3336; x_wconf 89' lang='lat' dir='ltr'><strong>qui</strong></span> <span class='ocrx_word' id='word_1_437' title='bbox 592 3280 688 3336; x_wconf 90' lang='lat' dir='ltr'><strong>pro</strong></span> <span class='ocrx_word' id='word_1_438' title='bbox 710 3263 840 3332; x_wconf 87' lang='lat' dir='ltr'><strong>ipsis</strong></span> <span class='ocrx_word' id='word_1_439' title='bbox 867 3271 1106 3319; x_wconf 86' lang='lat' dir='ltr'><strong>mortuus</strong></span> <span class='ocrx_word' id='word_1_440' title='bbox 1135 3270 1230 3329; x_wconf 89' lang='lat' dir='ltr'><strong>est,</strong></span> <span class='ocrx_word' id='word_1_441' title='bbox 1268 3271 1315 3317; x_wconf 87' lang='lat' dir='ltr'><strong>et</strong></span> <span class='ocrx_word' id='word_1_442' title='bbox 1344 3261 1645 3317; x_wconf 70' lang='lat' dir='ltr'><strong>resurrexit.</strong></span> <span class='ocrx_word' id='word_1_443' title='bbox 1677 3261 1802 3318; x_wconf 85' lang='lat' dir='ltr'><strong>Pro-</strong></span> <span class='ocrx_word' id='word_1_444' title='bbox 1823 3253 1875 3321; x_wconf 75' lang='grc' dir='ltr'>Ο</span> <span class='ocrx_word' id='word_1_445' title='bbox 1906 3275 1964 3322; x_wconf 90' lang='lat' dir='ltr'><strong>ut</strong></span> <span class='ocrx_word' id='word_1_446' title='bbox 1988 3265 2280 3321; x_wconf 88' lang='lat' dir='ltr'><strong>credentes</strong></span> <span class='ocrx_word' id='word_1_447' title='bbox 2306 3264 2360 3319; x_wconf 93' lang='lat' dir='ltr'><strong>in</strong></span> <span class='ocrx_word' id='word_1_448' title='bbox 2392 3265 2592 3335; x_wconf 91' lang='lat' dir='ltr'><strong>ipsum,</strong></span> <span class='ocrx_word' id='word_1_449' title='bbox 2624 3264 3052 3320; x_wconf 90' lang='lat' dir='ltr'><strong>reconciliemini</strong></span> <span class='ocrx_word' id='word_1_450' title='bbox 3090 3265 3223 3334; x_wconf 89' lang='lat' dir='ltr'><strong>Deo,</strong></span> <span class='ocrx_word' id='word_1_451' title='bbox 3258 3265 3362 3323; x_wconf 92' lang='lat' dir='ltr'><strong>hoc</strong></span> <span class='ocrx_word' id='word_1_452' title='bbox 3390 3274 3496 3335; x_wconf 88' lang='lat' dir='ltr'><strong>est,</strong></span> 
     </span>
    </p>
   </div>
   <div class='ocr_carea' id='block_1_63' title="bbox 195 3354 1797 3429">
    <p class='ocr_par' dir='ltr' id='par_1_63' title="bbox 195 3354 1797 3429">
     <span class='ocr_line' id='line_1_63' title="bbox 195 3354 1797 3429; baseline -0.002 -17"><span class='ocrx_word' id='word_1_453' title='bbox 195 3367 322 3429; x_wconf 82' lang='lat' dir='ltr'><strong>pter</strong></span> <span class='ocrx_word' id='word_1_454' title='bbox 351 3356 681 3411; x_wconf 88' lang='lat' dir='ltr'><strong>calumniam</strong></span> <span class='ocrx_word' id='word_1_455' title='bbox 701 3400 715 3425; x_wconf 90' lang='lat'><strong>,</strong></span> <span class='ocrx_word' id='word_1_456' title='bbox 751 3371 966 3427; x_wconf 89' lang='lat' dir='ltr'><strong>semper</strong></span> <span class='ocrx_word' id='word_1_457' title='bbox 996 3356 1191 3411; x_wconf 88' lang='lat' dir='ltr'><strong>mortis</strong></span> <span class='ocrx_word' id='word_1_458' title='bbox 1216 3354 1672 3411; x_wconf 89' lang='lat' dir='ltr'><strong>resurrectionem</strong></span> <span class='ocrx_word' id='word_1_459' title='bbox 1699 3354 1797 3409; x_wconf 87' lang='lat' dir='ltr'><strong>ad-</strong></span> 
     </span>
    </p>
   </div>
   <div class='ocr_carea' id='block_1_64' title="bbox 193 3447 1797 3520">
    <p class='ocr_par' dir='ltr' id='par_1_64' title="bbox 193 3447 1797 3520">
     <span class='ocr_line' id='line_1_64' title="bbox 193 3447 1797 3520; baseline -0.001 -16"><span class='ocrx_word' id='word_1_460' title='bbox 193 3449 397 3520; x_wconf 88' lang='lat' dir='ltr'><strong>jungit.</strong></span> <span class='ocrx_word' id='word_1_461' title='bbox 427 3447 505 3503; x_wconf 92' lang='lat' dir='ltr'><strong>De</strong></span> <span class='ocrx_word' id='word_1_462' title='bbox 532 3448 831 3503; x_wconf 90' lang='lat' dir='ltr'><strong>abolitione</strong></span> <span class='ocrx_word' id='word_1_463' title='bbox 858 3458 1103 3503; x_wconf 89' lang='lat' dir='ltr'><strong>veterum</strong></span> <span class='ocrx_word' id='word_1_464' title='bbox 1128 3491 1141 3515; x_wconf 92' lang='lat'><strong>,</strong></span> <span class='ocrx_word' id='word_1_465' title='bbox 1176 3458 1225 3503; x_wconf 92' lang='lat' dir='ltr'><strong>et</strong></span> <span class='ocrx_word' id='word_1_466' title='bbox 1256 3448 1612 3502; x_wconf 87' lang='lat' dir='ltr'><strong>renovatione</strong></span> <span class='ocrx_word' id='word_1_467' title='bbox 1641 3462 1797 3503; x_wconf 86' lang='lat' dir='ltr'><strong>crea-</strong></span> 
     </span>
    </p>
   </div>
   <div class='ocr_carea' id='block_1_65' title="bbox 196 3540 1796 3611">
    <p class='ocr_par' dir='ltr' id='par_1_65' title="bbox 196 3540 1796 3611">
     <span class='ocr_line' id='line_1_65' title="bbox 196 3540 1796 3611; baseline -0.001 -14"><span class='ocrx_word' id='word_1_468' title='bbox 196 3553 359 3608; x_wconf 71' lang='lat' dir='ltr'><strong>tum,</strong></span> <span class='ocrx_word' id='word_1_469' title='bbox 378 3550 435 3597; x_wconf 89' lang='lat' dir='ltr'><strong>et</strong></span> <span class='ocrx_word' id='word_1_470' title='bbox 457 3541 901 3597; x_wconf 87' lang='lat' dir='ltr'><strong>reconciliatione</strong></span> <span class='ocrx_word' id='word_1_471' title='bbox 916 3550 1098 3596; x_wconf 91' lang='lat' dir='ltr'><strong>nostra</strong></span> <span class='ocrx_word' id='word_1_472' title='bbox 1118 3541 1183 3596; x_wconf 91' lang='lat' dir='ltr'><strong>ad</strong></span> <span class='ocrx_word' id='word_1_473' title='bbox 1207 3541 1375 3597; x_wconf 90' lang='lat' dir='ltr'><strong>Deum</strong></span> <span class='ocrx_word' id='word_1_474' title='bbox 1395 3555 1492 3611; x_wconf 84' lang='lat' dir='ltr'><strong>per</strong></span> <span class='ocrx_word' id='word_1_475' title='bbox 1505 3540 1796 3596; x_wconf 91' lang='lat' dir='ltr'><strong>Dominum</strong></span> 
     </span>
    </p>
   </div>
   <div class='ocr_carea' id='block_1_66' title="bbox 195 3635 995 3693">
    <p class='ocr_par' dir='ltr' id='par_1_66' title="bbox 195 3635 995 3693">
     <span class='ocr_line' id='line_1_66' title="bbox 195 3635 995 3693; baseline -0.004 0"><span class='ocrx_word' id='word_1_476' title='bbox 195 3644 449 3693; x_wconf 88' lang='lat' dir='ltr'><strong>nostrum</strong></span> <span class='ocrx_word' id='word_1_477' title='bbox 481 3635 671 3692; x_wconf 86' lang='lat' dir='ltr'><strong>.lesum</strong></span> <span class='ocrx_word' id='word_1_478' title='bbox 696 3636 995 3691; x_wconf 89' lang='lat' dir='ltr'><strong>Christum.</strong></span> 
     </span>
    </p>
   </div>
   <div class='ocr_carea' id='block_1_67' title="bbox 268 3726 1799 3799">
    <p class='ocr_par' dir='ltr' id='par_1_67' title="bbox 268 3726 1799 3799">
     <span class='ocr_line' id='line_1_67' title="bbox 268 3726 1799 3799; baseline -0.002 -17"><span class='ocrx_word' id='word_1_479' title='bbox 268 3726 461 3799; x_wconf 84' lang='lat' dir='ltr'><strong>Itaque</strong></span> <span class='ocrx_word' id='word_1_480' title='bbox 487 3744 583 3783; x_wconf 91' lang='lat' dir='ltr'><strong>nos</strong></span> <span class='ocrx_word' id='word_1_481' title='bbox 615 3743 678 3783; x_wconf 84' lang='lat' dir='ltr'><strong>ea:</strong></span> <span class='ocrx_word' id='word_1_482' title='bbox 703 3728 799 3782; x_wconf 88' lang='lat' dir='ltr'><strong>hoc</strong></span> <span class='ocrx_word' id='word_1_483' title='bbox 825 3727 1077 3781; x_wconf 83' lang='lat' dir='ltr'><strong>neminem</strong></span> <span class='ocrx_word' id='word_1_484' title='bbox 1107 3726 1345 3781; x_wconf 86' lang='lat' dir='ltr'><strong>novimus</strong></span> <span class='ocrx_word' id='word_1_485' title='bbox 1373 3727 1657 3781; x_wconf 85' lang='lat' dir='ltr'><strong>secundum</strong></span> <span class='ocrx_word' id='word_1_486' title='bbox 1684 3741 1799 3780; x_wconf 91' lang='lat' dir='ltr'><strong>car-</strong></span> 
     </span>
    </p>
   </div>
   <div class='ocr_carea' id='block_1_68' title="bbox 192 3819 1798 3887">
    <p class='ocr_par' dir='ltr' id='par_1_68' title="bbox 192 3819 1798 3887">
     <span class='ocr_line' id='line_1_68' title="bbox 192 3819 1798 3887; baseline -0.001 -10"><span class='ocrx_word' id='word_1_487' title='bbox 192 3838 336 3879; x_wconf 89' lang='lat' dir='ltr'><strong>nem.</strong></span> <span class='ocrx_word' id='word_1_488' title='bbox 370 3820 429 3877; x_wconf 89' lang='lat' dir='ltr'><strong>ld</strong></span> <span class='ocrx_word' id='word_1_489' title='bbox 451 3828 555 3887; x_wconf 88' lang='lat' dir='ltr'><strong>est,</strong></span> <span class='ocrx_word' id='word_1_490' title='bbox 584 3821 876 3876; x_wconf 85' lang='lat' dir='ltr'><strong>carnaliter</strong></span> <span class='ocrx_word' id='word_1_491' title='bbox 894 3820 1295 3886; x_wconf 87' lang='lat' dir='ltr'><strong>circumcisum,</strong></span> <span class='ocrx_word' id='word_1_492' title='bbox 1329 3828 1387 3875; x_wconf 90' lang='lat' dir='ltr'><strong>et</strong></span> <span class='ocrx_word' id='word_1_493' title='bbox 1413 3819 1659 3875; x_wconf 89' lang='lat' dir='ltr'><strong>carnales</strong></span> <span class='ocrx_word' id='word_1_494' title='bbox 1686 3832 1798 3876; x_wconf 77' lang='lat' dir='ltr'><strong>cte-</strong></span> 
     </span>
    </p>
   </div>
   <div class='ocr_carea' id='block_1_69' title="bbox 192 3913 1797 3983">
    <p class='ocr_par' dir='ltr' id='par_1_69' title="bbox 192 3913 1797 3983">
     <span class='ocr_line' id='line_1_69' title="bbox 192 3913 1797 3983; baseline -0.003 -10"><span class='ocrx_word' id='word_1_495' title='bbox 192 3915 475 3973; x_wconf 89' lang='lat' dir='ltr'><strong>remonias</strong></span> <span class='ocrx_word' id='word_1_496' title='bbox 523 3922 873 3983; x_wconf 88' lang='lat' dir='ltr'><strong>servantem,</strong></span> <span class='ocrx_word' id='word_1_497' title='bbox 919 3921 975 3970; x_wconf 89' lang='lat' dir='ltr'><strong>et</strong></span> <span class='ocrx_word' id='word_1_498' title='bbox 1004 3913 1207 3971; x_wconf 86' lang='lat' dir='ltr'><strong>nullius</strong></span> <span class='ocrx_word' id='word_1_499' title='bbox 1245 3920 1490 3970; x_wconf 88' lang='lat' dir='ltr'><strong>veterum</strong></span> <span class='ocrx_word' id='word_1_500' title='bbox 1523 3913 1797 3968; x_wconf 88' lang='lat' dir='ltr'><strong>imitamur</strong></span> 
     </span>
    </p>
   </div>
   <div class='ocr_carea' id='block_1_70' title="bbox 193 4009 531 4079">
    <p class='ocr_par' dir='ltr' id='par_1_70' title="bbox 193 4009 531 4079">
     <span class='ocr_line' id='line_1_70' title="bbox 193 4009 531 4079; baseline -0.003 -14"><span class='ocrx_word' id='word_1_501' title='bbox 193 4009 531 4079; x_wconf 78' lang='lat' dir='ltr'><strong>exemplum.</strong></span> 
     </span>
    </p>
   </div>
   <div class='ocr_carea' id='block_1_71' title="bbox 267 4099 1798 4176">
    <p class='ocr_par' dir='ltr' id='par_1_71' title="bbox 267 4099 1798 4176">
     <span class='ocr_line' id='line_1_71' title="bbox 267 4099 1798 4176; baseline -0.003 -18"><span class='ocrx_word' id='word_1_502' title='bbox 267 4100 340 4158; x_wconf 85' lang='lat' dir='ltr'><strong>Et</strong></span> <span class='ocrx_word' id='word_1_503' title='bbox 370 4103 420 4158; x_wconf 89' lang='lat' dir='ltr'><strong>si</strong></span> <span class='ocrx_word' id='word_1_504' title='bbox 452 4102 790 4176; x_wconf 83' lang='lat' dir='ltr'><strong>cognovimus</strong></span> <span class='ocrx_word' id='word_1_505' title='bbox 828 4102 1111 4158; x_wconf 85' lang='lat' dir='ltr'><strong>secundum</strong></span> <span class='ocrx_word' id='word_1_506' title='bbox 1150 4116 1357 4156; x_wconf 88' lang='lat' dir='ltr'><strong>carnem</strong></span> <span class='ocrx_word' id='word_1_507' title='bbox 1386 4099 1671 4168; x_wconf 86' lang='lat' dir='ltr'><strong>Christum,</strong></span> <span class='ocrx_word' id='word_1_508' title='bbox 1707 4100 1798 4154; x_wconf 75' lang='lat' dir='ltr'><strong>sed</strong></span> 
     </span>
    </p>
   </div>
   <div class='ocr_carea' id='block_1_72' title="bbox 194 4193 1798 4269">
    <p class='ocr_par' dir='ltr' id='par_1_72' title="bbox 194 4193 1798 4269">
     <span class='ocr_line' id='line_1_72' title="bbox 194 4193 1798 4269; baseline -0.001 -18"><span class='ocrx_word' id='word_1_509' title='bbox 194 4215 341 4252; x_wconf 86' lang='lat' dir='ltr'><strong>nunc</strong></span> <span class='ocrx_word' id='word_1_510' title='bbox 373 4200 492 4269; x_wconf 87' lang='lat' dir='ltr'><strong>jam</strong></span> <span class='ocrx_word' id='word_1_511' title='bbox 521 4213 623 4251; x_wconf 88' lang='lat' dir='ltr'><strong>non</strong></span> <span class='ocrx_word' id='word_1_512' title='bbox 653 4197 906 4252; x_wconf 82' lang='lat' dir='ltr'><strong>novimus.</strong></span> <span class='ocrx_word' id='word_1_513' title='bbox 941 4195 1315 4266; x_wconf 86' lang='lat' dir='ltr'><strong>Cognovimus</strong></span> <span class='ocrx_word' id='word_1_514' title='bbox 1334 4236 1349 4261; x_wconf 96' lang='lat'><strong>,</strong></span> <span class='ocrx_word' id='word_1_515' title='bbox 1384 4193 1577 4264; x_wconf 87' lang='lat' dir='ltr'><strong>inquit,</strong></span> <span class='ocrx_word' id='word_1_516' title='bbox 1605 4207 1798 4249; x_wconf 58' lang='lat' dir='ltr'><strong>secunc</strong></span> 
     </span>
    </p>
   </div>
   <div class='ocr_carea' id='block_1_73' title="bbox 194 4286 1793 4359">
    <p class='ocr_par' dir='ltr' id='par_1_73' title="bbox 194 4286 1793 4359">
     <span class='ocr_line' id='line_1_73' title="bbox 194 4286 1793 4359; baseline -0.003 -13"><span class='ocrx_word' id='word_1_517' title='bbox 194 4289 330 4347; x_wconf 89' lang='lat' dir='ltr'><strong>dum</strong></span> <span class='ocrx_word' id='word_1_518' title='bbox 370 4304 592 4345; x_wconf 89' lang='lat' dir='ltr'><strong>carnem</strong></span> <span class='ocrx_word' id='word_1_519' title='bbox 624 4287 901 4345; x_wconf 89' lang='lat' dir='ltr'><strong>Christum</strong></span> <span class='ocrx_word' id='word_1_520' title='bbox 929 4288 1184 4359; x_wconf 90' lang='lat' dir='ltr'><strong>:quando</strong></span> <span class='ocrx_word' id='word_1_521' title='bbox 1215 4286 1565 4343; x_wconf 90' lang='lat' dir='ltr'><strong>maledictum</strong></span> <span class='ocrx_word' id='word_1_522' title='bbox 1592 4287 1793 4354; x_wconf 82' lang='lat' dir='ltr'><strong>lactus,</strong></span> 
     </span>
    </p>
   </div>
   <div class='ocr_carea' id='block_1_74' title="bbox 192 4378 1797 4456">
    <p class='ocr_par' dir='ltr' id='par_1_74' title="bbox 192 4378 1797 4456">
     <span class='ocr_line' id='line_1_74' title="bbox 192 4378 1797 4456; baseline -0.002 -18"><span class='ocrx_word' id='word_1_523' title='bbox 192 4381 506 4456; x_wconf 87' lang='lat' dir='ltr'><strong>patibulum</strong></span> <span class='ocrx_word' id='word_1_524' title='bbox 543 4383 722 4439; x_wconf 90' lang='lat' dir='ltr'><strong>crucis</strong></span> <span class='ocrx_word' id='word_1_525' title='bbox 764 4396 861 4454; x_wconf 91' lang='lat' dir='ltr'><strong>pro</strong></span> <span class='ocrx_word' id='word_1_526' title='bbox 910 4390 1098 4438; x_wconf 87' lang='lat' dir='ltr'><strong>nostra</strong></span> <span class='ocrx_word' id='word_1_527' title='bbox 1133 4379 1311 4435; x_wconf 89' lang='lat' dir='ltr'><strong>salute</strong></span> <span class='ocrx_word' id='word_1_528' title='bbox 1349 4379 1608 4450; x_wconf 87' lang='lat' dir='ltr'><strong>suscepit.</strong></span> <span class='ocrx_word' id='word_1_529' title='bbox 1644 4378 1797 4435; x_wconf 84' lang='lat' dir='ltr'><strong>Nunc</strong></span> 
     </span>
    </p>
   </div>
   <div class='ocr_carea' id='block_1_75' title="bbox 191 4471 1798 4544">
    <p class='ocr_par' dir='ltr' id='par_1_75' title="bbox 191 4471 1798 4544">
     <span class='ocr_line' id='line_1_75' title="bbox 191 4471 1798 4544; baseline -0.004 -11"><span class='ocrx_word' id='word_1_530' title='bbox 191 4485 381 4533; x_wconf 82' lang='lat' dir='ltr'><strong>autem</strong></span> <span class='ocrx_word' id='word_1_531' title='bbox 416 4490 527 4532; x_wconf 91' lang='lat' dir='ltr'><strong>non</strong></span> <span class='ocrx_word' id='word_1_532' title='bbox 558 4476 631 4532; x_wconf 88' lang='lat' dir='ltr'><strong>ita</strong></span> <span class='ocrx_word' id='word_1_533' title='bbox 664 4475 1046 4544; x_wconf 77' lang='lat' dir='ltr'><strong>cognoscimus</strong></span> <span class='ocrx_word' id='word_1_534' title='bbox 1074 4491 1089 4528; x_wconf 90' lang='lat'>:</span> <span class='ocrx_word' id='word_1_535' title='bbox 1124 4489 1231 4529; x_wconf 93' lang='lat' dir='ltr'><strong>non</strong></span> <span class='ocrx_word' id='word_1_536' title='bbox 1256 4472 1400 4529; x_wconf 92' lang='lat' dir='ltr'><strong>enim</strong></span> <span class='ocrx_word' id='word_1_537' title='bbox 1430 4480 1515 4528; x_wconf 90' lang='lat' dir='ltr'><strong>est</strong></span> <span class='ocrx_word' id='word_1_538' title='bbox 1536 4471 1645 4542; x_wconf 84' lang='lat' dir='ltr'><strong>jam</strong></span> <span class='ocrx_word' id='word_1_539' title='bbox 1674 4486 1798 4542; x_wconf 88' lang='lat' dir='ltr'><strong>pas-</strong></span> 
     </span>
    </p>
   </div>
   <div class='ocr_carea' id='block_1_76' title="bbox 192 4565 1796 4641">
    <p class='ocr_par' dir='ltr' id='par_1_76' title="bbox 192 4565 1796 4641">
     <span class='ocr_line' id='line_1_76' title="bbox 192 4565 1796 4641; baseline -0.004 -13"><span class='ocrx_word' id='word_1_540' title='bbox 192 4584 364 4628; x_wconf 86' lang='lat' dir='ltr'><strong>surus</strong></span> <span class='ocrx_word' id='word_1_541' title='bbox 387 4584 487 4641; x_wconf 89' lang='lat' dir='ltr'><strong>pro</strong></span> <span class='ocrx_word' id='word_1_542' title='bbox 515 4569 704 4637; x_wconf 88' lang='lat' dir='ltr'><strong>nobis,</strong></span> <span class='ocrx_word' id='word_1_543' title='bbox 738 4569 831 4640; x_wconf 89' lang='lat' dir='ltr'><strong>qui</strong></span> <span class='ocrx_word' id='word_1_544' title='bbox 859 4567 1025 4624; x_wconf 88' lang='lat' dir='ltr'><strong>semel</strong></span> <span class='ocrx_word' id='word_1_545' title='bbox 1057 4581 1157 4637; x_wconf 93' lang='lat' dir='ltr'><strong>pro</strong></span> <span class='ocrx_word' id='word_1_546' title='bbox 1186 4565 1437 4622; x_wconf 91' lang='lat' dir='ltr'><strong>omnibus</strong></span> <span class='ocrx_word' id='word_1_547' title='bbox 1470 4573 1523 4621; x_wconf 90' lang='lat' dir='ltr'><strong>et</strong></span> <span class='ocrx_word' id='word_1_548' title='bbox 1551 4572 1796 4621; x_wconf 88' lang='lat' dir='ltr'><strong>mortuus</strong></span> 
     </span>
    </p>
   </div>
   <div class='ocr_carea' id='block_1_77' title="bbox 1903 3356 2268 3414">
    <p class='ocr_par' dir='ltr' id='par_1_77' title="bbox 1903 3356 2268 3414">
     <span class='ocr_line' id='line_1_77' title="bbox 1903 3356 2268 3414; baseline -0.003 -1"><span class='ocrx_word' id='word_1_549' title='bbox 1903 3359 2018 3414; x_wconf 89' lang='lat' dir='ltr'><strong>vice</strong></span> <span class='ocrx_word' id='word_1_550' title='bbox 2043 3356 2268 3412; x_wconf 87' lang='lat' dir='ltr'><strong>Christi.</strong></span> 
     </span>
    </p>
   </div>
   <div class='ocr_carea' id='block_1_78' title="bbox 1975 3449 3496 3521">
    <p class='ocr_par' dir='ltr' id='par_1_78' title="bbox 1975 3449 3496 3521">
     <span class='ocr_line' id='line_1_78' title="bbox 1975 3449 3496 3521; baseline 0 -16"><span class='ocrx_word' id='word_1_551' title='bbox 1975 3449 2110 3505; x_wconf 86' lang='lat' dir='ltr'><strong>Eum</strong></span> <span class='ocrx_word' id='word_1_552' title='bbox 2135 3450 2225 3519; x_wconf 90' lang='lat' dir='ltr'><strong>qui</strong></span> <span class='ocrx_word' id='word_1_553' title='bbox 2246 3465 2350 3504; x_wconf 87' lang='lat' dir='ltr'><strong>non</strong></span> <span class='ocrx_word' id='word_1_554' title='bbox 2379 3457 2590 3503; x_wconf 84' lang='lat' dir='ltr'><strong>noverat</strong></span> <span class='ocrx_word' id='word_1_555' title='bbox 2617 3455 2901 3521; x_wconf 82' lang='lat' dir='ltr'><strong>peccatum,</strong></span> <span class='ocrx_word' id='word_1_556' title='bbox 2931 3464 3027 3519; x_wconf 88' lang='lat' dir='ltr'><strong>pro</strong></span> <span class='ocrx_word' id='word_1_557' title='bbox 3051 3449 3197 3504; x_wconf 87' lang='lat' dir='ltr'><strong>nobis</strong></span> <span class='ocrx_word' id='word_1_558' title='bbox 3227 3460 3496 3519; x_wconf 85' lang='lat' dir='ltr'><strong>peccatum</strong></span> 
     </span>
    </p>
   </div>
   <div class='ocr_carea' id='block_1_79' title="bbox 1899 3539 3500 3614">
    <p class='ocr_par' dir='ltr' id='par_1_79' title="bbox 1899 3539 3500 3614">
     <span class='ocr_line' id='line_1_79' title="bbox 1899 3539 3500 3614; baseline 0.001 -15"><span class='ocrx_word' id='word_1_559' title='bbox 1899 3544 2043 3614; x_wconf 79' lang='lat' dir='ltr'><strong>fecit.</strong></span> <span class='ocrx_word' id='word_1_560' title='bbox 2066 3542 2375 3599; x_wconf 90' lang='lat' dir='ltr'><strong>Secundum</strong></span> <span class='ocrx_word' id='word_1_561' title='bbox 2408 3542 2539 3596; x_wconf 92' lang='lat' dir='ltr'><strong>illud</strong></span> <span class='ocrx_word' id='word_1_562' title='bbox 2572 3559 2585 3596; x_wconf 88' lang='lat'>:</span> <span class='ocrx_word' id='word_1_563' title='bbox 2617 3539 2868 3597; x_wconf 88' lang='lat' dir='ltr'><strong>Christus</strong></span> <span class='ocrx_word' id='word_1_564' title='bbox 2903 3542 2995 3613; x_wconf 91' lang='lat' dir='ltr'><strong>qui</strong></span> <span class='ocrx_word' id='word_1_565' title='bbox 3029 3541 3229 3613; x_wconf 90' lang='lat' dir='ltr'><strong>absque</strong></span> <span class='ocrx_word' id='word_1_566' title='bbox 3270 3551 3500 3614; x_wconf 89' lang='lat' dir='ltr'><strong>peccato</strong></span> 
     </span>
    </p>
   </div>
   <div class='ocr_carea' id='block_1_80' title="bbox 1900 3634 3500 3707">
    <p class='ocr_par' dir='ltr' id='par_1_80' title="bbox 1900 3634 3500 3707">
     <span class='ocr_line' id='line_1_80' title="bbox 1900 3634 3500 3707; baseline -0.001 -15"><span class='ocrx_word' id='word_1_567' title='bbox 1900 3644 2048 3705; x_wconf 86' lang='lat' dir='ltr'><strong>erat,</strong></span> <span class='ocrx_word' id='word_1_568' title='bbox 2095 3651 2194 3707; x_wconf 91' lang='lat' dir='ltr'><strong>pro</strong></span> <span class='ocrx_word' id='word_1_569' title='bbox 2245 3635 2401 3690; x_wconf 90' lang='lat' dir='ltr'><strong>nobis</strong></span> <span class='ocrx_word' id='word_1_570' title='bbox 2442 3634 2646 3689; x_wconf 89' lang='lat' dir='ltr'><strong>dicitur</strong></span> <span class='ocrx_word' id='word_1_571' title='bbox 2688 3634 2863 3689; x_wconf 81' lang='lat' dir='ltr'><strong>factus</strong></span> <span class='ocrx_word' id='word_1_572' title='bbox 2892 3643 3173 3704; x_wconf 88' lang='lat' dir='ltr'><strong>peccatum</strong></span> <span class='ocrx_word' id='word_1_573' title='bbox 3201 3677 3215 3701; x_wconf 94' lang='lat'><strong>,</strong></span> <span class='ocrx_word' id='word_1_574' title='bbox 3243 3638 3367 3707; x_wconf 87' lang='lat' dir='ltr'><strong>quia</strong></span> <span class='ocrx_word' id='word_1_575' title='bbox 3400 3648 3500 3705; x_wconf 90' lang='lat' dir='ltr'><strong>pro</strong></span> 
     </span>
    </p>
   </div>
   <div class='ocr_carea' id='block_1_81' title="bbox 1900 3727 3496 3801">
    <p class='ocr_par' dir='ltr' id='par_1_81' title="bbox 1900 3727 3496 3801">
     <span class='ocr_line' id='line_1_81' title="bbox 1900 3727 3496 3801; baseline -0.003 -15"><span class='ocrx_word' id='word_1_576' title='bbox 1900 3729 2139 3801; x_wconf 88' lang='lat' dir='ltr'><strong>peccatis</strong></span> <span class='ocrx_word' id='word_1_577' title='bbox 2172 3730 2377 3785; x_wconf 88' lang='lat' dir='ltr'><strong>nostris</strong></span> <span class='ocrx_word' id='word_1_578' title='bbox 2407 3737 2655 3784; x_wconf 88' lang='lat' dir='ltr'><strong>mortuus</strong></span> <span class='ocrx_word' id='word_1_579' title='bbox 2677 3737 2766 3784; x_wconf 89' lang='lat' dir='ltr'><strong>est</strong></span> <span class='ocrx_word' id='word_1_580' title='bbox 2790 3747 2801 3782; x_wconf 93' lang='lat'><strong>:</strong></span> <span class='ocrx_word' id='word_1_581' title='bbox 2827 3727 2989 3784; x_wconf 91' lang='lat' dir='ltr'><strong>Pater</strong></span> <span class='ocrx_word' id='word_1_582' title='bbox 3015 3743 3115 3800; x_wconf 92' lang='lat' dir='ltr'><strong>pro</strong></span> <span class='ocrx_word' id='word_1_583' title='bbox 3140 3728 3297 3783; x_wconf 88' lang='lat' dir='ltr'><strong>nobis</strong></span> <span class='ocrx_word' id='word_1_584' title='bbox 3336 3728 3496 3784; x_wconf 84' lang='lat' dir='ltr'><strong>Chri—</strong></span> 
     </span>
    </p>
   </div>
   <div class='ocr_carea' id='block_1_82' title="bbox 1898 3818 3497 3894">
    <p class='ocr_par' dir='ltr' id='par_1_82' title="bbox 1898 3818 3497 3894">
     <span class='ocr_line' id='line_1_82' title="bbox 1898 3818 3497 3894; baseline -0.002 -16"><span class='ocrx_word' id='word_1_585' title='bbox 1898 3832 2066 3889; x_wconf 90' lang='lat' dir='ltr'><strong>stum,</strong></span> <span class='ocrx_word' id='word_1_586' title='bbox 2096 3823 2187 3894; x_wconf 90' lang='lat' dir='ltr'><strong>qui</strong></span> <span class='ocrx_word' id='word_1_587' title='bbox 2229 3832 2514 3891; x_wconf 89' lang='lat' dir='ltr'><strong>peccatum</strong></span> <span class='ocrx_word' id='word_1_588' title='bbox 2542 3820 2847 3884; x_wconf 85' lang='lat' dir='ltr'><strong>nesciebat,</strong></span> <span class='ocrx_word' id='word_1_589' title='bbox 2878 3828 3157 3889; x_wconf 87' lang='lat' dir='ltr'><strong>peccatum</strong></span> <span class='ocrx_word' id='word_1_590' title='bbox 3190 3818 3318 3875; x_wconf 79' lang='lat' dir='ltr'><strong>fecit</strong></span> <span class='ocrx_word' id='word_1_591' title='bbox 3349 3837 3362 3873; x_wconf 90' lang='lat'><strong>:</strong></span> <span class='ocrx_word' id='word_1_592' title='bbox 3390 3819 3497 3876; x_wconf 86' lang='lat' dir='ltr'><strong>hoc</strong></span> 
     </span>
    </p>
   </div>
   <div class='ocr_carea' id='block_1_83' title="bbox 1899 3912 3497 3984">
    <p class='ocr_par' dir='ltr' id='par_1_83' title="bbox 1899 3912 3497 3984">
     <span class='ocr_line' id='line_1_83' title="bbox 1899 3912 3497 3984; baseline -0.004 -10"><span class='ocrx_word' id='word_1_593' title='bbox 1899 3927 2007 3983; x_wconf 89' lang='lat' dir='ltr'><strong>est,</strong></span> <span class='ocrx_word' id='word_1_594' title='bbox 2035 3916 2179 3972; x_wconf 87' lang='lat' dir='ltr'><strong>sicut</strong></span> <span class='ocrx_word' id='word_1_595' title='bbox 2206 3915 2383 3970; x_wconf 89' lang='lat' dir='ltr'><strong>hostia</strong></span> <span class='ocrx_word' id='word_1_596' title='bbox 2412 3928 2512 3984; x_wconf 90' lang='lat' dir='ltr'><strong>pro</strong></span> <span class='ocrx_word' id='word_1_597' title='bbox 2541 3922 2768 3983; x_wconf 86' lang='lat' dir='ltr'><strong>peccato</strong></span> <span class='ocrx_word' id='word_1_598' title='bbox 2788 3912 2991 3979; x_wconf 87' lang='lat' dir='ltr'><strong>oblata,</strong></span> <span class='ocrx_word' id='word_1_599' title='bbox 3023 3919 3307 3981; x_wconf 88' lang='lat' dir='ltr'><strong>peccatum</strong></span> <span class='ocrx_word' id='word_1_600' title='bbox 3334 3926 3497 3968; x_wconf 60' lang='lat' dir='ltr'><strong>voca.</strong></span> 
     </span>
    </p>
   </div>
   <div class='ocr_carea' id='block_1_84' title="bbox 1898 4001 3496 4075">
    <p class='ocr_par' dir='ltr' id='par_1_84' title="bbox 1898 4001 3496 4075">
     <span class='ocr_line' id='line_1_84' title="bbox 1898 4001 3496 4075; baseline -0.003 -11"><span class='ocrx_word' id='word_1_601' title='bbox 1898 4008 2057 4064; x_wconf 89' lang='lat' dir='ltr'><strong>batur</strong></span> <span class='ocrx_word' id='word_1_602' title='bbox 2088 4007 2139 4060; x_wconf 92' lang='lat' dir='ltr'><strong>in</strong></span> <span class='ocrx_word' id='word_1_603' title='bbox 2173 4004 2435 4075; x_wconf 69' lang='lat' dir='ltr'><strong>Lege}(ut</strong></span> <span class='ocrx_word' id='word_1_604' title='bbox 2465 4004 2519 4058; x_wconf 89' lang='lat' dir='ltr'><strong>in</strong></span> <span class='ocrx_word' id='word_1_605' title='bbox 2565 4002 2807 4058; x_wconf 90' lang='lat' dir='ltr'><strong>Levitico</strong></span> <span class='ocrx_word' id='word_1_606' title='bbox 2835 4001 3099 4074; x_wconf 87' lang='lat' dir='ltr'><strong>scriptum</strong></span> <span class='ocrx_word' id='word_1_607' title='bbox 3139 4010 3223 4057; x_wconf 87' lang='lat' dir='ltr'><strong>est</strong></span> <span class='ocrx_word' id='word_1_608' title='bbox 3255 4020 3267 4056; x_wconf 90' lang='lat'><strong>:</strong></span> <span class='ocrx_word' id='word_1_609' title='bbox 3300 4001 3366 4057; x_wconf 84' lang='lat' dir='ltr'><strong>Et</strong></span> <span class='ocrx_word' id='word_1_610' title='bbox 3390 4002 3496 4059; x_wconf 81' lang='lat' dir='ltr'><strong>im-</strong></span> 
     </span>
    </p>
   </div>
   <div class='ocr_carea' id='block_1_85' title="bbox 1900 4094 3493 4172">
    <p class='ocr_par' dir='ltr' id='par_1_85' title="bbox 1900 4094 3493 4172">
     <span class='ocr_line' id='line_1_85' title="bbox 1900 4094 3493 4172; baseline -0.004 -15"><span class='ocrx_word' id='word_1_611' title='bbox 1900 4109 2068 4172; x_wconf 91' lang='lat' dir='ltr'><strong>ponet</strong></span> <span class='ocrx_word' id='word_1_612' title='bbox 2097 4114 2316 4155; x_wconf 86' lang='lat' dir='ltr'><strong>manum</strong></span> <span class='ocrx_word' id='word_1_613' title='bbox 2342 4112 2505 4169; x_wconf 89' lang='lat' dir='ltr'><strong>super</strong></span> <span class='ocrx_word' id='word_1_614' title='bbox 2533 4104 2695 4167; x_wconf 87' lang='lat' dir='ltr'><strong>caput</strong></span> <span class='ocrx_word' id='word_1_615' title='bbox 2728 4095 2934 4166; x_wconf 85' lang='lat' dir='ltr'><strong>peccati</strong></span> <span class='ocrx_word' id='word_1_616' title='bbox 2963 4095 3095 4165; x_wconf 90' lang='lat' dir='ltr'><strong>sui),</strong></span> <span class='ocrx_word' id='word_1_617' title='bbox 3133 4094 3207 4150; x_wconf 89' lang='lat' dir='ltr'><strong>ita</strong></span> <span class='ocrx_word' id='word_1_618' title='bbox 3245 4102 3302 4151; x_wconf 89' lang='lat' dir='ltr'><strong>et</strong></span> <span class='ocrx_word' id='word_1_619' title='bbox 3331 4094 3493 4151; x_wconf 84' lang='lat' dir='ltr'><strong>Chri-</strong></span> 
     </span>
    </p>
   </div>
   <div class='ocr_carea' id='block_1_86' title="bbox 1898 4188 3492 4265">
    <p class='ocr_par' dir='ltr' id='par_1_86' title="bbox 1898 4188 3492 4265">
     <span class='ocr_line' id='line_1_86' title="bbox 1898 4188 3492 4265; baseline -0.004 -14"><span class='ocrx_word' id='word_1_620' title='bbox 1898 4204 2015 4251; x_wconf 89' lang='lat' dir='ltr'><strong>stus</strong></span> <span class='ocrx_word' id='word_1_621' title='bbox 2067 4208 2168 4265; x_wconf 88' lang='lat' dir='ltr'><strong>pro</strong></span> <span class='ocrx_word' id='word_1_622' title='bbox 2218 4192 2457 4265; x_wconf 87' lang='lat' dir='ltr'><strong>peccatis</strong></span> <span class='ocrx_word' id='word_1_623' title='bbox 2493 4191 2696 4247; x_wconf 88' lang='lat' dir='ltr'><strong>nostris</strong></span> <span class='ocrx_word' id='word_1_624' title='bbox 2746 4188 3002 4257; x_wconf 88' lang='lat' dir='ltr'><strong>oblatus,</strong></span> <span class='ocrx_word' id='word_1_625' title='bbox 3048 4188 3259 4261; x_wconf 85' lang='lat' dir='ltr'><strong>peccati</strong></span> <span class='ocrx_word' id='word_1_626' title='bbox 3291 4202 3492 4245; x_wconf 89' lang='lat' dir='ltr'><strong>nomen</strong></span> 
     </span>
    </p>
   </div>
   <div class='ocr_carea' id='block_1_87' title="bbox 1892 4286 2124 4345">
    <p class='ocr_par' dir='ltr' id='par_1_87' title="bbox 1892 4286 2124 4345">
     <span class='ocr_line' id='line_1_87' title="bbox 1892 4286 2124 4345; baseline -0.013 -2"><span class='ocrx_word' id='word_1_627' title='bbox 1892 4286 2124 4345; x_wconf 78' lang='lat' dir='ltr'><strong>accepit.</strong></span> 
     </span>
    </p>
   </div>
   <div class='ocr_carea' id='block_1_88' title="bbox 1974 4302 3484 4450">
    <p class='ocr_par' dir='ltr' id='par_1_88' title="bbox 1974 4302 3484 4450">
     <span class='ocr_line' id='line_1_88' title="bbox 1974 4302 2418 4342; baseline -0.014 0"><span class='ocrx_word' id='word_1_628' title='bbox 1974 4302 2023 4342; x_wconf 77' lang='lat' dir='ltr'><strong>3e</strong></span> <span class='ocrx_word' id='word_1_629' title='bbox 2065 4302 2124 4341; x_wconf 79' lang='lat' dir='ltr'><strong>It.</strong></span> <span class='ocrx_word' id='word_1_630' title='bbox 2409 4302 2418 4315; x_wconf 68' lang='grc' dir='ltr'>ι</span> 
     </span>
     <span class='ocr_line' id='line_1_89' title="bbox 1974 4302 3484 4450; baseline -0.003 -16"><span class='ocrx_word' id='word_1_631' title='bbox 1974 4302 2155 4435; x_wconf 53' lang='grc' dir='ltr'><em>Πῗηοε</em></span> <span class='ocrx_word' id='word_1_632' title='bbox 2184 4376 2510 4450; x_wconf 77' lang='lat' dir='ltr'><strong>efﬁceremur</strong></span> <span class='ocrx_word' id='word_1_633' title='bbox 2524 4376 2740 4450; x_wconf 83' lang='lat' dir='ltr'><strong>justitia</strong></span> <span class='ocrx_word' id='word_1_634' title='bbox 2765 4374 2862 4431; x_wconf 89' lang='lat' dir='ltr'><strong>Dei</strong></span> <span class='ocrx_word' id='word_1_635' title='bbox 2890 4374 2944 4429; x_wconf 90' lang='lat' dir='ltr'><strong>in</strong></span> <span class='ocrx_word' id='word_1_636' title='bbox 2968 4374 3102 4447; x_wconf 89' lang='lat' dir='ltr'><strong>ipso.</strong></span> <span class='ocrx_word' id='word_1_637' title='bbox 3130 4371 3249 4431; x_wconf 81' lang='lat' dir='ltr'><strong>Non</strong></span> <span class='ocrx_word' id='word_1_638' title='bbox 3278 4380 3484 4443; x_wconf 85' lang='lat' dir='ltr'><strong>nostra,</strong></span> 
     </span>
    </p>
   </div>
   <div class='ocr_carea' id='block_1_89' title="bbox 1897 4471 2201 4531">
    <p class='ocr_par' dir='ltr' id='par_1_89' title="bbox 1897 4471 2201 4531">
     <span class='ocr_line' id='line_1_90' title="bbox 1897 4471 2201 4531; baseline -0.02 0"><span class='ocrx_word' id='word_1_639' title='bbox 1897 4488 1999 4531; x_wconf 92' lang='lat' dir='ltr'><strong>nec</strong></span> <span class='ocrx_word' id='word_1_640' title='bbox 2023 4471 2201 4529; x_wconf 90' lang='lat' dir='ltr'><strong>nobis.</strong></span> 
     </span>
    </p>
   </div>
   <div class='ocr_carea' id='block_1_90' title="bbox 2510 4537 2871 4597">
    <p class='ocr_par' dir='ltr' id='par_1_90' title="bbox 2510 4537 2871 4597">
     <span class='ocr_line' id='line_1_91' title="bbox 2510 4537 2871 4597; baseline 0.003 -1"><span class='ocrx_word' id='word_1_641' title='bbox 2510 4537 2741 4597; x_wconf 83' lang='lat' dir='ltr'><strong>CAPUT</strong></span> <span class='ocrx_word' id='word_1_642' title='bbox 2779 4537 2871 4597; x_wconf 78' lang='lat' dir='ltr'><strong>Vl.</strong></span> 
     </span>
    </p>
   </div>
   <div class='ocr_carea' id='block_1_91' title="bbox 192 4640 3493 4734">
    <p class='ocr_par' dir='ltr' id='par_1_91' title="bbox 192 4640 3493 4734">
     <span class='ocr_line' id='line_1_92' title="bbox 192 4640 3493 4734; baseline -0.002 -16"><span class='ocrx_word' id='word_1_643' title='bbox 192 4670 315 4732; x_wconf 84' lang='lat' dir='ltr'><strong>est,</strong></span> <span class='ocrx_word' id='word_1_644' title='bbox 346 4640 402 4717; x_wconf 84' lang='lat' dir='ltr'><strong>et</strong></span> <span class='ocrx_word' id='word_1_645' title='bbox 446 4659 769 4718; x_wconf 78' lang='lat' dir='ltr'><strong>resurrexit.</strong></span> <span class='ocrx_word' id='word_1_646' title='bbox 806 4660 980 4717; x_wconf 86' lang='lat' dir='ltr'><strong>Aliter</strong></span> <span class='ocrx_word' id='word_1_647' title='bbox 1012 4677 1025 4715; x_wconf 91' lang='lat'><strong>:</strong></span> <span class='ocrx_word' id='word_1_648' title='bbox 1059 4657 1129 4714; x_wconf 85' lang='lat' dir='ltr'><strong>Et</strong></span> <span class='ocrx_word' id='word_1_649' title='bbox 1158 4657 1205 4713; x_wconf 89' lang='lat' dir='ltr'><strong>si</strong></span> <span class='ocrx_word' id='word_1_650' title='bbox 1244 4656 1604 4729; x_wconf 83' lang='lat' dir='ltr'><strong>cognovimus</strong></span> <span class='ocrx_word' id='word_1_651' title='bbox 1640 4655 1795 4713; x_wconf 87' lang='lat' dir='ltr'><strong>Chri-</strong></span> <span class='ocrx_word' id='word_1_652' title='bbox 1818 4640 1874 4702; x_wconf 84' lang='grc' dir='ltr'>Ῑ)</span> <span class='ocrx_word' id='word_1_653' title='bbox 1973 4657 2293 4734; x_wconf 76' lang='lat' dir='ltr'><strong>Adjuvantés</strong></span> <span class='ocrx_word' id='word_1_654' title='bbox 2333 4665 2507 4711; x_wconf 85' lang='lat' dir='ltr'><strong>autem</strong></span> <span class='ocrx_word' id='word_1_655' title='bbox 2549 4653 2911 4711; x_wconf 74' lang='lat' dir='ltr'><strong>exhortamur.</strong></span> <span class='ocrx_word' id='word_1_656' title='bbox 2961 4652 3147 4711; x_wconf 81' lang='lat' dir='ltr'><strong>Verbo</strong></span> <span class='ocrx_word' id='word_1_657' title='bbox 3193 4667 3291 4712; x_wconf 85' lang='lat' dir='ltr'><strong>vos</strong></span> <span class='ocrx_word' id='word_1_658' title='bbox 3336 4652 3493 4725; x_wconf 81' lang='lat' dir='ltr'><strong>adju-</strong></span> 
     </span>
    </p>
   </div>
   <div class='ocr_carea' id='block_1_92' title="bbox 192 4746 1795 4820">
    <p class='ocr_par' dir='ltr' id='par_1_92' title="bbox 192 4746 1795 4820">
     <span class='ocr_line' id='line_1_93' title="bbox 192 4746 1795 4820; baseline -0.005 -9"><span class='ocrx_word' id='word_1_659' title='bbox 192 4762 344 4811; x_wconf 73' lang='lat' dir='ltr'><strong>srum</strong></span> <span class='ocrx_word' id='word_1_660' title='bbox 371 4794 386 4820; x_wconf 91' lang='lat'><strong>,</strong></span> <span class='ocrx_word' id='word_1_661' title='bbox 418 4766 540 4808; x_wconf 90' lang='lat' dir='ltr'><strong>cum</strong></span> <span class='ocrx_word' id='word_1_662' title='bbox 578 4750 756 4808; x_wconf 85' lang='lat' dir='ltr'><strong>adhuc</strong></span> <span class='ocrx_word' id='word_1_663' title='bbox 798 4764 1051 4807; x_wconf 87' lang='lat' dir='ltr'><strong>essemus.</strong></span> <span class='ocrx_word' id='word_1_664' title='bbox 1075 4746 1370 4805; x_wconf 72' lang='lat' dir='ltr'><strong>secundum</strong></span> <span class='ocrx_word' id='word_1_665' title='bbox 1396 4761 1618 4803; x_wconf 89' lang='lat' dir='ltr'><strong>carnem</strong></span> <span class='ocrx_word' id='word_1_666' title='bbox 1654 4765 1667 4801; x_wconf 92' lang='lat'><strong>:</strong></span> <span class='ocrx_word' id='word_1_667' title='bbox 1701 4746 1795 4803; x_wconf 89' lang='lat' dir='ltr'><strong>sed</strong></span> 
     </span>
    </p>
   </div>
   <div class='ocr_carea' id='block_1_93' title="bbox 193 4844 1793 4920">
    <p class='ocr_par' dir='ltr' id='par_1_93' title="bbox 193 4844 1793 4920">
     <span class='ocr_line' id='line_1_94' title="bbox 193 4844 1793 4920; baseline -0.005 -14"><span class='ocrx_word' id='word_1_668' title='bbox 193 4848 482 4920; x_wconf 78' lang='lat' dir='ltr'><strong>nunciam</strong></span> <span class='ocrx_word' id='word_1_669' title='bbox 513 4862 619 4904; x_wconf 90' lang='lat' dir='ltr'><strong>non</strong></span> <span class='ocrx_word' id='word_1_670' title='bbox 652 4846 922 4903; x_wconf 83' lang='lat' dir='ltr'><strong>novimus.</strong></span> <span class='ocrx_word' id='word_1_671' title='bbox 965 4845 1100 4913; x_wconf 87' lang='lat' dir='ltr'><strong>Quia</strong></span> <span class='ocrx_word' id='word_1_672' title='bbox 1129 4846 1211 4900; x_wconf 88' lang='lat' dir='ltr'><strong>eis</strong></span> <span class='ocrx_word' id='word_1_673' title='bbox 1250 4844 1500 4915; x_wconf 82' lang='lat' dir='ltr'><strong>exempla</strong></span> <span class='ocrx_word' id='word_1_674' title='bbox 1550 4851 1793 4899; x_wconf 88' lang='lat' dir='ltr'><strong>veterum</strong></span> 
     </span>
    </p>
   </div>
   <div class='ocr_carea' id='block_1_94' title="bbox 195 4938 1793 5015">
    <p class='ocr_par' dir='ltr' id='par_1_94' title="bbox 195 4938 1793 5015">
     <span class='ocr_line' id='line_1_95' title="bbox 195 4938 1793 5015; baseline -0.004 -18"><span class='ocrx_word' id='word_1_675' title='bbox 195 4943 549 5015; x_wconf 88' lang='lat' dir='ltr'><strong>proponebat</strong></span> <span class='ocrx_word' id='word_1_676' title='bbox 584 4960 597 4998; x_wconf 88' lang='lat'><strong>:</strong></span> <span class='ocrx_word' id='word_1_677' title='bbox 629 4941 703 4995; x_wconf 89' lang='lat' dir='ltr'><strong>ait</strong></span> <span class='ocrx_word' id='word_1_678' title='bbox 734 4938 1011 4997; x_wconf 85' lang='lat' dir='ltr'><strong>Christum</strong></span> <span class='ocrx_word' id='word_1_679' title='bbox 1050 4938 1347 4993; x_wconf 85' lang='lat' dir='ltr'><strong>carnaliter</strong></span> <span class='ocrx_word' id='word_1_680' title='bbox 1391 4938 1793 5005; x_wconf 87' lang='lat' dir='ltr'><strong>circumcisum,</strong></span> 
     </span>
    </p>
   </div>
   <div class='ocr_carea' id='block_1_95' title="bbox 192 5032 1794 5102">
    <p class='ocr_par' dir='ltr' id='par_1_95' title="bbox 192 5032 1794 5102">
     <span class='ocr_line' id='line_1_96' title="bbox 192 5032 1794 5102; baseline -0.005 -7"><span class='ocrx_word' id='word_1_681' title='bbox 192 5052 323 5095; x_wconf 90' lang='lat' dir='ltr'><strong>cum</strong></span> <span class='ocrx_word' id='word_1_682' title='bbox 367 5034 571 5091; x_wconf 64' lang='lat' dir='ltr'><strong>Iudaeis</strong></span> <span class='ocrx_word' id='word_1_683' title='bbox 616 5035 798 5090; x_wconf 90' lang='lat' dir='ltr'><strong>omnia</strong></span> <span class='ocrx_word' id='word_1_684' title='bbox 848 5034 1176 5090; x_wconf 87' lang='lat' dir='ltr'><strong>celebrasse.</strong></span> <span class='ocrx_word' id='word_1_685' title='bbox 1217 5032 1326 5089; x_wconf 83' lang='lat' dir='ltr'><strong>Sed</strong></span> <span class='ocrx_word' id='word_1_686' title='bbox 1378 5047 1519 5087; x_wconf 90' lang='lat' dir='ltr'><strong>nunc</strong></span> <span class='ocrx_word' id='word_1_687' title='bbox 1556 5032 1666 5102; x_wconf 88' lang='lat' dir='ltr'><strong>jam</strong></span> <span class='ocrx_word' id='word_1_688' title='bbox 1697 5035 1794 5088; x_wconf 90' lang='lat' dir='ltr'><strong>ista</strong></span> 
     </span>
    </p>
   </div>
   <div class='ocr_carea' id='block_1_96' title="bbox 193 5124 1800 5197">
    <p class='ocr_par' dir='ltr' id='par_1_96' title="bbox 193 5124 1800 5197">
     <span class='ocr_line' id='line_1_97' title="bbox 193 5124 1800 5197; baseline -0.004 -11"><span class='ocrx_word' id='word_1_689' title='bbox 193 5146 311 5187; x_wconf 89' lang='lat' dir='ltr'><strong>non</strong></span> <span class='ocrx_word' id='word_1_690' title='bbox 352 5129 605 5184; x_wconf 89' lang='lat' dir='ltr'><strong>novimus</strong></span> <span class='ocrx_word' id='word_1_691' title='bbox 639 5145 652 5182; x_wconf 88' lang='lat'><strong>:</strong></span> <span class='ocrx_word' id='word_1_692' title='bbox 687 5128 812 5197; x_wconf 88' lang='lat' dir='ltr'><strong>quia</strong></span> <span class='ocrx_word' id='word_1_693' title='bbox 856 5136 979 5197; x_wconf 91' lang='lat' dir='ltr'><strong>post</strong></span> <span class='ocrx_word' id='word_1_694' title='bbox 1010 5125 1469 5181; x_wconf 89' lang='lat' dir='ltr'><strong>resurrectionem</strong></span> <span class='ocrx_word' id='word_1_695' title='bbox 1515 5124 1633 5194; x_wconf 84' lang='lat' dir='ltr'><strong>ejus</strong></span> <span class='ocrx_word' id='word_1_696' title='bbox 1655 5165 1670 5191; x_wconf 93' lang='lat'><strong>,</strong></span> <span class='ocrx_word' id='word_1_697' title='bbox 1702 5138 1800 5179; x_wconf 90' lang='lat' dir='ltr'><strong>no-</strong></span> 
     </span>
    </p>
   </div>
   <div class='ocr_carea' id='block_1_97' title="bbox 192 5218 1795 5286">
    <p class='ocr_par' dir='ltr' id='par_1_97' title="bbox 192 5218 1795 5286">
     <span class='ocr_line' id='line_1_98' title="bbox 192 5218 1795 5286; baseline -0.004 -6"><span class='ocrx_word' id='word_1_698' title='bbox 192 5239 329 5280; x_wconf 75' lang='lat' dir='ltr'><strong>Vum</strong></span> <span class='ocrx_word' id='word_1_699' title='bbox 362 5232 449 5279; x_wconf 88' lang='lat' dir='ltr'><strong>est</strong></span> <span class='ocrx_word' id='word_1_700' title='bbox 492 5222 924 5278; x_wconf 85' lang='lat' dir='ltr'><strong>Testamentum.</strong></span> <span class='ocrx_word' id='word_1_701' title='bbox 975 5219 1149 5276; x_wconf 84' lang='lat' dir='ltr'><strong>Aliter</strong></span> <span class='ocrx_word' id='word_1_702' title='bbox 1192 5237 1206 5274; x_wconf 91' lang='lat'><strong>:</strong></span> <span class='ocrx_word' id='word_1_703' title='bbox 1252 5218 1355 5286; x_wconf 87' lang='lat' dir='ltr'><strong>Qui</strong></span> <span class='ocrx_word' id='word_1_704' title='bbox 1403 5218 1600 5273; x_wconf 85' lang='lat' dir='ltr'><strong>inﬁrmi</strong></span> <span class='ocrx_word' id='word_1_705' title='bbox 1649 5229 1795 5285; x_wconf 93' lang='lat' dir='ltr'><strong>sunt,</strong></span> 
     </span>
    </p>
   </div>
   <div class='ocr_carea' id='block_1_98' title="bbox 196 5312 1801 5383">
    <p class='ocr_par' dir='ltr' id='par_1_98' title="bbox 196 5312 1801 5383">
     <span class='ocr_line' id='line_1_99' title="bbox 196 5312 1801 5383; baseline -0.004 -10"><span class='ocrx_word' id='word_1_706' title='bbox 196 5317 505 5374; x_wconf 85' lang='lat' dir='ltr'><strong>carnaliter</strong></span> <span class='ocrx_word' id='word_1_707' title='bbox 539 5314 773 5371; x_wconf 89' lang='lat' dir='ltr'><strong>credunt</strong></span> <span class='ocrx_word' id='word_1_708' title='bbox 819 5312 1046 5369; x_wconf 90' lang='lat' dir='ltr'><strong>Christo</strong></span> <span class='ocrx_word' id='word_1_709' title='bbox 1094 5332 1107 5367; x_wconf 88' lang='lat'><strong>:</strong></span> <span class='ocrx_word' id='word_1_710' title='bbox 1151 5312 1376 5383; x_wconf 81' lang='lat' dir='ltr'><strong>perfecti</strong></span> <span class='ocrx_word' id='word_1_711' title='bbox 1422 5326 1552 5368; x_wconf 88' lang='lat' dir='ltr'><strong>vero</strong></span> <span class='ocrx_word' id='word_1_712' title='bbox 1600 5312 1801 5367; x_wconf 87' lang='lat' dir='ltr'><strong>intelli-</strong></span> 
     </span>
    </p>
   </div>
   <div class='ocr_carea' id='block_1_99' title="bbox 195 5404 1796 5481">
    <p class='ocr_par' dir='ltr' id='par_1_99' title="bbox 195 5404 1796 5481">
     <span class='ocr_line' id='line_1_100' title="bbox 195 5404 1796 5481; baseline -0.001 -18"><span class='ocrx_word' id='word_1_713' title='bbox 195 5417 358 5481; x_wconf 87' lang='lat' dir='ltr'><strong>gunt,</strong></span> <span class='ocrx_word' id='word_1_714' title='bbox 382 5407 497 5478; x_wconf 88' lang='lat' dir='ltr'><strong>jam</strong></span> <span class='ocrx_word' id='word_1_715' title='bbox 530 5416 649 5477; x_wconf 89' lang='lat' dir='ltr'><strong>post</strong></span> <span class='ocrx_word' id='word_1_716' title='bbox 677 5406 1132 5463; x_wconf 85' lang='lat' dir='ltr'><strong>resurrectionem</strong></span> <span class='ocrx_word' id='word_1_717' title='bbox 1160 5405 1291 5461; x_wconf 91' lang='lat' dir='ltr'><strong>nihil</strong></span> <span class='ocrx_word' id='word_1_718' title='bbox 1334 5404 1717 5461; x_wconf 90' lang='lat' dir='ltr'><strong>imbecillitatis</strong></span> <span class='ocrx_word' id='word_1_719' title='bbox 1744 5406 1796 5462; x_wconf 92' lang='lat' dir='ltr'><strong>in</strong></span> 
     </span>
    </p>
   </div>
   <div class='ocr_carea' id='block_1_100' title="bbox 195 5500 706 5559">
    <p class='ocr_par' dir='ltr' id='par_1_100' title="bbox 195 5500 706 5559">
     <span class='ocr_line' id='line_1_101' title="bbox 195 5500 706 5559; baseline -0.014 0"><span class='ocrx_word' id='word_1_720' title='bbox 195 5517 268 5559; x_wconf 84' lang='lat' dir='ltr'><strong>eo</strong></span> <span class='ocrx_word' id='word_1_721' title='bbox 293 5514 419 5556; x_wconf 92' lang='lat' dir='ltr'><strong>esse</strong></span> <span class='ocrx_word' id='word_1_722' title='bbox 450 5500 706 5555; x_wconf 88' lang='lat' dir='ltr'><strong>carnalis.</strong></span> 
     </span>
    </p>
   </div>
   <div class='ocr_carea' id='block_1_101' title="bbox 273 5591 1799 5667">
    <p class='ocr_par' dir='ltr' id='par_1_101' title="bbox 273 5591 1799 5667">
     <span class='ocr_line' id='line_1_102' title="bbox 273 5591 1799 5667; baseline -0.002 -19"><span class='ocrx_word' id='word_1_723' title='bbox 273 5594 340 5649; x_wconf 88' lang='lat' dir='ltr'><strong>Si</strong></span> <span class='ocrx_word' id='word_1_724' title='bbox 370 5610 474 5665; x_wconf 90' lang='lat' dir='ltr'><strong>qua</strong></span> <span class='ocrx_word' id='word_1_725' title='bbox 501 5609 624 5667; x_wconf 82' lang='lat' dir='ltr'><strong>ergo</strong></span> <span class='ocrx_word' id='word_1_726' title='bbox 649 5593 702 5647; x_wconf 89' lang='lat' dir='ltr'><strong>in</strong></span> <span class='ocrx_word' id='word_1_727' title='bbox 728 5591 934 5648; x_wconf 87' lang='lat' dir='ltr'><strong>Christo</strong></span> <span class='ocrx_word' id='word_1_728' title='bbox 972 5608 1108 5647; x_wconf 83' lang='lat' dir='ltr'><strong>nova</strong></span> <span class='ocrx_word' id='word_1_729' title='bbox 1128 5599 1367 5647; x_wconf 88' lang='lat' dir='ltr'><strong>creatura</strong></span> <span class='ocrx_word' id='word_1_730' title='bbox 1387 5632 1403 5660; x_wconf 96' lang='lat'><strong>,</strong></span> <span class='ocrx_word' id='word_1_731' title='bbox 1433 5599 1598 5647; x_wconf 79' lang='lat' dir='ltr'><strong>uetera</strong></span> <span class='ocrx_word' id='word_1_732' title='bbox 1628 5598 1799 5645; x_wconf 85' lang='lat' dir='ltr'><strong>trans-</strong></span> 
     </span>
    </p>
   </div>
   <div class='ocr_carea' id='block_1_102' title="bbox 194 5684 1800 5759">
    <p class='ocr_par' dir='ltr' id='par_1_102' title="bbox 194 5684 1800 5759">
     <span class='ocr_line' id='line_1_103' title="bbox 194 5684 1800 5759; baseline -0.001 -16"><span class='ocrx_word' id='word_1_733' title='bbox 194 5691 378 5743; x_wconf 81' lang='lat' dir='ltr'><strong>ierunt</strong></span> <span class='ocrx_word' id='word_1_734' title='bbox 408 5703 428 5741; x_wconf 89' lang='lat'><strong><em>:</em></strong></span> <span class='ocrx_word' id='word_1_735' title='bbox 450 5702 565 5742; x_wconf 83' lang='lat' dir='ltr'><strong>ecce</strong></span> <span class='ocrx_word' id='word_1_736' title='bbox 594 5690 735 5759; x_wconf 78' lang='lat' dir='ltr'><strong>facta</strong></span> <span class='ocrx_word' id='word_1_737' title='bbox 762 5696 881 5742; x_wconf 90' lang='lat' dir='ltr'><strong>sunt</strong></span> <span class='ocrx_word' id='word_1_738' title='bbox 913 5687 1083 5742; x_wconf 89' lang='lat' dir='ltr'><strong>omnia</strong></span> <span class='ocrx_word' id='word_1_739' title='bbox 1108 5702 1260 5740; x_wconf 84' lang='lat' dir='ltr'><strong>nova.</strong></span> <span class='ocrx_word' id='word_1_740' title='bbox 1292 5686 1348 5741; x_wconf 88' lang='lat' dir='ltr'><strong>Si</strong></span> <span class='ocrx_word' id='word_1_741' title='bbox 1379 5687 1499 5755; x_wconf 91' lang='lat' dir='ltr'><strong>quis</strong></span> <span class='ocrx_word' id='word_1_742' title='bbox 1551 5686 1724 5741; x_wconf 91' lang='lat' dir='ltr'><strong>credit</strong></span> <span class='ocrx_word' id='word_1_743' title='bbox 1746 5684 1800 5741; x_wconf 90' lang='lat' dir='ltr'><strong>in</strong></span> 
     </span>
    </p>
   </div>
   <div class='ocr_carea' id='block_1_103' title="bbox 196 5779 1805 5851">
    <p class='ocr_par' dir='ltr' id='par_1_103' title="bbox 196 5779 1805 5851">
     <span class='ocr_line' id='line_1_104' title="bbox 196 5779 1805 5851; baseline -0.003 -13"><span class='ocrx_word' id='word_1_744' title='bbox 196 5779 449 5847; x_wconf 89' lang='lat' dir='ltr'><strong>Christo,</strong></span> <span class='ocrx_word' id='word_1_745' title='bbox 461 5793 600 5836; x_wconf 90' lang='lat' dir='ltr'><strong>nova</strong></span> <span class='ocrx_word' id='word_1_746' title='bbox 619 5787 703 5837; x_wconf 87' lang='lat' dir='ltr'><strong>est</strong></span> <span class='ocrx_word' id='word_1_747' title='bbox 715 5788 961 5838; x_wconf 85' lang='lat' dir='ltr'><strong>creatura</strong></span> <span class='ocrx_word' id='word_1_748' title='bbox 980 5797 994 5836; x_wconf 89' lang='lat'><strong>:</strong></span> <span class='ocrx_word' id='word_1_749' title='bbox 1012 5779 1319 5851; x_wconf 86' lang='lat' dir='ltr'><strong>intelligens</strong></span> <span class='ocrx_word' id='word_1_750' title='bbox 1337 5787 1522 5834; x_wconf 87' lang='lat' dir='ltr'><strong>vetera</strong></span> <span class='ocrx_word' id='word_1_751' title='bbox 1536 5792 1634 5834; x_wconf 90' lang='lat' dir='ltr'><strong>suo</strong></span> <span class='ocrx_word' id='word_1_752' title='bbox 1650 5787 1805 5834; x_wconf 91' lang='lat' dir='ltr'><strong>tem-</strong></span> 
     </span>
    </p>
   </div>
   <div class='ocr_carea' id='block_1_104' title="bbox 201 5872 1801 5950">
    <p class='ocr_par' dir='ltr' id='par_1_104' title="bbox 201 5872 1801 5950">
     <span class='ocr_line' id='line_1_105' title="bbox 201 5872 1801 5950; baseline -0.003 -17"><span class='ocrx_word' id='word_1_753' title='bbox 201 5891 345 5950; x_wconf 81' lang='lat' dir='ltr'><strong>pore</strong></span> <span class='ocrx_word' id='word_1_754' title='bbox 374 5874 543 5934; x_wconf 74' lang='lat' dir='ltr'><strong>fuisse</strong></span> <span class='ocrx_word' id='word_1_755' title='bbox 560 5875 851 5948; x_wconf 76' lang='lat' dir='ltr'><strong>disiuncta,</strong></span> <span class='ocrx_word' id='word_1_756' title='bbox 872 5882 928 5934; x_wconf 91' lang='lat' dir='ltr'><strong>et</strong></span> <span class='ocrx_word' id='word_1_757' title='bbox 947 5874 1143 5932; x_wconf 89' lang='lat' dir='ltr'><strong>amodo</strong></span> <span class='ocrx_word' id='word_1_758' title='bbox 1160 5887 1302 5931; x_wconf 87' lang='lat' dir='ltr'><strong>novo</strong></span> <span class='ocrx_word' id='word_1_759' title='bbox 1320 5886 1475 5932; x_wconf 85' lang='lat' dir='ltr'><strong>more</strong></span> <span class='ocrx_word' id='word_1_760' title='bbox 1492 5872 1801 5931; x_wconf 87' lang='lat' dir='ltr'><strong>vivendum.</strong></span> 
     </span>
    </p>
   </div>
   <div class='ocr_carea' id='block_1_105' title="bbox 1901 4763 2116 4813">
    <p class='ocr_par' dir='ltr' id='par_1_105' title="bbox 1901 4763 2116 4813">
     <span class='ocr_line' id='line_1_106' title="bbox 1901 4763 2116 4813; baseline -0.023 0"><span class='ocrx_word' id='word_1_761' title='bbox 1901 4763 2116 4813; x_wconf 90' lang='lat' dir='ltr'><strong>vantes.</strong></span> 
     </span>
    </p>
   </div>
   <div class='ocr_carea' id='block_1_106' title="bbox 1976 4839 3488 4916">
    <p class='ocr_par' dir='ltr' id='par_1_106' title="bbox 1976 4839 3488 4916">
     <span class='ocr_line' id='line_1_107' title="bbox 1976 4839 3488 4916; baseline -0.006 -14"><span class='ocrx_word' id='word_1_762' title='bbox 1976 4846 2062 4903; x_wconf 90' lang='lat' dir='ltr'><strong>Ne</strong></span> <span class='ocrx_word' id='word_1_763' title='bbox 2090 4846 2145 4899; x_wconf 91' lang='lat' dir='ltr'><strong>in</strong></span> <span class='ocrx_word' id='word_1_764' title='bbox 2172 4858 2388 4900; x_wconf 76' lang='lat' dir='ltr'><strong>vacuum</strong></span> <span class='ocrx_word' id='word_1_765' title='bbox 2437 4842 2661 4916; x_wconf 85' lang='lat' dir='ltr'><strong>gratiam</strong></span> <span class='ocrx_word' id='word_1_766' title='bbox 2706 4840 2805 4896; x_wconf 89' lang='lat' dir='ltr'><strong>Dei</strong></span> <span class='ocrx_word' id='word_1_767' title='bbox 2832 4840 3120 4914; x_wconf 81' lang='lat' dir='ltr'><strong>recipiatis.</strong></span> <span class='ocrx_word' id='word_1_768' title='bbox 3172 4839 3230 4896; x_wconf 83' lang='lat' dir='ltr'><strong>In</strong></span> <span class='ocrx_word' id='word_1_769' title='bbox 3260 4852 3488 4896; x_wconf 86' lang='lat' dir='ltr'><strong>vacuum</strong></span> 
     </span>
    </p>
   </div>
   <div class='ocr_carea' id='block_1_107' title="bbox 1903 4932 3493 5013">
    <p class='ocr_par' dir='ltr' id='par_1_107' title="bbox 1903 4932 3493 5013">
     <span class='ocr_line' id='line_1_108' title="bbox 1903 4932 3493 5013; baseline -0.006 -19"><span class='ocrx_word' id='word_1_770' title='bbox 1903 4938 2131 5013; x_wconf 85' lang='lat' dir='ltr'><strong>gratiam</strong></span> <span class='ocrx_word' id='word_1_771' title='bbox 2179 4935 2275 4990; x_wconf 91' lang='lat' dir='ltr'><strong>Dei</strong></span> <span class='ocrx_word' id='word_1_772' title='bbox 2318 4933 2549 5005; x_wconf 85' lang='lat' dir='ltr'><strong>recipit,</strong></span> <span class='ocrx_word' id='word_1_773' title='bbox 2598 4933 2692 5004; x_wconf 90' lang='lat' dir='ltr'><strong>qui</strong></span> <span class='ocrx_word' id='word_1_774' title='bbox 2737 4933 2790 4988; x_wconf 92' lang='lat' dir='ltr'><strong>in</strong></span> <span class='ocrx_word' id='word_1_775' title='bbox 2829 4948 2971 4988; x_wconf 89' lang='lat' dir='ltr'><strong>novo</strong></span> <span class='ocrx_word' id='word_1_776' title='bbox 3009 4932 3354 4989; x_wconf 86' lang='lat' dir='ltr'><strong>Testamento</strong></span> <span class='ocrx_word' id='word_1_777' title='bbox 3384 4944 3493 4985; x_wconf 91' lang='lat' dir='ltr'><strong>non</strong></span> 
     </span>
    </p>
   </div>
   <div class='ocr_carea' id='block_1_108' title="bbox 1905 5018 3120 5095">
    <p class='ocr_par' dir='ltr' id='par_1_108' title="bbox 1905 5018 3120 5095">
     <span class='ocr_line' id='line_1_109' title="bbox 1905 5018 3120 5095; baseline -0.006 -9"><span class='ocrx_word' id='word_1_778' title='bbox 1905 5046 2077 5087; x_wconf 89' lang='lat' dir='ltr'><strong>novus</strong></span> <span class='ocrx_word' id='word_1_779' title='bbox 2104 5036 2185 5084; x_wconf 85' lang='lat' dir='ltr'><strong>est</strong></span> <span class='ocrx_word' id='word_1_780' title='bbox 2216 5046 2227 5081; x_wconf 93' lang='lat'>:</span> <span class='ocrx_word' id='word_1_781' title='bbox 2262 5026 2366 5082; x_wconf 91' lang='lat' dir='ltr'><strong>hoc</strong></span> <span class='ocrx_word' id='word_1_782' title='bbox 2393 5034 2499 5094; x_wconf 89' lang='lat' dir='ltr'><strong>est,</strong></span> <span class='ocrx_word' id='word_1_783' title='bbox 2527 5018 2662 5081; x_wconf 85' lang='lat' dir='ltr'><strong>nihil</strong></span> <span class='ocrx_word' id='word_1_784' title='bbox 2692 5025 2747 5081; x_wconf 90' lang='lat' dir='ltr'><strong>in</strong></span> <span class='ocrx_word' id='word_1_785' title='bbox 2774 5024 2869 5081; x_wconf 93' lang='lat' dir='ltr'><strong>illo</strong></span> <span class='ocrx_word' id='word_1_786' title='bbox 2886 5024 3120 5095; x_wconf 84' lang='lat' dir='ltr'><strong>prolicit.</strong></span> 
     </span>
    </p>
   </div>
   <div class='ocr_carea' id='block_1_109' title="bbox 1976 5114 3497 5188">
    <p class='ocr_par' dir='ltr' id='par_1_109' title="bbox 1976 5114 3497 5188">
     <span class='ocr_line' id='line_1_110' title="bbox 1976 5114 3497 5188; baseline -0.005 -13"><span class='ocrx_word' id='word_1_787' title='bbox 1976 5122 2060 5175; x_wconf 89' lang='lat' dir='ltr'><strong>Ait</strong></span> <span class='ocrx_word' id='word_1_788' title='bbox 2099 5120 2233 5175; x_wconf 89' lang='lat' dir='ltr'><strong>enim</strong></span> <span class='ocrx_word' id='word_1_789' title='bbox 2268 5135 2285 5177; x_wconf 86' lang='lat'><strong><em>:</em></strong></span> <span class='ocrx_word' id='word_1_790' title='bbox 2316 5116 2571 5188; x_wconf 83' lang='lat' dir='ltr'><strong>Tempore</strong></span> <span class='ocrx_word' id='word_1_791' title='bbox 2606 5126 2817 5187; x_wconf 88' lang='lat' dir='ltr'><strong>accepto</strong></span> <span class='ocrx_word' id='word_1_792' title='bbox 2847 5116 3085 5171; x_wconf 72' lang='lat' dir='ltr'><strong>exaudiui</strong></span> <span class='ocrx_word' id='word_1_793' title='bbox 3124 5123 3172 5171; x_wconf 86' lang='lat' dir='ltr'><strong>te</strong></span> <span class='ocrx_word' id='word_1_794' title='bbox 3195 5158 3210 5183; x_wconf 96' lang='lat'><strong>,</strong></span> <span class='ocrx_word' id='word_1_795' title='bbox 3239 5122 3289 5169; x_wconf 88' lang='lat' dir='ltr'><strong>et</strong></span> <span class='ocrx_word' id='word_1_796' title='bbox 3317 5115 3372 5169; x_wconf 87' lang='lat' dir='ltr'><strong>in</strong></span> <span class='ocrx_word' id='word_1_797' title='bbox 3411 5114 3497 5168; x_wconf 88' lang='lat' dir='ltr'><strong>die</strong></span> 
     </span>
    </p>
   </div>
   <div class='ocr_carea' id='block_1_110' title="bbox 1902 5204 3491 5283">
    <p class='ocr_par' dir='ltr' id='par_1_110' title="bbox 1902 5204 3491 5283">
     <span class='ocr_line' id='line_1_111' title="bbox 1902 5204 3491 5283; baseline -0.005 -15"><span class='ocrx_word' id='word_1_798' title='bbox 1902 5214 2088 5269; x_wconf 89' lang='lat' dir='ltr'><strong>salutis</strong></span> <span class='ocrx_word' id='word_1_799' title='bbox 2116 5211 2297 5283; x_wconf 86' lang='lat' dir='ltr'><strong>adjuvi</strong></span> <span class='ocrx_word' id='word_1_800' title='bbox 2320 5204 2385 5263; x_wconf 86' lang='lat' dir='ltr'><strong>te.</strong></span> <span class='ocrx_word' id='word_1_801' title='bbox 2410 5212 2705 5281; x_wconf 81' lang='lat' dir='ltr'><strong>Acceptum</strong></span> <span class='ocrx_word' id='word_1_802' title='bbox 2730 5217 2943 5279; x_wconf 90' lang='lat' dir='ltr'><strong>tempus</strong></span> <span class='ocrx_word' id='word_1_803' title='bbox 2968 5207 3033 5263; x_wconf 91' lang='lat' dir='ltr'><strong>ad</strong></span> <span class='ocrx_word' id='word_1_804' title='bbox 3058 5205 3491 5275; x_wconf 83' lang='lat' dir='ltr'><strong>exaudiendum,</strong></span> 
     </span>
    </p>
   </div>
   <div class='ocr_carea' id='block_1_111' title="bbox 1904 5298 3491 5369">
    <p class='ocr_par' dir='ltr' id='par_1_111' title="bbox 1904 5298 3491 5369">
     <span class='ocr_line' id='line_1_112' title="bbox 1904 5298 3491 5369; baseline -0.005 -9"><span class='ocrx_word' id='word_1_805' title='bbox 1904 5313 1959 5360; x_wconf 92' lang='lat' dir='ltr'><strong>ct</strong></span> <span class='ocrx_word' id='word_1_806' title='bbox 1985 5303 2052 5360; x_wconf 90' lang='lat' dir='ltr'><strong>ad</strong></span> <span class='ocrx_word' id='word_1_807' title='bbox 2084 5303 2315 5358; x_wconf 90' lang='lat' dir='ltr'><strong>salutem</strong></span> <span class='ocrx_word' id='word_1_808' title='bbox 2342 5299 2734 5366; x_wconf 90' lang='lat' dir='ltr'><strong>miserandum,</strong></span> <span class='ocrx_word' id='word_1_809' title='bbox 2762 5299 2814 5354; x_wconf 91' lang='lat' dir='ltr'><strong>in</strong></span> <span class='ocrx_word' id='word_1_810' title='bbox 2843 5300 2943 5354; x_wconf 88' lang='lat' dir='ltr'><strong>hac</strong></span> <span class='ocrx_word' id='word_1_811' title='bbox 2964 5298 3073 5353; x_wconf 90' lang='lat' dir='ltr'><strong>vita</strong></span> <span class='ocrx_word' id='word_1_812' title='bbox 3098 5298 3355 5369; x_wconf 75' lang='lat' dir='ltr'><strong>praesenti</strong></span> <span class='ocrx_word' id='word_1_813' title='bbox 3385 5308 3491 5366; x_wconf 73' lang='lat' dir='ltr'><strong>eat,</strong></span> 
     </span>
    </p>
   </div>
   <div class='ocr_carea' id='block_1_112' title="bbox 1904 5388 3496 5460">
    <p class='ocr_par' dir='ltr' id='par_1_112' title="bbox 1904 5388 3496 5460">
     <span class='ocr_line' id='line_1_113' title="bbox 1904 5388 3496 5460; baseline -0.005 -9"><span class='ocrx_word' id='word_1_814' title='bbox 1904 5396 2049 5452; x_wconf 90' lang='lat' dir='ltr'><strong>sicut</strong></span> <span class='ocrx_word' id='word_1_815' title='bbox 2077 5396 2153 5449; x_wconf 91' lang='lat' dir='ltr'><strong>ait</strong></span> <span class='ocrx_word' id='word_1_816' title='bbox 2190 5393 2444 5451; x_wconf 86' lang='lat' dir='ltr'><strong>Salvator</strong></span> <span class='ocrx_word' id='word_1_817' title='bbox 2474 5410 2486 5446; x_wconf 89' lang='lat'><strong>:</strong></span> <span class='ocrx_word' id='word_1_818' title='bbox 2514 5392 2839 5460; x_wconf 78' lang='lat' dir='ltr'><strong>Ambulate,</strong></span> <span class='ocrx_word' id='word_1_819' title='bbox 2873 5390 2998 5446; x_wconf 91' lang='lat' dir='ltr'><strong>dum</strong></span> <span class='ocrx_word' id='word_1_820' title='bbox 3036 5389 3212 5446; x_wconf 87' lang='lat' dir='ltr'><strong>lucem</strong></span> <span class='ocrx_word' id='word_1_821' title='bbox 3258 5388 3496 5456; x_wconf 88' lang='lat' dir='ltr'><strong>habetis,</strong></span> 
     </span>
    </p>
   </div>
   <div class='ocr_carea' id='block_1_113' title="bbox 1904 5485 2892 5557">
    <p class='ocr_par' dir='ltr' id='par_1_113' title="bbox 1904 5485 2892 5557">
     <span class='ocr_line' id='line_1_114' title="bbox 1904 5485 2892 5557; baseline -0.006 -11"><span class='ocrx_word' id='word_1_822' title='bbox 1904 5505 1973 5547; x_wconf 86' lang='lat' dir='ltr'><strong>ne</strong></span> <span class='ocrx_word' id='word_1_823' title='bbox 2006 5503 2104 5544; x_wconf 90' lang='lat' dir='ltr'><strong>vos</strong></span> <span class='ocrx_word' id='word_1_824' title='bbox 2134 5488 2375 5544; x_wconf 86' lang='lat' dir='ltr'><strong>tenebrae</strong></span> <span class='ocrx_word' id='word_1_825' title='bbox 2405 5485 2892 5557; x_wconf 88' lang='lat' dir='ltr'><strong>comprehendant.</strong></span> 
     </span>
    </p>
   </div>
   <div class='ocr_carea' id='block_1_114' title="bbox 1977 5575 3498 5650">
    <p class='ocr_par' dir='ltr' id='par_1_114' title="bbox 1977 5575 3498 5650">
     <span class='ocr_line' id='line_1_115' title="bbox 1977 5575 3498 5650; baseline -0.005 -14"><span class='ocrx_word' id='word_1_826' title='bbox 1977 5581 2114 5637; x_wconf 86' lang='lat' dir='ltr'><strong>Ecce</strong></span> <span class='ocrx_word' id='word_1_827' title='bbox 2156 5597 2295 5636; x_wconf 89' lang='lat' dir='ltr'><strong>nunc</strong></span> <span class='ocrx_word' id='word_1_828' title='bbox 2339 5589 2541 5650; x_wconf 88' lang='lat' dir='ltr'><strong>tempus</strong></span> <span class='ocrx_word' id='word_1_829' title='bbox 2585 5577 2921 5650; x_wconf 86' lang='lat' dir='ltr'><strong>acceptabile.</strong></span> <span class='ocrx_word' id='word_1_830' title='bbox 2965 5576 3119 5634; x_wconf 86' lang='lat' dir='ltr'><strong>Sicut</strong></span> <span class='ocrx_word' id='word_1_831' title='bbox 3155 5575 3281 5633; x_wconf 84' lang='lat' dir='ltr'><strong>alibi</strong></span> <span class='ocrx_word' id='word_1_832' title='bbox 3315 5592 3329 5632; x_wconf 90' lang='lat'><strong>:</strong></span> <span class='ocrx_word' id='word_1_833' title='bbox 3363 5575 3498 5630; x_wconf 90' lang='lat' dir='ltr'><strong>Dum</strong></span> 
     </span>
    </p>
   </div>
   <div class='ocr_carea' id='block_1_115' title="bbox 1908 5669 3498 5745">
    <p class='ocr_par' dir='ltr' id='par_1_115' title="bbox 1908 5669 3498 5745">
     <span class='ocr_line' id='line_1_116' title="bbox 1908 5669 3498 5745; baseline -0.008 -13"><span class='ocrx_word' id='word_1_834' title='bbox 1908 5683 2124 5745; x_wconf 89' lang='lat' dir='ltr'><strong>tempus</strong></span> <span class='ocrx_word' id='word_1_835' title='bbox 2156 5672 2442 5739; x_wconf 83' lang='lat' dir='ltr'><strong>habemus,</strong></span> <span class='ocrx_word' id='word_1_836' title='bbox 2485 5672 2585 5739; x_wconf 87' lang='lat' dir='ltr'><strong>ait,</strong></span> <span class='ocrx_word' id='word_1_837' title='bbox 2622 5685 2918 5741; x_wconf 88' lang='lat' dir='ltr'><strong>operemur</strong></span> <span class='ocrx_word' id='word_1_838' title='bbox 2954 5669 3097 5742; x_wconf 90' lang='lat' dir='ltr'><strong>quod</strong></span> <span class='ocrx_word' id='word_1_839' title='bbox 3134 5670 3332 5725; x_wconf 90' lang='lat' dir='ltr'><strong>bonum</strong></span> <span class='ocrx_word' id='word_1_840' title='bbox 3391 5673 3498 5721; x_wconf 86' lang='lat' dir='ltr'><strong>est.</strong></span> 
     </span>
    </p>
   </div>
   <div class='ocr_carea' id='block_1_116' title="bbox 1910 5762 3501 5834">
    <p class='ocr_par' dir='ltr' id='par_1_116' title="bbox 1910 5762 3501 5834">
     <span class='ocr_line' id='line_1_117' title="bbox 1910 5762 3501 5834; baseline -0.006 -10"><span class='ocrx_word' id='word_1_841' title='bbox 1910 5769 2036 5825; x_wconf 90' lang='lat' dir='ltr'><strong>Dies</strong></span> <span class='ocrx_word' id='word_1_842' title='bbox 2066 5777 2245 5824; x_wconf 91' lang='lat' dir='ltr'><strong>autem</strong></span> <span class='ocrx_word' id='word_1_843' title='bbox 2284 5767 2406 5823; x_wconf 92' lang='lat' dir='ltr'><strong>ideo</strong></span> <span class='ocrx_word' id='word_1_844' title='bbox 2444 5765 2641 5822; x_wconf 88' lang='lat' dir='ltr'><strong>dicitur</strong></span> <span class='ocrx_word' id='word_1_845' title='bbox 2672 5768 2787 5821; x_wconf 71' lang='lat' dir='ltr'><strong>tunc</strong></span> <span class='ocrx_word' id='word_1_846' title='bbox 2817 5766 2928 5821; x_wconf 89' lang='lat' dir='ltr'><strong>vita</strong></span> <span class='ocrx_word' id='word_1_847' title='bbox 2951 5806 2965 5831; x_wconf 89' lang='lat'><strong>,</strong></span> <span class='ocrx_word' id='word_1_848' title='bbox 2997 5763 3123 5834; x_wconf 90' lang='lat' dir='ltr'><strong>quia</strong></span> <span class='ocrx_word' id='word_1_849' title='bbox 3166 5762 3234 5818; x_wconf 87' lang='lat' dir='ltr'><strong>ad</strong></span> <span class='ocrx_word' id='word_1_850' title='bbox 3265 5775 3501 5833; x_wconf 89' lang='lat' dir='ltr'><strong>operan-</strong></span> 
     </span>
    </p>
   </div>
   <div class='ocr_carea' id='block_1_117' title="bbox 1916 5853 3510 5931">
    <p class='ocr_par' dir='ltr' id='par_1_117' title="bbox 1916 5853 3510 5931">
     <span class='ocr_line' id='line_1_118' title="bbox 1916 5853 3510 5931; baseline -0.005 -13"><span class='ocrx_word' id='word_1_851' title='bbox 1916 5862 2043 5918; x_wconf 89' lang='lat' dir='ltr'><strong>dum</strong></span> <span class='ocrx_word' id='word_1_852' title='bbox 2086 5868 2171 5917; x_wconf 90' lang='lat' dir='ltr'><strong>est</strong></span> <span class='ocrx_word' id='word_1_853' title='bbox 2218 5868 2342 5931; x_wconf 89' lang='lat' dir='ltr'><strong>apta</strong></span> <span class='ocrx_word' id='word_1_854' title='bbox 2388 5877 2401 5913; x_wconf 87' lang='lat'><strong>:</strong></span> <span class='ocrx_word' id='word_1_855' title='bbox 2452 5864 2509 5914; x_wconf 89' lang='lat' dir='ltr'><strong>et</strong></span> <span class='ocrx_word' id='word_1_856' title='bbox 2543 5857 2888 5915; x_wconf 88' lang='lat' dir='ltr'><strong>concluditur</strong></span> <span class='ocrx_word' id='word_1_857' title='bbox 2928 5865 3089 5913; x_wconf 86' lang='lat' dir='ltr'><strong>nocte</strong></span> <span class='ocrx_word' id='word_1_858' title='bbox 3128 5853 3315 5926; x_wconf 79' lang='lat' dir='ltr'><strong>iudicii</strong></span> <span class='ocrx_word' id='word_1_859' title='bbox 3345 5871 3359 5908; x_wconf 87' lang='lat'><strong>:</strong></span> <span class='ocrx_word' id='word_1_860' title='bbox 3388 5866 3510 5924; x_wconf 71' lang='lat' dir='ltr'><strong>qua:</strong></span> 
     </span>
    </p>
   </div>
  </div>
