3978 6286
520 344 631 402 787

516 555 629 625 jam
667 569 827 609 nemo
858 551 1057 621 poterit
1092 548 1329 619 operari.
1360 545 1560 603 Δεξιδιὶ
1586 559 1803 616 quoque
1840 541 2112 596 assimila-

486 710 487 713 η
523 658 612 703 tur
642 648 742 703 hoc
770 654 983 715 tempus
1013 662 1027 699 :
1062 644 1117 699 in
1140 643 1293 713 cujus
1315 640 1746 711 comparatione,
1780 637 2005 693 formica
2026 635 2117 691 di.-

524 741 662 794 citur
691 738 923 793 hiemem
964 750 1192 805 sperare
1230 744 1540 791 venturam.

597 832 730 885 Ecce
763 847 899 884 nunc
939 830 1047 883 dies
1073 829 1278 883 salutis.
1310 827 1469 882 Modo
1497 826 1670 880 solam
1708 838 1999 895 possumus
2030 822 2116 877 in-

523 925 710 979 venire
734 925 983 977 salutem
1021 938 1034 975 :
1067 920 1189 990 quia
1215 920 1373 990 juxta
1402 916 1692 987 Proubetm
1722 913 2114 981 testimonium,

522 1017 576 1071 in
607 1016 820 1071 inferno
853 1027 1015 1069 nemo
1047 1010 1419 1067 confitebitur.

599 1109 815 1163 Nemini
840 1108 1023 1161 dantes
1054 1104 1218 1160 ullam
1257 1102 1616 1171 offensionem,
1644 1109 1701 1154 ut
1728 1116 1832 1155 non
1862 1098 2121 1169 vitupere-

525 1210 609 1255 tur
641 1201 981 1254 ministerium
1025 1207 1280 1252 nostrum.
1328 1200 1495 1251 Nemo
1524 1209 1554 1250 a
1587 1202 1775 1249 nostro
1814 1192 2123 1249 offendatur

528 1294 780 1363 exemplo
814 1310 827 1359 ;
855 1307 923 1346 ne
948 1305 1058 1347 non
1090 1299 1199 1346 tam
1228 1299 1476 1344 nostrum
1508 1287 1698 1344 vitium
1730 1294 1949 1358 putetur
1975 1298 2119 1349 esse,

530 1399 690 1457 quam
724 1386 878 1454 legis.

605 1478 712 1534 Sed
735 1480 791 1531 in
821 1475 1079 1530 omnibus.
1102 1473 1219 1529 Non
1251 1474 1304 1529 in
1333 1471 1650 1543 aliquantis.

599 1568 957 1625 Exhibeamus
1021 1567 1380 1638 nosmetipsos.
1453 1565 1658 1620 Omnes
1721 1570 1904 1618 autem
1962 1557 2126 1629 hujus

532 1679 711 1720 causae
735 1664 787 1719 in
819 1667 1005 1716 nostra
1030 1668 1159 1716 sunt
1187 1666 1481 1731 potestate.

601 1755 751 1812 Sicut
797 1752 895 1808 Dei
945 1752 1234 1808 ministros.
1286 1750 1379 1806 Dei
1425 1748 1659 1805 ministri
1709 1748 1875 1802 Deum
1923 1743 2127 1800 debent

1553 337 1613 395 8.
1655 334 2038 393 HIERONYSII
2073 330 2361 393 OPERUM
2400 332 2766 392 MANTISSA.
3650 347 3727 404 788

522 461 639 518 dies
687 460 926 516 tenebrae
954 465 1109 513 erunt
1151 453 1565 527 peccatoribus,
1611 466 1717 508 non
1767 452 1859 505 lux
1881 491 1895 515 ,
1932 451 1985 505 in
2014 462 2120 519 qua
2147 446 2200 510 Α
2225 462 2333 507 non
2359 446 2621 505 debemus
2651 448 2773 504 aliis
2801 445 2974 518 magis
2998 444 3162 504 ﬁdem
3189 450 3585 522 accommodare,
3608 472 3728 528 quam

2219 729 2410 798 gratis,
2437 740 2490 784 et
2520 731 2720 800 cogniti
2747 744 2777 783 a
2810 729 3056 785 fidelibus
3088 738 3145 785 et
3166 727 3349 797 justis.

2176 996 2179 997 ν
2222 924 2452 970 mortem
2484 915 2910 993 pervenientes:
2949 913 3095 970 sicut
3136 911 3351 984 quando
3394 912 3726 984 lapidatuseu,

2222 541 2401 599 nobis.

2293 635 2445 691 Sicut
2471 638 2560 708 qui
2588 637 2785 707 ignoti,
2827 643 2875 689 et
2913 637 3129 706 cogniti.
3174 636 3340 707 ignoti
3379 637 3575 707 perfidis
3599 649 3643 697 et
3670 643 3727 699 in-

2295 822 2460 890 Quasi
2487 823 2784 889 morientes,
2808 835 2856 877 et
2879 840 2991 878 ecce
3012 823 3249 877 vivimus.
3278 821 3384 875 lloc
3403 832 3498 886 est,
3520 838 3661 893 usque
3678 828 3727 882 ad

2223 1020 2276 1064 et
2307 1021 2556 1064 mortuus
2583 1010 2885 1063 aestimatus
2911 1022 3142 1078 surgens
3172 1007 3394 1061 ducebat
3416 1006 3462 1059 in
3484 1005 3669 1076 Lystris.

2299 1099 2367 1156 Ut
2388 1100 2649 1173 castigati,
2676 1109 2851 1155 etnon
2876 1097 3200 1169 mortiﬁcati.
3227 1094 3490 1165 tiasngans
3514 1098 3729 1168 castigavit

2225 1209 2314 1249 me
2339 1195 2621 1261 Dominus,
2651 1202 2708 1248 et
2738 1195 2897 1248 morti
2930 1209 3035 1247 non
3068 1190 3291 1246 tradidit
3321 1203 3421 1245 nte.

2300 1286 2464 1354 Quasi
2490 1288 2662 1341 tristes
2681 1327 2696 1353 ,
2726 1301 2926 1356 semper
2955 1295 3133 1339 autem
3163 1285 3456 1355 gaudentes.
3479 1285 3650 1342 Tristes
3670 1302 3732 1343 se-

2226 1378 2457 1434 veritate
2503 1378 2736 1433 vultus:
2780 1377 2947 1433 corde
2996 1392 3126 1433 vero
3172 1376 3416 1432 etiamin
3460 1378 3737 1436 tribulatione

2227 1473 2550 1544 gaudentes.

2303 1568 2449 1623 Sicut
2477 1576 2677 1641 egentes
2701 1612 2715 1634 ,
2758 1569 2946 1622 multos
2989 1575 3163 1622 autent
3203 1567 3574 1634 locupletantes.
3601 1566 3646 1621 in
3670 1566 3741 1622 hoc

2231 1661 2349 1731 ipso
2374 1677 2481 1732 quo
2506 1636 2672 1716 nobis
2702 1676 2949 1729 egemus,
2985 1660 3107 1715 aliis
3135 1660 3467 1715 abundamus
3494 1675 3506 1712 :
3539 1659 3641 1713 dum
3670 1674 3736 1725 per

2235 1769 2333 1808 nos
2360 1754 2729 1826 eleemusyna:
2760 1753 2894 1807 finiit
2924 1770 2938 1809 :
2975 1752 3093 1807 sive
3130 1752 3359 1807 terrenis
3393 1760 3617 1821 egentes.
3648 1750 3742 1803 alios
3884 1740 3885 1767 ‘

530 1849 717 1923 (Ρΐουῐ
747 1846 1006 1917 9055ibile
1044 1847 1148 1915 εει)
1178 1840 1408 1908 imitari.
1443 1853 1502 1897 ιιι
1532 1857 1599 1897 ΘΧ
1627 1847 1751 1895 actu
1789 1851 2126 1908 cognoscam
2160 1837 2210 1907 Β
2238 1843 2394 1900 bonis
2420 1845 2734 1900 coelestibus
2757 1843 2983 1899 facimus
3006 1842 3327 1913 locupletes.
3352 1840 3742 1897 Sitnulattenden-

529 1950 613 1997 tur
634 1939 729 1995 Dei
758 1953 880 1993 esse
908 1939 1170 1992 cultores.
1204 1934 1358 1991 Unde
1387 1933 1517 1989 alibi
1546 1933 1623 1989 ait
1655 1948 1669 1987 :
1702 1931 1927 1987 Portate
1952 1928 2127 1984 Deum

530 2033 583 2103 in
613 2045 843 2101 corpore
870 2036 1077 2085 vestro.
1126 2028 1293 2084 Sicut‘
1311 2027 1402 2082 ille
1442 2040 1502 2080 se
1542 2024 1611 2079 ab
1642 2022 1893 2079 omnibus
1925 2020 2127 2091 patitur

529 2122 933 2194 biaspbemari,
988 2130 1045 2175 et
1091 2129 1270 2176 tamen
1323 2119 1378 2175 in
1430 2118 1685 2189 prtesenti
1738 2117 1847 2173 vita
1900 2114 2127 2185 ingratis

528 2218 694 2274 etiam
727 2234 822 2275 sua
847 2217 1113 2275 beneficia
1141 2229 1250 2269 non
1278 2212 1535 2279 denegat.

603 2308 671 2363 In
694 2313 857 2364 multa
885 2308 1158 2381 patientia,
1184 2306 1239 2359 in
1267 2299 1712 2363 tribulationibus.
1737 2295 1926 2357 Omnis
1950 2294 2126 2362 laesio,

530 2400 812 2457 tribulatio
836 2410 940 2458 est.

604 2491 671 2546 In
696 2490 1105 2547 necessitatibus.
1129 2487 1305 2542 Omne
1325 2482 1471 2556 quod
1496 2494 1722 2539 necesse
1735 2487 1840 2547 est,
1862 2476 2125 2559 (crinitus,

532 2593 590 2637 ut
618 2598 843 2638 necesse
874 2591 976 2641 est.

603 2673 671 2729 In
692 2674 971 2743 angustiis.
1005 2669 1263 2741 Augustin
1296 2676 1383 2724 est
1403 2668 1581 2723 omnis
1608 2664 1844 2737 egentia.

605 2766 674 2822 In
702 2767 892 2839 plagis,
920 2766 977 2819 in
1006 2764 1318 2826 carceribus,
1366 2762 1420 2821 in
1448 2757 1816 2829 seditionibus,
1850 2756 1903 2810 in
1933 2752 2130 2817 labori-

535 2860 648 2915 bus.
679 2859 954 2923 Mannum,
988 2856 1073 2911 vel
1107 2854 1483 2910 discursnum.

604 2954 673 3009 In
696 2950 911 3022 vigiliis.
940 2949 1059 3007 Non
1089 2950 1273 3005 minus
1304 2946 1527 3011 mentis,
1551 2958 1715 3015 quam
1745 2941 2016 3015 corporis.

605 3044 672 3099 In
695 3042 941 3116 jejuniis.
978 3040 1283 3099 Notandum
1311 3037 1517 3109 jejunia
1558 3050 1681 3097 cum
1710 3033 2002 3097 virtutibus
2028 3047 2128 3099 nu-

534 3151 759 3194 merart.

606 3228 673 3283 Ῑη
702 3227 958 3295 “mila”-
992 3224 1090 3281 ωτι
1116 3231 1202 3281 ⁸⁸⁸
1227 3237 1354 3281 Vera
1387 3221 1627 3289 θθδίῖωδι
1659 3233 1782 3292 qua?
1811 3231 1911 3287 nec
1944 3223 2128 3291 metite
2153 3217 2200 3297 β
2235 3231 2460 3301 pliﬂcat,
2491 3230 2543 3285 id
2568 3240 2672 3297 est,
2700 3229 2826 3285 facit
2847 3230 3097 3286 sensibus
3124 3230 3433 3287 abundare.
3461 3226 3595 3283 Sicut
3610 3223 3662 3277 de
3680 3219 3751 3275 Sn-

533 3324 940 3469 po‘lliliuslili‘ibtia.
969 3408 1279 3469 Notandum
1309 3405 1455 3479 quod
1476 3404 1710 3471 scientia
1744 3403 1885 3461 inter
1914 3398 2129 3475 species

536 3507 797 3575 virtutum
809 3544 821 3558 .

606 3596 673 3652 In
703 3596 1120 3667 longanimitate.
1144 3594 1201 3651 ld
1230 3603 1334 3663 est,
1363 3590 1685 3648 sustinentia
1711 3590 1892 3660 longa.

552 3744 555 3747 λ
611 3690 678 3745 ιη
703 3689 973 3743 suavitate.
1007 3686 1078 3751 Ut
1101 3686 1237 3759 nulli
1265 3686 1450 3743 verbis
1476 3684 1677 3743 nostris
1705 3680 2124 3751 amaritudinem

533 3796 859 3857 generentus
890 3793 987 3840 :et
1019 3781 1234 3836 dicatur
1262 3779 1328 3835 de
1360 3777 1518 3834 nobis
1550 3792 1567 3832 :
1609 3775 1819 3837 Fauces
1855 3774 1973 3845 ejus
2004 3772 2126 3830 dul-

532 3877 772 3942 cedincs,
805 3883 862 3930 et
889 3881 1058 3933 totum
1087 3871 1442 3928 desiderium.

548 4021 552 4025 .
599 3969 667 4027 In
691 3969 881 4039 spiritu
908 3976 1109 4023 sancto.
1141 3964 1278 4027 Dum
1303 3962 1523 4035 dignum
1549 3963 1598 4019 ei
1631 3974 1729 4033 nos
1757 3958 2121 4025 habitaculum

534 4079 922 4134 praeparemus.

602 4155 669 4212 In
701 4156 951 4213 ctmritate
980 4171 1083 4209 non
1122 4154 1265 4224 ﬁcta.
1295 4150 1485 4219 Omnia
1529 4165 1649 4221 quat
1680 4146 1841 4219 nobis
1870 4145 2123 4217 volumus

530 4251 732 4313 facere,
764 4250 890 4306 aliis
916 4250 1177 4305 faciamus
1206 4267 1220 4302 :
1254 4258 1312 4302 ut
1340 4262 1445 4301 non
1470 4246 1762 4315 diligamus
1800 4242 1993 4310 verbo,
2024 4239 2122 4313 sed

530 4360 695 4415 opere
717 4356 772 4399 et
800 4344 1051 4403 veritate.

602 4436 670 4489 In
695 4438 845 4490 verbo
868 4437 1113 4491 veritatis.
1145 4434 1198 4490 ld
1232 4442 1336 4498 est,
1363 4433 1418 4488 in
1449 4431 1617 4487 verbo
1641 4428 1844 4484 Christi
1878 4446 1891 4483 :
1921 4429 1965 4484 si
1998 4438 2122 4501 apte

530 4526 840 4598 proferatur
868 4536 923 4581 et
962 4543 1125 4591 vere,
1160 4541 1229 4581 ne
1268 4526 1361 4580 iiat
1386 4523 1455 4580 de
1486 4522 1716 4576 veritate
1751 4520 2115 4575 mendacium.

2231 1937 2382 2004 dum,
2412 1937 2687 2008 quomodo
2708 1938 2889 1992 omnia
2915 1938 3068 2007 quasi
3093 1936 3205 2008 pati
3236 1950 3300 1991 se
3326 1935 3467 2002 dicit,
3499 1945 3741 1990 nontamen

2231 2029 2339 2099 pati
2375 2047 2389 2083 :
2418 2038 2481 2085 ut
2519 2028 2772 2085 ostendat
2808 2030 2908 2085 ista
2946 2043 3072 2085 esse
3110 2028 3267 2096 quasi
3317 2026 3560 2096 imagines
3593 2025 3745 2095 p352i0-

2232 2139 2384 2187 num,
2416 2122 2482 2176 ad
2514 2108 2981 2192 comparationem
3013 2120 3228 2192 prtemii
3253 2118 3573 2190 sempiterni.

2304 2211 2591 2282 Tamquam
2622 2212 2756 2268 nihil
2782 2212 3043 2275 habentes,
3066 2221 3113 2268 et
3141 2212 3321 2267 omnia
3341 2210 3643 2283 possidentes.
3666 2205 3747 2260 Sic-

2229 2315 2291 2362 ut
2311 2307 2386 2360 ait
2408 2305 2702 2363 Salomon:
2740 2306 2875 2375 Ejus
2904 2305 2995 2375 qui
3026 2304 3198 2361 fidelis
3226 2314 3342 2371 est,
3375 2311 3457 2361 est
3485 2310 3610 2357 totus
3632 2314 3745 2354 utun-

2227 2397 2331 2454 dus
2361 2398 2697 2453 divitiarum.
2730 2397 2863 2453 Nam
2904 2406 3177 2467 excepto,
3230 2396 3377 2466 quod
3416 2396 3576 2449 omnia
3611 2399 3745 2446 nostra

2234 2490 2329 2545 Dei
2358 2500 2516 2557 sunt,
2552 2505 2713 2546 nemo
2741 2490 2862 2559 plus
2894 2491 3055 2545 habet
3078 2529 3093 2552 ,
3127 2504 3293 2559 quam
3325 2488 3415 2557 qui
3447 2486 3622 2542 nullius
3648 2482 3747 2537 indi-

2231 2594 2342 2654 get.
2376 2583 2471 2637 llle
2492 2597 2626 2637 vero
2658 2582 2785 2636 nihil
2823 2591 2976 2653 eget,
3007 2582 3097 2651 qui
3134 2589 3338 2650 pra-ter
3367 2579 3637 2634 neocssaria
3657 2574 3751 2628 nihil

2234 2676 2481 2746 requirit.
2527 2676 2600 2733 De
2632 2676 2982 2746 separatione
3022 2675 3267 2747 ﬁdelium
3301 2675 3369 2729 ab
3391 2670 3660 2729 infidelibus
3683 2674 3751 2721 εει

2233 2769 2376 2839 quod
2409 2783 2600 2824 omnes
2624 2770 2799 2825 sancti
2833 2769 3094 2839 templum
3122 2767 3233 2822 sint
3265 2768 3384 2823 Dei.

2308 2859 2379 2916 0s
2407 2873 2641 2915 nostrum
2670 2871 2812 2933 patet
2841 2862 2909 2917 ad
2933 2878 3049 2930 vos,
3097 2878 3126 2915 o
3162 2859 3446 2925 Corinthii,
3476 2874 3551 2912 cor
3577 2863 3752 2909 nostrum

2233 2954 2515 3021 dilatatam
2547 2964 2644 3009 est.
2673 2953 2746 3008 Ita
2788 2969 2978 3011 sumus
3010 2965 3198 3009 vestro
3247 2952 3492 3024 profectu
3523 2946 3752 3019 provoctli.

2233 3053 2291 3101 ut
2322 3055 2501 3100 tacere
2523 3047 2738 3115 penitus
2769 3060 2875 3115 non
2911 3045 3198 3114 possimus.
3232 3046 3510 3103 Profecms
3545 3041 3660 3097 enim
3692 3036 3750 3089 di-

2234 3137 2443 3206 scipuli,
2471 3139 2649 3207 aperit
2684 3153 2744 3192 os
2774 3137 3038 3208 magiSIri.
3069 3138 3131 3191 Et
3163 3152 3266 3191 cor
3296 3136 3478 3207 dilatat
3509 3144 3647 3203 atque
3663 3144 3749 3185 am-

2236 3322 2452 3379 lomone
2488 3323 2752 3391 scriptum
2783 3332 2868 3379 est
2901 3340 2912 3376 :
2946 3322 3081 3390 Quia
3114 3321 3274 3378 dedit
3310 3323 3389 3377 illi
3420 3320 3549 3377 Deus
3576 3310 3757 3371 Ιειιίιυύὶη

2234 3431 2356 3473 nem
2386 3415 2589 3478 cordis,
2622 3416 2762 3473 sicut
2791 3430 3012 3470 arenam
3041 3416 3228 3471 maris.

2306 3507 2430 3565 Non
2460 3508 2838 3578 angustiamini
2863 3510 2917 3562 in
2948 3508 3095 3563 nobis
3125 3505 3537 3579 :angustiamini
3560 3509 3697 3557 autem
3721 3497 3757 3549 in

2230 3602 2511 3656 visceribus
2540 3603 2737 3657 vestris.
2765 3601 2882 3656 Non
2909 3618 2980 3656 ex
3015 3602 3196 3669 nobis,
3222 3602 3495 3659 sermonis
3520 3591 3717 3665 augusua
3741 3602 3752 3643 :

2229 3694 2329 3755 sed
2357 3694 2483 3765 quia
2515 3693 2837 3753 validiorem
2867 3711 2964 3751 vos
3002 3711 3110 3753 non
3141 3697 3376 3765 putastis
3404 3693 3579 3748 audire
3605 3684 3757 3744 doctri-

2230 3803 2377 3853 nam,
2408 3788 2533 3844 ideo
2561 3804 2627 3845 es
2656 3789 2808 3851 vobis
2834 3803 2996 3844 causa
3031 3788 3282 3859 procedit
3309 3786 3583 3857 angustiae.

2300 3877 2554 3935 Eamdem
2581 3888 2755 3937 autem
2785 3880 3028 3937 [tabentes
3056 3881 3547 3936 remunerationem.
3574 3874 3622 3930 Si
3650 3882 3760 3926 euut-

2228 3973 2350 4026 tlem
2396 3972 2768 4026 sustinueritis
2810 3972 3069 4026 laborem.
3117 3974 3223 4027 Aut
3283 3986 3434 4028 certe
3482 3972 3525 4041 si
3568 3974 3757 4022 tantum.

2226 4072 2491 4134 quantum
2523 4063 2708 4119 dicere
2737 4079 3049 4133 possumus,
3081 4065 3337 4134 capiatis.

2298 4157 2589 4226 Tamquam
2623 4158 2751 4227 ﬁliis
2783 4158 2933 4226 dico,
2966 4158 3273 4217 dilatamini
3312 4167 3364 4213 et
3398 4173 3502 4213 vos.
3533 4150 3669 4223 Quasi
3693 4145 3759 4203 filii

2227 4264 2351 4323 meo
2383 4250 2635 4319 exemplo
2666 4250 2972 4313 dilatumiui
3001 4292 3015 4319 ,
3048 4261 3105 4305 ut
3134 4251 3347 4322 majora
3380 4245 3647 4319 recipiatis.
3669 4239 3763 4297 δῖνα

2224 4344 2538 4405 sacerdulcs
2568 4344 2619 4401 in
2666 4344 2913 4405 doctrina
2961 4346 3219 4416 exemplo
3268 4361 3373 4400 suo
3420 4332 3761 4414 prmcipitdilw

2228 4436 2355 4491 tari.

2300 4528 2478 4589 Nolite
2506 4530 2702 4601 jugum
2738 4528 2928 4591 ducere
2972 4544 3087 4585 cum
3128 4528 3458 4599 inﬁdelibus.
3500 4524 3651 4580 Nolite
3685 4516 3762 4574 illis

599 4618 887 4689 In‘vit'tute
915 4616 1035 4674 Dei.
1072 4618 1179 4673 Per
1206 4636 1354 4676 arma
1382 4618 1626 4691 justititc.
1666 4614 1721 4677 ln
1766 4615 1969 4687 virtute
1997 4615 2113 4689 Dei,
2148 4601 2202 4669 D
2226 4622 2507 4693 caujungi,
2552 4622 2636 4677 vel
2684 4621 2891 4693 :rquari
2940 4639 2953 4675 :
2984 4622 3108 4693 quia
3144 4622 3341 4695 jugum
3383 4618 3538 4679 simul
3575 4628 3663 4672 non
3686 4621 3762 4662 tra-

529 4710 644 4766 sive
670 4708 823 4779 legis,
848 4720 1037 4765 contra
1059 4710 1334 4766 diabolum
1366 4710 1710 4767 dimicemus.

592 4807 637 4863 Α
672 4804 870 4863 dextris
903 4815 953 4860 et
982 4821 1014 4858 α
1052 4804 1301 4867 sinistris.
1332 4802 1445 4871 Nec
1468 4801 1763 4885 ,prostieris
1808 4801 2110 4873 elevantur,

524 4930 625 4969 nec
653 4915 965 4984 frangamur
994 4909 1262 4966 adversis.

597 5014 699 5068 Per
738 5012 963 5086 gloriam
997 5018 1045 5066 et
1088 5010 1485 5083 ignobilitatem.
1534 5009 1777 5071 Gloriam
1820 5008 2108 5075 virtutum,

522 5125 576 5171 et
605 5114 997 5184 ignobilitatem
1028 5112 1288 5168 carceris.

592 5213 695 5272 Per
722 5217 991 5285 infamiam
1021 5224 1067 5269 et
1099 5215 1285 5269 bonam
1318 5213 1517 5283 {amant
1548 5227 1565 5265 .'
1595 5222 1654 5264 ut
1688 5211 1988 5268 seductores
2016 5250 2028 5275 ,
2060 5220 2112 5265 et

521 5336 744 5375 veraces.
775 5320 857 5373 Ab
889 5318 1030 5381 aliis,
1065 5328 1124 5373 ut
1153 5331 1374 5372 veraces
1402 5314 1685 5370 laudamur
1715 5332 1727 5367 :
1762 5324 1819 5369 ut
1857 5313 2109 5368 seducto-

517 5437 605 5477 res
629 5419 697 5474 ab
725 5418 844 5473 aliis
874 5417 1199 5491 infamantur
1225 5438 1235 5471 :
1267 5418 1405 5473 sicut
1429 5427 1481 5471 et
1505 5417 1621 5503 ipse
1644 5417 1895 5471 Salvator
1918 5417 2108 5487 appel-

518 5526 656 5587 latus
686 5531 772 5585 est
815 5536 843 5575 a
884 5519 1086 5587 Iudaeis
1119 5521 1394 5591 seductor.
1440 5519 1570 5589 Quae
1611 5519 1791 5589 omnia
1827 5520 2107 5593 :cqualiter

514 5626 768 5688 ferimus,
813 5638 882 5679 ne
909 5622 1171 5679 extollant
1212 5636 1309 5679 nos
1332 5620 1617 5693 laudantes
1644 5659 1658 5685 ,
1710 5634 1809 5687 nec
1849 5620 2105 5693 dejiciant

514 5723 861 5789 detrahentes
892 5720 1052 5793 :quia
1076 5734 1300 5785 necesse
1329 5729 1413 5776 est
1445 5729 1726 5791 utramque
1752 5727 1959 5791 partem
1992 5722 2097 5777 ali-

511 5821 727 5897 quando
765 5820 1002 5889 mentiri,
1051 5820 1207 5889 Unde
1230 5820 1298 5893 ad
1340 5821 1730 5891 conscientiam
1772 5820 2096 5895 redeuntes.

2227 4713 2358 4771 bunt
2380 4756 2395 4783 ,
2421 4714 2523 4775 nisi
2565 4729 2721 4783 pares
2751 4730 2767 4769 :
2800 4714 2851 4781 id
2878 4722 2959 4771 est
2978 4754 2992 4779 ,
3022 4714 3197 4779 nolite
3229 4706 3674 4783 pseudoaposwlis
3698 4714 3762 4754 ευ·

2223 4807 2377 4874 ciari,
2402 4808 2483 4865 vel
2518 4807 2602 4863 his
2624 4807 2712 4878 qui
2744 4808 2796 4863 in
2824 4806 2993 4865 idolio
3017 4807 3434 4863 recutnbebant.

2296 4902 2427 4968 Qum
2450 4902 2588 4959 enim
2618 4901 2951 4973 participatio
2973 4901 3224 4971 justitiw,
3260 4917 3382 4959 cum
3413 4896 3676 4968 iniquitate,
3698 4892 3762 4938 (ml

2219 5011 2336 5067 quae
2368 4996 2587 5051 societas
2626 4995 2731 5051 luci
2759 4994 2829 5047 ad
2871 4993 3151 5050 tenebras?
3176 4992 3338 5049 Nulla
3358 5036 3373 5060 ,
3404 4992 3542 5053 sicut
3568 4998 3653 5057 nec
3672 4991 3763 5037 eum

2221 5088 2461 5147 tenebris
2504 5087 2633 5155 luci.
2680 5086 2855 5145 Simul
2895 5086 3134 5141 ostendit
3178 5086 3459 5139 nemiuem
3497 5092 3639 5152 posse
3673 5083 3766 5127 esse

2218 5180 2420 5257 justum
2452 5186 2509 5237 et
2545 5178 2805 5255 injustum
2841 5196 2855 5233 :
2887 5177 3046 5255 valde
3087 5178 3364 5249 contraria
3408 5171 3642 5245 exempla
3674 5176 3766 5237 ["0'

2220 5287 2450 5343 ponens.
2658 5324 2666 5331 .

2291 5364 2418 5430 Quae
2449 5370 2618 5419 autem
2663 5363 2928 5419 conventio
2967 5361 3160 5418 Christi
3199 5362 3270 5416 ad
3320 5357 3494 5423 Belial
3508 5358 3530 5413 f
3556 5358 3646 5411 Aut
3679 5358 3765 5419 ᾳυεε

2219 5473 2339 5526 pars
2378 5456 2528 5526 ﬁdeli
2552 5472 2671 5511 cum
2703 5456 2925 5526 inﬁdeli.
2963 5455 3185 5510 Pcnitus
3219 5456 3299 5508 illi
3343 5469 3450 5509 nou
3481 5456 3647 5523 potest
3668 5454 3770 5497 cun-

2216 5550 2422 5606 vellite.
2452 5548 2513 5613 In
2538 5549 2707 5613 Belial
2733 5559 2918 5623 alitem
2942 5548 3244 5625 diabOIunt,
3276 5546 3402 5603 sive
3426 5538 3767 5602 Antichriswm

2215 5642 2267 5698 in
2296 5643 2561 5698 vocabulo
2594 5642 2727 5697 idoli
2758 5642 3059 5697 nominavit
3080 5682 3094 5696 .

2287 5734 2389 5801 Qui
2420 5744 2592 5797 autem
2622 5750 2907 5795 consensus
2935 5734 3127 5804 templo
3160 5730 3287 5803 Dei,
3321 5747 3442 5785 cum
3472 5724 3656 5795 idolis?
3687 5716 3766 5772 V0!

2210 5829 2346 5903 enim
2375 5828 2495 5901 estis
2519 5825 2766 5907 tetnplunt
2795 5824 2902 5909 Dei
2930 5826 3055 5901 viri.
3086 5825 3231 5905 ldplg
3265 5823 3425 5903 ipsos
3451 5819 3684 5897 hominis
3708 5806 3769 5885 ᾤ’
