3978 6286
468 309 574 370 791
950 354 955 359 .
1505 303 1565 362 S.
1606 300 1990 361 IIIERONYMI
2028 301 2311 362 OPERUM
2350 303 2713 363 MANTISSA.
3651 311 3746 370 τρε

469 423 695 482 Graecos
738 433 872 479 vero
929 417 1378 493 consequentiam
1434 424 1725 474 structurae
1773 431 1898 474 esse
1949 414 2237 480 scr-Aad
2267 418 2639 491 paenitentiam
2671 427 2723 477 et
2751 419 3152 493 elecmosynam
3190 428 3494 492 provocat,
3538 431 3599 478 ut
3651 442 3742 483 non

471 532 674 575 monts.

542 614 649 670 Sed
675 611 1107 683 indignationem.
1147 609 1348 667 Contra
1378 615 1698 680 peccantes,
1739 622 1848 664 non
1900 606 2071 679 negli-

507 703 731 763 entiam.

507 719 731 763 entiam.

470 719 505 777 g
541 794 653 852 Sed
689 779 943 849 timorem.
974 791 1250 848 Timorem
1277 791 1514 857 Domini,
1556 806 1665 847 non
1697 791 2065 847 securitatem.

544 890 653 947 Sed
698 888 1029 943 desiderium.
1065 886 1184 943 Non
1220 886 1493 943 fastidium
1528 926 1544 954 ,
1598 885 1695 941 scd
1736 883 2071 942 desiderium

472 991 742 1041 nostrum.
1329 968 1334 973 ’

546 1076 657 1133 Sed
679 1074 1083 1132 wntulationem.
1114 1073 1318 1130 Contra
1343 1080 1652 1144 peccantes,
1678 1088 1748 1130 ne
1775 1073 1915 1130 ultra
1947 1086 2074 1144 pec-

470 1180 662 1227 carent
695 1188 708 1223 :
735 1185 841 1225 non
864 1168 1266 1224 remissionem.

545 1263 653 1321 Sed
679 1262 983 1317 vindictam.
1014 1260 1135 1316 Non
1155 1260 1365 1316 veniam
1413 1260 1661 1316 nocivam
1691 1303 1707 1329 ,
1763 1260 1859 1317 sed
1895 1260 2074 1316 vindi-

469 1366 611 1413 ctam
641 1355 955 1410 salutarem.
1494 1360 1501 1365 ·

543 1450 613 1504 1η
652 1450 887 1503 omnibus
922 1446 1230 1502 exhibuistis
1253 1463 1340 1500 vos
1380 1447 1954 1503 incontaminatos-esse
1986 1464 2077 1501 ne-

474 1545 635 1618 gotio.
665 1542 943 1599 Probastis
964 1541 1353 1594 vosimmunes
1387 1554 1417 1593 a
1440 1540 1601 1609 culpa
1634 1558 1646 1593 :
1679 1539 2077 1595 contaminatus

477 1640 620 1693 enim
652 1636 1030 1692 auctoritatem
1063 1651 1169 1689 non
1203 1634 1362 1688 habet
1392 1634 1727 1690 vindicandi.

546 1732 717 1801 Igitur
740 1732 835 1789 etsi
866 1730 1051 1798 scripsi
1082 1728 1251 1794 vobis,
1301 1745 1403 1782 non
1445 1738 1654 1798 propter
1689 1746 1808 1782 eum
1837 1730 1923 1799 qui
1960 1728 2079 1801 fecit

2171 520 2425 582 putarent
2452 514 2551 569 sibi
2578 528 2777 585 grave,
2826 513 2971 586 quod
3013 514 3365 587 pauperiores
3409 514 3625 573 videant
3646 518 3743 590 jam

2172 603 2388 660 fecisse.

2244 695 2315 749 Et
2348 696 2487 765 quod
2538 698 2590 751 in
2628 696 2791 752 multo
2823 699 3170 770 eaperimento
3220 701 3567 758 tribulationis
3603 706 3747 761 abun.

2175 786 2353 842 dantia
2381 788 2566 860 gaudii
2611 790 2845 861 ipsorum
2875 793 2997 862 fuit.
3030 792 3181 847 Tunc
3218 796 3458 852 maxime
3486 798 3743 869 gaudent,

2173 881 2390 952 quando
2413 881 2612 938 fuerint
2641 883 2911 949 tribulati,
2964 887 3203 944 scientes
3233 891 3528 960 Apostolos
3580 906 3745 952 contu-

2174 974 2395 1029 meliam
2418 976 2469 1029 in
2494 976 2724 1033 consilio
2747 993 2935 1048 passos
2958 995 3053 1052 pro
3074 984 3293 1040 nomine
3308 983 3533 1057 Christi,
3558 990 3745 1060 publica

2174 1068 2363 1124 laetitia
2404 1069 2570 1126 fuisse
2595 1071 2829 1142 gavisos.

2248 1160 2316 1215 Et
2337 1162 2593 1217 altissima
2619 1174 2898 1235 paupertas
2926 1182 3104 1221 eorum
3131 1168 3411 1225 abundavit
3461 1172 3518 1226 in
3572 1174 3745 1231 divitias

2175 1254 2527 1325 simplicitatis
2547 1271 2749 1311 eorum.
2780 1258 3007 1313 Multum
3040 1260 3256 1329 quidem
3285 1263 3337 1316 in
3368 1269 3585 1320 terrena
3610 1267 3749 1323 facul-

2177 1352 2287 1399 tate
2315 1354 2443 1401 sunt
2469 1362 2733 1417 pauperes
2763 1367 2775 1401 :
2805 1349 2901 1404 sed
2931 1351 2984 1405 in
3018 1367 3208 1422 magna
3253 1354 3605 1424 simplicitate
3647 1370 3748 1415 sunt

2178 1438 2376 1495 divites
2404 1458 2419 1497 z
2451 1441 2571 1511 plus
2601 1441 2880 1509 cupientes
2911 1446 3040 1502 dare
3066 1463 3224 1517 quam
3262 1450 3483 1505 habent.
3522 1452 3599 1510 Ac
3648 1471 3751 1525 pro-

2182 1539 2368 1601 pterea
2416 1533 2556 1589 Deus
2604 1536 2845 1590 animum
2890 1539 3062 1609 magis
3115 1542 3356 1609 probat,
3417 1559 3579 1613 quam
3631 1549 3748 1618 quod

2181 1622 2406 1680 dextera
2438 1627 2696 1696 porrigit;
2726 1628 2817 1697 qui
2839 1630 2983 1683 enim
3016 1642 3273 1699 quantum
3307 1642 3485 1704 potest
3516 1636 3662 1705 facit,
3687 1649 3753 1694 to-

2183 1728 2293 1773 tum
2338 1718 2485 1775 fecit.
2522 1722 2785 1776 Similiter
2813 1723 2968 1779 dives
3001 1733 3054 1780 et
3093 1740 3322 1797 pauper,
3351 1730 3600 1799 quamvis
3625 1730 3752 1789 dives

474 1825 724 1894 injuriam
749 1865 764 1890 ,
823 1838 915 1876 nec
945 1830 1153 1893 prapter
1184 1838 1299 1875 eum
1332 1821 1422 1890 qui
1458 1838 1642 1888 passus
1673 1831 1765 1876 est.
1796 1820 1913 1876 Non
1962 1835 2084 1891 pro-
2111 1812 2162 1875 Β
2188 1813 2419 1881 amplius
2448 1813 2578 1869 dare
2608 1814 2874 1870 Videntur.

470 1929 595 1989 pter
643 1932 764 1973 eum
794 1958 810 1983 ,
859 1918 948 1986 qui
1001 1916 1137 1984 patri
1190 1914 1317 1969 fecit
1358 1915 1611 1985 injuriam
1668 1924 1876 1971 tantum
1906 1958 1923 1983 ,
1982 1935 2083 1981 nec

471 2018 696 2081 propter
724 2010 897 2079 ipsum
926 2007 1271 2063 solummodo
1290 2050 1303 2075 ,
1330 2018 1539 2077 patrem
1566 2008 1782 2079 scripsi.
1811 2010 1999 2067 Potest
2027 2020 2084 2069 et

472 2105 547 2159 ita
574 2103 679 2158 dici
707 2118 721 2158 :
756 2101 871 2157 Non
908 2109 1132 2172 prepter
1160 2104 1311 2167 eum,
1344 2102 1436 2172 qui
1463 2101 1669 2172 ejectus
1695 2112 1811 2169 est,
1843 2104 2078 2175 scripsi:

473 2210 654 2266 neque
676 2194 822 2251 enim
848 2208 945 2263 per
968 2207 1055 2247 me
1078 2192 1196 2248 haec
1224 2193 1336 2247 sola
1361 2196 1645 2249 emendata
1663 2236 1679 2263 ,
1711 2194 1798 2251 vel
1829 2186 2081 2268 correpta

478 2297 565 2345 εει
587 2304 770 2344 causa.

547 2381 656 2437 Sed
709 2380 780 2435 ad
849 2380 1291 2452 manifestandam
1319 2378 1750 2437 'sollicitudinem
1807 2392 2073 2451 nostram,

469 2492 627 2547 quam
652 2475 897 2530 habemus
932 2492 1027 2546 pro
1055 2476 1198 2529 vobis
1219 2491 1394 2530 coram
1444 2476 1578 2531 Deo.
1624 2476 1702 2532 Ne
1741 2479 1939 2547 putetis
1977 2493 2078 2535 nos

467 2567 673 2637 aliquid
707 2582 868 2637 posse
898 2567 1099 2635 latere,
1142 2567 1270 2623 dum
1324 2582 1423 2640 pro
1450 2568 1607 2625 vobis
1666 2585 1852 2628 sumus
1910 2570 2076 2629 nimia

473 2674 605 2715 cura
627 2658 871 2715 solliciti.

547 2752 679 2808 Ideo
702 2769 898 2823 quoque
917 2754 1174 2809 consolati
1202 2771 1398 2813 sumus.
1444 2755 1585 2825 Quia
1614 2771 1711 2813 vos
1738 2758 1923 2816 castos
1951 2774 2078 2831 pro-

476 2846 619 2902 batis
646 2859 769 2901 esse
790 2846 844 2900 in
872 2846 1113 2917 negotio.

544 2938 614 2995 In
659 2938 1009 2997 consolatione
1044 2948 1221 2995 autem
1272 2950 1449 2997 nostra
1503 2943 1855 3000 abundantius
1909 2948 2076 3019 magis

469 3031 637 3102 gavisi
660 3046 838 3085 sumus
859 3046 1014 3101 super
1041 3032 1236 3101 gaudio
1277 3031 1384 3086 Titi
1414 3047 1434 3088 :
1462 3034 1583 3096 quia
1624 3035 1843 3104 refectus
1869 3047 1942 3091 est
1963 3038 2074 3110 spi-

466 3125 602 3177 ritus
647 3126 761 3195 ejus
806 3123 869 3176 ab
919 3123 1155 3178 omnibus
1207 3124 1366 3179 vobis.
1410 3125 1467 3181 In
1499 3125 1602 3182 hoc
1637 3141 1816 3183 autem
1843 3133 2076 3203 amplius

2260 1907 2395 1973 Quia
2425 1907 2711 1962 secundum
2752 1911 2991 1965 virtutem
3046 1913 3397 1968 testimonium
3442 1914 3550 1970 illis
3589 1917 3747 1984 reddo,

2182 2007 2231 2055 et
2258 2016 2419 2071 supra
2442 2002 2681 2056 virtutem
2709 2004 2990 2057 voluntarii
3012 2008 3245 2075 fuerunt.
3272 2006 3468 2063 Verbis
3491 2018 3754 2079 praeposte-

2181 2095 2256 2149 ris
2282 2094 2385 2150 hoc
2416 2095 2546 2151 dicit
2574 2095 2967 2153 Testimonium
3000 2099 3113 2154 illis
3138 2100 3306 2155 reddo
3330 2144 3345 2167 ,
3391 2103 3538 2174 quod
3587 2121 3754 2161 secun-

2181 2187 2308 2243 dum
2336 2189 2481 2244 vires
2523 2190 2782 2247 facientes
2812 2233 2826 2259 ,
2861 2207 3023 2264 supra
3052 2194 3306 2252 virtutem
3330 2198 3622 2256 voluntarii
3657 2200 3754 2256 fue-

2180 2288 2330 2334 runt.

2251 2371 2381 2427 Cum
2404 2373 2570 2427 multa
2596 2373 2955 2431 exhortatione
2987 2376 3308 2435 obsecrantes
3358 2400 3453 2437 nos
3487 2386 3694 2455 gratiam
3715 2395 3749 2437 et

2178 2467 2699 2522 communicationem
2746 2470 3066 2537 ministerii,
3123 2474 3261 2543 quod
3312 2476 3370 2543 ﬁt
3446 2479 3501 2531 in
3554 2488 3749 2533 sanctos.

2178 2558 2404 2614 Multum
2446 2560 2734 2616 suadentes
2756 2576 2856 2616 nos
2889 2607 2904 2631 ,
2955 2576 3326 2635 rogaverunt,
3375 2577 3434 2622 ut
3477 2580 3750 2641 gratanter,

2177 2664 2301 2721 qua:
2327 2650 2647 2723 oﬂerebant,
2679 2655 3084 2725 susciperemus
3133 2659 3187 2714 in
3242 2660 3604 2719 ministerium
3649 2678 3753 2720 san-

2174 2752 2410 2801 ctorum.

2249 2836 2320 2891 Et
2366 2854 2470 2893 non
2500 2840 2631 2894 sicut
2666 2843 2985 2909 speravimus
3016 2860 3033 2898 :
3065 2845 3155 2900 sed
3189 2848 3489 2917 semetipsos
3526 2850 3751 2903 dederunt

2176 2931 2399 3003 primum
2429 2931 2656 2987 Domino
2675 2975 2689 3000 ,
2721 2924 2910 2989 deinde
2943 2937 3106 2992 nobis.
3140 2940 3386 3009 Amplius
3414 2957 3565 3013 quam
3588 2957 3754 3011 spera-

2178 3023 2370 3079 bamus
2409 3023 2693 3095 fecerunt,
2726 3044 2832 3083 non
2862 3031 3104 3086 contenti
3135 3047 3231 3087 sua
3255 3033 3420 3101 dare,
3448 3035 3538 3090 sed
3559 3035 3750 3104 seipsos

2180 3118 2359 3188 primo
2388 3118 2621 3176 Domino
2656 3121 3031 3190 tradiderunt,
3060 3122 3259 3180 deinde
3290 3126 3480 3192 nobis;
3513 3128 3610 3181 hoc
3640 3134 3711 3182 est
3736 3166 3749 3190 ,

474 3191 733 3285 gratulati
780 3229 969 3270 sumus
997 3230 1013 3270 :
1046 3214 1189 3285 quod
1235 3217 1306 3271 ita
1338 3233 1368 3273 a
1398 3219 1552 3274 vobis
1583 3218 1689 3275 Titi
1726 3191 1951 3291 spiritus
1995 3235 2074 3282 est

2187 3211 2327 3267 Deus
2350 3212 2500 3268 videt
2526 3213 2858 3271 voluntatem
2891 3232 3079 3271 eorum
3105 3257 3121 3284 ,
3151 3233 3249 3273 nos
3277 3219 3546 3274 effectum.

474 3311 738 3375 refectus,
764 3320 823 3365 ut
844 3326 1134 3383 numquam
1166 3311 1235 3368 de
1264 3311 1383 3383 ejus
1411 3322 1593 3370 mente
1638 3317 1860 3388 possitis
1919 3334 2078 3377 rece-

477 3402 630 3460 dere.
661 3403 943 3459 Profectus
969 3404 1169 3475 quippe
1194 3404 1583 3477 discipulorum
1613 3410 1915 3479 spiritualia
1946 3428 2077 3484 gau-

479 3495 569 3552 dia
596 3504 722 3551 sunt
751 3496 1151 3566 magistrorum.

552 3588 622 3642 Et
651 3590 696 3643 si
724 3589 849 3658 quid
873 3589 1013 3656 apud
1042 3588 1193 3643 illum
1212 3589 1277 3645 de
1297 3589 1435 3645 vobis
1464 3592 1721 3663 gloriatus
1747 3611 1881 3650 sum.
1912 3596 2078 3665 Quasi

476 3681 687 3753 peritus
709 3680 947 3737 medicus
969 3680 1080 3752 agit
1107 3682 1199 3752 qui
1236 3682 1432 3739 vulnus
1453 3684 1562 3754 jam
1594 3701 1765 3757 prope
1793 3698 2075 3761 sanatum,

478 3775 693 3832 blandis
726 3776 1068 3832 unctionibus
1098 3775 1258 3844 fovet,
1301 3785 1360 3834 ut
1384 3776 1597 3836 facilius
1621 3784 1851 3840 cauterii
1891 3795 2079 3844 ustura

472 3880 716 3925 sanetur;

548 3961 675 4017 Non
699 3962 943 4033 confusus
967 3979 1112 4030 sum,
1145 3965 1235 4021 sed
1261 3967 1391 4021 sicut
1449 3968 1623 4023 omnia
1664 3970 1803 4027 vobis
1847 3973 1901 4028 in
1947 3974 2081 4029 veri-

478 4062 581 4108 tate
611 4053 768 4110 locuti
787 4071 985 4112 sumus.
1019 4056 1405 4115 Confusionem
1450 4075 1559 4117 non
1586 4061 1751 4120 habet
1791 4065 1962 4137 gloria
2010 4069 2079 4126 de

478 4148 745 4217 profectu.

552 4239 643 4294 Ita
671 4249 718 4295 et
746 4242 992 4313 gloriatio
1021 4250 1224 4311 nostra,
1247 4260 1364 4318 qua:
1403 4246 1503 4317 fuit
1531 4247 1601 4301 ad
1642 4248 1819 4304 Titum
1841 4291 1855 4317 ,
1891 4254 2080 4308 veritas

479 4335 621 4401 facta
644 4341 738 4387 est.
760 4332 838 4390 De
851 4332 1011 4390 rebus
1036 4334 1218 4406 justis,
1252 4350 1360 4393 non
1391 4337 1670 4410 vanitatis,
1691 4340 1785 4396 sed
1825 4342 2079 4400 veritatis

466 4429 567 4475 cst
587 4422 863 4491 gloriatio.

547 4513 619 4567 Et
669 4516 867 4571 viscera
908 4522 1021 4591 ejus
1050 4518 1416 4577 abundantius
1441 4524 1495 4576 iu
1535 4525 1675 4579 vobis
1712 4534 1832 4583 sunt
1873 4544 1892 4583 :
1922 4528 2079 4586 remi-

2261 3305 2361 3361 Per
2380 3307 2703 3363 voluntatem
2732 3310 2847 3364 Dei.
2889 3310 3009 3366 Non
3040 3321 3097 3368 ut
3126 3312 3283 3368 nobis
3336 3314 3605 3384 placerent
3651 3312 3750 3368 sine

2182 3400 2396 3455 Domini
2434 3402 2731 3457 voluntate.

2253 3491 2340 3547 Ita
2360 3501 2416 3547 ut
2436 3509 2734 3567 rogaremus
2774 3493 2952 3549 Titum
2985 3510 3005 3550 .'
3039 3506 3093 3550 ut
3122 3498 3552 3566 quemadmodum
3584 3500 3746 3570 coepit,

2180 3595 2228 3641 et
2254 3586 2489 3658 perﬁciat
2516 3587 2570 3641 in
2595 3588 2733 3641 vobis
2764 3589 2919 3643 etiam
2943 3590 3164 3662 gratiam
3191 3591 3367 3645 istam.
3416 3590 3629 3647 Illorum
3669 3590 3747 3644 de-

2180 3677 2401 3733 votione
2420 3678 2635 3733 accensi
2657 3692 2843 3733 sumus
2877 3681 3093 3736 mittere
3131 3696 3254 3736 eum
3302 3681 3368 3735 ad
3418 3697 3517 3737 vos
3550 3690 3640 3736 :ut
3665 3679 3747 3735 do-

2180 3769 2354 3824 ctrina
2385 3779 2438 3824 et
2458 3767 2818 3837 disrositione
2844 3786 2939 3827 sua
2958 3813 2973 3838 ,
3004 3773 3171 3827 etiam
3199 3772 3301 3828 hoc
3329 3772 3385 3827 in
3415 3772 3563 3827 vobis
3604 3770 3746 3843 perﬁo

2181 3863 2309 3931 ciat,
2326 3879 2395 3919 ne
2409 3863 2535 3935 quid
2559 3864 2737 3920 minus
2756 3865 2970 3920 etcteris
2988 3865 3253 3922 habeatis.
3276 3866 3354 3923 De
3375 3864 3750 3922 collaudatione

2180 3956 2582 4014 Corintltiortm
2614 3968 2664 4015 et
2691 3959 3001 4029 aequalitate
3025 4001 3039 4025 ,
3087 3967 3248 4031 prout
3270 3960 3511 4031 {quisque
3538 3959 3708 4015 habuit
3728 3997 3744 4025 ,

2181 4058 2238 4108 et
2266 4052 2336 4108 de
2358 4054 2662 4108 min’st'uio
2687 4052 2831 4121 quod
2867 4053 2925 4107 fit
2953 4054 3004 4109 in
3035 4064 3271 4119 sanctos,
3296 4055 3428 4125 agit.

2252 4146 2362 4201 Sed
2384 4146 2453 4201 sit
2470 4153 2525 4199 κ’.
2539 4146 2593 4198 in
2617 4145 2853 4200 omnibus
2882 4145 3161 4201 abundatis
3193 4146 3329 4215 ﬁde,
3353 4156 3402 4199 et
3428 4162 3676 4211 sermone,
3704 4152 3745 4197 et

2180 4238 2399 4293 scientia
2428 4253 2448 4285 μ’
2474 4247 2524 4291 et
2544 4239 2596 4293 in
2624 4239 2763 4292 omni
2800 4238 3183 4304 sollicitudine,
3210 4241 3425 4309 insuper
3448 4249 3495 4294 et
3523 4238 3745 4292 charitate

2181 4330 2427 4386 vestra’n
2449 4347 2564 4387 nos.
2593 4329 2728 4386 Nota
2772 4345 2894 4387 cum
2940 4330 3046 4388 fide
3076 4332 3363 4388 scientiam
3416 4346 3538 4389 esse
3574 4328 3741 4385 lauda-

2181 4424 2406 4571 Μῗῖιῖζι
2430 4516 2484 4570 in
2510 4515 2607 4570 hac
2630 4516 2801 4590 gratia
2826 4514 3115 4572 abundetis.
3148 4514 3227 4571 Ne
3262 4528 3387 4572 cum
3409 4518 3466 4572 in
3508 4514 3620 4572 aliis
3639 4512 3740 4568 Vin-

477 4605 720 4662 niscentis
769 4608 999 4663 omnium
1050 4621 1275 4667 vestrum
1317 4615 1680 4673 obedientiam.
1742 4620 1935 4678 Omnia
1978 4639 2075 4679 vos
2101 4584 2157 4647 Β
2180 4608 2339 4674 εδιίδο
2370 4608 2423 4663 in
2456 4607 2561 4663 Ιιοο
2584 4608 2652 4663 ab
2673 4608 2793 4662 aliis
2815 4607 3167 4678 superemini-

475 4701 765 4758 affectuum
806 4702 924 4772 ejus
968 4705 1212 4761 membra
1266 4707 1619 4770 desiderant:
1650 4722 1709 4768 ut
1747 4715 1889 4771 oculi
1934 4732 2074 4788 prae-

474 4796 727 4864 sentiam,
756 4809 915 4851 aures
944 4810 1279 4866 sermonem,
1321 4815 1384 4856 os
1412 4802 1736 4875 colloquium
1776 4820 2071 4879 exspectet.

547 4886 823 4952 Quomodo
850 4903 967 4942 cum
995 4888 1177 4944 timore
1226 4900 1273 4943 et
1324 4900 1539 4947 tremore
1591 4898 1859 4968 excepistis
1897 4900 2070 4956 illum.

471 4979 844 5035 Obcdientiam
872 4978 1084 5035 fidelem
1124 4979 1412 5052 descripsit
1438 5001 1451 5037 :
1476 4985 1567 5055 qui
1597 4990 1740 5043 enim
1780 5004 1845 5045 ex
1894 4991 2074 5048 chari-

471 5080 581 5127 tate
606 5073 810 5141 obedit,
844 5074 999 5129 timet
1027 5076 1378 5132 constristare
1403 5091 1565 5147 quem
1595 5079 1787 5152 diligit.

541 5164 783 5235 Gaudeo,
811 5168 950 5240 quod
988 5169 1042 5223 in
1066 5169 1305 5225 onmibus
1334 5171 1539 5239 conﬁdo
1566 5173 1620 5227 in
1652 5175 1811 5231 vobis.
1841 5177 2068 5235 Fecistis

457 5273 558 5329 “me
584 5259 823 5329 gaudere
858 5280 870 5315 :
903 5262 1032 5333 quia
1079 5262 1149 5320 de
1201 5262 1511 5321 obedientia
1543 5276 1719 5323 vestra
1772 5286 2066 5342 numquam

465 5353 616 5424 potui
641 5351 920 5424 haesitare,
951 5366 1007 5414 et
1032 5359 1100 5415 de
1132 5358 1438 5417 ministerio
1469 5361 1522 5417 in
1548 5370 1790 5422 sanctos.

1062 5492 1290 5552 CAPUT
1331 5495 1466 5555 VIII.

535 5628 732 5685 Notam
758 5637 931 5685 autem
956 5628 1209 5701 faciamus
1239 5638 1409 5704 vobis,
1440 5640 1646 5710 fratres,
1680 5638 1897 5710 gratiam
1931 5638 2060 5708 Dei,

458 5736 578 5791 qua:
605 5723 732 5776 data
762 5732 837 5777 est
860 5725 915 5779 in
937 5721 1185 5780 Ecclesiis
1209 5726 1550 5785 Macedoniae.
1584 5730 1814 5786 Causam
1842 5731 2062 5787 inchoat

441 5810 530 5866 ‘de
559 5811 804 5869 collectis
826 5855 840 5881 ,
871 5825 927 5873 et
965 5817 1217 5894 exemplo
1248 5818 1618 5878 Ecclesiarum
1652 5822 1865 5879 illarum
1892 5864 1907 5892 ,
1960 5837 2055 5881 eos

2252 4702 2377 4756 Non
2398 4702 2547 4773 quasi
2574 4702 2831 4773 imperans
2862 4702 2974 4756 dico
2999 4717 3019 4756 :
3050 4701 3142 4755 sed
3192 4718 3282 4771 per
3328 4701 3551 4757 aliorum
3574 4696 3741 4756 sollici-

2179 4798 2440 4863 tudinem,
2494 4797 2649 4850 etiam
2694 4806 2875 4850 vestrm
2941 4795 3209 4850 charitatis
3265 4795 3529 4867 ingenium
3576 4794 3739 4847 bonum

2178 4891 2536 4960 comprobans.
2560 4888 2677 4944 Non
2707 4889 2913 4959 impero
2942 4930 2958 4956 ,
2987 4903 3090 4944 nec
3129 4889 3310 4959 exigo,
3357 4888 3454 4943 sed
3486 4884 3738 4943 consilium

2178 4982 2246 5037 do
2276 4998 2290 5035 ε
2325 4990 2381 5035 ut
2407 4981 2547 5037 sicut
2573 4981 2626 5036 in
2657 4980 2841 5035 multis
2867 4978 3095 5035 formam
3123 4979 3245 5033 aliis
3286 4979 3543 5049 praebetis
3574 4997 3587 5033 :
3614 4978 3740 5033 itaet

2175 5073 2229 5129 in
2259 5075 2365 5129 isto
2391 5088 2558 5144 opere
2594 5072 2826 5128 faciatis.
2885 5072 2981 5127 Est
3019 5072 3164 5128 enim
3212 5072 3370 5126 vobis
3410 5071 3491 5129 sic
3534 5067 3738 5142 ingenita

2172 5169 2366 5239 pietas,
2400 5175 2459 5222 ut
2480 5168 2547 5223 ab
2573 5167 2692 5222 aliis
2717 5181 2835 5222 eam
2859 5166 3072 5222 discere
3095 5165 3316 5223 minime
3347 5167 3572 5238 egentis.

2244 5263 2401 5319 Scitis
2459 5263 2595 5316 enim
2642 5264 2866 5333 gratiam
2912 5261 3126 5315 Domini
3152 5263 3314 5316 nostri
3366 5260 3497 5317 Iesu
3526 5258 3736 5316 Christi:

2168 5357 2415 5431 quoniam
2466 5364 2677 5429 propter
2733 5370 2822 5409 vos
2874 5371 3063 5425 egenus
3114 5358 3284 5425 [actus
3324 5364 3439 5425 est,
3493 5370 3604 5409 cum
3629 5357 3737 5404 esset

2170 5452 2309 5508 dives
2340 5467 2360 5507 :
2390 5461 2445 5505 ut
2484 5450 2629 5505 illius
2658 5449 2836 5517 inapia
2862 5464 2948 5503 vos
2973 5447 3150 5503 divites
3180 5449 3356 5503 essetis
3375 5490 3390 5514 ,
3416 5459 3464 5503 et
3492 5444 3735 5503 consilium

2166 5546 2221 5600 in
2260 5544 2357 5599 hoc
2378 5546 2467 5599 do.
2522 5542 2635 5597 Hoc
2665 5544 2802 5597 enim
2847 5542 2989 5597 vobis
3031 5541 3156 5596 utile
3205 5550 3301 5597 est.
3334 5540 3457 5597 Non
3507 5534 3733 5610 ignoratis

2168 5636 2265 5692 Dei
2294 5636 2489 5691 Filium
2515 5645 2739 5705 propter
2778 5648 2875 5689 vos
2906 5648 3198 5704 pauperem
3242 5632 3451 5690 factum
3478 5675 3492 5699 ,
3524 5632 3606 5703 qui
3634 5626 3733 5681 vnio

2163 5742 2442 5784 versurum
2473 5735 2591 5783 erat
2617 5725 2868 5783 conditor
2893 5732 2949 5780 et
2974 5725 3269 5793 Dominus,
3304 5734 3364 5780 ut
3416 5724 3533 5795 ejus
3568 5732 3729 5778 exem-

2160 5821 2248 5893 plo
2274 5820 2431 5878 bonis
2456 5819 2768 5877 ctelestibus
2807 5816 3137 5876 ditaremini.
3167 5817 3220 5875 Si
3263 5832 3392 5890 ergo
3412 5817 3506 5873 ille
3533 5820 3723 5886 propter
