3978 6286
195 416 290 474 795

919 403 1470 464 COMMENTARIUS
1506 402 1575 461 IN
1613 402 2006 463 EPlSTOLAM
2047 406 2089 463 ll
2128 408 2221 465 Al)
2259 408 2415 472 COR.
2458 410 2610 469 CAP.
2652 411 2751 469 IX.

3374 411 3479 473 79h

189 541 277 582 vos
301 520 616 594 temporalia
647 520 898 577 universa
939 520 1289 590 contempsit,
1345 527 1548 591 quanto
1600 520 1774 591 magis
1801 522 1855 582 A
1881 540 2049 579 comes
2088 528 2519 599 peregrinationis
2550 540 2769 601 nostrae,
2802 531 2855 584 in
2908 529 3044 586 hanc
3073 532 3296 603 gratiam
3322 574 3335 598 ,
3366 550 3482 606 quia

191 634 277 675 vos
304 617 434 673 dare
463 615 671 672 debetis
702 630 902 686 parva,
948 628 1053 668 non
1090 623 1271 669 vestra
1298 653 1315 679 ,
1362 612 1529 668 immo
1580 626 1676 667 sua
1720 612 1774 668 ei

189 712 425 769 reddere.
457 708 564 778 Ipsi
586 711 731 764 enim
756 706 933 770 datur,
959 704 1219 777 quidquid
1261 704 1378 776 ejus
1436 718 1599 760 causa
1648 719 1775 774 por-

187 806 384 878 rigitur.
410 802 583 860 Simul
611 810 665 858 et
688 810 875 856 contra
902 798 1192 855 Photinum
1237 797 1381 863 facit,
1422 796 1566 868 quod
1598 796 1775 867 prius-

186 913 332 969 quam
384 909 591 966 pauper
645 894 801 949 iieret
848 890 1099 949 Christus
1131 933 1147 961 ,
1217 889 1370 946 dives
1438 897 1555 946 erat
1594 906 1609 945 :
1648 889 1771 962 quia

185 989 453 1047 habitabat
492 989 546 1043 in
587 987 764 1043 Patre.

249 1080 347 1149 Qui
368 1096 475 1134 non
496 1079 665 1134 solum
689 1078 859 1146 facere
883 1120 898 1145 ,
933 1076 1024 1132 sed
1052 1082 1098 1131 et
1124 1076 1252 1132 velle
1277 1062 1499 1149 coepistis
1527 1075 1592 1130 ab
1622 1092 1762 1132 anno

182 1174 364 1245 priore.
398 1169 650 1227 Ostendit
674 1168 938 1239 quosdam
963 1183 1123 1238 posse
1151 1167 1327 1225 facere
1357 1183 1463 1223 non
1487 1169 1764 1225 volentes:

180 1281 288 1323 cum
314 1274 412 1319 aut
433 1261 812 1335 importunitas
842 1261 1080 1332 petentis
1115 1302 1129 1329 ,
1172 1271 1266 1317 aut
1297 1262 1595 1317 auctoritas
1626 1277 1770 1333 pra:-

180 1356 421 1427 cipientis
448 1356 716 1425 exigeret.

244 1448 402 1504 Nunc
444 1465 559 1504 vero
606 1457 656 1503 et
705 1450 843 1520 facto
896 1447 1165 1519 perﬁcito,
1227 1454 1283 1501 ut
1332 1448 1767 1518 quemadmodum

176 1552 435 1615 promptus
465 1552 540 1596 est
570 1542 776 1596 animus
804 1541 1087 1595 voluntatis
1117 1555 1135 1593 :
1164 1541 1237 1594 ita
1263 1540 1329 1594 sit
1356 1550 1401 1594 et
1428 1540 1763 1610 perﬁciendi,

177 1654 230 1693 ea:
252 1654 305 1692 eo
332 1642 478 1708 quod
509 1637 725 1690 habetis.
761 1635 914 1704 Quod
939 1634 1244 1690 voluntarie
1293 1635 1572 1703 incepistis
1597 1677 1612 1701 ,
1658 1635 1763 1690 im-

175 1728 323 1797 plete.
364 1728 553 1783 Omnis
577 1727 720 1782 enim
748 1726 877 1782 boni
913 1725 1095 1796 operis
1128 1727 1248 1779 linis
1276 1734 1360 1781 est
1402 1726 1761 1796 expetendus.

172 1820 288 1885 Quia
322 1820 469 1875 sicut
498 1819 693 1873 factum
726 1817 910 1882 inviti,
942 1825 1225 1886 acceptum
1270 1834 1375 1873 non
1408 1829 1491 1873 est
1519 1836 1531 1871 :
1562 1818 1633 1872 ita
1663 1833 1761 1874 vo-

172 1913 336 1968 luntas
369 1910 704 1967 infructuosa
733 1920 835 1977 est,
864 1909 1185 1965 habentibus
1215 1924 1333 1965 eam
1364 1910 1479 1964 sine
1509 1908 1671 1965 facto.

232 2003 290 2058 Si
316 2005 456 2057 enim
486 2003 725 2057 voluntas
765 2011 1004 2072 prompta
1048 2011 1160 2055 est:
1192 2001 1477 2056 secundum
1516 2002 1573 2053 id
1619 2000 1757 2071 quod

169 2095 325 2160 habet,
364 2104 579 2164 accepta
618 2103 714 2158 est,
741 2111 842 2149 non
871 2095 1152 2149 secundum
1183 2095 1237 2147 id
1266 2094 1406 2165 quod
1439 2111 1543 2150 non
1580 2093 1753 2151 habet.

167 2185 235 2241 Ne
255 2188 459 2257 pinetis
480 2202 569 2242 me
598 2186 833 2257 aliquem
867 2200 1026 2256 supra
1056 2187 1202 2242 vires
1227 2200 1424 2257 cogere
1450 2229 1465 2254 ,
1520 2196 1611 2242 aut
1640 2194 1759 2243 tan-

170 2286 267 2333 tum
298 2280 358 2334 in
391 2278 493 2334 hac
515 2292 678 2335 causa
708 2294 738 2334 a
770 2293 1007 2349 paupere
1032 2286 1293 2349 quantum
1315 2294 1346 2333 a
1378 2278 1545 2345 divite
1589 2295 1758 2351 expe-

170 2381 290 2429 tere.
318 2372 528 2430 Omnes
555 2372 838 2444 aequaliter
859 2371 1068 2427 dabunt
1095 2413 1110 2439 ,
1150 2372 1194 2427 si
1226 2372 1593 2443 unusquisque
1641 2381 1761 2427 tan-

169 2476 268 2523 tum
296 2467 540 2533 dederit,
573 2477 836 2538 quantum
867 2472 1078 2537 potest.
1137 2480 1243 2521 non
1277 2465 1577 2522 secundum
1614 2465 1760 2536 quod

168 2576 265 2617 non
284 2562 473 2616 habet.
497 2561 613 2617 Hoc
640 2570 695 2617 et
725 2560 927 2616 Tobias
951 2559 1168 2616 dicebat
1219 2559 1287 2615 ad
1335 2559 1504 2615 ﬁlium
1536 2576 1553 2620 :
1592 2559 1761 2616 Prout

170 2653 439 2722 habueris,
484 2654 580 2717 ﬁli,
612 2652 700 2709 fac
723 2654 1153 2725 eleemosynam.

234 2745 358 2801 Non
389 2746 521 2801 enim
549 2755 604 2800 ut
642 2746 761 2799 aliis
780 2746 848 2800 sit
868 2746 1101 2799 remissio
1126 2786 1139 2809 ,
1172 2744 1315 2799 vobis
1340 2753 1513 2799 autem
1540 2743 1761 2799 tribula-

172 2838 788 2909 tionedextzqualitate
814 2839 866 2892 in
893 2838 1133 2909 praesenti
1178 2848 1423 2907 tempore.
1467 2836 1587 2893 Non
1634 2837 1761 2893 dico

174 2939 224 2985 ut
244 2932 402 2987 vobis
422 2931 559 2988 nihil
600 2930 831 2989 servetis
862 2973 877 2999 ,
925 2932 1023 2987 sed
1085 2930 1229 3003 quod
1275 2929 1491 3002 quidem
1544 2931 1760 3002 utrique

171 3024 417 3080 sufﬁciat.

240 3116 428 3173 Vestra
462 3116 783 3172 abundantia
831 3117 1045 3172 illorum
1088 3117 1322 3189 inopiam
1369 3119 1647 3192 suppleat,
1704 3127 1760 3173 ut

169 3210 374 3265 illorum
402 3211 722 3267 abundantia
748 3220 928 3266 vestrm
967 3211 1160 3281 inapia:
1188 3212 1256 3265 sit
1292 3214 1711 3283 supplementum
1738 3227 1758 3267 :

1877 619 2200 674 ministratur
2246 639 2279 676 a
2326 624 2493 678 nobis.
2540 624 2880 680 Tcsﬁmonio
2938 626 3310 683 Ecclesiarum
3362 626 3479 683 idov

1877 724 2037 765 neum
2068 726 2191 767 eum
2225 720 2278 767 et
2304 714 2590 784 probatum
2624 716 2790 772 fuisse
2819 716 3182 774 demonstrat.

1948 804 2029 858 Αιι
2085 804 2296 861 Domini
2335 807 2577 878 gloriam,
2623 819 2670 864 et
2701 811 3006 866 destinatam
3035 812 3348 870 voluntatem
3380 830 3478 868 no-

1875 904 2057 953 stram.
2090 897 2429 969 Propositam
2449 941 2464 967 ,
2494 903 2609 958 sive
2640 912 2904 971 paratam.

1945 990 2243 1048 Devitantes
2272 994 2390 1059 hoc,
2420 1013 2482 1051 ne
2511 997 2624 1066 quis
2651 1014 2744 1051 nos
2773 999 3019 1068 vituperet
3044 998 3097 1052 in
3126 998 3224 1052 hac
3255 998 3479 1067 plenitu-

1873 1084 2021 1154 dine,
2054 1101 2170 1156 qua:
2197 1088 2518 1143 ministratur
2548 1106 2579 1143 a
2613 1089 2757 1144 nobis
2790 1090 2842 1143 in
2891 1090 3098 1145 Domini
3126 1090 3369 1162 gloriam.
3400 1089 3477 1145 Ne

1872 1181 1991 1250 quis
2019 1179 2183 1248 dicat,
2217 1182 2490 1251 quomodo
2529 1182 2777 1239 Christus
2824 1184 2996 1254 legem
3021 1184 3261 1254 implevit
3301 1201 3315 1238 :
3349 1199 3471 1241 cum

1871 1270 2148 1327 videamus
2195 1272 2585 1341 Christianos,
2639 1291 2749 1331 non
2806 1284 3007 1331 tantam
3064 1276 3469 1347 eleemosyuam

1870 1361 2070 1432 facere,
2104 1373 2357 1434 quantam
2394 1367 2511 1422 fieri
2546 1368 2597 1421 in
2631 1367 2747 1438 lege
2775 1376 3106 1437 prmceptum
3147 1367 3271 1422 est?

1941 1456 2285 1514 Providemus
2312 1462 2445 1515 enim
2478 1462 2638 1523 bona,
2670 1478 2772 1515 non
2802 1463 2967 1515 solum
3005 1478 3176 1515 coram
3208 1461 3347 1529 Deo,
3378 1460 3471 1515 sed

1869 1551 2026 1605 etiam
2055 1568 2227 1605 coram
2279 1553 2589 1609 hominibus.
2623 1553 2765 1608 Nihil
2807 1554 2948 1608 enim
2980 1555 3222 1623 'propter
3277 1554 3470 1607 huma-

1870 1659 1993 1697 nam
2018 1644 2242 1714 gloriam
2272 1644 2495 1701 l‘acimus
2521 1688 2537 1713 ,
2592 1647 2686 1701 sed
2717 1657 2895 1701 tamen
2945 1648 3202 1701 nolumus
3229 1690 3243 1711 ,
3288 1656 3339 1699 ut
3372 1661 3471 1716 per

1868 1751 1968 1790 nos
1998 1736 2192 1805 aliquis
2220 1739 2539 1794 scandalum
2566 1740 2757 1794 merito
2777 1738 3043 1809 patimur:
3073 1739 3165 1795 sed
3189 1746 3247 1793 ut
3282 1752 3470 1792 oumes

1866 1828 2118 1884 videntes
2173 1845 2340 1901 opera
2393 1842 2577 1888 nostra
2632 1832 2814 1899 bona,
2858 1831 3204 1904 magniﬁccnt
3254 1832 3467 1887 l'atrem

1786 1915 1836 1976 B
1863 1930 2130 1974 nostrum.

1934 2010 2173 2066 Misimus
2195 2021 2366 2067 autem
2386 2029 2503 2067 cum
2526 2014 2630 2069 illis
2651 2024 2698 2069 et
2718 2016 2931 2085 fratrem
2955 2026 3207 2071 nostrum.
3233 2017 3463 2087 Quidam

1860 2103 1964 2159 hoc
1991 2104 2060 2160 de
2091 2106 2283 2177 Apollo
2312 2116 2564 2161 asserunt
2593 2107 2817 2162 dictum.

1936 2195 2100 2263 Quem
2144 2196 2475 2267 probavimus
2520 2199 2573 2252 in
2616 2199 2787 2252 multis
2822 2215 2957 2272 δίκερε
3009 2200 3290 2255 sollicitum
3333 2220 3463 2260 esse.

1861 2287 2255 2345 Testimonium
2288 2291 2361 2345 illi
2384 2292 2497 2358 dat,
2523 2301 2582 2347 ut
2610 2291 2825 2347 facilius
2850 2292 3126 2350 audiatur.

1934 2380 2092 2436 Nunc
2120 2392 2292 2437 autem
2315 2382 2478 2438 multo
2506 2384 2856 2440 sollicitiorem
2886 2387 3195 2456 conﬁdentia
3225 2388 3464 2460 mullalin

1860 2488 1969 2527 vos.
2007 2473 2173 2529 Multo
2208 2490 2350 2531 nunc
2377 2474 2757 2531 sollicitiorem
2814 2477 3238 2547 comprobamus
3292 2494 3414 2534 eum
3442 2524 3457 2550 ,

1862 2574 2085 2635 propter
2124 2581 2223 2621 vos
2269 2584 2283 2621 :
2334 2567 2459 2636 quia
2511 2575 2692 2623 vestra
2748 2568 3057 2624 obedientia
3112 2580 3459 2641 provocatur,

1860 2656 1976 2713 sive
2006 2658 2130 2727 quia
2161 2657 2330 2728 adjuti
2352 2674 2381 2713 a
2413 2658 2557 2727 Tito,
2588 2660 2703 2716 sive
2732 2661 2857 2731 quia
2904 2675 3002 2733 per
3036 2662 3274 2733 seipsum
3314 2677 3463 2719 com-

1862 2750 2130 2822 probavit.

1933 2842 2054 2898 Sive
2076 2859 2169 2912 pro
2193 2841 2329 2907 Tito,
2356 2843 2446 2914 qui
2474 2852 2549 2897 est
2578 2842 2747 2898 socius
2780 2859 2920 2898 meus
2940 2884 2955 2908 ,
2995 2854 3043 2900 et
3068 2847 3119 2900 in
3142 2847 3279 2902 vobis
3307 2850 3466 2921 adju-

1862 2942 1961 3000 tor,
2015 2936 2117 2989 sive
2153 2936 2340 3005 fratres
2385 2935 2545 2989 nostri
2580 2979 2594 3003 ,
2641 2936 2870 3007 Apostoli
2900 2934 3253 2993 Ecclesiarum
3292 2941 3461 3011 gloria

1862 3027 2078 3083 Christi.
2118 3027 2273 3096 Quod
2304 3027 2469 3095 dicit,
2503 3028 2605 3083 hoc
2644 3039 2725 3083 est
2757 3046 2771 3085 :
2802 3028 2935 3084 Tam
2983 3029 3095 3097 Titi
3137 3046 3335 3098 cau-a,
3369 3032 3463 3104 qui

1862 3138 2049 3179 eorum
2075 3122 2437 3179 obedientiam
2467 3122 2872 3179 collaudaverat
2897 3168 2911 3193 ,
2942 3138 3102 3194 quam
3148 3138 3338 3181 eorum
3370 3127 3461 3196 qui

1862 3217 1930 3273 ad
1953 3218 2129 3289 ipsum
2154 3217 2365 3272 fuerant
2386 3218 2591 3288 pariter
2606 3217 2860 3272 destinati
2888 3233 2901 3269 :
2925 3217 2997 3271 ita
3026 3232 3087 3273 se
3111 3219 3458 3288 exhiberem,

168 3312 219 3356 ut
240 3304 331 3374 fiat
362 3305 636 3374 inqualitas
666 3322 681 3358 :
712 3304 846 3359 sicut
875 3305 1127 3375 scriptum
1151 3312 1247 3370 est.
1275 3304 1411 3359 Date
1430 3304 1538 3359 illis
1558 3319 1755 3359 carna-
1782 3298 1829 3362 C
1862 3318 1918 3365 ut
1939 3317 1994 3365 et
2013 3308 2298 3365 charitatis
2329 3309 2697 3365 sinceritatem
2726 3318 2781 3365 et
2818 3308 3131 3379 apostolicae
3178 3326 3277 3381 pro
3323 3312 3458 3383 ipsis

165 3394 251 3462 lia,
278 3408 338 3453 ut
369 3405 426 3452 et
453 3397 528 3452 illi
556 3406 837 3463 vacantes,
871 3396 1083 3465 possint
1109 3395 1263 3450 vobis
1302 3396 1535 3451 reddere
1590 3396 1753 3467 spiri-

167 3488 342 3544 tualia.
371 3488 465 3546 Isti
495 3490 637 3547 enim
663 3489 770 3543 duo
789 3488 989 3558 gradus
1008 3528 1024 3557 ,
1055 3489 1173 3543 sine
1202 3488 1468 3544 alterutro
1494 3502 1618 3543 esse
1646 3503 1754 3544 non

163 3590 387 3650 possunt
415 3597 431 3636 :
454 3581 566 3651 jam
595 3582 740 3636 enim
771 3581 861 3637 ille
882 3580 1157 3651 perlectus
1180 3595 1287 3635 non
1325 3581 1430 3636 erit
1456 3580 1523 3635 de
1564 3595 1756 3637 carna-

165 3663 295 3723 libus
307 3666 623 3738 cositando,
651 3665 901 3736 quamvis
924 3664 1259 3732 misericors,
1282 3680 1405 3721 cum
1434 3680 1540 3720 non
1566 3664 1750 3737 habet,

162 3757 243 3811 cui
266 3758 429 3826 dare,
463 3758 545 3813 vel
568 3758 841 3828 quomodo
872 3758 1004 3814 dare
1031 3757 1313 3813 doceatur.

234 3850 331 3917 Qui
365 3851 589 3905 multum
619 3851 832 3918 habuit,
865 3866 971 3904 non
1016 3849 1331 3905 abundavit:
1362 3858 1409 3904 et
1450 3849 1539 3922 qui
1584 3850 1753 3905 modi-

160 3956 288 4008 cum,
317 3957 426 3995 non
446 3942 738 3997 minoravit.
767 3941 846 3997 De
874 3955 1070 3996 manna
1100 3940 1205 3996 hoc
1229 3940 1447 4009 dicitur,
1494 3942 1639 4013 quod
1664 3957 1754 3999 ac-

159 4038 297 4106 cepit
341 4036 584 4107 populus
636 4036 687 4091 in
732 4035 984 4103 deserto,
1016 4035 1170 4106 cujus
1190 4035 1439 4105 exemplo
1468 4034 1751 4101 docemur,

156 4128 293 4199 quod
324 4130 510 4185 omnis
536 4129 1029 4200 superabundautia
1060 4138 1284 4200 generet
1299 4143 1534 4184 vermes.
1580 4128 1752 4185 Simul

157 4230 208 4276 et
233 4223 564 4290 ostenditur,
586 4238 706 4294 quae
732 4224 875 4278 Deus
904 4222 1028 4290 dat,
1069 4222 1324 4277 omnibus
1364 4221 1591 4292 aequalia
1632 4235 1753 4278 esse

154 4315 379 4372 debere.
418 4315 490 4370 Et
528 4323 750 4386 propter
792 4314 951 4385 hujus
996 4314 1292 4369 testimonii
1335 4313 1750 4382 auctoritatem,

156 4408 266 4463 vult
291 4406 455 4463 nobis
481 4407 777 4478 Apostolus
807 4406 1096 4477 prmsentia
1133 4405 1315 4462 omnia
1347 4420 1470 4461 esse
1507 4422 1753 4462 commu-

155 4505 263 4569 nia,
294 4514 439 4561 utet
486 4506 711 4577 perfecti
745 4505 1050 4560 doctrinam
1103 4518 1210 4558 non
1264 4501 1646 4568 abscondant,
1699 4511 1755 4559 et

154 4598 420 4656 habentes
473 4600 832 4656 substantiam
889 4596 1117 4664 mundi,
1184 4610 1291 4649 non
1348 4594 1621 4665 denegent
1671 4595 1752 4652 eis

151 4694 379 4749 victum.
413 4694 617 4765 Dignus
642 4702 725 4748 est
753 4691 900 4748 enim
932 4691 1215 4763 operarius
1244 4690 1370 4746 cibo
1398 4706 1518 4745 suo.

218 4787 439 4843 Gratias
468 4796 639 4841 autem
666 4802 767 4858 ago
792 4785 930 4855 Deo,
961 4785 1049 4855 qui
1078 4783 1222 4838 dedit
1270 4784 1501 4837 eamdem
1552 4784 1754 4840 sollici-

147 4882 387 4935 tudinem
414 4896 508 4948 pro
537 4879 678 4934 vobis
710 4880 761 4932 in
798 4878 951 4932 corde
971 4877 1075 4932 Titi
1104 4895 1117 4931 :
1147 4877 1397 4948 quoniam
1434 4877 1752 4932 exhortatio-

146 4992 264 5029 nem
291 4975 507 5042 quidem
539 4973 799 5044 suscepit,
831 4972 920 5027 sed
955 4988 1074 5025 cum
1126 4971 1399 5024 sollicitior
1450 4983 1616 5036 esset,
1659 4988 1752 5026 sua

146 5068 422 5123 voluntate
446 5068 704 5138 profectus
722 5074 794 5120 est
821 5066 891 5119 ad
916 5080 1020 5120 vos.
1063 5064 1247 5120 Gratia
1300 5063 1515 5135 quidem
1554 5064 1755 5121 exhor-

145 5160 400 5227 talionis,
424 5168 480 5215 et
504 5159 785 5213 voluntate
817 5160 1030 5227 protnria
1080 5156 1395 5224 festinavit,
1440 5163 1500 5211 ut
1546 5173 1753 5213 merce-

145 5256 267 5308 dem
301 5253 549 5320 haberet,
603 5269 709 5308 non
742 5251 965 5320 invitus,
1006 5251 1159 5323 quasi
1204 5252 1255 5307 ei
1293 5251 1371 5306 sic
1407 5250 1611 5305 credita
1639 5251 1752 5308 dis-

146 5346 430 5420 pensatio.

216 5443 469 5498 Misimus
507 5452 679 5498 autem
705 5458 823 5497 cum
872 5440 967 5496 illo
1018 5442 1234 5513 fratrem
1280 5449 1514 5497 nostrum
1542 5482 1557 5507 ,
1602 5444 1751 5513 cujus

140 5538 258 5590 laus
282 5544 367 5590 est
396 5537 449 5589 in
495 5534 779 5608 Evangelio
823 5551 914 5608 per
968 5551 1138 5590 omnes
1182 5534 1457 5590 Ecclesias.
1511 5534 1624 5591 Hoc
1682 5535 1752 5591 de

140 5628 293 5681 Luca
350 5626 673 5697 intelligitur
706 5626 867 5698 :quia
916 5627 1133 5684 laudem
1187 5630 1238 5683 in
1276 5628 1572 5700 Evangelia
1621 5643 1752 5683 con-

136 5718 449 5777 scribendo
489 5718 705 5776 videtur
755 5717 957 5774 habere
1005 5735 1114 5790 prae
1162 5722 1411 5787 ca~teris;
1459 5722 1547 5792 qui
1588 5723 1752 5777 etiam

135 5811 324 5869 Actus
353 5809 740 5881 Apostolorum
764 5821 964 5882 praeter
994 5813 1280 5885 Evangelia
1315 5814 1551 5887 scripsit.

211 5905 357 5963 Non
387 5908 554 5961 solum
579 5916 782 5975 autem,
814 5908 905 5964 sed
933 5918 976 5963 et
1004 5909 1278 5963 ordinatus
1310 5917 1382 5964 est
1412 5910 1475 5965 ab
1506 5908 1752 5967 Ecclesiis

1857 3401 2046 3475 glorias
2074 3402 2355 3459 veritatem
2381 3442 2396 3464 ,
2433 3400 2491 3457 in
2526 3411 2826 3472 conspectu
2853 3400 3096 3457 omnium
3127 3404 3457 3473 comproba-

1856 3501 2001 3550 rent.

1931 3578 2288 3642 Ostensionem
2309 3601 2451 3657 ergo,
2480 3601 2581 3656 qua
2602 3593 2677 3640 est
2703 3585 2971 3641 charitatis
2995 3595 3174 3643 vestra:
3194 3596 3241 3641 et
3269 3596 3461 3645 nostra:

1854 3680 2055 3752 gloriae,
2084 3696 2178 3751 pro
2204 3679 2341 3733 vobis
2378 3681 2430 3733 in
2459 3678 2579 3735 illos
2609 3681 2861 3735 ostendite
2889 3681 2941 3735 in
2977 3683 3166 3753 faciem
3195 3679 3458 3739 Ecclesia-

1854 3786 1975 3825 rum
2000 3788 2017 3825 :
2046 3771 2116 3828 Ut
2144 3770 2363 3826 videant
2392 3787 2583 3827 verum
2614 3787 2760 3838 esse,
2791 3772 2935 3842 quod
2965 3772 3167 3828 dicitur
3198 3775 3253 3829 in
3279 3776 3456 3831 omni-

1854 3864 1957 3920 bus
1989 3864 2247 3919 Ecclesiis
2278 3864 2344 3919 de
2368 3874 2549 3921 vestro
2588 3865 2853 3934 profectu.
2906 3865 3036 3921 Sive
3066 3866 3245 3933 aliter,
3273 3878 3458 3923 osten-

1855 3956 1966 4012 dite
1988 3957 2309 4012 charitatem
2338 3968 2573 4012 vestram
2602 3957 2673 4013 dc
2709 3973 2813 4030 qua
2841 3972 3027 4014 coram
3054 3958 3308 4016 omnibus
3351 3957 3456 4017 Ec-

1854 4050 2036 4107 clesiis
2062 4050 2383 4121 gloriamur.

2464 4139 2692 4199 CAPU'I‘
2730 4142 2821 4200 IX.

1928 4236 2069 4292 Nam
2104 4235 2168 4291 de
2204 4237 2514 4304 ministerio,
2558 4237 2696 4305 quod
2742 4236 2801 4307 ﬁt
2835 4239 2889 4292 in
2928 4245 3156 4307 sanctos,
3192 4254 3257 4309 ea:
3294 4238 3457 4294 abun-

1857 4330 2007 4384 danti
2049 4339 2123 4385 εει
2160 4328 2287 4384 mihi
2334 4331 2557 4385 scribere
2611 4330 2769 4384 vobis.
2814 4330 2939 4385 Scio
2980 4332 3115 4387 enim
3165 4342 3459 4403 promptum

1855 4426 2090 4480 animum
2123 4433 2370 4490 vestrum,
2420 4440 2513 4492 pro
2543 4440 2643 4494 quo
2673 4423 2737 4476 de
2772 4423 2912 4478 vobis
2942 4424 3139 4494 glorior
3170 4425 3313 4495 apud
3342 4424 3462 4480 Ma-

1856 4518 2093 4591 qedones.
2138 4516 2347 4571 Mutare
2386 4516 2629 4583 videtur,
2670 4524 2911 4581 sanctos,
2966 4516 3055 4570 hic
3100 4530 3320 4581 sensum
3364 4527 3463 4574 :et

1859 4608 1985 4665 ideo
2014 4608 2233 4679 quidam
2264 4607 2453 4663 dicunt
2481 4622 2602 4663 eum
2635 4607 2892 4677 superius
2922 4607 2991 4664 de
3016 4608 3170 4664 laicis
3202 4609 3407 4666 dixisse
3442 4627 3455 4665 :

1779 4691 1834 4752 D
1861 4703 1950 4757 hic
1970 4717 2101 4756 vero
2122 4700 2192 4755 de
2210 4700 2589 4756 sacerdotibus
2616 4699 2842 4755 sanctis.
2876 4700 2983 4755 Alii
3006 4716 3138 4757 vero
3161 4701 3314 4757 aiunt
3335 4716 3457 4757 eum

1856 4797 1926 4852 de
1952 4796 2320 4865 eleemosyuis
2349 4795 2631 4864 hucusque
2662 4804 2946 4862 tractasse,
2978 4796 3139 4851 modo
3175 4804 3356 4851 autem
3388 4795 3457 4849 de

1858 4886 2162 4941 ministerio
2190 4885 2341 4940 verbi
2381 4900 2727 4941 commonere
2756 4901 2771 4939 :
2803 4886 2947 4957 quod
2981 4887 3330 4942 sanctificatis
3362 4901 3457 4957 per

1857 4978 2186 5045 baptismum
2220 4978 2527 5031 exhibetur.
2562 4977 2658 5031 llic
2679 4992 2814 5031 vero
2836 4978 2943 5031 duo
2970 4992 3161 5032 sensus
3196 4993 3363 5046 usque
3384 4977 3451 5032 ad

1858 5071 2019 5127 tinem
2060 5085 2239 5125 causae
2268 5069 2559 5139 diligenter
2593 5069 2805 5139 utrique
2832 5078 2957 5123 sunt
2998 5066 3304 5138 colligendi.

1932 5166 2190 5232 Quoniam
2234 5173 2281 5219 et
2323 5162 2522 5217 Achaia
2563 5172 2747 5233 parata
2788 5172 2863 5217 est
2888 5164 2952 5216 ab
2996 5179 3132 5215 anno
3174 5163 3450 5233 praeterito.

1857 5260 1992 5316 Tota
2044 5259 2344 5329 provincia,
2378 5260 2534 5327 cujus
2570 5268 2732 5330 caput
2772 5260 2937 5323 estis,
2972 5272 3072 5328 per
3102 5272 3202 5312 nos
3244 5259 3311 5313 ad
3349 5257 3456 5314 hoc

1857 5352 2224 5407 ministerium
2252 5360 2551 5422 provocata
2577 5362 2681 5407 est.

1930 5445 1998 5499 Et
2019 5454 2184 5500 vestra
2205 5443 2471 5499 aemulatio
2500 5444 2791 5511 provocavit
2814 5442 3088 5513 plurimos.
3114 5444 3215 5499 llic
3237 5444 3454 5500 aemula-

1858 5539 1933 5595 tio
1954 5553 2053 5610 pro
2084 5538 2385 5595 imitatione
2417 5539 2662 5610 ponitur.

1928 5632 2171 5688 Misimus
2196 5641 2367 5687 autem
2392 5634 2599 5703 fratres,
2630 5643 2685 5686 ut
2717 5649 2779 5687 ne
2796 5633 2935 5703 quod
2961 5633 3252 5704 gloriamur
3276 5632 3341 5686 de
3368 5647 3458 5685 vo-

1856 5726 1955 5794 bis,
1977 5737 2249 5783 evacuetur
2269 5727 2324 5781 in
2353 5728 2449 5782 hac
2473 5736 2641 5796 parte.
2671 5725 2936 5797 Superius
2962 5733 3299 5783 memoratur
3319 5741 3333 5779 :
3352 5723 3457 5793 Qui

1857 5836 1955 5877 vos
1998 5829 2386 5877 commoneant
2426 5835 2495 5876 ne
2538 5818 2701 5876 aliter
2732 5820 3013 5876 inveniant
3038 5836 3051 5875 :
3079 5820 3132 5875 in
3168 5825 3322 5893 parte
3350 5818 3456 5874 do—

1858 5913 2073 5982 ctrinae,
2101 5913 2215 5969 sive
2246 5912 2557 5981 ministerii,
2594 5927 2754 5985 quam
2785 5911 3059 5985 putabam,
