3978 6286
549 332 655 390 795
1573 331 1631 387 S.
1675 284 2055 393 HIERONYMl
2095 328 2383 407 OPERUM
2426 332 2793 393 biANTlSSL
3705 340 3783 421 Tib

627 445 696 502 Ut
728 447 1161 517 quemadmodum
1188 446 1297 501 dixi
1317 464 1333 501 :
1366 444 1551 501 Parati
1584 448 1696 502 sitis
1724 466 1743 504 :
1767 467 1829 503 ne
1854 466 1971 503 cum
2008 464 2150 502 vene-
2179 450 2227 515 Α
2258 446 2472 503 referas
2506 466 2517 503 :
2557 448 2678 517 Qui
2703 450 2855 507 dedit
2898 451 3136 508 officium
3168 450 3422 515 docendi,
3473 452 3717 520 pratstabit
3751 464 3792 511 st

550 541 655 597 rint
696 532 1005 595 Macedones
1049 558 1269 605 mecum,
1304 551 1350 594 et
1392 542 1681 595 iurcnerint
1722 560 1810 597 vos
1842 544 2147 615 imparatos,
2254 554 2432 605 escam
2470 540 2564 594 tibi
2598 558 2612 593 :
2645 542 2807 599 modo
2838 542 2903 596 ad
2936 543 3037 598 hoc
3068 544 3245 598 solum
3281 558 3471 597 vacare
3501 543 3641 597 velis.

552 633 915 688 erubescamus
942 650 1057 697 nos,
1090 643 1143 687 ut
1175 651 1275 686 non
1304 636 1539 688 dicamus
1570 651 1679 695 vos,
1708 636 1760 689 in
1789 634 1888 689 hac
1914 636 2151 691 substan-
2328 631 2393 685 Et
2428 634 2795 705 multiplicabit
2836 652 3006 693 semen
3048 647 3293 692 vestrum.
3347 637 3687 704 llumilitatis,
3726 641 3789 696 vel

554 729 649 781 tia.
693 727 749 781 Si
796 741 894 781 nos
950 726 1369 793 erubuerimus,
1418 727 1569 794 quasi
1620 728 1759 782 falsi)
1808 730 2149 800 gloriantes:
2255 728 2548 803 sermonis.

551 831 753 888 quanto
793 822 963 889 magis
1010 835 1105 875 vos
1138 828 1193 874 et
1235 836 1329 892 pro
1354 829 1533 875 vestra
1576 821 1930 892 negligentia,
1962 830 2016 876 et
2047 836 2147 890 pro
2330 818 2395 872 Et
2418 822 2623 899 augebit
2652 822 2968 879 incrementa
3004 827 3213 897 frugum
3231 825 3453 897 justitite
3480 833 3659 880 vestra.
3686 825 3791 882 Fru-

554 924 744 967 nostro
776 912 1016 967 rubore?
1039 913 1203 968 Multa
1233 914 1375 968 enim
1416 898 1662 970 confusio
1690 925 1794 981 est,
1826 915 1871 969 si
1898 916 2015 987 quis
2055 930 2153 985 pro
2253 925 2349 979 ges
2374 898 2601 980 iustitia:
2646 923 2773 968 sunt
2812 915 3121 985 facultates,
3149 932 3271 972 cum
3303 917 3371 972 de
3412 917 3491 972 eis
3531 916 3785 986 lltjustitia.

556 1018 645 1072 eo,
680 1005 769 1074 qui
797 1019 920 1059 eum
950 1005 1144 1074 diligit,
1171 1005 1481 1073 erubescat.
1784 992 1793 999 “
1980 990 1985 993 ’
2256 1001 2388 1083 Cum
2418 1018 2546 1083 vero
2571 1012 2664 1083 aut
2687 1007 2870 1078 inique
2892 1017 3307 1081 eougregantur,
3334 988 3425 1061 aut
3448 1008 3515 1062 ad
3536 1008 3789 1081 avaritiam,

628 1092 991 1149 Necessarium
1013 1112 1133 1167 ergo
1173 1097 1463 1150 existimavi
1492 1113 1674 1171 rogare
1702 1098 1908 1168 fratres,
1941 1107 1997 1167 ut
2025 1115 2153 1171 prce-
2257 1080 2679 1166 velsuperbiam
2715 1099 3082 1170 possidentur,
3135 1099 3317 1171 fruges
3346 1098 3636 1175 iniquitatis
3670 1100 3788 1156 ﬁunt.

552 1190 757 1244 veniant
788 1192 856 1245 ad
889 1209 997 1259 vos,
1032 1202 1078 1246 et
1112 1203 1405 1265 prceparent
1442 1194 1805 1263 repromissam
1834 1193 2153 1248 benedictio-
2258 1187 2439 1243 Pretio
2466 1191 2605 1242 enim
2631 1205 2869 1260 gravatis
2890 1192 3149 1256 triticum,
3178 1193 3233 1247 in
3266 1192 3463 1263 populo
3489 1191 3790 1248 maledieilur:

554 1298 668 1335 nent
690 1282 826 1337 hanc
847 1294 1083 1358 paratam
1109 1301 1237 1340 esse.
1262 1283 1389 1341 Sive
1412 1302 1439 1338 τι
1470 1269 2007 1352 ὴςηθάἰερησιο,”εἰνρ
2028 1288 2150 1359 quia

2257 1280 2372 1334 sive
2422 1279 2601 1349 fruges
2640 1281 2867 1350 justitize
2920 1297 3205 1338 sermones
3250 1295 3376 1337 sunt
3406 1282 3531 1337 Dei.
3564 1283 3632 1338 De
3658 1282 3789 1339 fructu

558 1392 655 1445 per
685 1379 1075 1441 humanitatem
1106 1395 1292 1433 eorum
1324 1364 1633 1435 benedictio
1660 1380 1903 1453 nascitur
1930 1382 2044 1436 Dei.
2256 1370 2402 1425 enim
2438 1371 2704 1426 Ιτιῧίοτυηι
2736 1389 2958 1429 500mm
2991 1374 3279 1441 satiabitur
3307 1375 3547 1445 sapiens-

630 1472 722 1526 Sic
745 1457 895 1544 quasi
934 1474 1357 1537 benedictionem,
1395 1490 1494 1527 non
1523 1474 1673 1545 quasi
1708 1474 2001 1527 avaritiam.
2038 1474 2150 1529 Hoc

2334 1460 2402 1516 Ut
2432 1464 2485 1514 iu
2517 1464 2754 1518 omnibus
2778 1466 3081 1537 locupletati
3105 1466 3375 1520 abundetis
3410 1468 3465 1521 in
3495 1483 3673 1521 omnem
3700 1467 3792 1522 sim-

554 1572 723 1617 autem
748 1563 865 1618 dico
896 1581 913 1619 :
941 1564 1043 1631 Qui
1066 1581 1223 1634 parce
1252 1566 1486 1630 seminat,
1514 1581 1669 1635 parce
1697 1575 1745 1620 et
1776 1576 1943 1621 metet.
1977 1565 2041 1619 Et
2066 1567 2150 1638 qui

2259 1552 2563 1622 plici’atem,
2600 1573 2714 1623 qua:
2741 1567 2989 1626 operatur
3030 1575 3121 1630 per
3146 1574 3240 1612 nos
3278 1560 3568 1631 gratiarum
3595 1560 3794 1612 actionem

555 1657 778 1710 seminat
808 1658 859 1709 iu
882 1656 1347 1727 benedictionibus,
1372 1660 1435 1715 de
1457 1659 1889 1714 benedictionibus
1910 1672 1955 1715 et
1982 1670 2150 1714 metet.

2262 1644 2389 1698 Deo.
2423 1645 2491 1700 Ut
2522 1645 2641 1701 sine
2672 1647 3005 1703 discretione
3038 1648 3293 1704 omnibus
3342 1649 3651 1719 simpliciter
3684 1648 3794 1704 indi-

562 1747 929 1820 Unusquisque
958 1760 1113 1827 prout
1145 1754 1415 1808 destinavit
1448 1756 1498 1807 in
1522 1756 1675 1809 corde
1709 1772 1825 1820 suo,
1857 1772 1958 1809 non
1985 1772 2046 1809 ex
2068 1756 2150 1809 tri-

2259 1737 2514 1805 gentibus
2556 1737 2829 1793 tribuatis.
2868 1739 2983 1794 Non
3028 1749 3356 1810 quaerentes,
3403 1741 3518 1809 cui,
3549 1740 3634 1797 sed
3665 1754 3792 1812 quare

554 1842 727 1910 stitia,
757 1851 847 1897 aut
880 1845 1202 1900 necessitate.
1244 1844 1562 1903 Benedictio
1588 1846 1694 1902 erit
1716 1848 1759 1902 si
1791 1857 1944 1917 grato
1972 1847 2154 1902 animo
2190 1826 2229 1903 Β
2259 1827 2425 1884 deus-

561 1931 844 1987 tribuatur,
2144 1920 2147 1925 ’
2336 1921 2593 1987 Quoniam
2634 1922 2973 1978 ministerium
3002 1922 3158 1997 hujus
3190 1924 3353 1997 ofﬁcii
3385 1940 3491 1979 non
3521 1924 3669 1979 solum
3696 1941 3791 1989 sup-

633 2024 871 2081 Hilarem
896 2027 1032 2082 enim
1075 2026 1309 2082 datorem
1340 2026 1511 2101 diligit
1545 2025 1706 2085 Deus.
1737 2030 1945 2084 Avarus
1975 2037 2150 2099 auten]

2263 2014 2367 2084 plet
2397 2031 2479 2079 ea,
2512 2031 2626 2087 qua:
2663 2017 2845 2071 desunt
2891 2019 3109 2081 sanctis,
3144 2018 3235 2073 sed
3266 2020 3419 2072 etian
3470 2017 3697 2083 abundat,
3732 2034 3797 2087 per

562 2117 805 2174 hilariter
831 2119 965 2176 dare
1006 2137 1111 2175 non
1147 2122 1318 2177 novit.
1369 2120 1425 2175 In
1472 2121 1694 2177 scientia
1740 2134 1918 2195 autem
1962 2135 2150 2177 avarus

2264 2108 2454 2161 multas
2474 2108 2759 2178 gratiarum
2773 2108 2998 2164 actiones
3013 2110 3064 2163 in
3081 2106 3326 2163 Domina.
3346 2108 3613 2180 Duplicem
3631 2111 3799 2179 [torosis

561 2220 668 2276 εει,
694 2211 783 2279 qui
806 2226 1026 2267 sensum
1053 2229 1158 2267 non
1188 2214 1301 2267 vult
1326 2213 1578 2283 implere.
1605 2230 1764 2284 quem
1788 2215 1973 2285 C(Bpil.
2002 2213 2150 2281 Unde

2266 2199 2467 2255 habere
2516 2202 2824 2257 met-cedem
2858 2218 2871 2254 :
2904 2212 2956 2255 et
3006 2200 3395 2269 perfectionem
3428 2211 3732 2262 sanctorum,
3766 2209 3802 2252 ct

561 2300 820 2373 Dominus
850 2304 1120 2357 neminem
1145 2302 1197 2359 in
1222 2305 1303 2357 via
1334 2304 1567 2359 salutare
1593 2307 1847 2375 pnecepit
1877 2292 1890 2358 ἐ
1922 2305 2025 2360 boe
2052 2314 2150 2371 est,

2262 2291 2555 2362 gratiarum
2600 2294 2650 2346 in
2702 2293 2930 2347 Domino
2959 2292 3223 2347 actiones.
3259 2293 3434 2347 Aliter
3476 2292 3620 2347 :Non
3660 2293 3792 2347 solum

558 2392 694 2447 nulli
722 2393 1034 2450 transitoria
1064 2394 1291 2450 verbum
1333 2394 1655 2450 atinuntiare
1688 2397 1899 2451 salutis.
1936 2398 2049 2452 lloc
2076 2406 2150 2452 est

2262 2385 2419 2440 docet
2444 2396 2683 2452 sanctos,
2713 2387 2807 2442 sed
2838 2386 3066 2441 Domino
3092 2387 3292 2457 gratias
3321 2388 3458 2457 agit,
3483 2386 3570 2458 qui
3596 2400 3679 2441 nos
3696 2395 3802 2439 tanta

560 2496 765 2554 autem,
810 2488 899 2555 qui
945 2502 1109 2559 parce
1139 2488 1390 2557 seminat,
1442 2504 1603 2556 parce
1638 2499 1693 2543 et
1739 2499 1923 2543 metet.
1956 2472 2159 2544 Contra
2264 2481 2530 2551 sapienlia
2564 2481 2817 2555 εῐυάίνίῑ-

560 2576 904 2632 Iovinianum
949 2577 1112 2633 etiam
1158 2577 1245 2632 hic
1295 2578 1445 2632 locus
1474 2578 1643 2645 facit,
1696 2580 1787 2633 ubi
1837 2581 2157 2635 meritorum
2340 2570 2441 2625 Ρεν
2501 2571 2854 2643 Ρῖοὺαιίοηεηι
2921 2573 3195 2625 ηιῖηίειενίὶ
3258 2571 3453 2646 huius.
3514 2572 3805 2646 gladii-“att”

568 2667 766 2739 gradus
806 2683 927 2724 esse
959 2678 1351 2725 monstrantur.
1389 2671 1449 2724 Et
1490 2672 1578 2739 qui
1636 2672 1869 2726 seminat
1902 2673 1953 2727 in
1990 2672 2150 2728 bene-

2265 2662 2429 2717 Dcum
2458 2666 2509 2717 in
2541 2663 2827 2718 obedientia
2871 2665 3209 2733 confessionis
3246 2671 3453 2737 restraz,
3496 2665 3545 2717 iu
3576 2662 3804 2733 Eraugelio

566 2762 915 2829 dictionibus,
966 2762 1034 2818 de
1071 2764 1545 2819 benedictionibus
1587 2778 1638 2820 et
1674 2778 1859 2823 metet.
1897 2768 2157 2822 Econtra-
2265 2754 2479 2810 (Πινίειίο
2522 2755 2623 2835 ξ’θτ
2656 2758 2757 2810 hoc
2787 2755 3146 2810 ηιίηίδίθτίυηὶ
3193 2770 3316 2810 esse
3349 2755 3649 2826 Pmbm‘i"i
3683 2751 3803 2808 Chri‘

563 2856 645 2909 rio
687 2870 816 2926 ergo
847 2855 898 2910 in
933 2834 1317 2912 maledictione
1347 2858 1651 2926 seminans,
1689 2859 1813 2914 inde
1851 2870 1905 2915 et
1950 2870 2150 2915 metet:

2263 2848 2448 2915 stiaui,
2497 2834 2905 2919 magnificantes
2939 2848 3128 2916 Deum,
3176 2863 3271 2915 per
3300 2862 3533 2917 opt-rum
3564 2845 3807 2901 confessio-

560 2948 697 3001 sicut
728 2948 988 3016 scriptum
1020 2957 1103 3003 est
1130 2966 1142 3001 :
1175 2947 1290 3003 Non
1328 2950 1567 3005 semines
1616 2950 1754 3006 mala
1789 2951 1840 3006 iu
1883 2951 2045 3005 sulcis
2076 2954 2158 3006 in-
2264 2958 2410 3005 nem,
2433 2942 2569 2995 sicut
2594 2942 2904 2996 econtrario
2925 2942 3017 2996 alii
3043 2940 3199 2996 faelis
3223 2956 3422 3011 negare
3454 2937 3806 2995 dieuntur.Ali-

557 3040 748 3110 jar-nn,
799 3048 853 3093 et
902 3056 1009 3094 non
1063 3050 1233 3096 metes
1280 3056 1340 3096 ea
1393 3043 1724 3113 septuplum.
1781 3042 2158 3114 Unusquisque
2264 3043 2367 3099 ter,
2399 3034 2637 3104 perfecte
2677 3035 2910 3101 docetis,
2946 3045 2999 3091 et
3028 3034 3314 3090 ostenditis
3358 3035 3602 3091 divinum
3630 3032 3806 3096 esse,in

566 3138 725 3199 prout
764 3129 1054 3185 destinavit
1102 3132 1153 3186 in
1185 3131 1350 3187 corde
1381 3148 1499 3199 suo,
1552 3134 1603 3189 id
1635 3145 1738 3204 est,
1787 3136 2153 3205 voluntarius,
2261 3145 2368 3198 quo
2399 3116 2567 3183 Deum
2598 3145 2692 3200 per
2716 3129 3079 3185 obedientiam
3113 3126 3503 3197 magniﬁcatis.

563 3238 669 3277 non
700 3232 920 3278 coactus
953 3242 963 3276 :
995 3241 1100 3279 non
1146 3241 1209 3281 ex
1244 3226 1487 3291 tristitia,
1529 3238 1621 3281 aut
1664 3214 1733 3282 ei
1782 3228 2105 3284 necessitate
2139 3248 2151 3283 :
2183 3206 2230 3269 Ο
2333 3219 2402 3274 Et
2427 3216 2759 3295 simplicitate
2785 3222 3264 3275 communicationis
3300 3230 3488 3276 vestra?
3534 3224 3585 3275 in
3621 3220 3740 3283 illos,
3774 3231 3808 3267 rt

561 3312 788 3369 hilarem
829 3316 973 3370 enim
1021 3316 1265 3373 datorem
1314 3318 1486 3389 diligit
1540 3321 1703 3387 Deus,
1744 3322 2041 3376 secundum
2072 3337 2157 3377 sa-
2260 3314 2312 3366 in
2339 3330 2533 3379 ontncs,
2567 3326 2613 3368 et
2639 3315 2687 3367 in
2720 3316 2948 3387 ipsorum
2974 3314 3319 3368 obsecratione
3344 3332 3445 3385 pro
3468 3316 3621 3369 vobis.
3651 3312 3698 3367 lu
3723 3325 3809 3365 om-

563 3406 822 3477 pientiatn
860 3409 1171 3465 Salomonis
1207 3430 1217 3462 :
1256 3411 1323 3466 Et
1352 3412 1402 3465 iu
1446 3414 1593 3466 omni
1627 3413 1778 3483 dato,
1814 3414 2042 3469 hilarem
2076 3416 2157 3470 fac
2261 3422 2355 3460 nes
2382 3405 2705 3476 simpliciter
2727 3406 3052 3473 tribuentes,
3087 3410 3201 3460 sive
3236 3408 3502 3462 docentes
3536 3410 3691 3481 bona.
3716 3416 3807 3470 ηυε

558 3500 765 3561 vultum
798 3511 969 3556 tuum.
1003 3502 1061 3558 Si
1093 3513 1273 3558 autem
1303 3504 1369 3558 de
1390 3505 1615 3560 scientia
1644 3507 1987 3578 intelligitur,
2020 3494 2150 3578 blla?

2258 3499 2673 3553 communicatis
2716 3498 2894 3568 potius
2934 3514 3093 3569 quam
3147 3498 3393 3567 donatis,
3446 3499 3579 3554 certi
3608 3512 3691 3552 vos
3713 3509 3803 3549 cum

560 3606 677 3645 rem
714 3593 765 3646 in
809 3593 997 3649 labore
1025 3611 1125 3649 suo
1152 3596 1269 3651 vult
1301 3613 1422 3652 esse
1454 3598 1737 3654 doctorem
1773 3618 1785 3655 :
1816 3574 1957 3655 sicut
1999 3574 2068 3657 de
2098 3617 2158 3658 se
2260 3592 2548 3665 ηιιιιιῖριίοί
2577 3608 2637 3647 0³
2666 3593 2854 3649 fenore
2883 3602 3219 3671 τοοορῑιποεο
3250 3594 3374 3649 "me
3396 3595 3581 3647 (ιῐηιιίθ
3608 3596 3810 3662 Opim"

561 3684 696 3739 alibi
722 3685 875 3740 dicit,
908 3686 962 3741 Si
995 3688 1141 3744 enim
1180 3691 1369 3745 volens
1417 3691 1518 3746 huc
1547 3709 1669 3764 agn,
1716 3694 2027 3750 mercedem
2062 3696 2158 3751 ha-
2260 3684 2661 3739 administratio
2687 3682 3051 3754 bujusoflicii,
3077 3687 3373 3756 quasetiam
3404 3686 3462 3740 in
3486 3682 3807 3739 ltocabundat.

563 3774 689 3846 ben,
719 3786 771 3830 et
802 3776 1030 3848 reliqua.
2330 3776 2749 3832 Desiderantium
2776 3796 2882 3843 vos,
2915 3790 3124 3849 prapter
3154 3779 3471 3832 eminentem
3510 3779 3714 3851 gratiam
3742 3772 3811 3825 Dei

634 3870 829 3927 Potens
860 3886 932 3929 est
965 3884 1137 3929 autem
1168 3874 1327 3933 Deus.
1370 3877 1498 3935 Sive
1532 3895 1597 3933 ne
1628 3878 1866 3950 inopiam
1899 3879 2150 3936 formida-

2258 3870 2309 3923 iu
2356 3869 2512 3924 robis.
2564 3870 2693 3938 Quis
2725 3882 2905 3926 autem
2956 3887 3063 3925 non
3096 3870 3373 3943 desideret
3426 3872 3587 3926 talem
3631 3875 3809 3939 propter

559 3974 702 4026 rent,
730 3966 844 4019 sive
868 3967 1160 4035 gratuitum
1188 3970 1388 4025 donum
1422 3972 1721 4041 εειρῑρηιίερ,
2257 3964 2508 4032 gratiam,
2560 3964 2675 4019 sive
2716 3966 2980 4027 scientiae,
3017 3963 3133 4019 sive
3182 3963 3592 4032 misericordiae,
3644 3955 3811 4016 eximis

636 4056 851 4111 Omnem
878 4061 1101 4129 gratiam
1136 4061 1404 4117 abundare
1436 4065 1606 4136 facere
1635 4067 1685 4117 iu
1716 4064 1876 4119 vobis.
1911 4063 2152 4120 Gratiam
2258 4057 2613 4123 ειιιίιιεηῑειηο

561 4151 881 4216 nascentim,
912 4153 1033 4220 quia
1059 4153 1253 4207 exinde
1282 4170 1375 4222 per
1422 4170 1583 4222 opera
1619 4167 1793 4210 veSIra
1824 4155 1935 4211 Deo
1965 4156 2155 4226 gratim
2329 4148 2538 4204 Gratias
2567 4166 2665 4223 ago
2698 4149 2807 4204 Deo
2837 4168 2987 4220 super
3032 4150 3364 4205 inenarrabili
3414 4151 3556 4204 dona
3582 4150 3699 4218 ejus.
3728 4142 3803 4209 Qui

562 4236 894 4296 referuntur.
928 4228 973 4298 Ᾰ
1004 4241 1179 4297 fructu
1210 4246 1352 4298 enim
1386 4246 1662 4313 frumenti,
1696 4247 1803 4300 viui
1837 4258 1890 4301 et
1910 4236 2150 4315 olei'sui,
2261 4251 2461 4296 tantum
2510 4243 2665 4297 nubis
2692 4244 2918 4313 gratiam
2950 4246 3150 4315 pietate
3197 4258 3292 4298 sua
3324 4242 3583 4296 conferre
3610 4239 3812 4305 άίέιιεηυε

562 4335 903 4405 multiplicati
941 4346 1087 4391 sunt.
2138 4340 2141 4343 '
2258 4345 2361 4389 est.
2402 4336 2473 4389 De
2506 4336 2674 4390 armis
2703 4336 3016 4391 carnalibus
3053 4345 3107 4389 et
3135 4334 3550 4404 spiritualibus,
3602 4341 3650 4386 et
3682 4328 3737 4382 de
3759 4329 3812 4378 A-

637 4426 704 4479 Ut
732 4428 785 4481 in
814 4430 1051 4483 erunibus
1083 4446 1284 4502 semper
1319 4448 1517 4485 onmem
1554 4432 1921 4504 sufﬁcientiam
1963 4434 2151 4489 Ιιιώεη-
2260 4429 2457 4507 p0stoli
2486 4435 2773 4498 potestate,
2808 4437 2864 4483 et
2894 4428 2961 4483 de
2995 4429 3076 4482 bis
3115 4429 3205 4500 qui
3233 4428 3454 4497 seipsus
3482 4420 3812 4482 commendare

556 4526 653 4581 tes,
684 4518 951 4597 abundetis
982 4522 1035 4575 in
1056 4538 1203 4575 omne
1230 4539 1359 4591 opus
1384 4525 1593 4589 bonum,
1620 4526 1754 4579 sicut
1783 4528 2034 4599 scriptum
2054 4536 2148 4581 est.
2190 4590 2227 4599 _
2260 4532 2543 4579 conantur.

557 4607 633 4663 Ita
665 4618 722 4663 ut
750 4592 856 4664 tam
882 4615 1179 4668 carnalium
1211 4590 1664 4682 misericordiam,
1692 4634 1852 4688 quam
1887 4590 2149 4687 spiritua-
2189 4590 2235 4649 D
2882 4612 3107 4669 CAPUT
3147 4611 3216 4668 Χ.

556 4700 712 4766 lium,
742 4702 794 4757 id
825 4712 931 4770 est,
971 4706 1341 4763 doctrinarum
1375 4726 1510 4780 opus
1543 4710 1742 4765 bonum
1776 4713 1995 4782 possitis
2045 4714 2148 4766 itn-
2333 4724 2457 4796 ιρεε
2481 4735 2652 4781 autem
2688 4743 2778 4801 ego
2811 4724 3036 4796 Paulus,
3077 4727 3281 4780 obsecro
3318 4740 3408 4779 vos
3450 4740 3545 4799 per
3572 4725 3816 4775 mansueta

558 4800 731 4872 plere,
759 4804 894 4857 sicut
924 4806 1330 4875 scriptutuest:
2259 4820 2431 4874 dinem
2472 4829 2520 4873 et
2561 4800 2861 4874 modestiam
2919 4819 3132 4874 Christi.
3181 4820 3255 4875 Ea
3301 4834 3399 4873 vos
3450 4809 3815 4873 ntansuetudite

632 4903 911 4979 Dispersit,
932 4908 1070 4961 dedit
1092 4911 1421 4982 pauperibus.
1443 4912 1571 4968 Sive
1589 4929 1779 4969 sensus
1805 4916 2149 4987 pauperibus,
2260 4926 2397 4981 rogo
2438 4926 2541 4981 qua
2573 4912 2846 4977 Christus,
2877 4926 2997 4967 eum
3040 4927 3098 4967 se
3130 4922 3309 4983 posset
3362 4912 3432 4965 de
3478 4904 3739 4981 iujuriosis
3761 4900 3819 4953 ul'

560 5007 675 5062 sive
704 5007 1003 5073 substantia
1043 5027 1058 5066 :
1094 5014 1234 5071 sicut
1281 5016 1531 5084 superius
1571 5017 1667 5091 ait,
1711 5016 1929 5093 Illorum
1979 5016 2150 5095 abun,-

2259 5003 2413 5072 cisei,
2445 5002 2633 5069 noluit,
2671 5011 2728 5056 ut
2754 5004 2835 5057 vel
2867 5018 2991 5059 sero
3023 5019 3081 5058 se
3110 5004 3477 5074 corrigerent.

559 5108 741 5166 dantia
768 5124 963 5169 VOSll‘m
1002 5114 1201 5183 inopiae
1230 5116 1300 5183 sit
1330 5088 1788 5191 supplementum.
1846 5086 1851 5093 δ

2331 5097 2431 5161 Qui
2463 5098 2512 5149 iu
2546 5096 2683 5169 facie
2717 5097 2926 5169 quidem
2961 5098 3173 5152 humilis
3208 5115 3323 5151 sum
3349 5098 3493 5151 inter
3530 5111 3620 5149 vos
3646 5089 3819 5145 :absrni

629 5212 847 5275 Justiti“
888 5218 1002 5288 eius
1030 5226 1202 5293 manet
1232 5216 1287 5273 in
1319 5226 1587 5283 internum.
1619 5188 1806 5287 Rclttts
1838 5221 2152 5291 temporali-
2253 5196 2427 5293 “.u‘em
2462 5190 2600 5292 ω”.ῇ
2605 5188 2671 5293 (1.0
2705 5188 2967 5293 ίηΪωωῗ.
2996 5189 3227 5261 semper
3263 5194 3815 5293 i“"“.‘"."'.‘1""‘f?

560 5310 887 5369 busmvma
908 5275 1127 5384 :iusm‘ia
1175 5275 1545 5390 computat";
1934 5275 1970 5291 ’⁸
2024 5275 2121 5287 ’Ἣ
2254 5281 2348 5347 tia,
2394 5297 2490 5351 per
2512 5284 2734 5336 nimiam
2780 5284 3164 5351 humilitatem,
3210 5283 3387 5337 minus
3423 5275 3813 5350 iutelligentibus

2255 5384 2432 5446 potest
2462 5389 2585 5429 esse
2624 5376 2977 5451 contemptui.
3026 5377 3295 5431 Absentes
3342 5388 3482 5428 vero
3537 5373 3581 5425 si
3631 5374 3816 5421 ncces:c

1335 5453 1507 5541 imzf"
1541 5453 1853 5541 ³⁶,’ξ⁶¹’⁴ξ’“⁸’.
1888 5453 2150 5541 "me":
2254 5466 2438 5533 fuerit,
2489 5466 2827 5523 confidenter
2872 5485 3027 5524 suam
3077 5469 3314 5524 indicant
3348 5475 3701 5541 potestatem.
3738 5453 3814 5523 Ουί

1335 5525 1346 5536 ,
1594 5526 1604 5537 ,
2136 5529 2148 5541 _
2254 5513 2438 5533 .υ-..-,
2493 5513 2815 5523 μνη-νη.-.
2872 5513 3027 5524 ηπ...
3078 5513 3314 5524 ..._........
3368 5513 3678 5541 .---.-_---..
3747 5513 3773 5523 -

559 5513 1079 5637 adnutanducaudum
1107 5524 1387 5588 praestabit.
1420 5526 1532 5581 Hoc
1560 5535 1671 5581 att:
1702 5526 1855 5596 Quod
1888 5527 2034 5584 Deus
2060 5545 2150 5597 qui
2259 5570 2553 5630 mmemes
2578 5563 2655 5615 sic
2686 5572 2835 5629 sum,
2866 5563 3017 5637 quasi
3048 5546 3180 5618 "illi,
3207 5513 3417 5631 ροεείξη
3444 5560 3651 5616 habere
3677 5554 3817 5608 τίνω-

559 5615 703 5671 velle
732 5617 812 5672 eis
844 5621 1115 5688 pmstitit,
1166 5626 1327 5680 etiam
1382 5629 1559 5683 facere
1612 5630 1859 5699 perficiat
1888 5631 1941 5685 in
1976 5632 2151 5687 vobis.
2255 5615 2365 5707 ίηιη
2397 5670 2410 5706 ε
2445 5655 2489 5707 εί
2521 5664 2697 5708 tamen
2744 5615 2900 5709 ηίιξίΓ
2918 5654 3100 5711 delicti
3142 5615 3458 5726 "imm-im
3484 5653 3538 5706 in
3572 5646 3814 5715 subjectis.

562 5715 676 5771 Hoc
719 5728 824 5785 est,
860 5719 1005 5776 Deus
1049 5723 1136 5787 qui
1170 5724 1265 5780 tibi
1310 5727 1463 5783 dedit
1492 5731 1634 5785 unde
1666 5730 1976 5801 dispensus,
2027 5749 2148 5789 esu-

2327 5744 2472 5815 Rogo
2500 5732 2669 5801 autem
2696 5764 2800 5814 vos,
2850 5765 2916 5803 ne
2940 5765 3165 5831 prmsens
3204 5746 3453 5821 audeam.
3485 5745 3562 5801 Ita
3594 5746 3745 5825 agile,
3766 5748 3816 5821 ξε

556 5819 781 5877 rientem
816 5824 1038 5883 minime
1068 5826 1322 5900 patietur.
1370 5831 1427 5888 Si
1461 5842 1639 5888 autem
1675 5831 1739 5889 ad
1767 5848 1952 5891 semen
1984 5836 2137 5893 verbi
2254 5837 2385 5894 mibi
2420 5855 2642 5913 necesse
2670 5841 2743 5897 sit
2768 5818 3111 5899 manifestare
3139 5818 3425 5896 virtutem:
3632 5818 3640 5825 ’

634 5412 738 5480 Qui
777 5424 946 5471 autem
976 5420 1306 5476 administrat
1336 5439 1507 5480 semen
1541 5425 1842 5491 seminanti,
1888 5435 1947 5487 et,
1965 5443 2150 5494 panem
