3978 6286
198 348 314 408 797

946 337 1490 398 COMMENTARIUS
1526 338 1591 396 IN
1636 335 2020 395 EPISTOLAM
2055 336 2097 393 11
2139 338 2231 394 AD
2270 338 2430 395 (ΞΟΠ.
2473 337 2626 394 CAP.
2669 338 2762 394 XI.

3420 342 3525 399 τςε

280 459 391 517 Per
419 474 537 515 eam
555 456 946 527 conﬁdentiam,
971 472 1073 528 qua
1097 456 1365 509 existimor
1386 454 1648 509 audcrein
1673 470 1798 523 quos
1855 454 1904 515 Α
1936 461 2009 509 let
2037 452 2125 506 illa
2158 455 2502 521 comminari,
2534 470 2653 524 qua:
2688 454 2915 526 implere
2945 471 3052 519 non
3086 470 3329 527 possum,
3360 467 3419 513 Ill
3454 457 3523 517 de

199 560 356 611 dam.
413 556 547 611 Nam
587 555 767 610 omnis
799 551 1136 609 existimatio
1183 550 1317 604 facta
1364 560 1474 613 est,
1525 552 1661 605 sicu:
1713 556 1814 604 est.

198 651 349 708 Puto
381 661 559 705 autem
594 646 735 715 quod
765 656 819 700 et
845 660 945 715 ego
976 642 1227 713 spiritum
1256 639 1353 694 Dvi
1386 639 1641 696 habeam.

283 744 389 811 Qui
416 743 737 798 arbitrantur
765 755 857 791 nos
889 748 1151 806 tamquam
1179 732 1462 788 secundum
1487 748 1692 787 carnem
1714 749 1821 786 am-

204 836 479 892 bulemus.
514 834 616 905 Qui
664 839 855 904 putant
886 845 984 884 nos
1017 829 1151 883 nihil
1197 826 1435 896 amplius
1460 824 1680 879 etc-teris
1712 823 1813 878 ho-

197 929 452 985 minibus
482 928 685 983 habere
718 922 959 977 virtutis.

277 1020 347 1075 In
374 1037 529 1075 carne
571 1018 709 1072 enim
755 1014 1101 1073 ambulantes,
1146 1027 1249 1064 non
1302 1019 1473 1064 tamen
1526 1007 1809 1081 secundum

196 1131 415 1169 carnem
444 1113 747 1166 militamus.
776 1108 917 1162 Nam
947 1122 1094 1159 arma
1118 1104 1316 1158 militia:
1338 1110 1527 1156 nostra!
1558 1119 1659 1155 non
1694 1120 1811 1155 car-

196 1206 353 1259 nalia
377 1215 525 1270 sunt,
556 1203 646 1257 sed
675 1199 909 1272 potentia
939 1197 1066 1252 Deo.
1096 1196 1151 1250 lu
1183 1208 1417 1265 corpore
1451 1192 1696 1247 videumr
1728 1192 1807 1247 in-

194 1297 419 1361 cedere,
455 1295 550 1350 sed
594 1302 650 1348 ut
694 1292 785 1347 Dei
820 1289 1049 1344 ministri
1090 1286 1443 1358 spiritualiter
1490 1284 1802 1343 militamus.

195 1391 368 1442 Arma
407 1387 605 1458 quippe
628 1383 836 1438 militia:
860 1390 1059 1437 nostra:
1087 1395 1191 1434 nou
1218 1388 1340 1432 sunt
1373 1380 1509 1433 facta
1541 1378 1609 1431 de
1638 1379 1800 1447 ferro,

196 1495 300 1535 nec
332 1496 491 1534 manu
526 1475 758 1532 hominis
781 1474 1041 1529 fabricata
1075 1481 1221 1535 sunt,
1263 1470 1355 1525 sed
1394 1470 1627 1541 potentia
1657 1468 1751 1522 Dei
1786 1485 1799 1525 :

191 1591 300 1646 qua
336 1575 477 1646 plus,
513 1573 597 1628 vel
623 1570 791 1626 verbo
819 1584 967 1640 agas,
1005 1582 1165 1638 quam
1198 1564 1290 1620 alii
1320 1563 1566 1619 homines
1606 1577 1801 1617 carna-

193 1666 347 1720 libus
378 1663 567 1719 armis.

264 1760 350 1814 Ad
384 1758 787 1815 destructionem
820 1753 1164 1809 munitionum
1202 1747 1424 1804 consilia
1452 1747 1793 1803 destruentes.

1926 559 2013 599 tne
2037 545 2241 614 jactant
2270 546 2615 616 deceptores.

1996 637 2114 693 Hoc
2154 642 2376 711 cogitet,
2408 642 2496 712 qui
2532 643 2790 705 eiusmodi
2828 652 2904 696 est
2933 643 3099 712 :quia
3125 642 3309 715 quales
3338 660 3515 709 sumus

1920 718 2070 783 rerbo
2094 748 2184 798 per
2204 730 2465 803 epistolas,
2490 732 2741 797 absentes,
2768 733 2897 787 tales
2920 744 2964 788 et
2986 744 3260 805 prwserites
3282 734 3333 787 in
3354 736 3513 807 facto.

1929 822 2030 888 Qui
2062 831 2214 892 putat
2246 823 2385 889 hoc,
2412 823 2546 877 sciat
2572 824 2750 877 omnia
2784 840 2869 895 me
2902 839 3060 894 posse
3089 824 3270 879 facere
3294 871 3307 898 ,
3342 825 3387 880 si
3418 842 3515 889 nes-

1918 928 2070 968 cesso
2101 916 2200 981 sit,
2236 932 2354 985 qua:
2389 916 2662 985 promitto.
2694 916 2821 970 Nam
2869 917 3248 974 obedientibus
3281 935 3378 991 per
3409 920 3507 975 hu-

1916 1006 2196 1062 militatem
2230 1008 2475 1063 inﬁrmus
2506 1028 2517 1061 :
2547 1019 2600 1064 et
2629 1010 2979 1079 peccantibus
3029 1026 3123 1083 per
3164 1011 3508 1081 severitatem

1914 1099 2069 1155 fortis
2100 1103 2297 1157 existo.

1986 1194 2105 1249 Non
2139 1197 2271 1250 enim
2296 1196 2548 1263 audemth
2572 1197 2816 1263 inserere,
2842 1205 2928 1250 aut
2956 1214 3256 1270 comparare
3280 1214 3375 1252 nos
3395 1198 3510 1266 qui-7

1908 1288 2123 1342 busdam
2154 1290 2244 1362 qui
2270 1292 2464 1361 seipsos
2479 1292 2865 1346 commendant.
2895 1292 2947 1347 Id
2977 1301 3081 1360 est,
3111 1309 3218 1348 non
3245 1293 3509 1350 debemus

1908 1385 1978 1437 ita
2012 1384 2179 1443 Deum
2210 1396 2586 1451 contemnere,
2623 1396 2680 1442 ut
2706 1402 3056 1457 cotequemur
3085 1388 3384 1457 aliquibus,
3416 1388 3505 1458 qui

1907 1477 2022 1532 suis
2051 1476 2306 1535 laudibus
2336 1477 2566 1544 malunt,
2594 1494 2751 1548 quam
2779 1478 2874 1533 Dei
2907 1478 3077 1547 gratia
3109 1479 3505 1555 commendari,

1907 1586 2008 1626 nec
2031 1570 2098 1627 de
2127 1571 2282 1631 nobis
2306 1586 2604 1643 possumus
2630 1572 2831 1641 majora
2853 1571 3081 1642 jactare,
3107 1588 3270 1642 quam
3291 1586 3504 1628 sumus.

1978 1662 2087 1718 Sed
2136 1672 2182 1717 et
2225 1663 2329 1735 ipsi
2368 1664 2421 1718 in
2473 1664 2615 1719 nobis
2666 1666 3005 1737 nosmetipsos
3056 1666 3337 1721 metientes.
3386 1665 3501 1725 Non

1905 1755 2220 1813 excedimus
2254 1772 2526 1813 mensurce
2556 1766 2756 1813 nostrae
2785 1758 3069 1817 terminos.

188 1851 445 1909 Mumunt
488 1851 631 1908 enim
677 1845 1097 1904 et‘circumdant
1126 1843 1429 1899 doetrinam
1476 1856 1631 1896 suam
1676 1840 1797 1898 falSi
1834 1845 1875 1909 Β
1979 1849 2044 1905 Et
2068 1862 2428 1925 comparantes
2454 1854 2792 1923 nosmetipsos
2820 1853 2985 1907 nobis.
3018 1851 3133 1908 Non
3163 1851 3503 1910 minoribus:

190 1943 456 1999 doctores
486 1940 699 1997 {lSllllltc
731 1939 1089 2011 argumentis,
1122 1949 1256 2006 quas
1286 1947 1476 1989 aereas
1505 1942 1800 2001 potestates

191 2035 500 2103 Apostolus
544 2034 779 2089 destruit
820 2032 1019 2084 virtute
1064 2028 1253 2099 gratim
1292 2024 1593 2095 spiritualis
1625 2027 1800 2083 :sicut

192 2127 351 2182 illum
382 2142 597 2198 magum
642 2126 755 2178 vias
784 2121 996 2187 Domini
1046 2119 1319 2195 perversis
1344 2117 1801 2189 disputationibus

190 2220 631 2285 subvertentem,
677 2218 874 2273 Paulus
903 2230 1032 2271 vero
1074 2212 1324 2268 c:cc:ivit.
1371 2211 1503 2266 Item
1537 2210 1795 2284 cognitio-

192 2328 293 2366 nes
322 2312 689 2373 adversarias,
714 2326 834 2380 qua:
868 2307 1127 2363 adversus
1165 2302 1439 2375 Christum
1479 2312 1798 2374 Suggerunt,

190 2404 560 2475 destruendas
598 2402 748 2458 dicit.

269 2496 339 2551 Et
373 2513 573 2552 omnem
598 2493 931 2551 altitudinem
953 2490 1281 2547 extollentem
1299 2505 1353 2544 se
1370 2487 1613 2543 adversus
1636 2487 1803 2542 scien-

190 2589 325 2642 tiam
370 2587 488 2643 Dei.
534 2586 671 2655 Quid
720 2596 827 2641 tam
858 2584 1187 2657 superbum,
1229 2597 1391 2654 quam
1436 2579 1638 2636 divinis
1673 2596 1801 2635 con-

192 2681 365 2735 traire
386 2679 683 2745 doctrinis?

271 2772 338 2826 Et
364 2772 419 2825 in
451 2773 797 2846 captivitatem
826 2771 1110 2843 redigentes
1144 2785 1347 2824 omnem
1378 2768 1717 2838 intellectum,
1747 2768 1798 2821 in

192 2864 502 2934 obsequium
528 2863 739 2919 Christi.
786 2862 911 2918 Illos
944 2862 1273 2918 destruimus
1300 2860 1413 2931 qui,
1454 2859 1554 2915 sub
1582 2861 1800 2919 nomine

191 2957 449 3029 obsequii
483 2956 709 3024 Christi,
750 2970 964 3011 omnem
1010 2955 1342 3023 intellectum
1389 2954 1670 3010 sententiae
1700 2968 1799 3009 cu-

190 3054 352 3122 piunt
384 3054 680 3119 captivare.

264 3142 337 3197 Et
376 3146 429 3197 in
470 3158 710 3214 promptu
752 3144 994 3200 habentes
1032 3143 1216 3197 ulcisci
1245 3160 1446 3197 onmem
1489 3142 1796 3196 inobedien-

1904 1940 2046 1996 sicut
2066 1957 2185 1996 cum
2214 1943 2287 1997 illi
2316 1943 2445 1997 nihil
2468 1943 2597 2013 sint,
2625 1943 2899 2011 Apostolis
2920 1957 2978 1997 se
3000 1956 3107 1997 non
3134 1941 3296 1999 modo
3322 1958 3503 2014 aequa-

1907 2034 1987 2093 les
2018 2034 2243 2103 faciunt,
2275 2035 2371 2093 sed
2404 2037 2568 2092 etiam
2600 2044 2960 2109 anteponunt.

1978 2126 2094 2183 Nos
2124 2137 2296 2183 autem
2330 2146 2432 2185 non
2461 2130 2513 2183 in
2544 2130 2851 2185 immensum
2886 2128 3234 2201 gloriabimur
3260 2144 3277 2183 :
3306 2129 3396 2184 sed
3425 2145 3505 2185 se-

1905 2218 2135 2275 cundant
2167 2236 2461 2279 mensuram
2485 2221 2697 2293 regulw,
2719 2238 2823 2293 qua
2844 2238 3051 2276 mensus
3082 2230 3155 2275 est
3188 2221 3329 2277 nobis
3360 2219 3503 2275 Deus

1903 2326 2200 2371 mensuram
2229 2314 2557 2385 pertingendi
2586 2330 2745 2383 usque
2775 2314 2845 2377 ad
2885 2330 2993 2369 vos.
3031 2312 3155 2371 Non
3184 2314 3326 2379 enim
3353 2313 3503 2382 quasi

1906 2418 2009 2455 non
2056 2403 2397 2474 pertingentes
2424 2444 2437 2469 ,
2469 2403 2539 2456 ad
2570 2420 2656 2458 vos
2688 2404 3169 2475 superextendimus
3202 2419 3316 2457 nos.
3360 2402 3505 2469 Nihil

1905 2508 2067 2566 supra
2096 2510 2407 2555 mensuram
2442 2495 2737 2559 humanam
2771 2496 3034 2563 facimus,
3069 2497 3164 2559 sed
3206 2496 3257 2550 in
3287 2504 3504 2566 aposto-

1908 2587 2047 2645 latus
2087 2588 2314 2657 gratiam
2338 2629 2351 2653 ,
2382 2599 2639 2660 quantum
2682 2589 2838 2643 nobis
2888 2588 3151 2644 Dominus
3182 2588 3385 2643 donare
3422 2587 3504 2642 di-

1903 2691 2095 2751 gnatus
2127 2690 2233 2747 est,
2266 2694 2367 2755 per
2398 2696 2556 2753 quam
2586 2681 2762 2748 vobis,
2793 2680 3090 2745 Corinthii,
3120 2681 3499 2753 pra‘dicamns,

1906 2787 2008 2845 nec
2039 2773 2181 2828 enim
2214 2772 2317 2828 hoc
2349 2775 2705 2844 usurpatione
2740 2774 2968 2830 iecimus
2996 2818 3010 2842 ,
3063 2774 3157 2829 sed
3206 2784 3501 2843 praecepto.

1980 2862 2153 2933 Usque
2178 2866 2247 2918 ad
2270 2880 2358 2920 vos
2382 2866 2513 2921 enim
2540 2867 2867 2938 pervenimus
2893 2866 2945 2919 in
2974 2865 3261 2938 Evangelia
3287 2864 3501 2925 Christi.

1902 2955 2019 3012 Non
2054 2966 2246 3013 nostro
2272 3001 2284 3020 ,
2316 2969 2373 3013 ut
2402 2959 2477 3014 illi
2499 2958 2591 3030 qui
2622 2959 2970 3030 prmdicando
3002 2974 3061 3015 se
3086 3003 3102 3031 ,
3130 2975 3287 3015 suum
3321 2959 3501 3016 Evan-

1901 3050 2099 3120 gelium
2131 3050 2357 3106 faciunt.

1912 3128 1913 3131 η
1976 3140 2100 3195 Non
2122 3141 2173 3195 in
2198 3143 2497 3196 immensum
2518 3141 2799 3212 gloriantes
2820 3143 2873 3198 in
2893 3143 3074 3198 alienis
3097 3142 3373 3198 laboribus.
3396 3142 3505 3209 ini-,-

190 3236 347 3296 (iam,
380 3252 497 3288 cum
535 3237 749 3306 impleta
781 3238 942 3308 fuerit
974 3248 1139 3291 vestra
1171 3236 1484 3290 obedientia.
1517 3234 1694 3305 Parati
1729 3233 1793 3290 ad
1824 3221 1869 3285 C
1904 3248 2149 3290 mensum
2181 3245 2266 3290 est
2295 3236 2345 3290 in
2374 3236 2567 3291 alienis
2594 3236 2874 3291 laboribus
2903 3238 3144 3308 gloriari.
3194 3239 3271 3293 llli
3315 3228 3499 3294 autem

190 3328 576 3383 ulciscendum
624 3345 842 3385 omnem
901 3328 1360 3397 inobedientiam,
1407 3333 1529 3383 c'um
1580 3325 1799 3397 impleta

188 3420 361 3476 fuerit
394 3420 721 3476 olzedientia.
759 3421 871 3475 lloc
912 3422 1042 3476 dicit
1072 3419 1387 3493 Apostolus,
1437 3419 1599 3475 modo
1642 3435 1799 3490 para-

190 3521 308 3566 tum
353 3528 414 3567 se
445 3528 566 3567 esse
601 3510 787 3567 oleis-ci
837 3528 1051 3567 onmem
1086 3511 1532 3578 inobedienti-im,
1579 3528 1699 3567 eum
1734 3528 1797 3569 ea

186 3622 317 3679 qum
341 3607 754 3677 praecipiuntur.
785 3606 1153 3676 impleverim.
1178 3605 1309 3661 Item
1334 3621 1454 3659 cum
1477 3605 1589 3674 jam
1620 3615 1796 3675 vestra

188 3714 297 3767 per
324 3713 426 3752 nos
451 3698 758 3753 oliedicntia
784 3698 945 3753 fuerit
975 3699 1221 3767 impleta,
1254 3698 1325 3751 illi
1352 3714 1459 3751 non
1483 3696 1795 3764 audiuntur,

188 3800 522 3859 potestatem
556 3806 615 3846 se
652 3790 957 3845 vindicandi
997 3792 1273 3861 accepisse
1312 3806 1341 3845 a
1379 3791 1629 3857 Domino,
1670 3789 1796 3863 quia

186 3884 562 3955 mentiuntur.

269 3974 401 4042 Qua!
428 3976 711 4029 secundum
741 3976 930 4047 faciem
958 3985 1098 4041 sunt,
1126 3974 1310 4029 videte.
1346 3974 1459 4030 Iloc
1486 3986 1568 4031 est
1591 3975 1659 4029 ab
1688 3975 1795 4032 illis

182 4068 284 4141 qui
319 4067 370 4121 in
421 4066 557 4121 facie
586 4068 912 4137 gloriantur,
958 4080 1164 4123 cavete.
1200 4067 1331 4121 Tam
1377 4068 1661 4123 manifesta
1713 4079 1797 4127 est

187 4161 274 4214 rei
307 4160 584 4231 probatio.
620 4173 673 4212 ut
717 4159 970 4215 facillima
998 4163 1066 4215 sit
1095 4160 1394 4216 intellectu.
1442 4163 1568 4217 Sive
1606 4162 1673 4217 ab
1712 4162 1795 4219 his

186 4252 501 4324 hypocrilis
531 4254 684 4307 Vobis
712 4264 925 4318 emole,
951 4253 1040 4323 qui
1073 4256 1124 4308 in
1160 4254 1441 4323 praesentia
1466 4256 1789 4326 gloriantur.

265 4344 331 4400 Si
372 4345 486 4415 quis
520 4346 757 4415 conﬁdit,
784 4345 982 4400 Christi
1012 4364 1065 4401 se
1095 4364 1224 4411 esse,
1268 4347 1365 4400 hoc
1388 4350 1573 4419 cogitet
1610 4350 1794 4404 iterum

179 4437 339 4507 apud
370 4453 423 4489 se
452 4452 469 4488 ,ο
490 4439 610 4511 quia
638 4440 773 4490 sicut
798 4446 843 4490 et
873 4438 981 4509 ipse
1006 4436 1199 4491 Christi
1230 4446 1325 4506 cst,
1361 4439 1433 4493 ita
1461 4448 1507 4492 et
1537 4456 1649 4495 nos.
1684 4439 1792 4495 Ne-

182 4547 285 4583 mo
318 4541 428 4583 tam
461 4532 660 4585 stultus
692 4540 797 4596 est,
829 4547 988 4602 quam
1020 4531 1111 4603 qui
1143 4546 1203 4589 se
1228 4530 1408 4588 solum
1437 4530 1640 4587 Christi
1670 4548 1793 4595 esse

176 4624 483 4695 gloriatur.
852 4610 855 4621 ¹

266 4715 412 4783 Nam
446 4716 540 4770 etsi
566 4715 796 4782 amplius
825 4715 1027 4788 aliquid
1062 4717 1321 4788 gloriatus
1362 4717 1511 4788 fuero
1548 4718 1611 4771 de
1652 4730 1796 4785 pote-

178 4818 327 4863 state
350 4820 550 4875 nostra,
583 4826 735 4877 quam
766 4807 910 4861 dedit
940 4809 1087 4862 nobis
1121 4808 1373 4863 Dominus
1402 4809 1453 4863 in
1481 4812 1793 4882 a'di/icati'o-

177 4918 335 4956 rtem.
365 4900 497 4954 Nam
526 4902 628 4957 etsi
656 4916 741 4956 me
772 4903 941 4970 magis
968 4912 1289 4970 potestatem
1320 4918 1349 4955 a
1380 4902 1599 4959 Christo
1633 4918 1790 4959 acce-

176 4994 344 5066 pisse
394 4993 620 5060 dixero,
668 5009 827 5064 quam
880 5002 1143 5058 caeteros,
1196 5002 1255 5047 ut
1305 4996 1630 5062 Apostolus,
1686 5012 1792 5052 non

174 5085 518 5142 erubescam
560 5087 729 5154 :quia
774 5102 961 5141 verum
1007 5086 1149 5150 dico,
1193 5094 1246 5141 et
1285 5101 1393 5140 non
1431 5088 1643 5159 gloriae,
1694 5088 1790 5157 sed

170 5179 572 5236 aediﬁcationis
600 5195 759 5234 causa
789 5181 1105 5248 compulsus
1132 5180 1247 5235 haec
1272 5182 1432 5235 facio.

260 5270 332 5326 Et
356 5290 461 5326 non
488 5258 889 5328 destructionem
912 5284 1129 5329 restrain
1153 5292 1171 5330 :
1194 5293 1295 5329 non
1319 5275 1636 5331 erubescam.
1656 5276 1788 5333 Nam

166 5366 263 5421 illi
294 5374 350 5422 et
394 5376 704 5435 usurpatam
744 5375 799 5421 et
828 5367 878 5423 in
922 5366 1342 5423 destructionem
1392 5383 1649 5424 exercere
1698 5386 1791 5426 cu-

180 5459 358 5526 piunt
391 5466 739 5526 potestatem.

267 5548 340 5604 Ut
385 5560 555 5603 autem
596 5566 702 5604 non
738 5552 996 5606 existimer
1047 5562 1308 5623 tamquam
1351 5565 1541 5609 terrere
1586 5571 1671 5609 vos
1704 5571 1792 5622 per

171 5641 462 5713 Epistolas
485 5658 503 5696 :
521 5646 763 5711 quoniam
790 5645 996 5716 quidem
1027 5645 1300 5715 Epistolte,
1323 5649 1587 5720 inquiunt,
1613 5665 1791 5720 graves

158 5743 305 5791 sunt
348 5742 396 5786 et
443 5734 601 5805 fortes
634 5738 957 5805 :prtesentia
1002 5748 1174 5791 autem
1220 5742 1457 5809 corporis
1498 5741 1705 5812 inﬁrma
1740 5750 1790 5800 et

154 5842 357 5885 sermo
386 5829 806 5900 contemptibilis.
842 5830 964 5887 lloc
985 5831 1107 5889 ideo
1136 5832 1279 5902 dico,
1310 5850 1377 5890 ne
1407 5834 1527 5909 quis
1563 5852 1649 5894 me
1690 5852 1788 5909 pu-

1902 3341 2120 3396 semper
2140 3327 2203 3381 ad
2231 3327 2608 3398 ﬁdelesihant,
2636 3330 2725 3400 qui
2746 3330 2899 3399 signa
2920 3330 3141 3386 minime
3160 3332 3497 3402 quaerebant.

1975 3418 2137 3491 Spem
2161 3428 2331 3473 autem
2354 3419 2616 3487 habentes,
2644 3423 2919 3479 crescentis
2942 3423 3067 3492 ﬁdei
3088 3432 3267 3477 vestrm
3288 3425 3341 3477 in
3363 3424 3503 3478 vobis

1901 3510 2222 3583 magniﬁcari
2249 3511 2539 3566 secundum
2568 3512 2801 3585 regulam
2835 3524 3083 3570 nostram.
3112 3518 3212 3584 Qui
3244 3533 3349 3572 non
3386 3535 3505 3589 nia-,-

1904 3616 2030 3655 nera
2060 3618 2087 3654 a
2116 3601 2299 3668 vobis,
2349 3602 2444 3658 sed
2478 3605 2785 3661 mercedem
2812 3621 2839 3659 a
2871 3606 2981 3662 Deo
3013 3618 3209 3679 vestra:
3245 3609 3369 3667 tidei
3398 3602 3500 3675 exe

1899 3705 2228 3767 Spectamus.

1975 3785 2038 3839 In
2076 3788 2399 3842 abundantia
2433 3806 2451 3843 :
2482 3790 2637 3845 etiam
2666 3792 2718 3844 in
2748 3792 2841 3846 illa
2880 3810 2997 3863 qua:
3025 3794 3167 3849 ultra
3202 3811 3287 3849 vos
3327 3806 3449 3850 sunt
3478 3837 3494 3869 ,

1897 3880 2279 3952 euangelizare.
2312 3880 2366 3935 Id
2400 3892 2483 3938 est
2510 3926 2525 3949 ,
2559 3898 2667 3939 non
2705 3884 2847 3949 enim
2880 3902 3049 3956 usque
3076 3885 3141 3940 ad
3175 3903 3268 3941 vos
3296 3888 3497 3961 sufficit

1900 3976 2214 4040 pervenire:
2239 3974 2334 4028 sed
2363 3990 2484 4028 cum
2516 3986 2694 4029 vestra
2726 3976 2861 4031 fides
2888 3979 3141 4046 creverit,
3177 3978 3281 4033 alio
3314 3990 3486 4035 trans-

1899 4063 2091 4118 iemns.

1971 4155 2095 4212 Non
2138 4157 2190 4211 in
2231 4156 2405 4231 aliena
2455 4158 2631 4228 regula
2662 4160 2713 4213 in
2742 4157 2823 4213 his
2850 4204 2864 4228 ,
2898 4178 3015 4233 qua:
3043 4174 3335 4234 prtrparata
3367 4172 3490 4233 sunt

1879 4228 2138 4320 'gloriari.
2173 4228 2325 4304 sum
2352 4249 2425 4304 illi
2450 4250 2518 4305 de
2551 4252 2866 4331 praeparatis
2892 4228 3002 4322 jam
3034 4228 3099 4309 sb
3130 4228 3251 4309 aliis
3282 4228 3490 4326 impio;

1898 4341 2091 4397 denter
2118 4342 2445 4413 glariantur.

1910 4434 1913 4439 '
1974 4432 2075 4499 Qui
2102 4447 2270 4489 autem
2294 4433 2571 4505 gloriatur,
2601 4435 2653 4489 in
2686 4435 2909 4491 Domino
2930 4435 3205 4512 glorietur.
3235 4440 3354 4496 Jam
3380 4440 3496 4512 glo-

1899 4524 2027 4580 riari
2052 4527 2101 4580 in
2133 4528 2361 4582 Domino
2382 4527 2702 4583 exhortatur
2726 4545 2740 4583 :
2763 4529 2915 4599 cujus
2936 4529 3161 4588 virtutes
3190 4534 3242 4597 in
3267 4549 3332 4589 eo
3352 4549 3482 4605 ope-

1822 4601 1874 4661 D
1902 4628 2033 4675 rata:
2060 4630 2207 4695 sunt.

1972 4710 2096 4766 Non
2142 4713 2274 4767 enim
2316 4714 2405 4780 qui
2445 4716 2671 4782 seipsum
2716 4718 3086 4786 commendat,
3118 4719 3209 4775 ille
3248 4721 3497 4803 probatu,

1898 4814 1973 4859 est
1998 4822 2015 4859 :
2038 4806 2128 4859 sed
2145 4823 2293 4875 quem
2321 4804 2456 4860 Deus
2482 4809 2825 4862 commendat.
2851 4808 3101 4877 Seipsnm
3125 4813 3492 4885 Commendat,

1899 4897 1992 4968 qui
2020 4898 2135 4968 ipse
2167 4896 2347 4952 laudat
2369 4914 2428 4955 se
2456 4918 2469 4955 :
2496 4900 2650 4955 Illum
2682 4917 2812 4955 vero
2840 4902 3099 4958 Dominus
3123 4906 3489 4970 commendat,

1898 4990 1988 5059 qui
2036 4992 2314 5061 signorum
2349 4993 2640 5048 virtutibus
2672 4996 3110 5051 commendatur.

2506 5148 2739 5205 CAPUT
2782 5149 2874 5205 XI.

1977 5281 2185 5337 Utinam
2214 5283 2535 5338 sustinerctis
2558 5285 2813 5339 modicum
2834 5285 2958 5355 quid
2990 5284 3302 5356 ins‘pientia:
3329 5300 3497 5341 meat:

1902 5374 1991 5429 sed
2023 5385 2069 5428 et
2089 5385 2389 5448 supportate
2418 5393 2516 5429 me.
2551 5376 2827 5433 Sustinete
2857 5392 2963 5441 me,
2994 5377 3084 5446 qui
3115 5376 3340 5433 multum
3376 5393 3496 5433 sns-

1903 5466 2076 5518 tinerc
2107 5466 2468 5520 coiisuevistis
2508 5465 2928 5538 imprudentiam
2978 5482 3175 5539 meam.
3210 5467 3337 5523 Ideo
3368 5468 3503 5525 insi-

1900 5562 2135 5627 pientem
2168 5572 2227 5613 se
2257 5557 2388 5612 dicit
2422 5576 2434 5613 :
2469 5562 2592 5631 quia
2623 5559 2701 5613 illi
2738 5572 2961 5615 incoesse
2990 5568 3106 5615 erat
3139 5562 3321 5627 aliqua
3352 5561 3418 5615 de
3444 5575 3505 5617 se

1898 5651 2103 5714 dicere,
2130 5649 2256 5705 licet
2275 5666 2399 5704 Vt'l’a
2429 5666 2442 5703 :
2469 5658 2528 5703 ut
2547 5649 2818 5710 ostendit.
2844 5666 3005 5721 quam
3026 5666 3156 5705 vere
3178 5651 3502 5723 insipientes

1899 5755 2055 5801 sunt.
2090 5742 2178 5813 (lui
2213 5742 2349 5797 falso
2376 5758 2435 5797 se
2465 5742 2707 5796 laudant.
2745 5743 2849 5797 Sed
2882 5753 2935 5798 et
2966 5752 3284 5814 supportate
3319 5758 3425 5796 me.

1970 5833 2221 5891 zEmulor
2249 5836 2385 5891 enim
2412 5850 2516 5905 vos,
2544 5830 2641 5890 Dei
2669 5836 3017 5893 ii‘inulatione.
3051 5832 3324 5909 Despondi
3353 5834 3491 5890 enim
