3978 6286
471 354 577 413 799

1510 347 1571 405 S.
1611 345 1997 405 HIERONYMI
2035 344 2319 403 OPERUM
2357 344 2721 404 MANTISSA.

3651 344 3750 404 800

465 488 560 527 vos
589 470 681 526 uni
706 470 815 526 viro
840 468 1082 541 virginem
1109 474 1303 521 castam
1338 464 1576 521 exhibere
1606 463 1833 522 Christo.
1870 464 1925 520 ld
1953 472 2070 535 est,
2102 463 2157 525 Α
2181 464 2406 530 statuit,
2436 478 2535 519 nec
2564 461 2780 533 negavit
2809 504 2823 530 ,
2856 472 3083 517 necesse
3112 466 3196 516 est
3235 466 3292 515 ut
3330 459 3614 533 aliquando
3648 476 3750 519 non

481 579 591 619 non
615 562 839 617 stimulo
865 562 1051 617 livoris
1077 558 1401 629 inﬂammor,
1427 558 1523 615 sed
1551 575 1645 612 vos
1671 567 1944 629 tamquam
1978 573 2069 627 pa-

477 665 562 712 ter
583 656 761 711 divina
782 653 1131 709 inmutatione
1153 653 1423 719 custodio,
1452 661 1509 707 ut
1536 655 1735 723 possim
1762 668 1862 708 vos
1884 653 2074 708 imma-

477 750 686 805 culatos
734 747 948 802 Christo
997 746 1327 818 conjungere
1371 764 1385 799 :
1433 754 1587 801 tanto
1639 746 1844 816 majore
1892 745 2074 801 studio

479 851 868 909 conversatus,
897 849 1101 912 quanto
1131 839 1349 895 meliori
1378 840 1511 895 estis
1559 853 1762 910 sponso
1788 836 2072 909 jungendi.

551 933 727 987 Timeo
756 942 933 986 autem
964 949 1026 986 ne
1055 931 1189 986 sicut
1215 947 1420 1002 serpens
1455 929 1612 985 Eram
1642 930 1851 985 seduxit
1882 929 2075 984 astutia

478 1042 596 1088 sua,
629 1025 703 1079 ita
731 1032 1134 1093 corrumpantur
1166 1039 1346 1077 sensus
1396 1023 1573 1076 vestri.
1604 1021 1842 1089 Serpens
1869 1021 2033 1076 Evam
2058 1062 2072 1085 ,

478 1117 546 1174 de
574 1118 687 1174 Deo
718 1118 1034 1173 mentiendo
1054 1159 1069 1182 ,
1097 1116 1313 1172 seduxit
1346 1134 1359 1171 :
1392 1115 1671 1172 afﬁrmans
1701 1116 1874 1170 solam
1908 1116 2074 1170 Deum

479 1212 868 1267 comminutum
901 1225 1025 1266 esse
1055 1218 1284 1264 mortem
1308 1250 1321 1273 ,
1357 1222 1459 1262 nec
1488 1222 1608 1262 esse
1636 1206 1746 1277 jam
1777 1207 2072 1261 illaturum.

478 1303 557 1359 lta
584 1310 637 1357 et
663 1300 1108 1372 pseudoapostoli
1133 1300 1451 1355 assierebant
1476 1297 1599 1353 ideo
1625 1297 1905 1367 Evangelii
1936 1313 2075 1368 prte-

482 1402 635 1464 cepta
670 1393 851 1447 addita
874 1434 888 1457 ,
927 1403 983 1445 ut
1010 1392 1093 1446 vel
1136 1392 1216 1446 sic
1247 1392 1333 1445 lex
1372 1391 1588 1461 antiqua
1633 1397 1945 1444 servaretur
1977 1408 1988 1443 :
2024 1397 2079 1445 et

482 1502 601 1543 eam
628 1486 797 1542 solam
827 1483 1079 1540 sufﬁcere
1106 1483 1461 1549 custoditum,
1495 1483 1819 1552 perquirunt
1848 1481 2072 1535 atmula-

486 1589 652 1651 tores.
686 1578 803 1633 iam
837 1592 978 1631 nunc
1009 1589 1234 1647 Serpens
1264 1574 1515 1630 similiter
1544 1572 1807 1643 quosdam
1836 1571 2076 1639 seducit,

485 1671 792 1742 gehennam
819 1678 1041 1740 propter
1071 1669 1245 1723 solum
1277 1677 1538 1722 terrorem
1568 1676 1878 1723 asserentes
1903 1665 2080 1720 nomi-

485 1762 601 1817 nari
631 1779 644 1815 :
671 1775 831 1831 quam
862 1767 955 1815 aut
986 1760 1196 1830 penitus
1228 1774 1333 1813 non
1365 1774 1485 1814 esse
1509 1803 1523 1827 ,
1553 1767 1647 1813 aut
1676 1766 1937 1813 aeternam
1972 1772 2077 1813 non

2174 557 2434 613 mentitus
2465 558 2539 611 ita
2568 555 2783 613 faciam.

2249 650 2504 716 Quoniam
2532 652 2639 706 haec
2661 650 2910 723 gloriatio
2936 668 3038 705 non
3068 650 3378 723 infringatur
3411 653 3467 705 in
3498 668 3575 706 nte
3601 652 3653 705 in
3677 668 3752 707 re-

2174 748 2408 819 gionibus
2437 746 2667 803 Achaiae.
2709 747 3103 804 Gloriationem
3130 790 3145 814 ,
3180 756 3407 820 propter
3435 748 3602 803 Deum
3631 764 3753 806 con-

2175 852 2386 896 cessam
2435 841 2774 909 contemnit,
2828 843 3105 912 prtecipue
3147 845 3193 898 si
3238 841 3473 911 inopiam
3515 843 3755 913 patiatur,

2252 932 2462 1001 Quare?
2490 932 2625 1000 Quia
2654 950 2758 987 non
2793 933 2955 1004 diligo
2986 949 3073 988 vos
3098 948 3116 988 :
3151 933 3290 988 Deus
3321 934 3437 989 scit.
3470 932 3592 1003 Ipse
3622 935 3757 991 novit

2176 1032 2356 1079 utrum
2383 1038 2481 1079 vos
2504 1023 2744 1097 diligam,
2775 1039 2978 1080 annon.
3034 1024 3202 1081 Immo
3249 1026 3373 1082 ideo
3401 1041 3430 1079 a
3459 1025 3612 1082 vobis
3660 1043 3753 1083 non

2177 1116 2383 1186 accipio
2416 1131 2431 1169 :
2460 1116 2588 1183 quia
2620 1116 2845 1171 multum
2882 1130 2978 1170 vos
3016 1115 3203 1188 diligo.

2253 1209 2403 1274 Quod
2428 1216 2599 1263 autem
2628 1210 2765 1280 facio
2793 1249 2808 1274 ,
2832 1217 2877 1263 et
2900 1208 3129 1280 faciant,
3160 1220 3216 1264 ut
3246 1219 3507 1283 amputem
3550 1213 3758 1267 occasio-

2179 1314 2293 1352 nem
2321 1315 2523 1365 eorunt,
2550 1300 2637 1369 qui
2664 1299 2841 1353 volunt
2869 1300 3190 1355 occasionem
3214 1318 3233 1355 :
3256 1312 3311 1355 ut
3342 1304 3391 1356 in
3420 1320 3525 1374 quo
3548 1305 3758 1375 glorian-

2181 1399 2282 1456 tur,
2308 1393 2634 1447 inveniantur
2664 1394 2797 1447 sicut
2826 1403 2876 1449 et
2906 1410 3022 1448 nos.
3068 1393 3167 1450 Hic
3197 1394 3378 1451 reddit
3404 1410 3645 1462 Causam,
3668 1413 3759 1468 qua

2182 1484 2298 1554 ipse
2343 1470 2451 1540 non
2498 1485 2809 1556 acceperit,
2838 1494 2891 1541 et
2922 1485 3221 1541 adversarii
3259 1502 3358 1541 cur
3390 1486 3651 1543 docerent
3676 1504 3759 1559 gu-

2183 1577 2288 1631 lam
2317 1622 2330 1645 ,
2368 1578 2762 1648 avaritiamque
2812 1587 3173 1645 sectarentur,
3203 1588 3515 1647 qnzerentes
3551 1595 3763 1652 perpau-

2190 1684 2313 1723 cum
2343 1668 2545 1725 aditum
2575 1669 2822 1724 invenire
2849 1668 3124 1734 lucrandi,
3154 1679 3213 1723 ut
3243 1669 3330 1725 hic
3356 1670 3438 1725 vel
3469 1686 3663 1741 panem
3689 1688 3765 1726 ac-

2185 1761 2429 1832 ciperet,
2463 1761 2542 1843 illi
2589 1777 2779 1817 aurum
2830 1762 3087 1816 licentius
3135 1762 3435 1833 exigerent.
3487 1762 3617 1819 Ideo
3644 1764 3764 1819 tollit

487 1870 610 1911 esse
653 1854 956 1921 affirmant,
996 1864 1182 1910 contra
1223 1856 1603 1909 auctoritatem
1644 1850 1885 1907 omnium
1934 1852 2085 1908 Scri—
2114 1857 2162 1918 B
2188 1853 2532 1908 occasionem
2582 1851 2912 1922 Apostolus,
2963 1860 3021 1907 ut
3062 1855 3113 1907 in
3162 1855 3263 1907 hoc
3308 1862 3649 1924 appareant,
3686 1854 3765 1924 qui

487 1955 792 2020 pturarum.

560 2039 629 2094 Et
659 2040 903 2095 excidant
928 2056 960 2094 a
987 2038 1341 2110 simplicitate.
1383 2036 1517 2106 Quia
1553 2036 1647 2091 Dei
1678 2036 1907 2092 verbum
1942 2036 2079 2091 sim-

486 2134 706 2208 pliciter
733 2134 1002 2197 credere,
1055 2147 1161 2187 non
1209 2140 1293 2187 est
1339 2130 1615 2186 hominum
1667 2146 2079 2201 perversorum.

566 2229 697 2297 Quae
724 2237 799 2283 est
827 2231 883 2282 in
914 2226 1120 2282 Christo
1149 2223 1297 2280 Jesu.
1348 2224 1544 2280 Castus
1585 2239 1809 2293 sensus,
1850 2224 1942 2293 qui
1991 2225 2083 2279 uni

491 2324 612 2379 viro
642 2321 991 2393 conjungitur
1018 2318 1236 2374 Christo
1270 2338 1281 2372 :
1312 2326 1366 2375 et
1406 2317 1573 2374 solius
1612 2318 1690 2373 illi
1735 2317 1905 2373 semel
1956 2331 2084 2387 pro-

493 2415 661 2472 missa
692 2415 991 2470 sufﬁciunt.

567 2508 708 2563 Nam
734 2510 779 2561 si
808 2510 850 2561 is
871 2508 960 2579 qui
982 2505 1139 2571 venit,
1168 2505 1331 2559 alium
1353 2502 1616 2558 Christum
1640 2503 1908 2573 praedicat,
1933 2520 2088 2575 quem

492 2618 597 2656 non
628 2600 1022 2669 praedicavintus
1044 2607 1166 2651 :aut
1197 2597 1361 2649 alium
1382 2596 1621 2669 spiritum
1650 2596 1911 2666 accipitis,
1932 2610 2085 2666 quem

495 2708 598 2748 non
626 2691 896 2761 accepistis
920 2706 936 2744 :
959 2698 1048 2743 aut
1076 2690 1224 2743 aliud
1254 2686 1614 2760 Evangelium,
1647 2688 1785 2757 quod
1816 2704 1917 2741 non
1948 2703 2089 2742 rece-

494 2786 643 2858 pistis
668 2802 686 2841 :
708 2796 842 2840 recte
864 2783 1186 2854 pateremini.
1218 2783 1275 2839 Si
1298 2782 1453 2837 vobis
1476 2781 1708 2851 amplius
1736 2780 1938 2852 aliquid
1964 2795 2089 2851 gra-

496 2878 586 2935 tia:
632 2879 1044 2950 praedicaretur,
1075 2891 1233 2947 quam
1281 2892 1378 2944 per
1408 2890 1507 2930 nos
1552 2875 1883 2945 accepistis,
1937 2882 2088 2930 recte

493 2990 590 3031 eos
623 2976 781 3030 nobis
813 2973 1057 3044 praeponi
1092 2972 1315 3026 forsitan
1349 2969 1691 3040 patercmini.

568 3065 830 3121 Existimo
871 3065 1005 3117 enim
1029 3104 1043 3128 ,
1078 3061 1209 3115 nihil
1248 3078 1326 3115 tne
1358 3062 1528 3115 minus
1559 3062 1758 3132 fecisse.
1799 3061 1885 3118 Me
1912 3062 2090 3117 minus

498 3158 695 3214 fecisse
724 3156 865 3223 istis,
894 3155 985 3226 qui
1015 3170 1121 3209 non
1154 3152 1287 3207 nihil
1321 3161 1468 3219 sunt,
1499 3167 1569 3207 ne
1598 3152 1818 3223 putetis.

2186 1954 2415 2017 propter
2441 1945 2610 2001 Deum
2638 1943 2932 2015 docerent,
2965 1945 3013 2000 si
3050 1959 3081 2000 a
3112 1943 3393 2018 discipulis
3436 1945 3577 2003 nihil
3614 1959 3763 2017 expe-

2186 2046 2389 2093 tcl'Cﬂl.

2260 2129 2403 2184 Nam
2432 2130 2688 2198 eiusmodi
2718 2130 3134 2203 pseudoapostoli
3160 2138 3299 2189 sunt.
3336 2131 3592 2188 Dicentes
3616 2148 3631 2187 :
3655 2131 3766 2188 liae

2185 2223 2317 2279 dicit
2344 2224 2630 2291 Dominus,
2652 2238 2774 2279 cum
2798 2224 2916 2294 ipse
2939 2240 3043 2279 non
3074 2224 3285 2281 miserit
3306 2239 3398 2281 eos
3426 2244 3438 2278 :
3463 2235 3521 2282 et
3547 2225 3767 2284 visiones

2187 2333 2218 2371 a
2246 2314 2413 2372 corde
2442 2330 2542 2371 suo
2568 2315 2887 2386 loquuntur.

2263 2407 2505 2479 Operarii
2552 2407 2757 2463 subdoli
2791 2449 2807 2476 ,
2854 2407 3283 2479 transﬁgurantes
3316 2424 3370 2462 se
3412 2410 3463 2463 in
3509 2409 3767 2485 Apostolos

2190 2500 2401 2556 Christi.
2434 2499 2706 2556 Subdolus
2769 2510 2850 2555 est
2879 2546 2893 2570 ,
2922 2500 3011 2569 qui
3058 2499 3201 2554 aliud
3248 2499 3439 2570 ﬁngit,
3469 2516 3596 2556 cum
3639 2499 3767 2555 aliud

2190 2596 2302 2665 agit
2342 2610 2356 2648 :
2400 2600 2459 2648 ut
2493 2592 2594 2647 sub
2636 2592 3101 2662 contemplatione
3144 2594 3471 2664 evangelica:
3518 2593 3767 2663 prtudica-

2194 2693 2358 2749 tionis
2406 2699 2659 2761 contegat
2698 2692 3077 2760 rapacitatem.
3122 2688 3282 2745 Tales
3330 2689 3473 2743 enim
3523 2687 3769 2761 praedica-

2193 2793 2370 2851 tores,
2402 2795 2461 2839 ut
2487 2782 2799 2839 hominibus
2828 2782 3109 2853 placeant,
3142 2796 3370 2838 necesse
3404 2789 3489 2837 est
3518 2781 3728 2836 adulari
3756 2798 3769 2836 :

2193 2888 2252 2935 ut
2277 2879 2545 2935 adulando
2564 2878 2834 2951 placeant,
2864 2886 2917 2931 et
2950 2876 3216 2947 placendo
3245 2875 3541 2945 accipiant.
3577 2874 3642 2929 Et
3664 2888 3771 2943 qua:

2193 2971 2641 3028 commendantur
2664 2970 2877 3034 dicunt,
2910 2983 3017 3024 non
3040 2983 3101 3023 ea
3125 2983 3246 3039 quae
3267 2967 3541 3024 tediﬁcent
3567 2966 3775 3022 audien-

2194 3072 2325 3119 tem.
2357 3063 2603 3133 Plerique
2630 3077 2822 3118 eorum
2855 3076 2961 3115 non
2997 3069 3105 3115 tam
3134 3059 3418 3130 pecuniam
3449 3060 3771 3126 desiderant,

2195 3172 2355 3229 quam
2389 3157 2653 3211 honorem
2690 3174 2703 3209 :
2738 3154 3070 3211 arbitrantes
3097 3168 3155 3208 se
3186 3152 3413 3208 summis
3444 3153 3640 3223 opibus
3667 3168 3776 3210 esse

571 3252 615 3304 Α
638 3250 839 3322 magnis
864 3247 1142 3317 Apostolis.
1172 3245 1578 3315 Quanto‘magis
1600 3245 1795 3302 Petrus
1822 3254 1877 3301 et
1905 3245 2088 3302 czeteri
2119 3235 2167 3301 C
2197 3248 2403 3305 ditatos
2429 3291 2444 3315 ,
2474 3250 2517 3305 si
2544 3250 2613 3303 ab
2640 3247 2891 3303 omnibus
2922 3244 3302 3302 collaudentur
3327 3262 3341 3300 :
3364 3244 3463 3301 sed
3494 3262 3601 3302 nec
3633 3260 3778 3315 pecu-

496 3344 800 3420 przcdicant
826 3343 1004 3398 minus
1034 3339 1241 3412 aliquid
1273 3340 1569 3410 accepisse.

570 3434 714 3491 Nam
739 3444 788 3491 et
810 3435 855 3488 si
876 3434 1143 3505 imperitus
1173 3446 1427 3498 sermone,
1453 3431 1544 3484 sed
1566 3446 1669 3484 non
1692 3431 1927 3485 scientia.
1956 3430 2090 3485 Nam

499 3530 642 3587 sicut
664 3529 775 3593 isti,
821 3527 1054 3597 quicum
1085 3526 1194 3580 sint
1216 3524 1441 3581 scientia
1469 3524 1725 3595 imperiti,
1758 3523 1810 3579 in
1838 3537 2092 3579 sermone

502 3624 708 3680 tumido
734 3621 1057 3693 gloriantur.

575 3716 644 3771 In
669 3716 902 3770 omnibus
938 3721 1109 3767 autent
1141 3713 1446 3783 manifestus
1490 3727 1603 3765 sunt
1638 3710 1799 3766 vobis.
1843 3711 2095 3767 Ostendit

506 3809 871 3881 integritatem
905 3822 1057 3863 suam
1085 3848 1100 3871 ,
1142 3821 1246 3877 qua
1299 3820 1395 3875 per
1425 3808 1591 3859 Deum
1633 3806 1815 3859 omnia
1848 3804 2043 3860 fecerit
2077 3821 2091 3859 :

506 3918 626 3959 cum
662 3915 762 3956 nec
801 3899 1083 3953 avaritiam
1104 3940 1117 3963 ,
1155 3912 1255 3953 nec
1284 3897 1493 3968 gulam,
1526 3911 1625 3951 nec
1657 3894 1885 3967 gloriam
1918 3896 1985 3951 ab
2015 3895 2095 3953 eis

506 3994 797 4066 aliquando
827 3998 1120 4064 quaereret.

579 4088 679 4141 Aut
707 4086 952 4155 numquid
982 4092 1249 4157 peccatum
1274 4084 1371 4155 feci
1401 4083 1655 4156 meipsum
1693 4082 1976 4138 humilians
2000 4123 2015 4151 ,
2042 4091 2097 4138 ut

506 4196 593 4234 vos
633 4176 986 4232 exaltemini?
1029 4175 1086 4231 Si
1133 4174 1273 4229 forte
1319 4173 1423 4229 hoc
1464 4174 1638 4229 solum
1688 4174 1955 4244 peccavi,
2004 4175 2097 4246 qui

508 4278 733 4342 propter
761 4283 857 4323 vos
882 4267 1047 4323 etiam
1078 4266 1223 4321 licita
1250 4275 1304 4320 et
1330 4279 1591 4320 concessa
1620 4267 1947 4335 contempsi.

586 4364 844 4430 Quoniam
870 4361 1033 4435 gratis
1070 4358 1401 4431 Erangeliutn
1438 4357 1535 4412 Dei
1561 4358 1909 4431 euangelizavi
1937 4361 2097 4416 vobis.

512 4456 613 4524 Qui
640 4471 815 4525 neque
842 4469 1031 4524 panem
1063 4453 1466 4525 quotidianum,
1498 4467 1656 4523 quem
1690 4451 1969 4509 ordinavit
2000 4454 2104 4510 Do-

512 4547 693 4602 minus
718 4587 733 4615 ,
766 4548 1092 4616 accepimus.

2199 3342 2319 3397 nias
2364 3341 2487 3396 ideo
2518 3348 2819 3410 spernunt,
2847 3339 2973 3410 quia
3002 3352 3109 3392 non
3141 3336 3384 3403 habent,
3427 3336 3529 3392 sed
3573 3335 3694 3409 quia
3730 3337 3775 3392 in

2196 3434 2491 3490 reconditis
2520 3433 2741 3489 habent.
2779 3432 2901 3488 Veri
2930 3441 3109 3487 autem
3142 3438 3197 3486 et
3238 3429 3517 3501 simplices
3554 3428 3779 3501 magistri

2198 3527 2487 3600 Apostolos
2532 3528 2829 3593 imitantur,
2860 3524 3107 3581 dicentes
3138 3541 3152 3578 :
3182 3522 3365 3594 Neque
3406 3523 3558 3578 enim
3598 3521 3781 3577 fuimus

2199 3622 2252 3677 in
2282 3636 2536 3678 sermone
2565 3621 2892 3677 adulationis
2919 3620 3251 3692 aliquando,
3292 3634 3393 3675 nec
3420 3620 3472 3674 in
3505 3620 3779 3675 occasiOue

2197 3714 2463 3785 avaritiae,
2497 3728 2672 3787 neque
2692 3722 2997 3784 qumrentes
3026 3712 3095 3769 ab
3116 3710 3369 3769 omnibus
3399 3712 3662 3784 gloriam,
3695 3722 3782 3765 nec

2198 3821 2229 3860 a
2259 3806 2432 3862 vobis.

2270 3898 2340 3954 Et
2366 3916 2469 3955 non
2490 3899 2705 3955 mirum.
2728 3897 2849 3972 Ipse
2868 3900 3003 3956 enim
3024 3900 3252 3956 Satanas
3282 3899 3631 3973 transﬁgurat
3656 3914 3707 3954 se
3731 3897 3777 3952 in

2201 3993 2444 4065 angelum
2484 3992 2638 4047 lucis.
2671 3992 2787 4048 Non
2820 4002 2926 4047 tam
2960 3991 3120 4048 facile
3156 3992 3418 4057 somniis,
3466 4000 3566 4048 aut
3603 3988 3787 4060 aliqui-

2200 4085 2303 4141 bus
2348 4084 2504 4155 quasi
2550 4084 2761 4155 angelis
2807 4085 2969 4152 lucis,
3031 4084 3168 4140 ﬁdes
3217 4084 3502 4152 habenda,
3554 4100 3626 4141 ne
3663 4083 3788 4141 forte

2204 4178 2551 4249 transﬁguret
2580 4192 2639 4233 se
2670 4177 2901 4234 Satanas
2922 4178 2975 4234 in
3002 4177 3254 4250 angelum
3279 4176 3443 4245 lucis,
3478 4186 3537 4233 et
3570 4176 3789 4249 decipiat

2205 4283 2269 4325 ac
2298 4270 2444 4323 fallat
2465 4270 2736 4326 incautos.

2278 4360 2402 4416 Non
2426 4378 2546 4435 ergo
2572 4371 2644 4416 est
2674 4362 3013 4434 magnum,-si
3040 4361 3262 4418 ministri
3292 4366 3402 4437 ejus
3430 4362 3791 4435 transﬁgurat-

2209 4466 2315 4525 tur,
2345 4458 2480 4511 velut
2515 4458 2737 4511 ntinistri
2769 4458 3017 4531 justitix.
3058 4455 3175 4514 Non
3212 4456 3435 4521 mirum,
3477 4457 3526 4511 si
3569 4452 3791 4512 ministri

2210 4550 2451 4617 Satanas,
2484 4549 2757 4617 avaritias,
2801 4548 2855 4605 id
2902 4556 3020 4618 est,
3062 4547 3250 4621 gloria
3286 4562 3455 4605 causa
3501 4547 3711 4621 ﬁngant
3741 4560 3793 4602 se

584 4637 727 4692 Alias
758 4635 1025 4691 Ecclesias
1053 4638 1361 4709 exspoliari,
1393 4637 1654 4709 accipiens
1684 4639 1999 4711 stipendium
2030 4641 2100 4697 ad
2130 4628 2180 4691 Ὁ
2204 4641 2467 4715 justitiam
2492 4643 2808 4715 praedicare.

513 4733 855 4787 ministerium
897 4742 1137 4785 vestrum.
1181 4733 1315 4786 Cum
1344 4732 1497 4787 vobis
1536 4732 1927 4805 praedicarent,
1968 4735 2103 4792 mihi

515 4826 838 4883 Macedones
868 4826 1270 4882 ministrabant.

586 4919 655 4973 Et
677 4936 795 4973 cttnt
822 4934 979 4972 essem
1007 4919 1147 4989 apud
1174 4936 1293 4983 vos,
1336 4929 1383 4973 et
1425 4938 1622 4994 egerem
1654 4939 1672 4977 :
1701 4921 1829 4976 nulli
1861 4939 2105 4980 onerosus

515 5015 607 5085 fui.
644 5014 757 5069 lloc
789 5013 885 5068 fuit
916 5028 979 5067 ex
1008 5010 1269 5075 veritate,
1309 5011 1677 5068 inﬁrmitatem
1722 5026 1940 5084 portare
1985 5032 2109 5086 par-

517 5108 767 5162 vulorum
793 5148 806 5173 ,
844 5116 898 5160 ut
944 5119 1045 5159 nec
1092 5113 1219 5160 tunc
1246 5102 1461 5174 quidem
1495 5105 1659 5160 vellet
1702 5107 1949 5178 accipere
1985 5124 2107 5167 cum

523 5212 727 5270 egeret.

592 5293 734 5348 Nam
761 5295 898 5366 quod
940 5296 1068 5350 mihi
1095 5294 1312 5361 deerat,
1351 5293 1717 5364 suppleverunt
1763 5296 1985 5367 fratres,
2027 5298 2116 5369 qui

519 5396 765 5443 venerunt
791 5388 853 5441 de
880 5387 1208 5444 Macedonia.
1257 5387 1358 5457 Qui
1408 5402 1513 5443 non
1546 5388 1948 5457 occurrebant,
1997 5406 2114 5445 ma-

523 5479 684 5535 nibus
731 5478 1010 5534 adoranda
1040 5481 1275 5547 fratres,
1306 5495 1444 5551 quos
1491 5490 1757 5535 noverunt
1801 5481 1965 5536 falsos
2016 5497 2116 5538 nec

525 5569 1013 5643 pseudoapostolos
1053 5581 1423 5643 susceperant,
1448 5572 1574 5642 quin
1608 5572 1774 5627 immo
1804 5573 2112 5629 vincebant.

594 5664 663 5719 Et
683 5666 735 5718 in
756 5662 991 5717 omnibus
1013 5663 1121 5717 sine
1144 5681 1294 5719 onere
1317 5682 1393 5719 nte
1413 5665 1551 5719 vobis
1573 5666 1791 5733 servavi,
1817 5675 1863 5720 et
1886 5666 2113 5720 servabo.

530 5756 754 5823 Quando
785 5756 1035 5810 inﬁrmos
1062 5768 1157 5809 vos
1189 5755 1506 5812 habueritis.

528 5832 535 5857 ⁷
604 5844 697 5899 Est
726 5849 911 5902 veritas
956 5846 1149 5903 Christi
1196 5846 1253 5901 in
1301 5864 1399 5903 me.
1448 5849 1603 5906 Sicut
1648 5849 1890 5907 Christus
1951 5852 2117 5908 semel

2288 4739 2517 4806 Quorum
2564 4739 2684 4810 ﬁnis
2732 4738 2827 4794 erit
2881 4739 3166 4811 secundum
3204 4753 3363 4810 opera
3416 4753 3623 4794 eorum.
3671 4733 3793 4793 Mals

2214 4846 2377 4904 opera
2410 4831 2582 4886 malus
2612 4832 2735 4886 ﬁnis
2764 4838 3062 4901 exspectat.

2288 4926 2486 4982 Iterum
2525 4928 2661 4993 dico,
2714 4943 2779 4982 ne
2829 4927 2944 4998 quis
2994 4934 3134 4999 putet
3183 4942 3263 4981 me
3308 4920 3646 4996 insipientem
3686 4940 3798 4980 esse.

2217 5020 2459 5092 Alioquin
2488 5019 2622 5074 velut
2656 5020 2980 5090 insipientem
3012 5020 3232 5089 accipite
3258 5035 3338 5073 me
3363 5034 3382 5073 :
3415 5030 3471 5073 ut
3500 5028 3552 5074 et
3578 5035 3677 5091 ego
3700 5032 3798 5069 mo-

2218 5113 2414 5178 dicum,
2458 5111 2583 5181 quid
2610 5111 2826 5183 glorier.
2869 5109 2989 5165 Jam
3034 5109 3287 5180 superius
3320 5108 3504 5165 dixit:
3540 5109 3803 5166 Sustinete

2218 5204 2487 5261 modicum
2513 5204 2643 5275 quid
2692 5204 3017 5275 insipientiac
3062 5219 3197 5261 meae
3236 5220 3251 5263 :
3284 5213 3339 5261 et
3369 5203 3691 5261 reddiderat
3729 5216 3805 5257 ra-

2221 5296 2445 5365 tionem,
2473 5295 2596 5368 quia
2627 5297 2744 5351 zelo
2773 5296 2867 5351 Dei
2900 5310 2995 5352 eos
3023 5296 3265 5352 zelaret:
3308 5311 3417 5352 non
3450 5296 3651 5367 gloria:
3676 5293 3808 5351 desi-

2219 5389 2375 5444 derio
2404 5400 2551 5444 esset
2577 5388 2644 5443 de
2674 5403 2737 5444 se
2757 5388 2958 5458 aliquid
2982 5388 3228 5444 dicturus
3255 5405 3269 5453 ;
3306 5404 3375 5445 ne
3397 5390 3517 5458 ejus
3550 5390 3610 5444 in
3636 5388 3806 5443 odium

2221 5481 2387 5547 versi,
2434 5480 2602 5535 falsos
2651 5479 2930 5551 apostolos
2972 5487 3351 5551 sequerentur.
3399 5478 3455 5535 Si
3503 5494 3647 5551 ergo
3688 5478 3809 5534 insi.

2224 5573 2425 5645 pientia
2454 5572 2571 5643 ejus
2599 5581 2707 5628 tam
2733 5574 2951 5644 sapiens
2982 5580 3088 5644 est,
3118 5588 3277 5645 quam
3304 5573 3527 5645 sapiens
3554 5575 3667 5630 erit
3706 5573 3808 5643 ipsa

2224 5669 2524 5739 sapientia?
2560 5668 2733 5724 Simul
2774 5668 3106 5733 notandum,
3141 5668 3265 5739 quia
3308 5669 3503 5725 mirum
3536 5682 3670 5724 esse
3712 5682 3807 5722 non

2225 5760 2387 5815 debet
2415 5760 2458 5815 si
2483 5760 2549 5815 ad
2595 5770 2804 5830 tempus
2847 5759 2982 5815 falsa
3013 5760 3258 5815 doctrina
3308 5758 3640 5829 praevaleat,
3671 5756 3810 5827 cujus

2225 5852 2536 5909 auctoribus
2565 5852 2619 5909 in
2660 5852 2765 5909 ﬁne
2794 5851 3032 5910 vindicta
3066 5850 3415 5923 promittitur.

3560 5920 3563 5921 ν
3610 5914 3643 5923 .ο
