3978 6286
184 309 278 368 801

894 307 1435 368 COMMENTARIUS
1474 306 1541 365 1N
1586 305 1973 367 EPISTOLAM
2013 305 2058 366 ll
2097 308 2188 367 AD
2227 312 2384 370 COR.
2425 310 2580 368 CAP.
2623 307 2739 367 XII.

3366 318 3474 375 809.

251 424 411 493 Quod
456 425 660 498 loquor,
714 394 817 483 non
864 427 1051 500 loquor
1096 428 1383 483 secundum
1427 425 1596 481 Deum
1638 429 1777 481 :sed
1805 434 1851 491 Α
1880 425 2081 480 tidiana
2115 427 2413 483 sollicitudo
2460 427 2687 483 omnium
2719 425 3094 483 Ecclesiarum.
3140 427 3346 487 Praeter
3378 431 3471 488 illa

180 520 325 592 quasi
355 520 411 574 in
441 520 741 592 insipientia
762 508 784 577 ξ
816 523 873 575 in
912 522 1009 576 hac
1049 521 1337 577 substantia
1368 521 1573 594 glorite.
1604 518 1661 575 Si
1690 506 1778 575 hic

182 612 509 671 necessitate
547 613 731 685 populi
770 614 1118 685 compulsus,
1174 624 1335 684 negat
1373 628 1433 669 se
1478 614 1773 669 secundum

184 704 353 760 Deum
400 704 626 775 gloriari
659 722 674 760 :
708 706 841 777 quid
888 706 957 762 de
995 705 1103 761 illis
1134 705 1477 762 sentiendum
1522 716 1635 775 εει,
1685 706 1776 776 qui

181 798 291 854 sola
313 798 576 869 iactantia
602 799 907 871 gloriantur
926 800 1244 856 substantia:
1268 800 1487 872 gloriae?
1512 800 1607 857 Est
1630 799 1775 856 enim

192 894 291 948 alia
320 909 451 950 vera
476 894 777 950 substantia
803 894 1093 965 gloriandi.

252 986 517 1053 Quoniam
562 988 716 1044 multi
758 988 1054 1062 gloriantur
1095 988 1381 1043 secundum
1438 1005 1644 1043 carnem
1674 1004 1693 1043 :
1732 998 1779 1044 et

188 1097 281 1153 ego
307 1082 598 1152 gloriabor.
628 1082 892 1151 Quoniam
923 1083 978 1139 in
1008 1082 1291 1139 nobilitate
1322 1084 1521 1140 terreni
1558 1082 1779 1155 generis

181 1174 426 1245 gloriari,
456 1176 677 1232 carnale
702 1186 807 1232 est.

246 1265 498 1322 Libenter
517 1269 655 1323 enim
688 1268 917 1337 sulfertis
942 1269 1265 1341 insipientes,
1296 1286 1411 1324 cum
1441 1269 1549 1324 sitis
1573 1270 1675 1341 ipsi
1695 1288 1780 1325 sa-

182 1358 399 1429 pientes.
418 1357 588 1414 Video
609 1358 754 1415 enim
777 1374 894 1426 vos,
921 1375 1042 1415 cum
1070 1360 1248 1415 edocti
1276 1361 1415 1427 sitis,
1443 1360 1639 1415 nullius
1662 1374 1781 1417 mo-

181 1450 352 1505 menti
382 1449 762 1519 insipientibus
792 1451 954 1507 facile
975 1452 1337 1507 consensisse.

248 1541 533 1597 Sustinetis
558 1544 695 1597 enim
719 1545 765 1597 si
788 1545 904 1610 quis
929 1560 1017 1598 vos
1048 1545 1102 1598 in
1123 1545 1421 1599 servitutem
1448 1544 1655 1616 redigit.
1679 1544 1780 1600 Le-

181 1631 279 1703 gis,
324 1634 413 1689 vel
444 1634 867 1705 Pharismorum,
917 1637 1008 1705 qui
1055 1635 1392 1692 dominatum
1432 1636 1486 1691 in
1520 1636 1777 1708 papulum

182 1724 533 1781 exercebant.

1881 534 2001 589 qua:
2032 536 2128 589 per
2148 521 2618 577 mansuetudinem
2645 521 2848 576 leviora
2871 537 2993 577 esse
3014 522 3291 579 videntur.

1919 610 2045 677 Quis
2073 611 2399 681 inﬁrmatur,
2433 620 2478 666 et
2509 629 2601 684 ego
2625 630 2730 667 non
2764 613 3040 683 infirmor?
3070 615 3197 681 Quis
3227 616 3453 673 scanda-

1880 702 2105 757 lizatur?
2132 713 2180 757 et
2221 722 2314 777 ego
2354 722 2458 759 non
2505 706 2675 759 uror?
2721 705 2837 761 Non
2886 707 3044 773 dixit,
3086 710 3425 766 scandalizor
3460 731 3471 765 :

1879 796 2005 867 quia
2038 796 2091 851 in
2134 798 2239 853 ﬁde
2270 796 2697 853 scandalizatur.
2726 798 2860 854 Cum
2894 800 3291 857 inlirmantibus
3322 802 3478 859 inﬁr-

1882 904 2000 944 mor
2039 908 2050 942 :
2084 906 2207 946 cum
2235 890 2591 961 pereuntibus
2622 892 2801 961 perire
2844 908 2931 947 me
2957 894 3126 949 credo
3162 912 3172 946 :
3213 895 3292 951 sic
3325 897 3473 952 enim

1879 997 2011 1037 uror
2034 983 2276 1053 tristitia,
2312 994 2369 1039 ut
2389 984 2571 1039 animo
2601 983 2796 1040 ardere
2825 1000 2911 1039 me
2942 984 3200 1041 sentiam.

1954 1074 2018 1130 Si
2065 1077 2285 1147 gloriari
2334 1086 2552 1147 Oportet.
2585 1075 2718 1130 Nam
2760 1077 2803 1132 si
2850 1076 3067 1146 gloriari
3106 1094 3330 1137 necesse
3364 1090 3471 1149 est,

1881 1181 1990 1221 non
2032 1166 2086 1221 in
2115 1167 2200 1222 his
2226 1182 2349 1238 qua:
2375 1168 2441 1222 ad
2474 1168 2742 1235 laetitiam,
2789 1169 2884 1224 sed
2913 1186 3031 1240 quas
3061 1170 3129 1226 ad
3176 1186 3470 1230 unctorem

1882 1261 2177 1331 pertinent,
2209 1261 2509 1331 gloriabor.

1955 1354 2085 1418 Qua:
2106 1354 2423 1421 infirmitatis
2454 1371 2579 1409 mete
2606 1362 2725 1409 sunt
2755 1356 3038 1428 gloriabor.
3074 1356 3356 1415 Manifeste
3386 1359 3473 1414 in-

1881 1444 2168 1501 ﬁrmitates
2209 1461 2336 1501 suas
2381 1447 2675 1516 Apostolus
2709 1449 3039 1503 tentationes
3078 1465 3213 1520 quas
3248 1453 3479 1509 sustine-

1880 1536 1994 1602 bat,
2032 1538 2547 1609 persccutionesque
2586 1540 2874 1610 signiﬁcat.
2925 1540 3056 1596 Item
3086 1556 3275 1599 omnes
3309 1560 3471 1615 stipe-

1887 1630 2062 1686 riores
2092 1633 2467 1698 necessitates,
2507 1649 2619 1687 uno
2651 1634 2983 1689 inﬁrmitatis
3024 1639 3247 1692 nomine
3288 1638 3482 1694 delini-

1882 1720 1978 1787 vit,
2007 1738 2071 1777 eo
2094 1724 2234 1793 quod
2270 1726 2532 1778 humanas
2558 1725 2956 1782 imbecillitates
2978 1730 3092 1782 ista:
3121 1730 3477 1798 praevaleant.

248 1816 315 1871 Si
337 1818 453 1886 quis
482 1816 717 1885 devorat,
747 1818 793 1873 si
822 1819 939 1890 quis
965 1819 1178 1890 accipit.
1207 1818 1466 1875 Convivia
1491 1864 1505 1891 ,
1540 1820 1622 1877 vel
1657 1836 1775 1876 ntu-
1807 1829 1854 1891 Β
1952 1812 2097 1867 Deus
2135 1825 2181 1867 et
2211 1814 2374 1870 Pater
2405 1815 2616 1870 Domini
2645 1820 2809 1872 nostri
2844 1816 2972 1873 Jesu
3017 1818 3207 1875 Christi
3236 1824 3351 1893 scit,
3386 1826 3477 1895 qui

181 1924 337 1966 nera.
362 1910 420 1966 Si
444 1911 566 1982 quis
593 1911 791 1984 accipit
820 1914 1127 1983 pecuniam.

247 2002 317 2058 Si
339 2004 458 2075 quis
478 2006 769 2059 extollitur.
798 2005 1022 2061 Judaica
1049 2007 1327 2078 superbia,
1366 2007 1451 2063 vel
1484 2006 1552 2063 de
1592 2007 1777 2064 scien-

183 2098 273 2166 tia,
304 2099 396 2155 vel
425 2100 496 2156 de
523 2104 741 2173 generis
769 2104 1052 2173 qualitate.

247 2192 311 2247 Si
332 2195 450 2262 quis
470 2193 523 2247 in
548 2195 739 2265 faciem
758 2210 846 2250 vos
871 2196 1043 2251 credit.
1069 2194 1127 2252 Si
1149 2196 1269 2268 quis
1285 2197 1448 2253 etiam
1478 2204 1780 2268 praesentes

180 2283 459 2357 objurgat.

270 2378 578 2434 Secundum
629 2382 1007 2452 ignobilitatem
1066 2382 1201 2437 dico.
1261 2382 1579 2454 lgnobilitas
1631 2385 1777 2440 enim

182 2470 421 2527 maxima
464 2482 572 2539 est,
602 2474 648 2529 si
680 2474 803 2545 quis
834 2474 978 2529 ﬁlius
1006 2474 1125 2543 Dei,
1158 2475 1227 2532 de
1259 2486 1471 2532 terrena
1500 2477 1782 2533 nobilitate

179 2578 237 2621 se
264 2565 460 2635 jactet.

251 2658 423 2723 Quasi
469 2674 561 2713 nos
600 2658 800 2729 inﬁrmi
842 2658 1095 2730 fuerimus
1137 2661 1191 2715 in
1224 2660 1322 2716 hac
1359 2670 1529 2732 parte.
1554 2662 1637 2718 Ab
1674 2662 1782 2718 illis

187 2749 370 2806 minus
400 2751 602 2822 aliquid
635 2751 953 2808 habeamus.

254 2841 325 2899 In
351 2860 456 2915 quo
478 2846 593 2914 quis
617 2846 876 2900 audet:in
889 2846 1184 2918 insipientia
1211 2846 1346 2901 dico.
1371 2845 1467 2901 Hic
1480 2834 1791 2916 seApostobr

182 2935 247 2991 lis
268 2948 581 3008 comparat,
604 2937 852 2993 laborum
877 2954 1101 2994 suorum
1130 2939 1607 3009 contemplatione.
1650 2940 1782 2996 Item

182 3030 481 3086 notandum
505 3031 646 3102 quod
664 3032 817 3102 quasi
841 3030 1193 3086 temerarium
1211 3030 1433 3099 dixerit,
1454 3032 1675 3088 audere.

249 3122 441 3176 Audeo
467 3132 516 3177 et
545 3140 660 3193 ego.
692 3123 921 3179 Possum
950 3123 1152 3180 audere
1181 3128 1226 3179 si
1258 3125 1402 3179 volo.

1881 1914 1954 1959 est
1978 1904 2273 1961 benedictus
2295 1906 2346 1960 in
2369 1909 2579 1974 swcula,
2603 1910 2742 1979 quod
2767 1927 2868 1964 non
2892 1913 3135 1967 utentior.
3162 1913 3298 1970 Rem
3321 1917 3481 1987 quasi

1881 1997 2161 2054 difﬁcilem
2204 1999 2469 2070 dicturus,
2509 2000 2657 2071 quod
2697 2001 2869 2057 Judaei
2914 2016 3104 2059 contra
3143 2022 3266 2061 eum
3313 2009 3481 2065 etiam

1880 2089 2151 2161 principes
2175 2094 2415 2162 gentium
2445 2096 2815 2150 concitassent
2834 2136 2848 2161 ,
2882 2104 3010 2151 ante
3042 2097 3299 2167 implorat
3326 2102 3481 2156 testi-

1883 2187 2122 2239 monium
2157 2184 2251 2239 Dei
2285 2202 2299 2239 :
2344 2200 2412 2240 ne
2457 2200 2600 2241 vera:
2637 2185 2742 2241 hoc
2776 2187 3054 2256 jactautiae
3094 2194 3473 2259 imputaretur,

1880 2274 2021 2344 quod
2044 2274 2305 2330 adversus
2327 2290 2451 2331 eum
2476 2278 2637 2331 etiam
2672 2294 2839 2349 regna
2863 2281 3226 2349 surrexerint,
3257 2291 3313 2338 et
3338 2285 3473 2339 nihil

1882 2369 2159 2438 potuerint
2189 2368 2510 2437 praevalere.
2552 2369 2682 2425 llaec
2716 2384 2893 2426 autem
2929 2371 3133 2429 idcirco
3173 2384 3479 2444 enumerat,

1883 2472 1942 2518 ut
1970 2463 2222 2517 Ostendat
2270 2463 2398 2533 quid
2443 2464 2663 2520 intersit
2692 2464 2836 2520 inter
2874 2481 3035 2522 veros
3063 2476 3117 2522 et
3156 2467 3322 2525 falsos
3350 2484 3485 2540 apo-

1884 2557 2079 2613 stolas.

1958 2652 2200 2709 Damasci
2224 2655 2531 2727 praepositus
2574 2656 2742 2726 gentis
2777 2655 2951 2711 Arelli:
2975 2657 3135 2727 regis,
3165 2658 3482 2715 custodiebat

1884 2744 2143 2798 civitatem
2183 2744 2652 2812 Damascenorum,
2694 2757 2750 2799 ut
2792 2764 2871 2801 me
2908 2750 3380 2819 comprehenderet.
3419 2752 3483 2805 Et

1885 2853 1975 2909 per
1994 2837 2269 2907 fenestram
2294 2838 2344 2890 in
2366 2848 2543 2909 sporta
2565 2840 2810 2893 dimissus
2834 2856 2948 2893 sunt
2969 2857 3060 2909 per
3084 2858 3311 2909 murum,
3342 2852 3390 2897 et
3408 2845 3482 2897 sic

1886 2931 2048 3001 e/fugi
2078 2948 2258 2986 manus
2297 2934 2428 3003 ejus.
2467 2933 2797 3003 l’rmpositus
2837 2933 3015 3004 gentis
3044 2936 3190 2993 illius
3221 2948 3364 3005 erat,
3395 2938 3484 2993 cui

1886 3025 2190 3098 imperabat
2220 3031 2385 3084 Areta
2416 3044 2532 3084 rex.

2514 3121 2741 3179 CAPUT
2770 3123 2883 3180 XII.

256 3215 471 3269 Hebrtei
500 3224 658 3281 sunt,
697 3224 745 3268 et
776 3231 890 3285 ego.
920 3214 1179 3270 Israelita:
1200 3229 1351 3283 sunt,
1383 3226 1432 3271 et
1452 3233 1567 3288 ego.
1598 3216 1782 3273 Semen
1814 3223 1861 3288 ο
1963 3212 2025 3266 Si
2051 3212 2271 3285 gloriari
2295 3221 2516 3283 oportet,
2551 3232 2652 3268 non
2683 3216 2893 3284 expedit
2922 3217 3150 3288 quidem.
3194 3213 3313 3275 Non
3343 3216 3476 3274 tnihi

190 3306 419 3361 Abrahae
459 3316 581 3361 sunt
605 3348 623 3373 ,
650 3316 699 3360 et
731 3323 845 3379 ego.
882 3306 944 3364 Si
990 3308 1047 3363 in
1086 3309 1189 3363 hoc
1226 3308 1530 3377 gloriantur
1560 3326 1573 3361 :
1608 3318 1664 3364 ct
1690 3324 1789 3380 ego

181 3398 347 3468 hujus
372 3412 493 3452 sum
522 3398 723 3468 gentis.

254 3490 496 3545 Ministri
542 3489 736 3545 Christi
768 3499 921 3557 sunt,
974 3502 1024 3545 et
1066 3508 1181 3565 ego.
1223 3491 1529 3549 Notandum
1570 3493 1713 3564 quod
1746 3495 1791 3549 si

180 3584 304 3654 quis
334 3582 410 3639 de
434 3582 637 3638 Christi
681 3584 858 3639 solum
897 3585 1202 3641 ministerio
1228 3585 1529 3657 glorietur,
1562 3601 1669 3642 non
1698 3602 1789 3643 sa-

182 3674 402 3745 pienter
427 3675 531 3731 hoc
557 3675 706 3730 facit.

258 3766 330 3822 Ut
364 3768 539 3822 minus
564 3769 768 3840 sapiens
796 3770 914 3824 dico
933 3808 950 3836 ,
991 3769 1108 3840 plus
1137 3786 1250 3842 ego.
1286 3768 1352 3826 In
1385 3770 1649 3826 laboribus
1675 3772 1792 3843 plu-

180 3861 334 3914 rimis
384 3876 402 3913 :
434 3861 489 3915 in
537 3861 832 3916 carceribus
870 3862 1219 3917 abundantius
1266 3879 1286 3917 :
1331 3865 1385 3918 in
1429 3863 1596 3935 plagis
1627 3882 1791 3935 supra

178 3954 402 4006 modum
441 3968 461 4008 :
497 3954 551 4007 in
588 3952 834 4008 mortibus
865 3954 1183 4025 frequenter.
1225 3955 1269 4009 Α
1291 3954 1494 4012 Judwis
1518 3958 1790 4027 quinquies

180 4048 557 4117 quadragenas
587 4063 693 4100 una
724 4047 894 4101 minus
920 4049 1113 4120 accepi.
1147 4047 1247 4103 Ter
1276 4052 1434 4121 virgis
1455 4066 1617 4104 ctesus
1637 4066 1751 4104 sum
1772 4065 1793 4105 :

177 4142 342 4195 semel
365 4139 628 4210 lapidatus
650 4156 787 4195 sum.
812 4141 1062 4210 Quinque
1085 4141 1295 4197 vicibus
1321 4142 1581 4210 tricenas,
1615 4152 1669 4197 et
1700 4158 1793 4197 no-

176 4249 360 4290 venas
400 4234 557 4304 quasi
602 4243 976 4305 transgressor
1005 4234 1142 4305 legis
1182 4237 1414 4305 accepit.
1450 4235 1577 4289 lltrc
1608 4243 1789 4290 autem

176 4327 233 4381 in
291 4327 529 4382 Actibus
580 4325 971 4396 Apostolorum
1020 4344 1128 4381 non
1174 4328 1356 4381 omnia
1402 4327 1788 4397 reperiuntur:

173 4418 310 4489 quia
360 4433 465 4474 nec
504 4420 558 4473 in
600 4418 865 4489 Epistolis
912 4420 1094 4474 omnia
1138 4435 1257 4490 qua:
1301 4419 1374 4475 ibi
1416 4419 1618 4488 scripta
1663 4427 1793 4475 sunt

173 4510 571 4567 (Otttittelllur.

1894 3305 2137 3374 expedit,
2166 3305 2258 3374 qui
2283 3307 2609 3361 necessitate
2631 3308 2953 3376 compellor.

1973 3394 2188 3450 Veniant
2234 3412 2402 3452 autem
2442 3398 2510 3451 ad
2537 3399 2751 3452 visiones
2782 3409 2827 3453 et
2872 3402 3208 3457 revelationes
3250 3401 3482 3459 Domini.

1891 3488 2006 3546 Sibi
2038 3489 2402 3558 inﬁrmitates,
2436 3492 2666 3546 Domino
2693 3492 2931 3547 visiones
2958 3497 3201 3550 ascribit.

1966 3584 2088 3639 Scio
2110 3584 2368 3637 hominem
2388 3585 2441 3638 in
2464 3583 2692 3639 Christo.
2726 3584 2855 3643 Slve
2884 3588 3207 3643 humilitatis
3232 3604 3393 3645 causa
3416 3590 3484 3646 dc

1892 3690 1952 3731 se
1982 3676 2035 3731 in
2066 3676 2287 3731 alterius
2313 3692 2541 3747 persona
2571 3680 2816 3749 loquitur
2848 3681 2997 3737 :sive
3021 3682 3088 3737 de
3108 3681 3215 3738 alio
3249 3701 3262 3737 :
3295 3698 3483 3739 verum

1895 3777 2075 3839 potest
2101 3780 2392 3840 utrumque
2420 3782 2696 3827 constare.

1968 3860 2099 3925 Ante
2126 3879 2290 3917 annos
2316 3864 2708 3934 quatuordecim
2738 3880 2757 3919 :
2798 3867 2904 3920 sive
2928 3867 2981 3919 in
3004 3882 3239 3939 corpore,
3271 3870 3377 3923 sive
3400 3885 3487 3924 ea:-

1896 3963 1977 4007 tra
1999 3970 2208 4025 corpus,
2238 3955 2433 4025 nescio,
2462 3954 2601 4010 Deus
2623 3958 2740 4023 scit,
2772 3969 2980 4027 raptum
3007 3957 3367 4031 hujuscemodi
3399 3977 3487 4014 us-

1893 4063 1994 4118 que
2021 4049 2089 4101 ad
2121 4050 2327 4103 tertium
2356 4050 2555 4104 (mlum.
2582 4050 2719 4117 Quia
2762 4051 2958 4106 iterum
3000 4055 3220 4123 repetit,
3250 4054 3487 4110 ostendit

1894 4140 2057 4194 aliam
2090 4142 2259 4196 luisse
2287 4143 2573 4198 visionem.
2615 4144 2748 4199 Vide
2789 4152 2994 4215 quanta
3036 4147 3333 4202 necessitas
3363 4147 3488 4216 fuit,

1896 4243 1953 4288 ut
1982 4236 2127 4303 quod
2158 4235 2314 4291 annis
2355 4236 2766 4307 quatuordecitn
2796 4238 3094 4306 celaverat,
3125 4239 3359 4309 prodere
3390 4255 3487 4297 co-

1893 4334 2135 4395 geretur.

1969 4416 2035 4470 Et
2061 4418 2168 4471 scio
2197 4418 2556 4491 hujuscemodi
2584 4420 2866 4487 hominem,
2897 4423 2999 4475 sive
3038 4422 3092 4475 in
3120 4438 3353 4493 corpore,
3385 4425 3491 4481 sive

1897 4520 2041 4564 extra
2074 4526 2263 4579 corpus
2283 4552 2298 4577 ,
2330 4516 2501 4565 nescio
2531 4528 2547 4564 :
2580 4511 2718 4567 Deus
2746 4514 2839 4567 srit
2872 4528 2891 4565 :
2920 4514 3170 4583 quoniam
3210 4524 3389 4583 raptus
3416 4525 3498 4571 est

251 4604 362 4658 Ter
391 4604 725 4675 naufragium
756 4604 855 4676 feci
884 4620 903 4659 :
926 4613 1072 4657 nocte
1104 4620 1165 4657 ac
1189 4604 1270 4657 die
1296 4604 1348 4657 in
1377 4604 1642 4674 profundo
1674 4620 1787 4657 ma-
1815 4609 1870 4672 1)
1896 4602 1948 4656 in
1979 4604 2296 4671 paradisum.
2330 4604 2582 4658 ltcrando
2611 4605 2903 4674 Apostolus
2936 4604 3077 4661 hunc
3119 4606 3281 4662 talem
3315 4608 3496 4664 homi-

171 4703 248 4756 ris
281 4701 397 4773 fui.
439 4699 496 4755 In
529 4701 719 4755 ultimo
763 4700 1025 4770 periculo,
1062 4715 1188 4755 cum
1223 4700 1403 4753 navim
1440 4700 1493 4753 in
1522 4698 1789 4769 profunda

173 4809 521 4874 tempestate
552 4800 876 4868 deductam,
916 4800 970 4855 in
1003 4799 1168 4855 horas
1197 4798 1362 4855 ﬂuctu
1389 4799 1594 4869 operiri
1626 4808 1789 4870 puta~

170 4921 405 4963 remus.

251 5010 330 5065 In
378 5006 650 5064 itineribus
676 5022 860 5078 swpe:
908 5004 1153 5077 periculis
1191 5004 1499 5076 fluminum,
1548 5003 1791 5076 periculis

171 5114 487 5177 latronum,
525 5112 771 5184 periculis
802 5126 865 5165 ex
908 5125 1114 5183 genere,
1155 5108 1397 5181 periculis
1433 5124 1494 5161 ea:
1530 5105 1789 5177 gentibus,

170 5214 444 5289 periculis
476 5214 528 5267 in
551 5214 777 5279 civitate,
803 5211 1046 5281 periculis
1072 5210 1122 5263 in
1150 5210 1446 5279 solitudine,
1472 5206 1718 5280 periculis
1740 5208 1793 5260 in

167 5319 350 5383 mari,
391 5314 628 5384 periculis
652 5315 706 5368 in
734 5312 883 5383 falsis
913 5313 1187 5384 fratribus.
1216 5312 1317 5379 Qui
1339 5309 1628 5382 explorare
1658 5308 1790 5364 sub-

171 5418 530 5475 introicrunt
557 5424 802 5471 nostram
828 5414 1159 5470 libertatem.

254 5517 336 5574 In
372 5517 547 5572 labore
575 5525 624 5571 et
664 5530 919 5579 terumna,
948 5514 1002 5567 in
1033 5514 1226 5585 vigiliis
1261 5514 1460 5581 multis,
1499 5514 1551 5566 in
1580 5514 1718 5584 fame
1746 5520 1793 5566 et

170 5624 302 5691 siti,
332 5631 388 5677 et
413 5621 468 5675 in
487 5619 709 5690 jejuniis
734 5618 930 5671 multis.
961 5615 1024 5669 In
1044 5617 1236 5688 frigore
1254 5627 1301 5672 et
1323 5618 1574 5672 nuditate.
1601 5615 1795 5671 Fames

169 5722 554 5786 necessitatis
580 5732 694 5790 est,
719 5720 983 5793 jejunium
1012 5721 1328 5777 voluntatis.

254 5827 477 5884 Prester
496 5824 590 5882 illa
610 5836 727 5896 qua:
751 5821 1068 5879 extrinsecus
1089 5832 1207 5879 sunt
1232 5822 1482 5879 instantia
1503 5840 1637 5895 mea,
1658 5838 1786 5895 qua.

1900 4713 2046 4763 nem,
2078 4698 2316 4752 ostendit
2340 4698 2581 4753 secundo
2604 4712 2725 4753 esse
2751 4709 3005 4769 raptum:
3038 4703 3208 4756 semel
3240 4716 3407 4773 usque
3422 4701 3492 4757 ad

1901 4792 2117 4848 tertium
2146 4791 2371 4859 coelum,
2400 4792 2487 4846 ubi
2514 4791 2646 4846 vidit
2672 4792 2909 4848 visiones
2935 4810 2950 4847 :
2974 4803 3027 4849 et
3056 4795 3224 4850 semel
3255 4795 3309 4850 in
3340 4810 3497 4866 para-

1900 4883 2105 4950 disum,
2140 4884 2229 4937 ubi
2262 4884 2500 4938 revelata
2525 4882 2651 4939 sunt
2677 4884 2729 4939 ei
2756 4884 3046 4941 ittellabilia
3078 4887 3263 4943 verba.

1973 4978 2039 5033 Et
2068 4980 2261 5032 audivit
2287 4997 2477 5034 arcana
2504 4981 2677 5048 verba,
2700 4998 2817 5052 qua:
2839 4999 2940 5037 non
2969 4981 3086 5037 licet
3108 4982 3305 5037 homini
3325 4984 3488 5056 loqui.

1902 5072 2027 5129 Sive
2054 5089 2173 5144 qua:
2202 5074 2333 5127 nulli
2364 5073 2546 5129 dicere
2584 5077 2661 5130 fas
2698 5084 2804 5142 est,
2838 5075 2970 5139 sive,
3011 5092 3131 5146 qua:
3158 5074 3494 5145 impossibile

1899 5176 1985 5223 est
2016 5167 2303 5221 humanam
2327 5183 2582 5222 enarrare
2610 5177 2879 5222 naturam.
2904 5168 3015 5223 lloc
3030 5174 3217 5221 contra
3234 5168 3490 5226 Arianos.

1972 5260 2081 5316 Pro
2122 5262 2481 5333 hujuscemodi
2525 5262 2789 5333 gloriabor
2823 5277 2961 5333 :pro
3008 5278 3087 5314 me
3126 5272 3298 5315 autem
3339 5264 3493 5319 nihil.

1898 5356 2142 5422 Visione,
2177 5356 2259 5411 vel
2303 5355 2521 5409 homine
2553 5374 2566 5409 :
2612 5371 2711 5425 pro
2741 5371 2827 5409 me
2866 5362 3047 5409 autem
3080 5371 3185 5409 non
3214 5357 3493 5427 gloriabor

1896 5449 1951 5506 in
1977 5466 2095 5506 mea
2121 5450 2327 5505 virtute
2354 5468 2365 5503 :
2397 5451 2521 5520 quia
2542 5467 2647 5505 non
2675 5460 2757 5504 est
2780 5450 3043 5505 revelatio
3075 5465 3216 5512 mea.
3242 5450 3338 5505 sed
3373 5452 3491 5506 Dei.

1974 5542 2097 5597 Nisi
2122 5544 2175 5597 in
2196 5545 2585 5614 inﬁrmitatibus
2624 5544 2773 5599 meis.
2810 5542 2949 5598 Nunt
2976 5553 3023 5598 et
3063 5544 3106 5597 si
3135 5544 3343 5598 voluero
3372 5544 3493 5617 glo-

1897 5637 2044 5703 riari,
2094 5653 2197 5691 non
2229 5653 2317 5690 ero
2361 5637 2649 5705 insipiens:
2681 5637 2944 5692 veritatem
2978 5636 3111 5691 enim
3154 5634 3344 5689 dicam.
3396 5636 3493 5693 llic

1899 5728 2115 5785 videtur
2162 5729 2480 5796 ostendere,
2513 5744 2637 5785 cum
2671 5729 2740 5785 de
2791 5732 2897 5785 alio
2942 5729 3129 5794 dicat,
3168 5728 3380 5787 etiamsi
3411 5729 3493 5786 di-

1900 5828 2009 5891 cat,
2039 5834 2259 5880 causam
2287 5821 2554 5894 gloriandi
2578 5820 2780 5883 habere
2808 5826 2976 5883 nollc.
