3978 6286
518 310 623 366 803
1537 304 1597 364 S.
1639 302 2025 362 HIERONYMI
2066 247 2351 361 OPERURI
2394 300 2759 362 MANTISSA.
2802 294 2807 297 ’
3714 301 3807 363 898

586 425 754 480 I’arco
784 432 984 492 autem,
1025 439 1090 479 ne
1127 423 1242 495 quis
1278 437 1357 477 me
1400 424 1656 478 existimet
1700 438 1856 494 supra
1886 421 1938 473 id
1967 422 2105 492 quod
2139 422 2185 480 Α
2216 436 2301 473 vos
2323 420 2564 493 diligens,
2594 420 2767 473 minus
2792 417 3009 491 diligor.
3031 416 3187 486 Quod
3210 417 3385 475 habeo
3411 419 3599 475 labore
3622 421 3806 487 nimio,

507 520 644 575 videt
674 522 727 574 in
756 536 854 585 me,
896 529 986 573 aut
1016 519 1165 572 audit
1195 518 1395 588 aliquid
1432 533 1499 573 ex
1531 533 1630 571 me.
1667 516 1953 573 Sufliciuut
1994 529 2109 569 ma-
2219 510 2399 582 impen
2423 513 2474 566 lo
2504 552 2519 575 ,
2550 522 2605 566 et
2640 511 2919 581 plusquam
2968 524 3183 579 possum
3210 510 3540 579 impendam.
3567 512 3804 569 Perfecta

508 614 723 679 nilo-sta,
765 612 972 666 etiamsi
1005 613 1253 667 celentur
1279 614 1525 667 occulta.
2222 605 2365 659 enim
2396 604 2619 657 dilectio
2652 619 2757 656 non
2789 602 2966 658 solum
3010 611 3209 666 totum,
3244 602 3389 673 quod
3419 603 3604 668 habet,
3647 606 3806 674 gratis

583 706 647 758 lit
674 721 735 759 ne
760 705 1057 776 magnitudo
1077 705 1447 759 revelationum
1477 705 1692 761 extollat
1730 720 1829 769 me,
1856 704 2007 758 datus
2034 709 2109 757 est
2214 694 2501 766 impendit,
2537 695 2632 751 sed
2657 696 2819 749 etiam
2854 698 2969 764 ipsa
2993 694 3230 750 libenter
3252 696 3752 767 superimpenditur
3770 698 3804 753 si

507 797 630 850 ntihi
656 798 896 850 stimulus
921 797 1093 851 carnis
1113 812 1259 859 mete,
1282 800 1497 868 angelus
1521 796 1751 853 Satante.
1778 797 1988 864 Quanta
2013 810 2112 865 pu—
2215 806 2440 848 necesse
2465 800 2572 848 est.

510 891 638 945 tatis
663 904 806 955 esse,
837 906 956 960 qua:
988 892 1127 954 celo,
1161 898 1223 945 ut
1259 890 1455 945 merito
1487 890 1639 954 tnibi,
1681 899 1827 946 esset
1857 890 2111 945 stimulus
2286 886 2393 942 Sed
2419 897 2544 941 esto.
2584 886 2692 956 Ego
2718 902 2805 940 vos
2835 902 2938 940 non
2966 886 3197 958 gravari,
3222 886 3315 939 sed
3340 902 3457 939 cum
3479 902 3638 941 essm:
3670 902 3802 945 astit-

514 983 880 1046 necessarius,
912 982 1003 1051 qui
1036 996 1123 1037 tne
1152 982 1426 1036 hominem
1453 995 1577 1038 esse
1612 997 1831 1052 semper
1858 981 1986 1035 mihi
2016 981 2113 1035 de-
2212 986 2320 1045 tus,
2345 978 2466 1032 dolo
2499 994 2584 1032 vos
2618 978 2753 1050 cepi.
2792 976 3063 1046 Numquid
3102 993 3192 1048 per
3226 976 3448 1046 aliquem
3478 994 3655 1033 eorum
3688 999 3799 1052 quos

511 1082 861 1130 mnostrarct.
888 1072 1179 1129 Stimnlum
1207 1074 1386 1130 carnis
1406 1116 1419 1138 ,
1451 1078 1698 1146 angelum
1729 1075 1965 1139 Satanae,
1993 1084 2108 1128 ten-
2213 1070 2333 1123 misi
2370 1068 2440 1122 ad
2469 1085 2577 1133 vos,
2621 1069 2932 1122 circnmveni
2966 1070 3099 1123 vos?
3140 1069 3242 1123 Per
3284 1070 3468 1124 omnia
3509 1084 3569 1124 sc
3599 1083 3799 1145 purgat,

512 1169 743 1225 lationes
774 1170 1237 1240 persecutionum,
1272 1169 1564 1241 Apostolus
1593 1187 1651 1225 se
1682 1168 2009 1226 sustinuisse
2036 1170 2107 1224 sic
2213 1162 2453 1229 ipsorum
2485 1176 2704 1231 semper
2732 1160 3125 1216 conscientiam
3157 1169 3357 1217 testem
3390 1161 3654 1220 invocans
3691 1181 3704 1219 :
3735 1170 3799 1218 sl-

514 1262 757 1331 gnilicat.
2213 1254 2327 1309 mul
2369 1264 2423 1309 et
2451 1254 2727 1325 quomodo
2765 1268 2826 1309 se
2854 1254 2925 1309 ab
2965 1253 3070 1308 illis
3104 1253 3321 1323 possint
3348 1264 3543 1309 cavere
3584 1254 3799 1312 demon-

585 1354 688 1422 Qni
733 1370 812 1407 me
852 1354 1155 1423 colaphizet.
1205 1357 1310 1409 Aut
1353 1355 1739 1410 tribulationes
1775 1351 2109 1419 suscitaudo,
2214 1358 2417 1402 stram.

512 1458 605 1501 aut
637 1448 879 1502 dolores.
908 1448 1134 1515 Quidam
1154 1446 1295 1502 cnim
1321 1448 1504 1503 dicunt
1526 1463 1649 1504 eum
1676 1447 1989 1519 frequenter
2016 1446 2111 1500 do-
2286 1439 2487 1509 Rogavi
2516 1438 2712 1501 Titum.
2740 1448 2788 1493 ει
2812 1440 2931 1493 misi
2967 1455 3087 1493 cum
3123 1439 3219 1494 illo
3259 1440 3493 1510 fratrem.
3544 1441 3797 1513 Numquid

512 1538 627 1591 lore
656 1539 849 1605 capitis
882 1538 1185 1593 laborasse.
2216 1529 2361 1585 Titus
2383 1548 2471 1585 vos
2501 1532 2867 1585 circumvenit?
2892 1531 3165 1604 Numquid
3191 1532 3397 1603 aliquid
3429 1534 3586 1590 vobis
3624 1536 3797 1591 abstu-

582 1627 804 1698 Propter
835 1632 972 1697 quod
1002 1639 1077 1683 ter
1106 1629 1386 1684 Dominum
1429 1631 1633 1701 rogavi,
1671 1640 1725 1685 ut
1753 1629 2039 1685 discederet
2078 1643 2111 1682 a
2214 1624 2273 1679 lit
2302 1623 2366 1676 ad
2400 1639 2489 1678 me
2517 1623 2942 1692 perferendum?
3352 1614 3363 1627 ⁸

511 1738 609 1776 me.
644 1720 711 1774 Et
734 1722 863 1776 dixit
893 1723 1019 1776 milti
1041 1739 1060 1779 :
1091 1723 1303 1795 Sufﬁcit
1324 1723 1413 1778 tibi
1444 1725 1612 1795 gratia
1635 1738 1776 1777 mea:
1804 1739 1927 1777 nam
1951 1723 2112 1776 virtus
2290 1716 2479 1771 Nonne
2506 1718 2689 1772 eodem
2716 1719 2902 1786 spiritu
2945 1718 3365 1774 ambulavimus?
3396 1719 3585 1775 Nonne
3621 1723 3797 1777 eisdem

507 1817 564 1871 in
593 1816 894 1885 inﬁrmitate
931 1818 1219 1887 perﬁcitur.
1264 1818 1364 1873 llic
1408 1818 1759 1889 intelligimus
1796 1818 1957 1873 etiam
1989 1832 2116 1871 san-
2146 1802 2192 1863 Β
2219 1812 2478 1882 vestigiis?
2509 1812 2698 1866 Nonne
2722 1827 2830 1866 uno
2856 1811 3051 1880 spiritu
3082 1814 3265 1867 omnia
3298 1815 3579 1883 gerimus?

510 1918 628 1961 etus
659 1908 971 1977 ignorantur
1012 1923 1418 1978 nonnumquam
1461 1910 1643 1979 aliqua
1684 1907 2110 1977 inimpetrahilia
2294 1904 2434 1956 Ulim
2474 1904 2691 1974 putatis,
2721 1902 2862 1973 quod
2902 1920 3204 1959 excusemus
3248 1920 3341 1960 nos
3377 1906 3522 1977 apud
3560 1918 3668 1961 vos.
3702 1906 3796 1961 Non

513 2002 817 2071 postulasse
852 2020 864 2055 :
901 2001 1063 2054 simul
1095 2000 1262 2055 etiam
1304 2001 1588 2069 discimus,
1624 2001 1769 2072 quod
1808 2001 2112 2069 importuna
2218 1996 2363 2051 sicut
2394 1997 2643 2065 superius
2675 1995 2809 2061 dixi,
2862 1997 3142 2065 placemus
3182 1997 3379 2054 nobis:
3422 1999 3518 2053 sed
3555 2014 3624 2054 ne
3666 2000 3798 2055 nobis

512 2094 724 2164 petitio,
776 2094 863 2149 vel
910 2109 1237 2164 responsum
1277 2104 1585 2161 mereatur,
1632 2096 1679 2150 si
1722 2110 1830 2150 non
1874 2104 2115 2150 moretur
2230 2105 2351 2143 cum
2380 2089 2692 2143 venerimus
2718 2103 2941 2144 necesse
2968 2090 3245 2144 sitacrius
3270 2091 3568 2146 vindicare.

512 2186 789 2241 eli'ectum.
2293 2179 2482 2237 Coram
2507 2181 2615 2237 Deo
2639 2182 2692 2236 in
2717 2180 2922 2237 Christo
2945 2182 3227 2254 loquimur.
3259 2182 3449 2237 Omnia
3476 2193 3671 2245 autem,
3694 2184 3798 2237 rha-

592 2278 832 2333 Libcnter
860 2280 1018 2351 igitur
1056 2279 1321 2352 gloriabor
1349 2281 1402 2336 in
1443 2280 1830 2351 inﬁrmitatibus
1862 2282 1985 2335 meis
2012 2296 2031 2334 :
2058 2288 2116 2335 ut
2222 2276 2436 2341 rissimi,
2482 2285 2690 2347 propter
2729 2276 3127 2346 aediﬁcationem
3156 2286 3389 2330 vestram.
3422 2276 3591 2345 Quem
3625 2278 3797 2334 fallere

514 2370 763 2425 inhabitet
789 2371 844 2425 in
868 2388 944 2425 me
964 2372 1123 2425 virtus
1157 2371 1372 2426 Christi.
1407 2372 1701 2444 Postquam
1731 2374 1959 2443 cognovi
1988 2387 2117 2443 pro-
2222 2368 2560 2437 impossibile
2581 2378 2687 2423 est.

518 2464 862 2533 desse,quotl
889 2478 1089 2519 nocere
1117 2464 1393 2532 putabam.
2292 2461 2472 2515 Timeo
2502 2460 2639 2515 enim
2667 2477 2729 2516 ne
2767 2462 2898 2529 forte
2928 2477 3044 2515 cum
3089 2476 3293 2529 venero,
3334 2478 3438 2515 non
3484 2461 3666 2534 quales
3705 2461 3800 2515 vols

591 2552 817 2625 Pr0pter
846 2556 983 2623 quod
1013 2556 1191 2624 placeo
1222 2556 1349 2609 mihi
1393 2558 1444 2610 in
1476 2556 1862 2627 inﬁrmitatibus
1891 2558 2034 2625 nteis,
2060 2557 2115 2611 in
2221 2554 2475 2608 inveniam
2499 2569 2584 2606 vos
2612 2570 2629 2607 :
2658 2563 2704 2606 et
2729 2570 2820 2624 ego
2846 2554 3078 2607 inveniar
3101 2571 3133 2607 a
3168 2555 3309 2608 vobis
3339 2554 3544 2627 qualem
3569 2570 3673 2608 non
3700 2553 3797 2608 sll-

516 2648 860 2701 contumeliis.
890 2648 1007 2702 Non
1037 2648 1091 2703 in
1117 2649 1440 2707 honoribus.
2221 2650 2304 2703 tis.
2341 2646 2535 2702 Timeo
2565 2648 2609 2701 si
2643 2662 2742 2701 vos
2773 2662 2876 2700 non
2912 2647 3175 2703 invenero
3214 2647 3415 2718 iustos,
3451 2658 3506 2704 et
3531 2663 3634 2717 ego
3663 2648 3796 2703 vobis

592 2737 661 2793 In
692 2740 1100 2795 necessitatibus.
1136 2742 1251 2798 Non
1288 2745 1339 2798 in
1372 2746 1508 2811 otio,
1542 2760 1647 2799 nou
1677 2746 1727 2799 in
1756 2743 1984 2799 divitiis.
2221 2753 2447 2795 severus
2478 2738 2743 2794 inveniar.
2778 2737 3175 2794 Blandimentis
3197 2740 3374 2794 minas
3398 2739 3597 2810 jungit.

590 2830 659 2886 In
706 2834 1164 2901 persuasionibus,
1206 2836 1260 2890 ἱη
1294 2838 1549 2907 angustiis
1589 2854 1684 2907 pro
1731 2836 1957 2892 Christo.
1999 2836 2115 2892 Non
2296 2833 2383 2887 Ne
2427 2834 2558 2903 forte
2597 2834 2975 2899 contentiones,
3003 2835 3397 2899 (simulationes,
3441 2824 3797 2897 animositates,

518 2930 622 2996 pro
653 2929 885 2981 crimine
918 2946 929 2979 :
974 2928 1118 2983 unde
1160 2928 1410 2983 Salvator
1445 2929 1654 2992 docuit,
1694 2938 1754 2983 ut
1795 2930 1908 2982 sola
1953 2943 2115 2983 causa
2220 2929 2590 2988 dissensiones,
2622 2928 2986 2990 detractiones,
3038 2929 3449 2995 susurrationes,
3496 2929 3797 2997 inﬂationes,

512 3021 736 3091 justitim
768 3020 1058 3089 patiamur,
1094 3021 1257 3075 Petro
1289 3022 1543 3076 similiter
1574 3022 1625 3076 id
1652 3030 1967 3079 attestante.
2102 3060 2103 3063 η
2220 3019 2499 3072 seditiones
2523 3019 2628 3071 sint
2657 3018 2793 3071 inter
2812 3034 2923 3071 vos.
2958 3016 3042 3072 Ne
3072 3020 3257 3073 iterum
3287 3034 3407 3073 cum
3432 3034 3618 3073 venero
3650 3018 3801 3072 humi-

594 3110 723 3165 Cum
747 3112 883 3166 enim
924 3112 1183 3177 inﬁrmor,
1215 3123 1335 3165 tunc
1376 3122 1553 3183 potens
1588 3130 1723 3167 sum.
1762 3112 1988 3169 Maxima
2020 3128 2117 3185 po-
2145 3169 2184 3185 η
2219 3111 2307 3166 liet
2329 3129 2409 3165 me
2430 3110 2571 3165 Deus
2600 3112 2746 3181 apud
2776 3127 2884 3167 vos.
2920 3112 3150 3181 Pmptcr
3176 3111 3291 3167 hinc
3324 3127 3387 3168 se
3424 3112 3639 3166 dicebat
3665 3126 3803 3165 seve-

524 3204 690 3259 tentia
720 3211 804 3258 est
844 3202 1103 3258 inlirmari
1146 3220 1245 3273 pro
1278 3201 1520 3271 Christo,
1558 3212 1614 3259 et
1644 3220 1853 3284 magna:
1884 3205 2111 3274 divitize,
2141 3169 2186 3232 C
2222 3206 2433 3261 rissime
2462 3205 2762 3261 vindicare.
2785 3205 2925 3273 Quid
2958 3205 3166 3262 faceret
3186 3209 3231 3262 si
3254 3209 3460 3263 nostris
3482 3209 3801 3276 temporibus

524 3297 787 3367 indigere.
2217 3296 2583 3361 adinveuiret,
2614 3297 2812 3367 quibus
2844 3297 2908 3350 ad
2942 3298 3409 3367 comparationem
3454 3299 3684 3355 aliorum
3710 3299 3802 3353 cri-

593 3388 791 3445 Faetus
814 3406 930 3444 sum
960 3390 1227 3461 insipiens.
1272 3389 1625 3459 [nsipientem
1653 3405 1777 3446 esse
1820 3391 1970 3457 dicit,
2018 3390 2117 3446 ali-
2218 3391 2444 3455 minum,
2475 3390 2575 3445 ista
2607 3406 2673 3446 ne
2702 3401 2961 3461 putantur
2982 3394 3196 3462 quidem
3227 3408 3353 3449 esse
3381 3394 3639 3463 peccata?

521 3501 682 3557 quem
713 3500 773 3539 se
803 3484 856 3537 in
887 3483 1170 3537 laboribus
1198 3484 1427 3550 jactare,
1456 3484 1538 3538 vel
1570 3484 1878 3538 virtutibus.
2289 3482 2358 3536 Et
2397 3485 2602 3555 lugeam
2631 3483 2824 3539 multos
2845 3502 2911 3542 ex
2943 3486 3043 3553 Itis,
3079 3491 3167 3557 qui
3218 3496 3337 3541 ante
3381 3497 3732 3557 peccaverunt,
3760 3496 3802 3540 et

602 3576 706 3630 Vos
732 3592 813 3628 me
838 3576 1096 3644 coegistis.
1131 3574 1241 3647 Ego
1263 3576 1399 3629 enim
1433 3593 1466 3630 a
1498 3577 1641 3632 vobis
1680 3576 1830 3629 debui
1858 3592 2116 3631 commen-
2216 3594 2320 3633 non
2343 3588 2555 3649 egerunt
2585 3580 2953 3645 paenitentiam.
2999 3580 3112 3637 lloc
3149 3590 3234 3635 est
3266 3591 3455 3636 contra
3490 3580 3800 3637 Novatianos

523 3667 662 3721 dari.
702 3664 850 3719 Nihil
873 3667 1004 3719 enim
1028 3665 1195 3718 uinus
1219 3666 1314 3733 feci
1337 3669 1401 3719 ab
1428 3667 1529 3730 his,
1558 3667 1648 3735 qui
1670 3678 1787 3721 sunt
1818 3683 1980 3733 supra
2005 3684 2114 3719 mo-
2218 3672 2550 3742 paenitentiae
2583 3683 2912 3743 negatores:
2968 3674 3014 3728 si
3056 3674 3199 3729 enim
3248 3676 3395 3745 luget
3443 3676 3798 3745 pmnitentiall

523 3764 648 3813 dum
676 3758 930 3829 Apostoli.
954 3757 1058 3812 Sed
1081 3757 1183 3812 hoc
1211 3772 1307 3811 vos
1333 3760 1615 3828 coegistis,
1638 3760 1729 3829 qui
1752 3774 1874 3812 cum
1904 3759 2025 3812 aliis
2047 3759 2115 3815 de
2218 3780 2323 3819 non
2354 3777 2599 3834 agentes,
2628 3765 2813 3831 utique
2842 3766 2913 3821 de
2944 3767 3233 3837 agentibus
3263 3768 3483 3838 gaudet.

523 3866 612 3908 me
639 3851 953 3907 satisfacere
985 3850 1281 3916 deberetis,
1311 3852 1454 3918 quod
1487 3850 1622 3904 nihil
1652 3851 1833 3905 minus
1859 3848 2052 3905 fuerim
2084 3868 2112 3905 a
2290 3855 2463 3922 Super
2490 3857 2819 3911 immunditia
2859 3866 2907 3911 et
2954 3859 3333 3928 fornicatione,
3375 3867 3426 3913 et
3462 3858 3795 3930 impudicitia,

522 3944 731 4011 magnis
755 3942 1031 4006 Apostolis
1065 3960 1077 3995 :
1111 3945 1310 3998 iterum
1347 3958 1486 4014 opus
1523 3943 1759 4008 habetis,
1802 3954 1860 3996 ut
1896 3957 1994 3997 vos
2020 3944 2116 3998 dc-
2215 3964 2364 4019 quam
2387 3960 2668 4018 gesserunt.
2701 3948 3040 4019 lmpudicitia
3059 3951 3279 4020 gravior
3304 3960 3389 4006 est
3421 3950 3795 4013 fornicatione.

520 4053 629 4092 nuo
661 4036 1128 4091 commendemus.
2216 4042 2367 4109 quasi
2392 4051 2738 4095 monstruosa
2762 4042 3042 4112 turpitudo
3067 4060 3079 4095 :
3105 4046 3248 4099 sicut
3268 4043 3361 4099 ille
3382 4043 3530 4109 fecit,
3553 4046 3647 4113 qui
3673 4058 3797 4097 uxo-

590 4130 813 4186 Tametsi
858 4131 988 4185 nihil
1031 4146 1198 4184 sunt:
1245 4130 1393 4200 signa
1437 4140 1606 4184 tamen
1652 4130 1977 4201 apostolatus
2017 4131 2115 4185 mei
2218 4150 2332 4190 rem
2364 4133 2535 4204 patris
2561 4136 2793 4205 accepit.

524 4228 666 4295 facta
690 4234 813 4280 sunt
859 4241 1018 4293 super
1044 4239 1131 4278 vos
1160 4225 1214 4277 in
1246 4224 1387 4278 omni
1434 4225 1710 4293 patientia,
1758 4226 1813 4279 in
1852 4226 2033 4297 signis,
2061 4236 2108 4281 et
2833 4225 3059 4283 CAPUT
3102 4225 3243 4281 XIII.

520 4318 795 4387 prodigiis,
822 4325 869 4370 et
890 4315 1313 4384 virtutibus.Ego
1331 4316 1546 4381 quidem
1564 4315 1829 4370 ttibilsnm
1849 4318 2108 4373 uthomo:
2290 4316 2422 4372 Ecce
2459 4320 2609 4373 tertio
2640 4319 2738 4372 hoc
2774 4320 2921 4372 venio
2961 4320 3030 4372 ad
3078 4334 3165 4371 vos
3188 4334 3207 4372 :
3235 4319 3289 4371 in
3332 4335 3422 4373 ore
3457 4319 3703 4383 duorum,
3731 4317 3800 4371 vel

518 4410 617 4463 sed
648 4411 984 4478 apostolatus
1011 4423 1111 4463 sua
1143 4409 1193 4462 in
1222 4408 1377 4462 vobis
1408 4408 1559 4478 signa
1599 4410 1922 4463 monstravit
1958 4428 1969 4463 :
2011 4410 2112 4466 hoc
2214 4410 2368 4464 trium
2405 4414 2608 4464 testium
2639 4410 2794 4464 stabit
2815 4426 2968 4465 omne
2994 4411 3228 4465 verbum.
3266 4411 3579 4465 Secundum
3612 4412 3797 4480 legem,

518 4508 625 4564 est,
652 4500 965 4567 patientiam
992 4498 1047 4553 in
1072 4498 1342 4565 moribus,
1374 4508 1429 4553 et
1459 4498 1697 4569 prodigia
1728 4498 1779 4552 in
1807 4500 1997 4569 signis.
2136 4559 2178 4569 ,ι
2215 4512 2399 4557 contra
2430 4500 2774 4555 Manichacus.

590 4590 730 4657 Quid
768 4603 842 4645 est
884 4594 1050 4655 enim,
1089 4595 1225 4663 quod
1265 4594 1439 4647 minus
1474 4591 1729 4647 habuistis
1770 4608 1879 4663 pra:
1905 4595 2108 4650 cwteris
2136 4559 2187 4621 υ
2292 4596 2524 4650 Prndixi
2546 4598 2683 4651 enim
2710 4607 2755 4649 et
2776 4597 3023 4667 prtedico,
3054 4605 3109 4649 ut
3140 4611 3368 4668 prasens
3399 4594 3561 4660 vobis,
3598 4602 3650 4649 et
3674 4609 3803 4647 nunc

516 4682 787 4747 Ecclesiis,
814 4683 914 4736 nisi
939 4685 1078 4753 quod
1113 4702 1207 4755 ego
1238 4686 1348 4755 ipse
1391 4700 1495 4738 non
1522 4687 1733 4754 gravari
1754 4688 1881 4741 vos?
1902 4683 2108 4742 Donate
2213 4691 2400 4745 absens
2433 4690 2532 4753 his,
2558 4690 2646 4760 qui
2671 4700 2790 4743 ante
2828 4700 3186 4758 peccaverunt,
3219 4702 3265 4746 et
3296 4692 3497 4746 testeris
3530 4688 3802 4744 omnibus:

512 4779 642 4832 mihi
664 4776 801 4830 hanc
831 4777 1101 4849 injuriam.
1133 4778 1340 4844 Quibus
1370 4776 1459 4832 alii
1498 4780 1741 4847 Apostoli
1776 4780 2106 4849 praedicavc-
2212 4784 2456 4855 quoniam
2479 4782 2523 4835 si
2541 4798 2745 4846 venero,
2781 4782 2968 4835 iterum
3000 4799 3101 4837 non
3135 4797 3372 4850 parcam.
3403 4782 3505 4849 Qui
3550 4789 3677 4851 post
3708 4780 3801 4834 do.

512 4882 655 4927 runt.
702 4873 776 4926 De
829 4868 1140 4939 integritate
1167 4872 1408 4940 Apostoli
1457 4883 1511 4926 et
1550 4874 1840 4927 severitate
1872 4885 2105 4940 accepta:
2211 4886 2465 4931 cumenta
2516 4874 2759 4945 priorum
2804 4878 3175 4945 peccaverint,
3216 4892 3321 4931 non
3362 4877 3497 4946 ipsis
3539 4890 3799 4941 parcam:

508 4964 792 5035 potestatis
836 4978 864 5016 a
899 4963 1150 5029 Domino,
1179 4964 1231 5016 in
1270 4976 1365 5017 cos
1402 4964 1491 5033 qui
1532 4964 1907 5034 paenitentiam
1942 4980 2103 5034 nega-
2212 4969 2336 5038 quia
2385 4967 2817 5022 antecedentium
2863 4968 3016 5022 ruina
3060 4978 3353 5038 sequentes
3409 4966 3567 5021 debet
3631 4966 3802 5021 facere

507 5068 657 5125 runt,
690 5058 819 5127 agit.
2208 5060 2495 5115 cautiores.

579 5149 714 5203 Ecce
750 5150 904 5205 tertio
945 5148 1043 5203 hoc
1075 5157 1287 5218 paratus
1318 5164 1435 5207 sum
1463 5150 1637 5204 venire
1664 5150 1732 5204 ad
1766 5168 1854 5205 ros
1879 5166 1898 5205 .'
1924 5158 1972 5204 et
2002 5167 2105 5206 non
2280 5156 2361 5207 An
2389 5153 2795 5225 experimentum
2823 5152 3058 5223 qttwritis
3087 5151 3221 5222 ejus,
3251 5151 3337 5220 qui
3376 5150 3431 5204 in
3462 5167 3535 5203 me
3571 5150 3801 5219 loquitur

505 5259 592 5297 ero
614 5244 786 5315 gravis
809 5244 969 5299 vobis.
1004 5242 1127 5297 Non
1151 5244 1291 5297 enim
1318 5258 1494 5314 quaero
1518 5260 1632 5314 qua:
1650 5256 1820 5299 vestra
1846 5254 1986 5312 sunt,
2012 5246 2107 5300 sed
2209 5244 2482 5302 Christus?
2511 5247 2591 5302 Au
2625 5248 2677 5301 in
2706 5262 2791 5301 me
2812 5244 3088 5300 Christum
3119 5230 3341 5301 tentatis
3370 5264 3384 5302 :
3412 5258 3587 5300 utrum
3615 5243 3672 5297 in
3706 5258 3793 5297 vo-

504 5350 593 5388 vos
646 5334 883 5389 Salutem
910 5346 1147 5390 vestram
1176 5335 1453 5401 desidero,
1483 5351 1591 5390 non
1624 5352 1871 5392 munera.
2212 5338 2293 5393 bis
2324 5339 2505 5393 valent
2535 5337 2849 5393 vindicare?

578 5428 691 5483 Nec
712 5431 848 5482 enim
895 5431 1074 5484 debent
1117 5430 1216 5494 ﬁlii
1258 5430 1554 5500 parentibus
1590 5430 1961 5497 thesaurisare,
2009 5432 2100 5487 sed
2284 5431 2387 5496 Qui
2416 5432 2468 5485 in
2492 5433 2632 5486 vobis
2670 5449 2775 5486 non
2812 5431 3133 5501 inﬁrmatur.
3161 5432 3334 5499 Quem
3362 5447 3469 5487 non
3499 5429 3797 5497 inﬁrmum,

504 5531 741 5591 parentes
766 5521 911 5591 ﬁliis.
950 5522 1061 5592 Ego
1083 5525 1253 5594 magis
1279 5524 1325 5579 si
1350 5523 1636 5589 haberem,
1661 5525 1819 5580 vobis
1840 5525 1973 5581 dare
2001 5526 2099 5583 de-
2206 5525 2299 5582 sed
2336 5534 2608 5595 potentem
2638 5542 2758 5582 esse
2789 5542 2888 5583 nec
2916 5528 3019 5597 ipsi
3050 5527 3294 5584 nescitis.

502 5615 709 5671 herent.
2281 5620 2387 5675 Sed
2430 5629 2611 5692 potens
2655 5630 2729 5675 est
2771 5621 2826 5675 in
2874 5622 3036 5676 vobis.
3076 5624 3297 5689 Quanto
3332 5622 3502 5693 magis
3543 5620 3608 5677 in
3651 5621 3801 5678 vobis

572 5710 685 5781 Ego
707 5720 879 5765 autem
906 5709 1237 5765 libentissime
1252 5712 1570 5780 impendam,
1591 5721 1639 5766 et
1668 5714 2099 5785 superimpendar
2206 5714 2545 5784 carptoribus
2575 5717 2683 5770 sui.

500 5815 595 5871 ego
624 5802 731 5870 ipse
772 5818 864 5874 pro
890 5801 1165 5858 animabus
1192 5805 1370 5859 vestris
1409 5803 1763 5861 abundantius
1793 5820 1813 5860 :
1835 5805 1953 5861 licet
1981 5807 2099 5877 plus
2283 5807 2418 5863 Nam
2450 5819 2495 5864 et
2521 5810 2565 5865 si
2591 5809 2876 5881 cruciﬁxus
2900 5822 2975 5868 est
3005 5828 3069 5868 ea:
3089 5812 3393 5883 inﬁrmitate
3418 5828 3435 5867 :
3464 5810 3558 5867 sed
3586 5812 3718 5867 visit
3741 5825 3803 5866 at
