3978 6286
185 294 283 354 803

891 290 1433 361 COMMENTARIUS
1472 299 1540 361 IN
1582 294 1966 362 EPISTULA}!
2007 304 2097 363 AD
2136 306 2483 367 GALATAS.
2522 306 2676 365 C.-\I’.
2709 306 2754 364 I.

3367 303 3472 363 806

186 412 362 467 virtute
388 408 504 467 Dei.
535 393 689 481 Quod
727 404 1023 471 cruciﬁxus
1053 425 1156 487 cst,
1193 427 1393 472 nostrae
1426 430 1508 474 est
1540 418 1769 473 infirmi-
1795 420 1847 481 Α
1878 428 2054 475 nostra
2111 421 2284 476 virtus
2340 429 2597 492 appareat
2629 460 2644 486 ,
2708 420 2846 475 sicut
2917 414 3059 475 l‘etri
3118 418 3362 490 appiruit
3418 421 3471 475 in

182 503 336 559 tatis:
368 505 510 574 quod
543 506 700 577 vivit,
733 522 845 562 sua:
880 509 1122 565 virtutis.

246 599 385 653 Nam
414 611 465 653 et
506 618 598 655 nos
624 598 824 671 inﬁrmi
851 619 1028 658 sumus
1055 603 1109 658 in
1136 606 1250 669 illo,
1284 607 1374 661 sed
1403 606 1628 661 vivemus
1657 625 1773 663 cum

179 704 232 745 eo
264 706 324 744 ex
358 689 545 744 virtute
578 689 676 745 Dei
708 691 760 745 in
792 692 962 746 vobis.
997 693 1147 761 Sive,
1182 695 1271 762 qui
1310 712 1410 749 nos
1439 698 1591 766 quasi
1626 696 1775 752 infir-

179 796 287 835 mos
335 780 673 851 provocatis,
706 780 999 840 invenietis
1034 802 1134 841 nos
1166 787 1351 843 vivere
1392 804 1516 843 cum
1548 788 1771 845 Christo

180 872 227 927 in
274 872 479 929 virtute
518 870 639 944 Dei,
680 890 801 931 cum
855 877 908 931 iu
952 892 1050 931 vos
1099 877 1380 934 vindicare
1420 882 1770 949 emperintus.

175 962 286 1019 Sive
318 981 420 1019 nos
446 962 500 1020 in
534 968 797 1035 praesenti
831 967 1051 1038 quidem
1084 969 1442 1037 intirmamur,
1479 971 1574 1027 sed
1607 973 1659 1027 in
1688 972 1774 1028 fu-

177 1065 284 1111 turo
331 1072 457 1113 cum
506 1058 625 1126 illo,
667 1076 777 1116 non
828 1059 883 1117 in
916 1071 1128 1130 nostra,
1171 1063 1268 1121 sed
1311 1063 1409 1120 Dei
1440 1062 1640 1122 virtute
1689 1064 1773 1121 vi-

176 1164 381 1205 vemus.
692 1138 693 1141 U

242 1238 603 1313 Vosmetipsas
637 1252 855 1311 tentate,
887 1246 932 1300 si
966 1248 1088 1303 estis
1117 1249 1172 1303 in
1206 1250 1350 1318 fide:
1388 1249 1490 1322 ipsi
1521 1250 1606 1304 vos
1646 1267 1769 1319 pra-

182 1336 303 1391 bate.
344 1336 401 1392 Si
437 1336 491 1391 in
537 1335 643 1392 fide
671 1336 829 1402 estis,
875 1346 929 1394 et
974 1341 1028 1395 in
1075 1338 1230 1397 nobis
1276 1358 1372 1397 vos
1415 1343 1767 1413 cogunScite:

176 1428 288 1483 date
314 1426 643 1483 sententiam
675 1431 725 1482 in
758 1441 1046 1501 peccante,
1072 1439 1129 1486 et
1149 1432 1331 1489 videte
1351 1433 1395 1487 si
1422 1438 1528 1488 non
1561 1432 1766 1502 statim,

174 1535 283 1576 cum
316 1528 504 1576 vestro
536 1520 705 1575 verbo
732 1522 978 1577 vindicta
1020 1525 1299 1592 procedat.

241 1615 426 1668 Annon
458 1613 764 1684 cognoscitis
796 1616 1159 1688 vosmetipsos,
1183 1616 1308 1683 quia
1338 1615 1575 1673 Christus
1614 1618 1770 1674 Jcsus

170 1708 217 1762 in
254 1705 395 1761 vobis
435 1706 550 1761 est?
592 1706 715 1761 Nisi
754 1707 888 1779 forte
916 1710 1126 1781 reprobi
1168 1713 1308 1767 estis.
1353 1711 1450 1768 Dei
1492 1710 1688 1777 virtus,
1720 1714 1765 1767 si

180 1810 348 1856 tamen
385 1812 480 1855 vos
512 1798 737 1854 minime
777 1801 1116 1869 reprobavit.

236 1893 405 1964 Sp.'ro
435 1902 610 1948 autem
640 1893 779 1963 quod
804 1896 1121 1967 coquoscitis
1151 1912 1171 1950 :
1198 1898 1319 1967 quia
1347 1913 1442 1952 nos
1468 1910 1569 1951 non
1591 1908 1770 1951 sumus

174 1985 395 2057 reprobi.
438 1983 615 2056 Spero
651 1994 749 2040 vos
788 2000 1055 2042 sensuros
1095 1986 1368 2058 quomodo
1412 2002 1514 2043 nos
1540 2001 1767 2043 conver-

168 2092 361 2135 semur.

234 2172 462 2227 Oramus
492 2180 663 2227 autem
690 2169 879 2239 Deum,
905 2183 964 2227 ut
992 2172 1124 2230 nihil
1147 2175 1271 2228 mali
1299 2174 1505 2245 faciatis
1531 2189 1551 2229 :
1584 2191 1685 2229 non
1712 2183 1770 2229 ut

176 2280 262 2319 nos
292 2261 503 2335 probati
533 2272 830 2335 pareamus,
866 2267 959 2319 sed
986 2270 1042 2319 ut
1069 2283 1158 2320 vos
1188 2267 1324 2335 quod
1356 2264 1546 2319 bonum
1576 2275 1651 2320 est
1687 2265 1772 2335 fa-

175 2357 336 2412 ciatis.
375 2350 489 2410 Nos
538 2366 709 2410 autem
755 2364 812 2410 ut
857 2357 1067 2427 reprobi
1113 2358 1298 2412 simus.
1339 2357 1395 2414 Si
1447 2359 1591 2413 enim
1641 2359 1767 2412 ntali

166 2448 359 2520 aliquid
394 2448 660 2515 feceritis,
687 2466 785 2505 nos
810 2451 1149 2509 vindicando
1172 2452 1486 2521 parebimus
1514 2451 1756 2519 probati:

166 2542 253 2597 sed
282 2542 602 2607 maluimus,
637 2536 735 2596 nos
770 2544 1042 2613 reprobos
1084 2544 1284 2610 videri,
1320 2552 1527 2598 tantum
1562 2551 1619 2598 ut
1647 2556 1766 2613 vos,

166 2633 298 2703 quod
332 2635 537 2689 bonum
571 2643 656 2689 est
686 2632 919 2689 faciatis.

232 2727 355 2782 Non
410 2744 689 2800 possumus
738 2729 877 2783 enim
929 2730 1136 2802 aliquid
1166 2731 1411 2785 adversus
1455 2730 1769 2785 veritatem:

164 2824 247 2877 sed
286 2840 386 2894 pro
416 2824 650 2878 veritate.
684 2821 1023 2879 Innocentite
1067 2826 1211 2879 enim
1256 2832 1458 2879 nostra:
1497 2822 1769 2878 sententia

161 2915 354 2971 obesse
389 2932 497 2969 non
530 2916 753 2985 poterit,
779 2916 881 2970 nisi
910 2917 985 2983 ei,
1010 2917 1106 2986 qui
1131 2931 1229 2987 pro
1258 2926 1412 2971 certo
1435 2913 1768 2986 peccaverit.

230 3008 542 3065 Gaudemus
578 3011 715 3064 enim
758 3012 1007 3079 quoniam
1046 3024 1146 3066 stos
1194 3010 1391 3079 inﬁrmi
1438 3026 1638 3077 sumus,
1682 3024 1770 3062 ros

166 3110 389 3170 potentes
435 3103 586 3158 estis.
636 3101 944 3159 Gaudemus
998 3103 1049 3158 si
1104 3118 1214 3158 non
1266 3102 1339 3159 sit
1388 3116 1652 3167 necesse,
1711 3108 1771 3156 ut

1878 512 2142 582 Sapphira
2174 524 2229 570 et
2268 513 2500 569 Anania.

1952 602 2068 657 Hoc
2100 615 2148 660 et
2182 621 2390 661 oramus
2423 615 2641 661 vestram
2692 605 3208 662 consummationem.
3266 605 3335 664 Ut
3378 620 3475 663 vos

1880 698 2103 768 perfecti
2134 701 2253 755 sitis
2285 710 2559 767 potentes.
2890 698 2897 701 ⁷

1949 792 2079 848 Ideo
2123 794 2258 849 enim
2288 795 2397 849 [nec
2441 796 2620 849 absens
2662 794 2849 861 scribo,
2881 803 2935 849 ut
2975 808 3077 848 non
3108 808 3335 865 praesens
3364 794 3468 848 du-

1876 888 1986 941 rius
2009 904 2182 958 agam,
2211 887 2489 942 secundum
2510 894 2828 959 potestatem,
2854 904 3010 957 quam
3034 883 3290 941 Dominus
3318 886 3465 940 dedit

1877 978 2025 1033 mihi.
2060 975 2117 1035 Si
2152 996 2260 1035 non
2292 980 2644 1035 correxeritis
2676 998 2794 1046 vos,
2826 980 3014 1037 durius
3038 981 3216 1036 adhuc
3243 989 3466 1036 acturus

1875 1076 2017 1137 sum,
2042 1085 2204 1142 quam
2246 1071 2538 1127 scribendo
2569 1071 2853 1127 denuntio.

1945 1162 2015 1217 In
2044 1163 2461 1233 aediﬁcationem.
2494 1162 2561 1220 Ut
2592 1174 2645 1219 et
2672 1178 2767 1218 vos
2798 1161 2866 1220 de
2894 1171 3096 1220 eretero
3122 1160 3421 1219 emendetis
3445 1178 3461 1219 :

1874 1259 1932 1309 et
1959 1254 2049 1309 alii
2080 1270 2303 1323 peceare
2330 1254 2646 1309 formident.

1950 1344 2014 1399 Et
2057 1346 2244 1401 nonin
2285 1347 2706 1402 destructionem.
2750 1346 2833 1402 Ad
2862 1361 3024 1418 quam
3075 1346 3180 1403 sibi
3229 1345 3466 1418 pseudo-

1873 1437 2107 1507 3p0~i0ii
2135 1445 2460 1507 potestatem
2497 1446 2777 1507 usurpant.

1948 1530 2026 1585 De
2049 1540 2253 1597 caetero,
2288 1533 2503 1603 fratres,
2532 1534 2773 1604 gaudete,
2816 1531 3032 1603 perfecti
3069 1541 3249 1598 estote,
3279 1533 3472 1588 exhor-

1874 1624 2079 1678 tamini.
2112 1621 2417 1679 Notandum
2450 1624 2592 1695 quod
2622 1626 2717 1680 toti
2742 1622 3005 1681 Ecclesiae
3034 1624 3305 1690 scribens,
3338 1624 3471 1680 dicit

1874 1732 1972 1774 eos
2004 1732 2195 1774 ontnes
2229 1718 2429 1774 debere
2476 1733 2599 1773 esse
2648 1717 2957 1789 perfectos:
3012 1727 3067 1775 et
3112 1718 3257 1790 quod
3302 1718 3471 1777 laicos

1801 1807 1851 1869 B
1873 1811 2027 1880 jubet
2058 1828 2115 1864 se
2144 1811 2380 1866 invicem
2406 1812 2708 1867 exhortari.

1952 1902 2189 1975 Idipsum
2233 1905 2420 1975 sapite.
2457 1904 2648 1959 Pacem
2704 1904 2885 1961 habete
2913 1922 2932 1961 :
2962 1916 3009 1961 et
3048 1904 3187 1961 Deus
3235 1905 3377 1979 pacis
3425 1914 3474 1963 et

1877 1996 2167 2051 dilectionis
2186 1995 2284 2050 erit
2307 1994 2590 2051 vobiscum.
2614 1995 2867 2068 Alioquin
2898 2006 3089 2053 auctor
3109 1999 3469 2055 dissensionis

1877 2096 1933 2144 et
1962 2085 2071 2142 odii
2092 2082 2402 2143 contrarius
2430 2090 2534 2144 erit
2562 2087 2737 2154 vobis,
2769 2098 2823 2144 et
2846 2105 2942 2144 vos
2963 2104 3087 2145 cum
3120 2088 3215 2144 illo
3247 2105 3463 2160 perma-

1876 2179 2077 2234 nebitis
2123 2177 2178 2235 in
2222 2188 2512 2247 aaternum,
2551 2181 2596 2236 si
2641 2180 2733 2237 ille
2776 2181 2864 2237 hic
2894 2180 3169 2237 vobiscum
3204 2184 3470 2238 manserit

1876 2286 2115 2342 semper.

1950 2364 2188 2418 Salutate
2231 2362 2449 2419 invicem
2490 2364 2545 2417 in
2592 2364 2769 2418 osculo
2826 2373 3025 2419 sancto.
3080 2362 3335 2421 Salutant
3384 2378 3473 2421 vos

1876 2444 2051 2511 omnes
2081 2458 2269 2511 sancti.
2296 2456 2409 2512 Non
2436 2456 2711 2518 honorati,
2737 2465 2833 2511 aut
2860 2457 3080 2514 divites.

1948 2547 2135 2603 Gratia
2161 2546 2374 2603 Domini
2398 2550 2560 2603 nostri
2583 2547 2613 2601 J
2622 2566 2709 2603 esu
2733 2547 2947 2616 Christi,
2970 2558 3015 2602 et
3040 2548 3266 2605 Charitas
3285 2547 3404 2616 Dei,
3428 2559 3477 2604 et

1877 2640 2279 2695 communicatio
2330 2639 2499 2693 sancti
2546 2640 2793 2710 Spiritus.
2838 2639 3042 2696 Contra
3101 2639 3350 2709 Arianos,
3385 2642 3479 2711 qui

1876 2731 2000 2784 ideo
2032 2730 2244 2785 Patrem
2295 2730 2558 2798 majorem
2590 2744 2715 2785 esse
2756 2730 3098 2786 contendunt
3136 2750 3148 2786 :
3186 2732 3309 2803 quia
3353 2732 3472 2803 ple-

1875 2836 2103 2892 rumque
2133 2821 2341 2891 primus
2365 2824 2680 2876 nominatur
2703 2825 2755 2876 in
2782 2823 2997 2880 ordine.

1949 2913 2033 2971 Sit
2074 2930 2189 2968 cum
2234 2913 2471 2968 omnibus
2521 2915 2682 2969 vobis.
2731 2918 2915 2969 Amen.
2963 2914 3082 2971 Non
3122 2916 3416 2985 aliquantis
3456 2930 3472 2971 :

1876 3010 1994 3064 sive
2025 3006 2168 3078 quod
2199 3023 2392 3065 omnes
2427 3009 2483 3064 in
2522 3010 2605 3065 his
2647 3008 2807 3065 donis
2842 3011 2973 3067 velit
3010 3024 3133 3068 esse
3180 3010 3473 3082 perfectos.

959 3368 1085 3451 IN
1158 3360 1827 3452 EPISTOLAM
1904 3363 2061 3444 AD
2139 3358 2701 3445 GALATAS.

678 3588 911 3654 CAPUT
950 3588 1240 3652 PRIMUM.

229 3680 439 3739 Paulus
473 3688 738 3754 apostolus
770 3707 873 3743 non
906 3691 969 3742 ab
1000 3688 1315 3755 hominibus,
1353 3702 1518 3756 neque
1550 3700 1646 3752 per
1675 3682 1771 3737 hoc

155 3777 367 3831 minem.
403 3776 559 3834 Sicut
588 3793 871 3836 sacrarum
912 3781 1322 3851 Scripturarum
1358 3786 1594 3833 testatur
1631 3790 1764 3831 auct

168 3872 385 3933 toritas,
424 3870 697 3927 neminem
733 3876 922 3928 venire
948 3874 1017 3929 ad
1048 3874 1263 3928 Patrem
1304 3873 1406 3927 nisi
1440 3886 1537 3942 per
1569 3870 1770 3926 Filium

154 3971 208 4016 et
234 3962 507 4031 Spiritum
540 3976 790 4020 sanctum
820 3984 835 4019 :
866 3966 996 4022 item
1042 3967 1316 4023 neminem
1351 3966 1539 4020 venire
1577 3963 1645 4018 ad
1685 3961 1772 4016 Fi-

156 4054 305 4123 lium,
342 4056 448 4111 nisi
479 4072 639 4128 quem
678 4060 961 4114 vocaverit
990 4060 1154 4115 Pater
1174 4068 1229 4115 et
1256 4058 1492 4129 Spiritus
1521 4067 1771 4111 sanctus:

154 4148 221 4201 ita
265 4161 322 4204 et
362 4148 468 4205 hoc
508 4151 629 4206 loco
670 4153 966 4208 manifeste
998 4153 1328 4221 ostenditur,
1372 4150 1600 4207 Paulum
1640 4162 1773 4218 apo-

154 4241 358 4295 smlunt
386 4240 438 4295 in
467 4240 745 4314 Evangelii
775 4232 1253 4314 praedicationem,
1280 4260 1379 4315 per
1401 4242 1584 4297 .lesum
1614 4240 1775 4295 Chri-

150 4342 294 4386 stum
322 4344 382 4388 et
405 4332 575 4388 Deum
601 4334 817 4391 Patrem
844 4346 1102 4391 vomitum
1127 4352 1249 4392 esse
1269 4351 1300 4390 a
1330 4341 1518 4389 sancto
1549 4328 1779 4404 Spiritu.

146 4421 635 4489 Quemadmodum
667 4427 810 4483 liber
838 4429 1288 4498 Apostolicorum
1328 4428 1561 4483 Actuum
1594 4425 1775 4490 docet,

147 4513 343 4569 dicens
382 4532 393 4568 :
424 4516 864 4575 Ministrantibus
892 4529 1084 4575 autem
1126 4521 1236 4574 illis
1266 4519 1519 4581 Domino,
1552 4527 1605 4571 et
1629 4517 1776 4587 jeju-

151 4607 448 4670 uantibns,
500 4609 639 4664 dixit
693 4610 929 4681 Spiritus
979 4621 1245 4667 sanctus:
1300 4610 1592 4680 Segregate
1644 4606 1774 4662 tuilti

148 4694 487 4763 Barnabam,
513 4713 569 4754 et
598 4700 825 4757 Saulum
855 4703 909 4757 in
940 4718 1079 4773 opus
1102 4703 1171 4756 ad
1197 4704 1337 4772 quod
1361 4702 1631 4770 assumpsi
1657 4716 1773 4755 eos.

144 4787 281 4843 Item
314 4797 378 4844 et
409 4789 551 4845 infra
581 4793 637 4847 iu
676 4794 870 4849 eodem
918 4794 1043 4849 loco
1076 4814 1095 4847 :
1134 4795 1194 4848 Et
1241 4793 1343 4860 ipsi
1381 4793 1595 4863 quidem
1630 4791 1778 4846 missi

142 4894 172 4933 a
226 4880 449 4951 Spiritu
493 4897 688 4939 sancto
723 4888 985 4942 abierunt
1026 4886 1368 4942 Seleuciam.
1403 4884 1558 4951 Quod
1601 4896 1777 4939 autem

1798 3589 1845 3651 (ς
1879 3598 2030 3654 cunt,
2091 3600 2267 3657 neque
2310 3599 2408 3655 per
2456 3584 2749 3654 Apostolos
2804 3582 2978 3651 alios,
3037 3594 3097 3641 ut
3141 3584 3321 3643 Aaron
3383 3606 3481 3659 per

1879 3675 2144 3752 Moysen:
2193 3677 2289 3733 sed
2341 3692 2441 3746 per
2486 3678 2660 3747 ipsum
2696 3670 3012 3743 Dominum,
3055 3687 3115 3732 ut
3166 3676 3379 3752 Moyses
3426 3691 3486 3737 et

1876 3784 2073 3825 omnes
2096 3767 2365 3840 Apostoli,
2396 3768 2477 3824 vel
2510 3768 2831 3839 Propltetm;
2865 3769 2959 3823 sed
2998 3769 3249 3839 plerique
3277 3771 3346 3826 ab
3386 3772 3486 3829 ho-

1881 3864 2122 3919 minibus
2152 3862 2492 3931 ordinantur,
2526 3878 2645 3915 cum
2679 3861 2902 3932 indigne
2933 3863 3116 3918 favore
3140 3866 3332 3936 populi
3376 3883 3474 3937 pa-

1882 3956 2128 4012 tientiam
2186 3953 2400 4009 Domini
2452 3964 2889 4021 contemnentes,
2936 3953 3121 4010 divino
3168 3957 3481 4015 sacerdotio

1880 4060 2068 4106 eontra
2101 4045 2355 4103 meritum
2388 4044 2735 4101 ordinantur.

1954 4142 2061 4200 Sed
2106 4158 2196 4215 per
2232 4139 2414 4195 Jesum
2444 4139 2729 4195 Christum.
2767 4139 2866 4207 Qui
2901 4141 3116 4196 Petrum
3159 4151 3213 4197 et
3252 4152 3480 4201 creteros

1883 4238 2180 4307 ApoSlolos
2210 4238 2261 4292 in
2296 4238 2666 4292 ministerium
2695 4238 3034 4307 apostolatus
3074 4240 3259 4310 elegit.

1956 4330 2023 4384 Et
2070 4328 2237 4384 Deum
2281 4322 2514 4384 Patrem.
2560 4330 2809 4385 Ostendit
2842 4346 3002 4385 unam
3041 4346 3166 4387 esse
3209 4330 3383 4387 Patris
3425 4342 3483 4391 et

1883 4421 2005 4477 Filii
2039 4422 2432 4490 operationem.

1959 4516 2061 4583 Qui
2114 4515 2383 4569 suscitavit
2422 4531 2540 4568 eum
2584 4530 2615 4566 a
2662 4515 2895 4568 mortuis.
2948 4513 3279 4588 Secundum,
3338 4516 3483 4589 quod

1884 4609 2023 4663 mori
2059 4613 2255 4677 potuit,
2286 4606 2581 4662 secundum
2609 4620 2830 4663 carnem
2857 4607 3087 4663 scilicet.

1959 4698 2028 4753 Et
2050 4700 2139 4770 qui
2168 4716 2364 4753 mecum
2386 4707 2506 4751 sunt
2531 4714 2702 4752 omnes
2731 4699 2941 4770 fratres,
2966 4697 3216 4755 Ecclesiis
3238 4699 3481 4757 Galatite.

1887 4792 1963 4847 Ne
1999 4793 2150 4847 solus
2178 4791 2400 4861 indigne
2432 4789 2577 4845 ferre
2623 4802 2928 4860 putaretur,
2977 4806 3132 4847 Suam
3172 4794 3483 4849 eonculcari

1887 4885 2212 4949 doctrinam,
2246 4884 2543 4954 Apostolus
2574 4882 2966 4956 objurgaturus
2998 4883 3218 4940 Galatas
3266 4897 3487 4956 propter

143 4972 236 5028 hic
266 4972 463 5031 Jesum
490 4977 775 5034 Christum
812 4980 993 5047 primo
1017 4978 1144 5032 loco
1178 4979 1350 5045 ponit,
1380 4984 1435 5031 et
1465 4977 1535 5029 ita
1565 4976 1772 5029 demunt

1912 4979 2359 5031 :onverSatiouem
2392 4989 2584 5039 suam;
2619 4992 2727 5029 non
2766 4985 2977 5031 tantum
3015 4992 3080 5030 ex
3126 4993 3221 5029 sua
3255 4991 3485 5046 persona

142 5063 402 5134 Patrem,
435 5079 490 5124 et
520 5071 653 5125 alibi
688 5070 1077 5127 indill'erentcr
1106 5072 1279 5127 Deum
1309 5068 1527 5123 Patrem
1559 5075 1786 5135 antepo-

143 5160 248 5227 nit,
281 5159 609 5231 frequeutur
631 5167 807 5223 etiam
840 5166 1110 5236 Spiritum
1148 5174 1399 5219 sanctum
1430 5181 1440 5216 :
1468 5161 1569 5215 hoc
1596 5171 1782 5216 osten-

139 5249 247 5316 ἀῖῑι
282 5255 550 5321 quoniam
582 5260 634 5310 in
662 5256 835 5313 Patre
864 5268 919 5311 et
948 5256 1087 5311 Filio
1109 5262 1170 5313 et
1203 5252 1409 5327 Spiritu
1441 5260 1650 5320 sancto,
1679 5266 1783 5306 non

137 5345 309 5410 ordo,
355 5362 463 5400 non
495 5348 669 5417 major
696 5358 803 5405 aut
832 5351 1035 5418 minor,
1070 5350 1170 5405 sed
1218 5365 1320 5401 una
1351 5356 1435 5403 est
1465 5346 1660 5417 gloria,
1698 5360 1790 5398 ea-

137 5433 393 5505 demque
420 5438 743 5493 substantia.
790 5440 948 5511 Quod
984 5456 1115 5495 vero
1144 5438 1309 5505 dicit,
1342 5453 1516 5508 neque
1565 5454 1658 5507 per
1691 5437 1787 5493 ho-

134 5528 385 5593 minem,
414 5532 506 5586 sed
536 5549 630 5602 per
651 5534 857 5591 .lesnm
883 5534 1195 5591 Christum:
1226 5535 1322 5589 hic
1351 5549 1639 5604 personam
1671 5534 1791 5589 dei-

140 5621 278 5674 tatis
317 5624 583 5679 ostendit.
612 5627 767 5695 Quod
823 5640 1010 5683 autem
1043 5628 1118 5682 ait
1150 5647 1161 5682 :
1194 5626 1305 5695 Qui
1344 5626 1628 5681 suscitavit
1667 5641 1789 5681 euut

1890 5068 2081 5124 scribit
2119 5068 2183 5122 ad
2215 5081 2331 5133 eos,
2358 5066 2452 5122 scd
2482 5082 2547 5121 ex
2581 5067 2823 5122 omnium
2853 5066 3100 5133 fratrum,
3145 5065 3233 5137 qui
3268 5069 3319 5121 in
3354 5084 3489 5123 con-

1895 5161 2070 5217 sortio
2112 5176 2295 5217 secum
2322 5170 2511 5216 erant:
2547 5176 2684 5231 quos
2709 5161 2762 5216 in
2800 5159 3038 5230 Epistula
3072 5161 3137 5214 ad
3171 5159 3488 5219 Corinthios

1897 5257 2176 5327 apostolos
2215 5266 2395 5317 vocat,
2444 5253 2634 5309 dicens
2675 5273 2686 5308 :
2728 5255 2860 5310 Sive
2898 5253 3092 5309 fratres
3137 5256 3312 5311 nostri
3359 5270 3491 5328 apo-

1894 5348 2044 5411 stoli,
2078 5348 2374 5402 Ecclesiam
2404 5346 2596 5417 gloria:
2620 5345 2851 5400 Christi.

1966 5438 2153 5493 Gratia
2180 5436 2338 5493 vobis.
2370 5436 2505 5504 Quia
2537 5438 2649 5491 sola
2683 5434 2818 5491 e5tis
2849 5436 2956 5492 fide
2989 5435 3199 5493 salvati.

1962 5529 2029 5583 Et
2038 5545 2144 5601 pax
2155 5546 2185 5582 a
2203 5526 2311 5583 Deo
2328 5527 2486 5581 Patre
2500 5538 2693 5595 nostro,
2708 5536 2756 5581 et
2773 5526 2995 5583 Domino
3009 5527 3135 5584 Iesu
3148 5528 3492 5598 Christo.Qua

1900 5624 2145 5682 remissis
2183 5623 2393 5679 delictis
2417 5622 2689 5689 omnibus,
2725 5624 3064 5678 reconciliati
3110 5623 3323 5679 fuerant
3350 5622 3489 5679 Deo.

1974 5715 2071 5781 Qui
2100 5714 2244 5769 dedit
2269 5715 2601 5783 semetipsum
2626 5728 2719 5782 pro
2752 5716 2974 5784 peccatis
2999 5714 3209 5768 nostris.
3238 5713 3498 5771 Ostendit

1900 5808 2169 5867 beneficia
2197 5804 2424 5876 Christi,
2452 5805 2649 5881 quibus
2678 5807 2983 5869 existebant
3016 5808 3236 5881 ingrati,
3264 5810 3317 5867 in
3345 5809 3468 5881 lege

140 5727 173 5766 a
209 5716 462 5769 mortuis
496 5735 506 5768 :
544 5722 833 5792 assumptt’;
867 5720 1105 5776 hominis
1136 5710 1416 5791 signi-ﬂeat
1461 5719 1795 5774 incarnatio-

137 5818 304 5860 nem.
348 5804 519 5863 Aliter
550 5825 564 5863 :
590 5808 710 5868 Non
745 5813 813 5870 bu
829 5827 1004 5884 unana
1035 5810 1497 5897 pra:sutuptione,
1525 5820 1584 5866 ut
1608 5809 1683 5866 illi
1713 5808 1797 5867 di-
