3978 6286
518 253 623 316 807

1554 256 1612 314 Β.
1654 251 2043 314 ΗΙΕΠΟᾸΥΜΙ
2083 247 2368 316 OPERUM
2408 255 2776 318 MAN‘flSSA.

3705 260 3789 321 808

517 391 640 448 quae
671 373 1044 447 peccatoribus
1075 372 1196 429 data
1228 382 1334 441 est,
1366 372 1558 429 vivere
1589 373 1951 444 cupientibus,
1982 387 2105 430 cum
2138 376 2189 434 A
2214 371 2408 429 detitcr
2447 391 2542 444 pro
2585 372 2967 429 traditionibus
3017 374 3232 445 patrum
3275 373 3594 445 expugnarit
3628 371 3790 431 Eccle-

521 471 628 525 illis
656 469 834 524 omnia
860 479 1038 525 essent
1072 477 1292 538 peccata
1325 467 1570 522 dimissa.

595 563 665 620 Ut
704 565 922 632 eriperet
962 579 1054 617 nos
1101 566 1164 617 de
1207 562 1446 631 pra’senti
1487 561 1677 616 saeculo
1719 577 1958 633 nequam.
1993 558 2109 614 Non

450 667 470 793 Ι
518 657 665 730 quod
695 658 953 713 surculum
986 671 1215 728 nequam
1251 657 1340 723 sit,
1371 656 1464 712 sed
1505 656 1650 726 quod
1684 656 1821 710 mala
1853 655 1962 709 sint
1992 669 2111 724 qua:

516 755 754 793 animlnr
793 747 845 793 in
878 748 1082 793 gmmtln
1109 765 1121 793 :
1167 746 1308 793 sicut
1337 755 1392 793 et
1435 743 1780 793 Dominus—iri
1807 733 2110 793 Evangelia

516 755 754 824 aguntur
793 747 845 801 in
878 748 1122 824 saeculo:
1167 746 1308 802 sicut
1337 755 1392 801 et
1435 743 1780 801 Dominus'iri
1807 733 2110 814 Evangelia

516 821 650 896 dicit
671 822 1092 894 ἷΞιιΠῖὁίἰἯὶἐῖ
1127 839 1331 894 malitia
1361 853 1479 894 sua.
1515 836 1634 892 Non
1663 837 1787 908 quia
1821 836 1943 892 dies
1971 837 2109 890 ntala

516 931 608 999 sit,
625 930 722 986 sed
745 942 967 1001 propter
998 932 1110 997 illa,
1128 947 1248 1003 quae
1273 933 1324 985 in
1351 930 1469 1001 ejus
1491 938 1736 1000 tempore
1754 928 2110 1000 aguntur,vel

519 1024 686 1090 bona,
711 1024 795 1079 vel
832 1024 968 1078 mala
1001 1024 1222 1079 dicitur.
1266 1024 1399 1079 ltetn
1431 1023 1569 1078 mala
1602 1022 1787 1077 su-culi
1829 1037 1994 1093 opera
2034 1022 2113 1077 di-

515 1123 734 1185 cuntur,
777 1133 896 1186 qua:
923 1118 1332 1172 committuntur
1363 1118 1416 1172 in
1449 1117 1585 1187 ipso.

590 1209 889 1264 Secundum
947 1210 1260 1264 voluntatem
1307 1206 1404 1264 Dei
1450 1220 1498 1264 et
1541 1205 1720 1264 Patris
1764 1209 1947 1264 nostri.
1994 1207 2112 1264 Non

519 1308 818 1358 secundum
850 1303 1052 1358 merita
1084 1313 1291 1358 nostra.

602 1393 700 1449 Cui
727 1405 802 1450 est
829 1395 997 1466 gloria
1016 1395 1071 1449 in
1098 1395 1288 1450 saecula
1313 1395 1640 1451 sreculorum.
1674 1396 1857 1453 Amen.
1880 1395 2115 1453 lulinitis

532 1486 836 1553 beneﬁciis,
870 1486 1074 1542 infinita
1105 1488 1277 1559 gloria
1305 1488 1555 1545 debetur.

591 1581 760 1637 Miror
789 1581 924 1654 quod
950 1583 1023 1638 sic
1045 1594 1148 1638 tant
1175 1585 1274 1638 cito
1307 1585 1685 1652 transferimini
1708 1583 1773 1638 ab
1802 1601 1881 1652 eo,
1911 1586 1998 1656 qui
2023 1601 2113 1639 vos

517 1675 713 1730 vocavit
739 1675 791 1728 in
821 1675 1043 1745 gratiam
1064 1674 1275 1742 Christi,
1302 1677 1356 1730 in
1387 1674 1535 1729 aliud
1563 1674 1905 1746 Evangeliunt
1930 1693 1948 1732 :
1975 1675 2114 1745 quod

2219 465 2355 519 siam
2384 484 2396 519 :
2427 474 2488 520 ut
2516 466 2880 536 intelligamus
2906 480 3028 521 eum
3064 481 3170 521 non
3202 466 3446 535 potuisse
3473 465 3602 521 inde
3632 468 3792 522 huma-

2216 571 2291 612 no
2317 556 2567 623 consilio,
2603 556 2710 612 nisi
2742 557 3077 612 revelatione
3095 558 3336 627 separari
3360 555 3567 610 divina.

2291 649 2551 715 Quoniam
2578 667 2737 722 supra
2767 649 2982 704 modum
3010 648 3354 719 persequebar
3384 647 3668 704 Ecclesium
3692 649 3788 720 Dei,

2216 751 2264 796 et
2293 742 2654 814 expugnabant
2684 741 2852 809 illant,
2888 751 2936 795 et
2977 741 3313 811 proﬁciebam
3345 742 3398 795 in
3423 739 3695 797 Judaismo
3721 762 3790 798 su-

2216 852 2311 908 pra
2334 834 2523 889 multos
2553 845 2839 890 cowtaneos
2868 851 3006 889 meos
3029 835 3083 889 in
3107 851 3294 907 genere
3318 851 3454 904 meo,
3473 834 3789 891 abundantius

2216 928 2489 982 tantulator
2537 928 2758 982 existens
2806 937 3143 997 paternarum
3182 944 3413 982 mearum
3458 929 3784 985 traditionum.

2215 1018 2334 1075 Non
2365 1034 2530 1089 supra
2561 1033 2772 1086 omnes,
2797 1034 2867 1076 ne
2887 1019 3250 1090 iactabundus
3269 1031 3576 1090 putaretur.

2289 1111 2422 1167 Cum
2451 1123 2621 1167 autem
2671 1112 2867 1182 placuit
2903 1112 2951 1166 ei
2980 1112 3192 1183 qui"me
3241 1114 3526 1183 segregavit
3571 1129 3636 1168 ea:
3675 1122 3786 1168 utero

2215 1204 2395 1258 matris
2440 1219 2586 1260 mete.
2640 1203 2740 1259 llic
2772 1201 3174 1275 prmscientiam
3219 1201 3338 1271 Dei,
3368 1202 3436 1258 ad
3467 1202 3784 1260 dilectionem

2219 1297 2465 1369 Apostoli
2493 1305 2784 1368 antequam
2808 1307 3147 1362 nasceretur,
3164 1297 3420 1354 ostendit.
3449 1298 3584 1354 ltem
3607 1299 3693 1369 qui
3718 1315 3786 1355 me

2218 1391 2271 1446 in
2305 1391 2643 1461 prtescientia
2685 1391 2754 1445 ab
2783 1399 2936 1445 utero
2975 1390 3311 1461 segregavit,
3353 1389 3572 1462 quando
3611 1390 3784 1461 voluit,

2216 1483 2346 1539 fecit
2366 1482 2510 1554 quod
2533 1483 2740 1539 sciebat
2760 1498 2883 1539 esse
2907 1483 3173 1538 futurum.

2289 1577 2360 1633 Et
2389 1579 2587 1633 vocarit
2617 1595 2706 1650 per
2731 1578 2958 1650 gratiam
2986 1593 3157 1632 suam.
3181 1575 3300 1632 Non
3326 1577 3535 1634 meritis
3559 1579 3707 1635 meis.

2221 1731 2228 1736 ,
2297 1671 2364 1726 Ut
2391 1671 2637 1727 reuelaret
2683 1667 2886 1724 Filium
2909 1686 3059 1724 suum
3087 1670 3143 1723 in
3168 1685 3271 1739 me,
3304 1679 3362 1724 ut
3404 1671 3784 1742 euangelizarent

519 1783 625 1821 non
647 1775 723 1820 est
749 1766 916 1820 aliud.
943 1767 1304 1822 Manifcslatis
1327 1767 1630 1833 beneficiis,
1655 1766 1841 1822 mirari
1874 1782 1935 1824 se
1955 1767 2108 1836 dicit,
2145 1769 2193 1830 B
2221 1763 2375 1818 illum
2404 1765 2457 1818 in
2497 1765 2750 1836 gentibus.
2783 1762 2854 1819 Ut
2896 1761 3092 1817 Filium
3127 1775 3282 1817 suum
3313 1777 3416 1834 per
3443 1779 3532 1819 me
3564 1763 3785 1835 gentibus

525 1859 667 1930 quod
697 1859 765 1915 ab
796 1858 890 1916 illo
923 1861 1199 1930 potuerint
1227 1861 1494 1930 separari.

595 1949 720 2005 Nisi
748 1961 868 2006 sunt
896 1951 1076 2022 aliqui,
1106 1952 1196 2016 qui
1225 1969 1310 2005 vos
1342 1951 1672 2006 conturbant.
1705 1951 1837 2007 Nam
1871 1951 2114 2024 Evange-

534 2043 663 2099 lium
695 2058 879 2098 verum
913 2042 1057 2096 aliud
1090 2058 1210 2098 esse
1238 2058 1346 2099 non
1376 2052 1576 2113 potest,
1609 2043 1716 2098 nisi
1743 2043 1967 2100 Christi.

595 2133 664 2188 Et
690 2126 870 2188 volunt
903 2146 1198 2190 convertere
1223 2134 1568 2209 Evangelium
1591 2135 1806 2193 Christi.
1837 2138 1974 2193 Dum
2005 2137 2117 2194 Lex

523 2225 592 2282 ad
638 2225 991 2298 Evangelium
1039 2227 1329 2298 profecerit
1373 2245 1386 2283 :
1444 2229 1546 2296 illi,
1596 2244 1851 2299 perverso
1900 2229 2113 2298 ordine,

524 2318 880 2390 Evangelium
913 2320 978 2376 ad
1003 2320 1200 2392 Legem
1234 2337 1533 2391 provocare
1563 2324 1833 2379 nituntur.

601 2409 710 2466 Sed
741 2411 855 2465 licet
878 2428 992 2479 nos,
1023 2391 1113 2466 aut
1140 2411 1358 2484 angelus
1382 2411 1444 2467 de
1475 2413 1600 2467 caelo
1636 2414 1952 2485 evangelizet
1980 2414 2119 2470 vobis

531 2513 876 2575 praeterquam
903 2508 1040 2574 quod
1070 2506 1477 2576 evangelizautus
1504 2506 1663 2561 vobis.
1689 2506 1934 2565 Breviter
1969 2507 2120 2564 omni

529 2596 701 2652 voluit
741 2596 1096 2666 praejudicare
1141 2614 1426 2669 persona},
1482 2600 1699 2670 quando
1744 2617 1841 2657 nec
1890 2601 2121 2671 Aposto-

528 2688 614 2745 lus
649 2699 838 2745 contra
884 2689 937 2744 id
981 2689 1126 2760 quod
1170 2691 1399 2762 primum
1441 2692 1863 2762 praedicaverat,
1903 2709 2002 2750 nec
2029 2710 2121 2750 vo-

529 2798 646 2839 cem
677 2784 745 2839 de
774 2783 916 2841 caelo
940 2784 1210 2855 loquentis
1235 2787 1413 2856 angeli
1450 2787 1697 2858 permisit
1722 2787 1934 2844 audire.
1969 2787 2120 2844 Facit

527 2884 710 2932 autem
739 2877 1010 2932 sententia
1048 2889 1237 2933 contra
1268 2893 1458 2934 omnes
1493 2879 1800 2948 haereticos,
1833 2881 1921 2951 qui
1951 2879 2120 2959 Μ

529 2967 707 3023 tiones
738 2969 1069 3050 apostolicae
1099 2979 1310 3025 mutare
1340 2979 1629 3025 conantur.

595 3059 885 3115 Anathema
909 3064 996 3116 sit.
1033 3063 1144 3117 Iloc
1167 3071 1269 3130 est,
1295 3062 1670 3119 abominabilis
1692 3064 1843 3120 vobis
1865 3065 1955 3120 sit.

597 3154 746 3208 Sicut
768 3154 1124 3225 praediximus,
1167 3164 1212 3208 et
1243 3171 1378 3209 nunc
1401 3156 1583 3210 iterum
1610 3157 1723 3212 dico
1754 3176 1766 3210 ε
1803 3157 1865 3212 Si
1885 3159 1997 3229 quis
2027 3175 2114 3214 vo-
2143 3160 2189 3224 C

521 3243 597 3299 bis
625 3245 1045 3318 euangelizarerit
1068 3257 1250 3317 praeter
1279 3247 1333 3301 id
1371 3248 1509 3319 quod
1533 3250 1822 3320 accepistis,
1846 3249 2116 3307 anathema

516 3341 603 3394 sit.
625 3339 934 3411 Repetitum
969 3340 1163 3396 fortius
1190 3343 1618 3399 commendatur.

589 3432 754 3488 Modo
787 3436 924 3488 enim
963 3433 1260 3490 hominibus
1300 3437 1509 3503 suadeo,
1534 3454 1602 3492 an
1649 3436 1805 3492 Deo?
1846 3437 2115 3511 Numquid

519 3538 740 3598 propter
763 3526 1009 3585 homines
1038 3529 1191 3584 vobis
1221 3530 1451 3599 suadeo,
1483 3531 1620 3586 sicut
1653 3541 1872 3602 propter
1901 3531 2114 3590 Judmo-

518 3633 636 3674 rum
675 3619 994 3696 traditiones
1031 3632 1156 3676 ante
1183 3621 1482 3677 faciebam?
1516 3621 1819 3680 Ostendi-re
1848 3625 1958 3679 vult
1989 3626 2111 3682 odia

516 3712 791 3771 hominum
807 3730 865 3771 se
881 3732 985 3771 non
1005 3715 1305 3787 timentem,
1317 3717 1485 3772 libere
1499 3717 1794 3774 defendere
1807 3719 2108 3776 veritatem.

585 3808 666 3860 An
700 3823 874 3878 quan-0
903 3807 1189 3861 hominibus
1213 3805 1455 3880 placere?
1495 3807 1832 3881 Ubicumque
1875 3812 1990 3865 sine
2015 3812 2109 3866 ad-

511 3893 812 3954 ditameuto
834 3898 1014 3970 aliquo
1039 3899 1284 3954 homines
1306 3898 1675 3967 nominantur,
1692 3900 1745 3955 in
1771 3902 1965 3955 malam
1991 3918 2112 3972 par-

513 3995 619 4045 tem
645 3989 914 4061 aceipitur
939 3991 990 4045 in
1017 3990 1328 4059 Scripturis.
1349 3991 1418 4047 Ut
1437 4003 1520 4047 est
1541 3992 1671 4046 illud
1700 4009 1712 4046 :
1738 3992 1924 4048 Omnis
1947 3993 2109 4049 homo

509 4082 763 4138 mendax.
784 4083 880 4137 Et:
911 4083 1083 4150 Quem
1111 4083 1292 4138 dicunt
1326 4083 1574 4140 homines
1599 4084 1757 4140 esse?
1785 4086 1850 4140 Et
1882 4084 2110 4142 :Noune

511 4173 762 4232 homines
793 4178 960 4232 estis?
993 4177 1063 4233 Et
1092 4197 1102 4230 :
1144 4178 1444 4233 secundum
1487 4179 1765 4235 hominem
1796 4181 2105 4237 ambulatis.

508 4266 676 4337 igitur
705 4269 1034 4340 quicumque
1078 4268 1275 4324 talibus
1327 4270 1542 4338 placere
1585 4272 1833 4341 voluerit,
1885 4289 2108 4330 necesse

509 4370 594 4415 est
625 4370 681 4416 ut
716 4377 908 4418 eorum
957 4361 1119 4418 faciat
1159 4343 1733 4419 voluntatem.‘Saucti
1765 4375 1944 4419 autem
1997 4364 2107 4421 Deo

512 4461 742 4517 tantum,
775 4466 828 4511 et
860 4455 1030 4510 Deum
1070 4456 1376 4511 amantibus
1400 4457 1615 4526 placent
1648 4474 1661 4510 :
1689 4459 1776 4528 qui
1798 4459 1916 4528 plus
1945 4474 2102 4529 quant

510 4543 758 4612 homines
783 4562 904 4603 esse
936 4565 1136 4604 merum
1154 4557 1268 4606 ttnl.

580 4637 641 4692 Si
663 4638 836 4692 adltuc
856 4641 1147 4696 hominibus
1176 4644 1452 4713 placerem,
1478 4641 1669 4700 Christi
1690 4661 1866 4700 servus
1894 4663 1998 4701 non
2021 4664 2101 4702 es-

505 4747 633 4787 sent.
661 4729 794 4786 Nam
819 4733 940 4788 ideo
967 4751 1050 4788 tne
1078 4736 1330 4805 oderunt,
1351 4737 1478 4808 quia
1509 4753 1696 4793 servus
1727 4756 1848 4795 sum
1875 4741 2097 4796 Christi.

578 4824 772 4880 Nolunt
800 4828 934 4880 enim
965 4828 1102 4883 vobis
1130 4827 1291 4896 facio,
1318 4831 1536 4898 fratres,
1566 4829 1929 4908 Erangeliutn,
1961 4837 2099 4907 quod

501 4921 916 4992 evangelizatum
943 4931 1014 4976 est
1047 4941 1076 4975 a
1101 4940 1199 4976 me.
1229 4923 1356 4978 Vult
1385 4941 1616 4997 purgare
1658 4929 2021 5000 usurpationis
2046 4940 2100 4987 ct

505 5010 754 5069 humanae
777 5014 1086 5098 traditilmjs
1117 5015 1418 5072 infamiam.

579 5105 716 5174 Quia
735 5088 1263 5163 nati-esTsecundnnt
1295 5110 1575 5165 hominem.
1629 5111 1812 5186 Neque
1839 5115 1973 5169 enim
2001 5133 2094 5190 ego

502 5195 565 5249 ab
594 5195 802 5253 homine
851 5202 1025 5272 accepi
1075 5198 1232 5268 illud,
1268 5218 1428 5273 neque
1455 5201 1638 5269 didici,
1668 5207 1759 5260 sed
1785 5223 1875 5276 per
1896 5210 2092 5263 revela-

502 5287 695 5342 tionem
717 5288 846 5345 Iesu
879 5291 1104 5367 Christi.
1144 5291 1330 5366 Neque
1359 5310 1390 5349 a
1412 5311 1498 5350 me
1527 5294 1788 5366 conduxi,
1821 5315 1996 5370 neque
2025 5301 2093 5356 ab

500 5379 607 5434 alio
638 5379 859 5438 homine
888 5385 1090 5456 accepi,
1132 5403 1308 5459 neque
1343 5403 1375 5444 a
1415 5405 1688 5460 quoquam
1726 5391 1920 5462 didici,
1954 5394 2091 5466 quod

499 5487 688 5550 gentes
717 5475 828 5529 sola
860 5476 963 5532 lide
989 5480 1346 5538 salvarentur.

571 5567 806 5623 Audistis
835 5569 972 5623 enim
1007 5576 1448 5631 conversationem
1493 5592 1656 5633 meam
1704 5577 1984 5649 aliquando
2036 5579 2090 5635 in

497 5654 790 5717 Iudaismo.
819 5659 931 5718 Nec
957 5678 1054 5719 vos
1077 5667 1239 5721 credo
1267 5668 1436 5725 latere
1458 5671 1599 5740 quod
1633 5670 2088 5728 dico.Osteuderc

495 5751 611 5807 Vult
635 5770 794 5827 quam
834 5754 1067 5814 tlrtniter
1095 5763 1327 5818 tenuerit
1359 5762 1720 5831 Judaismum,
1753 5772 1807 5820 et
1829 5779 1989 5836 quam
2023 5765 2086 5822 li-

711 3681 978 3696 μ’

2219 1859 2505 1915 revelaret.

2289 1949 2557 2008 Continuo
2580 1969 2683 2008 non
2711 1953 2943 2026 acquievi
2973 1954 3119 2010 carni
3140 1964 3189 2011 et
3214 1954 3483 2027 sanguini.
3509 1952 3624 2009 Hoc
3645 1951 3780 2009 dicit:

2219 2044 2474 2115 quoniam
2505 2046 2800 2100 secundum
2822 2048 3136 2120 mysterium
3168 2045 3542 2116 revelationis,
3565 2045 3786 2102 commis-

2219 2151 2334 2192 sam
2366 2137 2466 2192 sibi
2493 2136 2932 2208 prmdicationem
2960 2139 3239 2210 Evangelii
3271 2139 3610 2203 exercuerit,
3638 2151 3785 2208 neque

2221 2235 2351 2284 tunc
2381 2228 2560 2284 carnis
2589 2240 2646 2285 et
2676 2230 2954 2301 sanguinis
2980 2247 3168 2285 vocem
3199 2229 3405 2296 audivi,
3437 2227 3532 2284 sed
3556 2228 3665 2283 Dei.

2294 2320 2478 2393 Neque
2537 2323 2650 2376 veni
2709 2319 3091 2395 Jerosolymam
3135 2325 3202 2377 ad
3276 2330 3614 2377 antecessores
3675 2335 3786 2373 meo:

2221 2411 2506 2484 apostolos,
2533 2414 2624 2467 sed
2650 2414 2754 2468 abii
2775 2415 2828 2467 in
2852 2415 3099 2469 Arabiam
3124 2431 3141 2468 :
3171 2423 3219 2468 et
3242 2414 3429 2468 iterum
3448 2429 3671 2467 reversus
3693 2428 3786 2466 sunt

2222 2503 2562 2558 Damascum.
2587 2505 2701 2560 Non
2718 2507 2857 2576 quod
2883 2507 3018 2562 mihi
3039 2521 3260 2563 necesse
3285 2505 3309 2560 f
3308 2507 3405 2574 uit,
3424 2517 3482 2560 ut
3499 2505 3566 2560 ab
3587 2505 3685 2560 illis
3702 2504 3786 2558 ali-

2221 2595 2353 2666 quid
2385 2597 2648 2652 edoccrer
2674 2615 2686 2650 :
2710 2597 2807 2652 sed
2837 2596 2906 2652 de
2928 2598 3188 2652 Damasco
3209 2597 3261 2652 in
3288 2596 3546 2651 Arabiam
3570 2598 3787 2667 protinus

2224 2687 2390 2754 ibam,
2416 2688 2748 2759 ut_docerem
2769 2688 2911 2759 quod
2938 2689 3070 2742 ntihi
3096 2704 3126 2742 a
3157 2688 3268 2743 Deo
3292 2688 3586 2744 revelatum
3613 2688 3782 2742 fuerat.

2293 2778 2497 2834 Deinde
2533 2791 2646 2853 post
2667 2798 2832 2835 annos
2862 2791 2985 2836 tres.
3018 2780 3268 2836 Ostendit.
3287 2797 3348 2835 se
3379 2797 3485 2835 non
3516 2778 3786 2850 indiguisse

2221 2871 2424 2939 doceri,
2459 2873 2550 2942 qui
2576 2873 2745 2928 tribus
2763 2872 2874 2943 jam
2905 2872 3062 2927 annis
3087 2872 3206 2926 aliis
3231 2871 3569 2943 przedicarat.

2299 2964 2429 3019 Veni
2457 2967 2860 3038 Jerosolgmant.
2908 2965 3132 3034 Quando
3169 2981 3229 3022 se
3273 2965 3551 3035 discipulis
3581 2963 3788 3035 jungere

2220 3059 2537 3114 attentabat.

2302 3150 2487 3208 Videre
2521 3152 2756 3208 Petrum.
2793 3153 2856 3209 Et
2885 3163 3194 3225 susceptum
3239 3167 3301 3210 se
3327 3151 3514 3208 abillo
3554 3150 3604 3207 in
3631 3148 3788 3206 chari-

2225 3256 2335 3304 tate
2359 3247 2696 3303 demonstrat
2724 3263 2740 3302 :
2774 3256 2829 3304 et
2872 3246 2926 3302 in
2971 3257 3076 3302 tam
3107 3248 3256 3302 brevi
3285 3253 3528 3316 tempore
3567 3242 3691 3299 nihil
3715 3242 3786 3297 dio

2216 3355 2369 3397 scere
2397 3340 2654 3410 potuisse.
3847 3405 3858 3420 Δ,

2288 3431 2358 3487 Et
2387 3432 2553 3488 mansi
2575 3433 2717 3504 apud
2745 3447 2860 3488 eum
2882 3431 3058 3487 diebus
3083 3429 3400 3504 quindecim.
3432 3427 3652 3486 Videndi
3676 3441 3782 3500 gra-
3819 3429 3844 3486 κ’

2216 3525 2312 3594 tia,
2338 3541 2444 3582 non
2467 3526 2729 3582 discendi.

2285 3616 2461 3672 Alium
2489 3627 2660 3672 autem
2689 3617 3054 3690 Apostolorum
3084 3619 3188 3674 vidi
3213 3617 3488 3673 neminem.
3516 3614 3591 3672 Ne
3618 3613 3693 3672 vel
3719 3611 3778 3668 ab

2215 3709 2322 3766 illis
2345 3709 2599 3766 didicisse
2629 3713 2922 3768 videretur.

2285 3804 2404 3860 Nisi
2435 3803 2690 3862 Jacobunt
2737 3809 2948 3878 fratrem
2976 3805 3209 3863 Domini.
3263 3809 3392 3876 Quae
3435 3814 3600 3862 autem
3631 3802 3777 3860 scribo

2211 3899 2374 3963 vobis,
2398 3915 2510 3954 ecce
2531 3916 2707 3954 coram
2734 3899 2868 3973 Deo,
2889 3903 3013 3974 quia
3034 3919 3139 3956 non
3162 3901 3401 3956 mentior.
3431 3901 3659 3969 Quatuor
3676 3911 3776 3952 mo-

2211 3992 2294 4047 dis
2325 3992 2517 4047 fratres
2547 3994 2838 4064 appellari,
2887 3996 3009 4066 quis
3039 3995 3280 4050 dubitat?
3310 3994 3516 4062 Primo,
3565 4002 3731 4048 natura
3757 4003 3772 4042 :

2211 4087 2472 4155 secundo,
2500 4089 2821 4160 cognatione
2853 4104 2869 4146 :
2901 4089 3084 4157 tertio,
3111 4100 3270 4158 gente
3300 4104 3314 4142 :
3343 4100 3555 4159 quarto,
3582 4085 3771 4140 alicctu.

2211 4179 2367 4238 Unde
2393 4182 2625 4238 Jacobus
2667 4183 2961 4239 secundum
2990 4183 3367 4254 cognationem
3399 4181 3561 4236 frater
3583 4173 3772 4232 Domini

2209 4274 2405 4331 dicitur
2433 4293 2449 4331 :
2494 4277 2745 4347 quoniam
2776 4277 2846 4333 de
2893 4277 3059 4332 Maria
3088 4276 3364 4346 Cleophae,
3399 4288 3584 4332 sorore
3611 4268 3771 4326 matris

2209 4367 2446 4434 Domini,
2477 4379 2632 4424 natus
2663 4385 2785 4426 esse
2814 4377 3169 4424 monstratur.

2282 4461 2480 4519 Deinde
2509 4464 2621 4518 veni
2641 4463 2695 4516 in.
2718 4474 2889 4536 partes
2930 4464 3102 4534 Syria:
3125 4473 3174 4518 et
3195 4459 3412 4518 Ciliciae.
3448 4461 3602 4517 Eram
3625 4467 3769 4512 autem

2125 4552 2408 4628 Dignatus
2454 4557 2586 4627 facie
2633 4555 2881 4611 Ecclesiis
2926 4555 3150 4610 Juda're.
3201 4556 3508 4612 Notandum
3536 4556 3648 4627 quia
3683 4564 3771 4622 per

2206 4648 2495 4705 triennium
2527 4648 2788 4703 Ecclesiis
2817 4648 3018 4704 Judara:
3040 4655 3157 4704 erat
3179 4650 3416 4718 ignotus.

2280 4739 2406 4807 Qua:
2422 4749 2572 4793 erant
2595 4742 2648 4793 in
2675 4739 2902 4795 Christo.
2934 4740 3164 4794 Tantum
3188 4751 3362 4793 autent
3384 4740 3613 4793 auditum
3636 4732 3768 4786 habe-

2205 4828 2326 4884 bant
2359 4848 2376 4884 :
2399 4834 2647 4903 quoniam
2676 4834 2764 4903 qui
2795 4831 3194 4904 persequebatur
3221 4849 3316 4887 nos
3336 4832 3625 4902 aliquando,
3651 4840 3765 4879 nunc

2200 4926 2511 4994 evangelisat
2551 4925 2730 4995 ﬁdem,
2754 4944 2908 4998 quant
2935 4927 3224 4998 aliquando
3258 4926 3597 5000 expugnabat.
3625 4921 3766 4977 Scor-

2200 5031 2344 5082 sum,
2372 5016 2460 5086 qui
2489 5032 2554 5072 ex
2581 5016 2782 5073 Iudaeis
2809 5029 2984 5085 erant,
3015 5018 3280 5076 Ecclesia:
3311 5021 3652 5082 habebantur,
3675 5025 3762 5068 nec

2201 5108 2285 5164 his
2314 5110 2406 5180 qui
2435 5121 2589 5165 erant
2615 5128 2679 5167 ex
2707 5111 2983 5182 gentibus,
3008 5113 3394 5169 miscebantur.

2269 5201 2336 5255 Et
2360 5203 2413 5257 in
2444 5221 2523 5258 me
2547 5203 2903 5274 clariﬁcabant
2927 5203 3113 5258 Deum.
3147 5205 3225 5262 De
3247 5221 3306 5261 re
3325 5205 3534 5261 difﬁcili
3559 5199 3758 5259 maxima

2199 5297 2438 5352 nascitur
2465 5298 2748 5353 admiratio
2783 5317 2794 5351 :
2829 5309 2885 5354 et
2914 5297 3234 5355 laudabatur
3262 5299 3406 5355 Deus
3449 5298 3536 5370 qui
3566 5296 3657 5352 hoc
3677 5305 3756 5347 so-

2197 5390 2278 5444 lus
2306 5401 2488 5462 pesset
2515 5388 2752 5446 cllicere.
2784 5391 2860 5446 De
2888 5390 3041 5448 falsis
3068 5392 3346 5459 fratribus,
3379 5403 3437 5448 et
3461 5391 3527 5446 de
3550 5389 3688 5446 Petro
3704 5381 3756 5436 in

2194 5483 2629 5552 circumcisione,
2664 5483 2830 5540 Paulo
2859 5499 2988 5540 vero
3018 5484 3342 5555 ingentibus
3370 5482 3638 5539 ordinatis.

2818 5577 3047 5635 CAPUT
3088 5577 3152 5633 ll.

2265 5673 2468 5731 Deinde
2494 5686 2609 5748 post
2635 5693 2796 5731 annos
2823 5676 3236 5747 quatuordecim.
3260 5673 3485 5746 Quando
3515 5673 3576 5731 de
3597 5664 3752 5728 oneri-

2193 5767 2294 5826 bus
2324 5771 2455 5843 legis
2482 5772 2711 5843 qumstio
2740 5771 3077 5846 movebatur.
