3978 6286
218 278 313 338 809

910 276 1466 343 COMMENTARIUS
1504 278 1572 341 ΙΝ
1611 275 2003 341 EPISTOLAM
2045 280 2136 340 AD
2172 282 2511 346 GALATAS.
2550 287 2706 347 CAP.
2737 285 2804 345 Il.

3407 285 3511 348 810

280 392 484 448 Iterum
501 390 1098 467 ascendiJerosolgmam
1114 414 1234 453 cum
1256 397 1519 468 Barnaba,
1541 407 1803 469 assumpto
1832 398 1885 458 Α
1980 396 2131 464 Quod
2161 400 2311 454 etiam
2334 401 2592 456 sollicitus
2618 403 2694 473 fui
2719 401 2816 454 hoc
2843 399 3012 472 ipsum
3032 399 3224 472 facere.
3254 397 3368 456 lloc
3396 409 3503 471 est,

215 497 256 544 et
280 486 414 542 Tito.
440 486 557 542 Non
580 486 858 544 voluntate
886 503 1027 557 mea,
1061 490 1157 546 sed
1187 492 1398 564 imperii
1421 491 1591 548 divini
1626 504 1814 547 neces-

213 582 391 638 sitate.

279 676 505 731 Ascendi
552 685 726 731 autem
793 677 1077 734 secundum
1129 680 1516 736 reuelationem.
1571 679 1688 736 Hoc
1739 678 1817 736 ait

214 768 523 838 Apostolus.
554 768 689 823 Cum
735 770 1004 837 venirem,
1060 771 1252 842 inquit,
1281 772 1676 844 Jerosolymam
1723 787 1814 828 se-

212 860 444 917 cundum
491 862 877 919 revelationem
942 863 1086 930 Dei,
1133 867 1539 938 congregationi
1586 866 1814 922 fratrum

165 969 307 1032 [aper
335 953 750 1036 tediﬁcationem
793 970 968 1010 meam
1001 956 1210 1036 reddidi
1237 959 1502 1015 rationem
1522 999 1535 1024 ,
1567 973 1813 1014 seorsum

214 1057 265 1103 et
287 1032 554 1117 apostolis
588 1032 744 1104 ξῖἰῦη
777 1057 834 1103 ut
862 1049 930 1105 ab
958 1048 1063 1105 illis
1088 1032 1140 1103 in
1173 1050 1356 1121 aliquo
1385 1051 1699 1116 instruerer,
1725 1050 1816 1120 qui

214 1139 439 1210 plenam
462 1139 672 1195 fueram
695 1141 925 1211 gratiam
961 1151 1289 1198 consecutus
1322 1161 1336 1198 :
1371 1142 1466 1198 sed
1502 1153 1561 1197 ut
1589 1141 1817 1198 manife-

214 1241 413 1288 starem
443 1232 525 1289 eis
545 1241 697 1288 recto
718 1232 933 1302 ordine,
958 1249 1045 1290 mc
1073 1233 1274 1290 ChriSti
1301 1235 1651 1306 Evangeiium
1679 1249 1820 1307 prae-

215 1325 420 1383 dicare.

287 1417 356 1472 Et
384 1419 582 1474 contuli
616 1434 734 1474 cum
772 1418 880 1474 illis
909 1419 1246 1491 Euangelium
1273 1463 1288 1488 ,
1317 1422 1458 1493 quod
1499 1422 1726 1494 prwdico
1764 1421 1820 1476 in

213 1510 464 1581 gentibus.
497 1509 614 1565 Non
665 1510 862 1581 didici,
916 1512 1011 1568 sed
1058 1515 1262 1569 contuli
1310 1514 1692 1586 Evangelium,
1723 1529 1822 1586 per

215 1589 357 1673 quod
389 1612 582 1673 gentes
611 1603 728 1658 sola
759 1603 865 1658 ﬁde
891 1604 1197 1660 salvantur.
1237 1663 1242 1668 ,
1571 1668 1576 1674 ,

284 1694 536 1750 Seorsum
565 1703 738 1749 autem
769 1694 850 1749 his
880 1697 971 1766 qui
1000 1697 1306 1752 videbantur
1340 1691 1543 1766 aliquid
1573 1713 1700 1753 esse.
1743 1696 1822 1753 Ne

215 1785 340 1843 illos
363 1787 616 1856 discipuli
642 1787 712 1842 de
744 1787 1039 1858 Evangelio
1065 1788 1315 1844 dubitare
1347 1797 1618 1859 putarent.

286 1878 375 1934 Ne
398 1882 536 1951 forte
561 1880 614 1933 in
644 1894 862 1934 vacuum
885 1895 1164 1947 currerem,
1195 1889 1283 1935 aut
1310 1882 1673 1936 cucurrissem.
1711 1881 1825 1937 Hoc

215 1989 323 2030 non
355 1983 441 2029 est
467 1971 782 2038 dubitantis,
811 1973 906 2028 sed
939 1973 1118 2044 potius
1141 1973 1536 2029 conﬁrmantis.

286 2065 399 2121 Sed
425 2081 590 2135 neque
611 2063 780 2132 Titus,
809 2066 898 2135 qui
922 2082 1118 2120 mecum
1141 2076 1272 2129 erat,
1299 2081 1416 2119 cum
1445 2074 1573 2121 esset
1597 2067 1823 2138 gentilis,

215 2157 516 2228 compulsus
545 2167 618 2211 est
645 2157 1050 2211 circumcidigln
1081 2173 1308 2212 vacuum
1335 2159 1594 2213 cucurrit.

288 2251 401 2307 Sed
451 2258 664 2323 propter
713 2251 1128 2306 subintroductos
1175 2253 1336 2322 falsos
1373 2256 1582 2323 fratres.
1631 2251 1829 2308 Reddit

215 2359 418 2402 causas
446 2359 546 2401 cur
576 2344 920 2400 circumcidit
945 2345 1124 2400 Titum
1157 2365 1170 2399 :
1198 2361 1306 2402 non
1335 2347 1458 2417 quia
1482 2346 1558 2401 illi
1591 2346 1827 2401 circum-

216 2436 356 2493 cisio
410 2435 734 2507 prodesset,
785 2436 880 2493 sed
932 2445 992 2492 ut
1018 2437 1334 2493 scandalum
1377 2438 1671 2494 imminens
1693 2437 1832 2493 vita-

221 2536 402 2585 retur.
1541 2541 1548 2550 '

289 2621 400 2688 Qui
445 2621 855 2677 subintroierunt
906 2624 1179 2694 explorare
1231 2623 1518 2680 libertatem
1564 2634 1828 2692 nostram,

215 2732 379 2788 quam
420 2715 666 2772 habemus
691 2717 744 2771 in
782 2715 991 2771 Christo
1018 2715 1150 2772 Iesu
1183 2735 1203 2772 :
1233 2726 1288 2772 ut
1319 2735 1412 2774 nos
1440 2719 1495 2772 in
1540 2719 1832 2773 servitutem

216 2809 536 2881 redigerent.
560 2807 674 2875 Qua
702 2808 933 2863 absoluti
963 2823 1151 2864 sumus
1175 2825 1204 2864 a
1229 2809 1360 2880 jngo
1391 2810 1540 2881 legis.

293 2900 503 2968 Quibus
523 2915 686 2969 neque
714 2899 785 2954 ad
812 2898 993 2954 horam
1017 2901 1270 2954 cessimus
1298 2901 1629 2970 subjectioui,
1667 2909 1722 2954 ut
1746 2917 1833 2955 re-

215 2995 350 3049 ritas
379 2993 648 3066 Evangelii
675 3004 972 3066 permaneat
1015 2995 1158 3066 apud
1185 3010 1292 3049 vos.
1327 2995 1398 3051 Ut
1427 2995 1725 3064 periculum
1753 2995 1835 3050 vi-

217 3094 470 3143 taremus
499 3105 512 3140 :
539 3095 593 3142 et
633 3096 820 3144 essent
847 3087 899 3140 in
933 3087 1089 3144 nobis
1121 3088 1213 3158 qui
1241 3089 1524 3144 veritatem
1552 3088 1830 3160 Evangelii

218 3180 643 3235 conﬁrmarent.

293 3274 378 3328 Ab
405 3273 487 3328 his
516 3281 685 3328 autem
732 3274 819 3343 qui
864 3274 1170 3328 ridebantur
1216 3290 1325 3329 esse
1367 3275 1587 3345 aliquid.
1621 3274 1720 3329 Hic
1747 3289 1841 3329 eos

218 3365 532 3436 signiﬁcat,
585 3364 679 3435 qui
721 3365 944 3420 Galatas
984 3364 1266 3435 judaizare
1295 3366 1672 3434 compulerant
1703 3381 1715 3417 :
1748 3363 1841 3434 qui

217 3456 528 3529 aliquando
563 3455 806 3528 insignes
830 3458 971 3513 inter
998 3456 1296 3527 discipulos
1317 3457 1692 3526 apostolorum
1725 3457 1844 3511 tue-

215 3557 353 3604 rant
390 3566 404 3602 :
433 3546 638 3618 quique
661 3549 912 3617 praesenti
943 3556 1195 3618 tempore
1218 3563 1247 3601 a
1279 3548 1385 3604 lide
1415 3547 1748 3615 Christiana,
1774 3547 1842 3603 ad

213 3639 676 3697 observationem
709 3638 989 3696 Judalcam
1017 3640 1428 3696 convertebant.

296 3731 504 3800 Quales
531 3732 815 3802 aliquando
843 3732 1058 3803 fuerint,
1087 3733 1219 3786 nihil
1263 3723 1378 3788 mea
1427 3733 1657 3787 interest.
1703 3731 1843 3786 Deus

215 3829 370 3883 enim
401 3841 680 3898 personam
716 3825 941 3879 hominis
979 3841 1083 3878 non
1131 3824 1340 3896 accipit.
1387 3822 1506 3878 Non
1533 3821 1664 3878 mihi
1713 3839 1844 3878 cura

213 3930 332 3986 est,
372 3918 501 3990 quia
532 3931 654 3972 cum
685 3917 918 3972 Domino
942 3915 1356 3971 ambulaverunt
1391 3933 1405 3970 :
1434 3915 1557 3986 quia
1587 3928 1688 3970 nec
1711 3922 1847 3970 tem-

213 4027 330 4084 pus
360 4010 692 4083 prejudicat
723 4008 876 4075 ﬁdei,
911 4023 1011 4064 nec
1037 4023 1270 4079 persona
1301 4007 1494 4063 labori.

297 4104 446 4158 Mihi
471 4112 640 4157 autem
665 4103 752 4173 qui
781 4101 1087 4156 videbantur
1115 4116 1225 4155 esse
1257 4099 1477 4170 aliquid,
1502 4101 1634 4155 nihil
1660 4110 1843 4156 contu-

213 4200 406 4254 lerunt
437 4213 454 4251 :
495 4196 586 4252 sed
612 4212 639 4250 e
661 4204 840 4251 contra
871 4211 988 4249 cum
1012 4195 1283 4264 uidissent,
1314 4194 1454 4264 quod
1492 4195 1741 4250 creditum
1772 4205 1845 4250 est

1917 489 2061 561 quod
2095 491 2148 547 in
2171 494 2317 547 omni
2351 509 2490 564 pene
2518 494 2708 550 scribit
2733 492 2993 563 Epistula.

1990 580 2120 637 Cant
2167 596 2337 639 autem
2367 587 2585 640 venisset
2631 585 2835 656 Cephas
2867 585 3212 652 Antiochiam,
3248 587 3300 640 in
3329 587 3516 658 faciem

1917 674 1963 730 ei
1984 677 2149 730 restiti
2176 678 2334 749 :quia
2359 677 2777 751 reprehensibilis
2802 687 2933 733 erat.
2960 677 3271 733 Galatarum
3293 678 3522 733 inﬁrmi»

1919 774 2003 823 tas
2031 769 2311 839 compellit
2339 785 2464 825 eum
2499 784 2745 836 narrare,
2792 768 2934 840 quod
2983 769 3524 851 necipgapostolo~

1919 862 2309 954 mpzincipi
2352 862 2516 918 Petro
2556 863 2888 934 pepercerit,
2921 864 3205 918 veritatem
3237 862 3522 933 Evangelii

1922 969 2027 1007 non
2080 954 2250 1010 libere
2305 954 2619 1010 defendenti
2655 973 2668 1008 :
2699 956 2837 1009 sicut
2884 956 3049 1011 etiam
3100 955 3169 1010 ad
3215 955 3517 1025 profectum

1919 1046 2330 1103 Corinthiorum
2358 1047 2674 1104 manifestat
2695 1049 2984 1113 visionem,
3014 1064 3176 1118 quam
3203 1048 3360 1104 annis
3390 1063 3523 1119 qua-

1924 1139 2224 1196 tuordecim
2255 1142 2548 1198 celaverat.
2577 1141 2693 1197 Hoc
2718 1151 2898 1197 autem
2931 1150 3098 1197 totum
3130 1141 3229 1208 ait,
3251 1151 3310 1196 ut
3341 1151 3526 1198 osten-

1923 1232 2017 1288 dat
2059 1249 2353 1305 numquam
2385 1229 2816 1290 circumcisionis
2848 1234 3013 1290 fuisse
3057 1235 3346 1302 factorem,
3379 1235 3526 1306 quod

1923 1326 1992 1382 de
2037 1326 2128 1381 illo
2172 1326 2293 1382 l'alsi
2323 1328 2550 1398 apostoli
2583 1327 2984 1398 conﬁngebant.
3022 1327 3174 1384 Unde
3201 1338 3257 1383 et
3283 1328 3408 1383 alibi
3438 1327 3524 1384 di-

1924 1419 2000 1475 cit
2026 1438 2038 1475 :
2065 1419 2179 1490 Ego
2210 1429 2413 1486 autem,
2448 1421 2664 1485 fratres,
2696 1421 2740 1474 si
2769 1421 3244 1476 circumcisioncm
3265 1420 3522 1492 praedico,

1926 1512 2056 1583 quid
2087 1511 2264 1568 adhuc
2289 1514 2726 1583 persecutionem
2758 1513 2970 1583 patior?

2002 1605 2162 1660 Prius
2200 1607 2358 1675 enim,
2391 1623 2546 1679 quam
2579 1607 2804 1660 uenirent
2844 1606 3059 1677 quidam
3090 1623 3122 1659 a
3154 1605 3375 1677 Iacobo,
3417 1625 3532 1662 cum

1930 1701 2167 1772 gentibus
2195 1701 2393 1755 edebat.
2433 1700 2623 1756 Sciens
2652 1700 2750 1756 sibi
2780 1708 3084 1764 ostensum,
3115 1709 3176 1755 ut
3206 1701 3411 1757 nullius
3440 1717 3535 1773 ge-

1857 1794 1907 1855 B
1936 1791 2381 1847 nerishominem
2410 1801 2635 1846 vocaret
2665 1791 3022 1846 immundum.

2004 1883 2135 1939 Cum
2165 1895 2334 1938 autem
2362 1885 2638 1951 venissent,
2668 1883 3001 1938 subtrahebat
3040 1893 3088 1939 et
3126 1885 3427 1956 segregabat
3456 1903 3533 1956 se,

1934 1979 2118 2032 timens
2145 1994 2231 2034 eos
2271 1978 2360 2046 qui
2387 1993 2448 2032 ex
2476 1978 2867 2031 circumcisione
2888 1986 3036 2032 erant
3070 1993 3088 2032 :
3128 1988 3176 2032 et
3215 1980 3537 2035 simulationi

1931 2073 2046 2142 ejus
2073 2077 2439 2123 consenserunt
2469 2068 2640 2122 cteteri
2667 2065 2862 2121 Judtei.
2892 2067 3012 2123 Non
3044 2068 3165 2124 ideo
3193 2069 3539 2138 reprehensi—
3618 2111 3626 2136 χ

1933 2127 2057 2216 bilis
2102 2171 2255 2226 erat,
2309 2160 2434 2230 quia
2485 2174 2607 2214 cum
2641 2159 3014 2272 illis'edebal:
3066 2159 3161 2215 sed
3192 2127 3315 2230 quia
3347 2127 3636 2272 postca/j

1934 2263 2159 2324 propter
2191 2251 2444 2307 homines
2465 2267 2524 2308 se
2554 2250 2926 2306 subtrahebat.

2008 2345 2095 2400 Ita
2129 2355 2186 2400 ut
2208 2354 2256 2400 et
2286 2344 2554 2399 Barnabas
2577 2345 2846 2398 duceretur
2887 2345 2950 2398 ab
2977 2346 3048 2398 eis
3069 2346 3120 2400 in
3143 2346 3288 2400 illam
3314 2347 3533 2401 simula-

1938 2442 2143 2496 tionem.
2179 2440 2280 2507 Qui
2306 2455 2515 2494 mecum
2546 2438 2611 2494 ad
2652 2447 2841 2508 gentes
2864 2439 3079 2507 missus,
3117 2441 3249 2496 nihil
3273 2441 3413 2498 inter
3439 2457 3534 2498 eos

1936 2534 2203 2591 docuerat
2233 2548 2357 2589 esse
2385 2531 2737 2590 discriminis.

2013 2626 2120 2680 Sed
2151 2641 2268 2679 cum
2295 2625 2556 2690 vidissem,
2580 2624 2719 2696 quod
2741 2639 2841 2678 non
2865 2632 2998 2680 recte
3017 2627 3342 2682 ambularent
3364 2629 3433 2682 ad
3459 2643 3543 2683 ve-

1937 2722 2147 2774 ritatem
2189 2719 2482 2790 Evangelii.
2516 2719 2779 2787 Quamvis
2824 2719 2926 2774 hoc
2959 2733 3179 2791 propter
3227 2723 3544 2778 scandalum

1940 2813 2148 2868 faceret
2178 2811 2490 2867 Iudaeorum
2521 2829 2533 2864 :
2564 2820 2743 2866 tamen
2778 2811 2992 2881 publice
3018 2813 3168 2868 illum
3200 2817 3453 2880 conveni,
3487 2823 3546 2868 nt

1937 2902 2142 2958 Iudaeis
2167 2901 2448 2973 superbia,
2480 2910 2534 2956 et
2558 2902 2808 2972 gentibus
2835 2904 3148 2972 desperatio
3182 2907 3489 2962 tolleretur.

1907 3067 1912 3072 ’
2012 2993 2140 3048 Dixi
2171 2994 2360 3063 Cephtc
2391 3010 2570 3048 coram
2616 2993 2868 3049 omnibus.
2915 2994 3200 3051 Publicum
3231 2997 3546 3053 scandalum

1941 3103 2048 3144 non
2075 3096 2284 3159 paterat
2315 3088 2519 3155 private
2541 3086 2738 3142 curari.

1861 3177 1908 3240 C
2015 3181 2076 3235 Si
2102 3189 2155 3233 tu
2179 3195 2296 3233 cum
2323 3178 2546 3234 Juda’us
2569 3180 2660 3232 sis.
2693 3179 2750 3234 Si
2777 3189 2830 3234 tu
2864 3195 2972 3236 non
3003 3191 3177 3248 tenes,
3210 3184 3353 3253 quod
3387 3192 3548 3241 natus

1946 3286 2005 3329 es
2037 3291 2047 3326 :
2083 3270 2356 3342 quomodo
2388 3272 2508 3326 illos
2544 3270 2680 3325 facis
2721 3281 2906 3328 tenere
2935 3273 3080 3343 quod
3107 3275 3216 3330 nati
3250 3291 3355 3331 non
3387 3279 3555 3334 sunt?

1946 3365 2232 3421 Rationem
2267 3364 2466 3430 reddit,
2498 3379 2604 3418 non
2632 3363 2887 3432 injuriam
2918 3365 3064 3420 facit.

2020 3456 2298 3511 Gentiliter
2343 3456 2494 3522 ciuis,
2541 3465 2588 3509 et
2635 3471 2735 3509 non
2762 3454 3003 3510 Judaice.
3039 3456 3154 3513 Non
3183 3475 3251 3514 ex
3297 3461 3555 3530 operibus

1947 3548 2106 3618 legis,
2143 3547 2238 3604 sed
2269 3547 2381 3603 sola
2408 3545 2514 3602 ﬁde
2537 3546 2682 3603 sicut
2710 3556 2920 3618 gentes,
2955 3549 3122 3606 vitam
3148 3551 3198 3606 in
3220 3549 3438 3609 Christo
3464 3552 3555 3609 in-

1947 3640 2166 3694 venisse
2197 3647 2250 3695 te
2276 3639 2442 3694 nosti.

2025 3731 2295 3798 Quomodo
2323 3739 2501 3803 gentes
2524 3732 2663 3800 cogis
2684 3732 3006 3804 judaizare?
3039 3730 3147 3788 Cur
3176 3733 3449 3790 subtrahis
3477 3744 3551 3802 te,

1953 3831 2225 3892 tamquam
2254 3837 2283 3876 a
2315 3821 2734 3892 peccatoribus?

2025 3913 2141 3969 Nos
2169 3925 2356 3968 natura
2399 3912 2600 3980 Judaei,
2630 3923 2678 3967 et
2718 3929 2823 3969 non
2869 3932 2932 3970 ex
2970 3915 3208 3986 gentibus
3241 3927 3552 3986 peccatores.

1949 4008 2276 4065 Peccatores
2302 4017 2482 4064 tamen
2515 4023 2734 4064 eramus
2767 4010 2928 4080 :quia
2967 4011 3236 4067 conclusit
3273 4010 3553 4086 Scriptura

1951 4103 2134 4158 omnia
2164 4102 2265 4156 sub
2286 4108 2529 4171 peccato.

2026 4194 2260 4249 Scientes
2285 4200 2458 4246 autem
2487 4191 2628 4262 quod
2655 4207 2756 4247 non
2775 4193 3092 4264 iustiﬁcetur
3112 4195 3267 4252 homo
3293 4214 3359 4251 ea:
3379 4199 3548 4269 operi-

211 4292 362 4346 mihi
389 4287 736 4361 Evangelium
767 4289 1034 4359 prteputii.
1061 4286 1132 4345 Ut
1162 4287 1450 4359 praedicem
1486 4287 1538 4343 in
1569 4289 1841 4359 gentibus,
1953 4290 2045 4344 bus
2065 4290 2216 4362 legis,
2250 4290 2350 4344 nisi
2379 4306 2468 4359 per
2491 4288 2648 4359 ﬁdem
2677 4287 2804 4343 Jesu
2833 4286 3026 4343 Christi
3052 4306 3072 4344 :
3093 4301 3138 4344 et
3165 4306 3257 4343 nos
3278 4291 3332 4344 in
3353 4290 3556 4347 Christo

210 4383 382 4438 sicut
414 4381 523 4436 illis
552 4380 778 4437 ludatis.
1949 4383 2078 4438 Iesu
2106 4385 2386 4452 credimus,
2421 4391 2476 4435 ut
2498 4381 2847 4454 justi/icemur
2885 4398 2947 4436 ea:
2973 4382 3077 4452 ﬁde
3107 4382 3320 4450 Christi,
3363 4393 3411 4437 et
3452 4400 3555 4439 non

293 4478 464 4534 Sicut
486 4484 533 4531 et
562 4475 722 4530 Petro
749 4475 1176 4533 circumcisionis.
1206 4476 1310 4543 Qui
1339 4477 1475 4531 enim
1505 4487 1747 4549 operatus
1772 4488 1845 4535 est
1951 4493 2017 4532 ea:
2044 4477 2286 4545 operibus
2328 4474 2474 4548 legis.
2505 4473 2730 4545 Propter
2758 4474 2895 4543 quod
2919 4490 2983 4528 ex
3011 4473 3246 4545 operibus
3276 4475 3424 4546 legis,
3455 4492 3559 4530 non

211 4570 404 4627 Petro
453 4571 507 4624 in
555 4571 898 4642 apostolatum
929 4570 1364 4636 circumcisionis,
1399 4581 1642 4636 aperatus
1692 4583 1763 4627 est
1795 4583 1839 4627 et
1868 4556 1918 4618 D
1936 4569 2314 4642 justiﬁcabitur
2363 4566 2532 4620 omnis
2579 4581 2722 4619 caro.
2774 4564 2949 4632 Opera
2992 4564 3167 4636 legis:
3208 4566 3553 4621 circumcisio

210 4663 366 4718 mihi
409 4661 543 4716 inter
571 4670 767 4733 gentes.
801 4660 869 4713 Et
900 4677 1015 4715 cum
1060 4662 1414 4733 cognouissent
1455 4664 1698 4732 gratiam,
1730 4680 1844 4734 qua:
1949 4667 2004 4717 et
2025 4659 2330 4726 sabbatum,
2356 4657 2472 4712 dies
2496 4656 2639 4740 festi,
2664 4665 2720 4711 et
2763 4666 2982 4723 ctetcra,
3033 4673 3151 4728 qua:
3183 4673 3289 4713 non
3335 4667 3555 4729 propter

159 4767 188 4828 ’_
211 4757 366 4810 data
390 4764 468 4808 est
488 4753 634 4808 mihi.
665 4753 719 4808 ln
747 4755 897 4810 nullo
928 4769 1048 4810 sum
1083 4755 1174 4810 illo
1203 4755 1429 4812 inferior
1455 4772 1470 4814 :
1499 4756 1624 4828 quia
1647 4757 1715 4813 ab
1735 4773 1842 4814 uno
1935 4751 2224 4825 justitiam,
2258 4750 2352 4806 sed
2383 4749 2450 4804 ad
2481 4737 2835 4804 edomandam
2889 4750 3068 4820 populi
3120 4751 3370 4806 duritiam
3417 4760 3548 4806 sunt

127 4844 178 4922 ἦ,
211 4850 351 4906 Deo
386 4861 576 4902 sumus
600 4847 653 4901 in
679 4846 985 4902 ministerio
1015 4847 1271 4904 ordinati.
1951 4844 2228 4902 mandata.

296 4941 576 5008 Iacobus,
607 4949 653 4995 et
683 4938 907 5012 Cephas,
937 4950 983 4996 et
1011 4940 1268 5009 Joannes,
1315 4944 1403 5012 qui
1432 4943 1732 4998 uidebantur
1760 4961 1847 4999 co-
2029 4937 2182 5006 Quod
2209 4937 2256 4990 si
2277 4943 2568 5007 quaerentes
2598 4935 2887 5008 justiﬁcari
2910 4937 2965 4990 in
2992 4936 3216 5005 Christo,
3248 4936 3436 4989 inventi
3474 4953 3563 4991 su-

130 5024 192 5100 -ξ
208 5023 444 5092 lumine
466 5049 594 5088 esse.
619 5033 794 5103 Super
823 5049 956 5103 quas
985 5042 1103 5089 erat
1129 5033 1372 5089 Ecclesia
1397 5035 1738 5091 conﬁrmata.
1952 5047 2069 5086 mus
2095 5038 2140 5085 et
2173 5030 2276 5100 ipsi
2319 5036 2614 5100 peccatores
2644 5043 2662 5082 :
2691 5028 2941 5096 numquid
2975 5026 3207 5081 Christus
3234 5021 3446 5098 peccati
3469 5027 3569 5080 mi-

297 5127 546 5182 Dextras
567 5126 837 5181 dederunt.
870 5125 946 5180 Ita
978 5141 1079 5182 nos
1105 5125 1304 5182 docere
1324 5125 1545 5183 debere.
1957 5125 2114 5180 nister
2140 5121 2255 5177 est?
2283 5122 2447 5175 Absit.
2499 5120 2555 5176 Si
2589 5120 2731 5175 enim
2763 5128 2954 5190 gentes
2985 5118 3119 5174 ﬁdes
3161 5119 3277 5172 sola
3312 5132 3418 5173 non
3451 5120 3562 5174 sal-

299 5219 462 5277 Mihi
491 5230 538 5274 et
559 5217 840 5287 Barnabta,
879 5219 1136 5274 societatis
1167 5228 1263 5274 :ut
1303 5235 1395 5274 nos
1434 5220 1487 5273 in
1515 5227 1709 5291 gentes,
1745 5219 1848 5290 ipsi
1957 5225 2090 5286 vat,
2123 5230 2224 5272 nec
2253 5229 2352 5271 nos
2386 5230 2400 5269 :
2434 5212 2561 5284 quia
2592 5229 2657 5268 ex
2706 5211 2963 5282 operibus
3008 5223 3166 5265 nemo
3211 5209 3558 5280 justiﬁcatur.

205 5324 427 5371 autem
455 5312 508 5364 in
536 5310 998 5365 circumcisionem.
1025 5309 1202 5368 Ambo
1230 5312 1372 5368 enim
1401 5311 1552 5369 missi
1583 5320 1744 5368 erant
1773 5313 1852 5368 si-
1961 5310 2105 5380 Ergo
2123 5307 2298 5364 adhuc
2313 5314 2629 5378 peccatores
2641 5317 2850 5370 sumus,
2874 5309 2928 5357 et
2941 5300 3188 5358 Christus
3223 5312 3565 5372 peccatorum

207 5405 389 5469 mul,
427 5411 484 5457 ut
512 5402 769 5472 gentibus
793 5401 1174 5473 praedicarent.
1964 5401 2215 5459 minister
2243 5407 2346 5465 est,
2373 5405 2644 5467 tamquam
2674 5408 2781 5450 non
2800 5393 2986 5448 valens
3019 5401 3234 5463 peccata
3259 5394 3561 5465 indulgere.

301 5493 552 5550 Tantum
576 5502 631 5546 ut
656 5509 946 5565 pauperum
968 5511 1215 5549 memores
1260 5511 1506 5552 essemus.
1549 5497 1650 5565 Qui
1673 5497 1858 5554 omnia
2039 5495 2104 5549 Si
2145 5491 2282 5546 enim
2313 5505 2428 5560 qua:
2459 5487 2714 5555 destruxi,
2745 5487 2934 5540 iterum
2965 5487 3072 5542 hare
3097 5487 3386 5556 recediﬁco,
3419 5501 3556 5556 pra;-

205 5602 336 5648 sua
375 5583 799 5650 distribuentes,
832 5585 898 5640 ad
927 5586 1298 5656 apostolorum
1344 5589 1510 5656 pedes
1552 5592 1722 5659 pretia
1765 5591 1860 5647 de-
1969 5589 2404 5643 variratoremme
2425 5582 2704 5637 constituo.
2730 5579 2787 5636 Si
2811 5579 3058 5636 destruxi
3080 5579 3318 5644 Jndaeos,
3345 5585 3401 5633 et
3423 5593 3555 5633 nunt

205 5677 554 5758 ponebant.
607 5677 702 5733 Vel
743 5676 994 5748 :quorum
1055 5679 1196 5734 bona
1223 5681 1436 5737 fuerant
1473 5697 1502 5738 a
1546 5680 1748 5740 ludasis
1792 5685 1874 5740 in-
1975 5681 2057 5752 (ut
2086 5678 2160 5735 illi
2192 5675 2404 5748 dicunt)
2435 5675 2584 5746 ipsos
2616 5673 2916 5744 rczediﬁco,
2955 5688 3091 5730 mea:
3123 5670 3402 5730 sententia:
3432 5686 3572 5743 prte-

204 5790 380 5838 vasa
426 5790 440 5829 :
471 5773 611 5829 sicut
643 5771 872 5842 legimus
901 5771 968 5826 ad
996 5772 1272 5834 Hebraeos.
1974 5772 2244 5831 varicator
2269 5768 2538 5827 invenior.

545 5869 816 5932 Psruon.
869 5865 988 5930 XX
1003 5869 1082 5931 Χ.
1526 5941 1541 5952 _
