3978 6286
427 3341 449 3505 ί

510 307 610 366 811

1549 293 1609 348 S.
1653 287 2035 347 lllERO-NYMI
2073 286 2352 344 OPERURI
2395 286 2758 343 MANTISSA.
3668 285 3753 342 819,

526 461 530 466 .
583 420 696 492 Ego
744 418 882 475 enim
925 432 1015 488 per
1043 415 1209 487 legem
1238 409 1340 484 legi
1364 415 1597 463 mortuus
1633 420 1769 458 sum.
1829 403 1944 457 lloc
1993 409 2100 464 est,
2129 400 2183 460 Α
2284 399 2386 464 Qui
2408 415 2529 470 ergo
2559 400 2736 452 tribuit
2764 397 2904 454 vobis
2928 398 3194 469 spiritum,
3225 403 3274 452 et
3317 401 3554 468 operatur
3580 395 3753 451 uirtutes

512 514 657 584 quod
689 513 841 576 dicit,
884 523 979 579 per
1020 509 1190 576 legem
1235 502 1462 565 Christi,
1505 499 1609 568 legi
1659 496 1824 568 Moysi
1858 501 2108 549 mortuus

515 625 659 666 sum.
705 608 984 662 Autcerte
1015 619 1112 672 per
1142 603 1314 672 ipsam
1359 597 1531 668 Moysi
1556 597 1755 665 legem,
1789 591 1923 661 legis
1963 589 2109 658 ejus-

516 701 639 755 dem
688 713 806 751 smn
843 692 1317 750 observationibus
1350 689 1614 744 liberatus
1645 703 1656 738 :
1697 683 1947 753 quoidam
1977 679 2111 734 scri-

521 803 670 862 ptum
697 800 782 846 est
811 789 864 844 in
891 788 1080 844 eadem
1112 787 1229 856 lege
1261 801 1276 839 ε
1305 783 1438 850 Quia
1459 778 1734 836 Abraham
1763 791 1829 832 ex
1859 774 1961 830 ﬁde
1996 773 2112 844 jus—

516 887 752 942 tiﬁcatus
794 894 897 954 est,
922 891 1108 938 etnon
1141 895 1205 936 ex
1239 877 1495 950 operibus
1525 872 1682 944 legis.
1731 871 1861 926 Item
1893 883 1989 938 per
2033 867 2112 925 le-

516 995 635 1050 gem
689 977 916 1040 Christi,
945 974 1050 1045 legi
1093 973 1312 1037 litterae,
1348 979 1402 1023 et
1443 964 1615 1037 Moysi
1640 963 1745 1034 legi
1772 960 1942 1018 veteri
1991 973 2110 1014 sum

516 1084 767 1130 mortuus
802 1091 813 1126 :
846 1071 972 1141 quia
1006 1069 1122 1138 ipsa
1157 1081 1217 1122 se
1249 1071 1584 1122 cessaturam
1613 1072 1738 1115 esse
1767 1053 2038 1125 praedixit.

592 1166 659 1224 Ut
696 1166 805 1220 Deo
848 1165 1032 1218 vivam.
1077 1160 1214 1229 Quia
1245 1159 1418 1228 legem
1457 1169 1609 1210 suam
1661 1147 1962 1206 innovavit.

589 1257 798 1312 Christo
824 1253 1112 1323 cruciﬁxus
1143 1267 1259 1306 sum
1309 1247 1472 1303 cruci.
1537 1243 1809 1301 Omnibus
1850 1237 2110 1311 peccatis,

515 1351 714 1424 quibus
745 1349 834 1404 lex
871 1358 952 1402 est
983 1347 1130 1408 data,
1156 1359 1274 1398 sum
1314 1349 1562 1397 mortuus
1599 1357 1610 1392 :
1644 1352 1778 1408 ergo
1823 1335 1912 1391 lex
1952 1332 2113 1389 mini-

518 1462 608 1503 me
657 1454 742 1501 est
773 1440 1105 1498 necessaria.

599 1538 728 1592 Vivo
758 1543 928 1588 autem
957 1549 1058 1586 non
1098 1528 1388 1601 ego.Vetus
1428 1526 1615 1580 homo.

597 1629 736 1685 Vivit
772 1643 888 1682 vero
943 1625 997 1678 in
1023 1639 1101 1677 me
1131 1621 1393 1678 Christus.
1441 1618 1502 1673 ιη
1560 1617 1650 1672 illo
1670 1614 1805 1670 vivit
1832 1610 2108 1676 Christus,

522 1727 574 1780 in
619 1738 727 1794 qun
774 1720 1021 1775 Christus
1052 1723 1261 1786 vegetat
1296 1721 1450 1768 actus
1496 1721 1552 1766 et
1593 1709 1782 1764 vitam.

2211 493 2264 545 in
2309 491 2449 561 vobis
2477 506 2496 545 :
2519 507 2584 546 ea:
2609 492 2847 558 operibus
2886 491 3035 563 legis.
3068 508 3136 544 an
3168 506 3234 545 ea:
3273 489 3458 542 auditu
3495 488 3627 554 ﬁdei,
3651 491 3755 542 sicut

2209 585 2460 654 scriptum
2482 593 2577 637 est.
2609 581 2871 655 Spiritum
2903 593 3149 638 sanctum
3194 583 3311 639 sola
3358 581 3463 636 ﬁde
3489 580 3752 650 accepistis,

2212 679 2302 749 qui
2353 693 2458 732 non
2501 678 2603 733 nisi
2644 693 2672 732 a
2703 679 2864 747 justis
2891 678 3157 750 accipitur
3185 695 3196 730 :
3222 678 3403 746 justos
3449 687 3619 732 autem
3659 677 3756 732 sine

2211 771 2349 842 legis
2380 772 2638 826 oneribus
2665 784 2791 826 esse
2814 786 2910 826 vos
2938 780 3172 826 constat.

2285 862 2551 917 Abraham
2573 861 2796 918 credidit
2828 862 2960 929 Deo,
2986 872 3035 917 et
3060 870 3359 932 reputat-um
3391 870 3464 916 est
3492 861 3566 916 illi
3590 861 3650 914 ad
3665 865 3759 934 jus-

2215 955 2402 1009 titiam.
2427 954 2506 1009 lta
2536 966 2589 1010 et
2617 954 2772 1010 vobis
2801 955 2868 1010 ad
2893 954 3163 1024 justitiam
3192 953 3308 1008 sola
3335 952 3535 1008 sufﬁcit
3572 952 3700 1008 ﬁdes.

2287 1047 2594 1119 Coguoscite
2623 1063 2768 1116 ergo,
2809 1047 2931 1113 quia
2961 1049 3053 1116 qui
3079 1061 3141 1100 ea:
3168 1044 3272 1114 ﬁde
3303 1053 3446 1109 sunt,
3477 1042 3531 1097 hi
3571 1046 3760 1112 sunt/iiii

2215 1138 2458 1193 Abrahae.
2493 1138 2619 1194 Sive
2643 1136 2841 1203 Juda‘i,
2868 1138 2984 1194 sive
3005 1136 3204 1199 Graeci,
3249 1151 3358 1190 non
3383 1136 3658 1190 carnaliter
3680 1135 3760 1191 cir-

2214 1232 2464 1285 cumcisi.

2289 1325 2574 1380 Providens
2616 1333 2788 1380 autem
2828 1324 3130 1396 Scriptura,
3162 1323 3284 1395 quia
3316 1339 3380 1378 ea:
3407 1322 3511 1392 ﬁde
3551 1323 3759 1394 justiﬁcat

2215 1430 2392 1491 gentes
2416 1419 2575 1486 Deus,
2607 1419 2970 1489 prwnuntiauit
3003 1405 3225 1471 Abrahae
3247 1433 3265 1476 ;
3291 1417 3418 1487 quia
3446 1416 3761 1470 benedicentur

2215 1513 2268 1566 in
2302 1521 2350 1566 te
2377 1528 2551 1566 omnes
2580 1520 2778 1582 gentes.
2804 1511 2923 1566 Non
2952 1525 3059 1565 una
3100 1523 3233 1580 gens
3274 1508 3523 1576 Judaica,
3569 1508 3653 1565 sed
3673 1523 3763 1564 om-

2216 1623 2314 1662 nes
2341 1623 2464 1678 quae
2493 1622 2560 1662 ex
2588 1607 2849 1677 operibus
2878 1607 3016 1678 legis
3041 1615 3189 1661 sunt.
3244 1647 3246 1652 τ

2290 1698 2463 1769 Igitur
2517 1699 2605 1769 qui
2653 1714 2719 1754 ea:
2763 1699 2867 1768 ﬁde
2920 1707 3065 1764 sunt,
3115 1698 3476 1752 benedicentur
3521 1713 3623 1752 cum
3655 1697 3762 1765 fideli

593 1789 744 1882 Quod
785 1822 956 1866 autem
1002 1825 1140 1864 nunc
1172 1808 1285 1861 vivo
1319 1807 1371 1859 in
1403 1820 1580 1868 carne,
1613 1803 1669 1855 in
1721 1798 1826 1868 ﬁde
1879 1798 1990 1852 viro
2015 1795 2114 1866 ﬁlii
2147 1789 2189 1851 Β
2218 1791 2502 1845 Abraham.
2533 1790 2651 1846 Non
2673 1792 2818 1846 enim
2841 1792 3180 1846 circumcisa:
3209 1800 3334 1846 sunt
3357 1800 3571 1862 gentes,
3595 1801 3646 1844 ut
3671 1803 3766 1860 pus-

521 1911 638 1965 Dei.
671 1909 727 1963 In
761 1907 876 1960 sola
902 1904 1006 1959 ﬁde
1042 1921 1054 1955 :
1087 1902 1212 1972 quia
1247 1899 1378 1953 nihil
1406 1897 1580 1952 debeo
1609 1892 1713 1964 legi
1743 1893 2004 1961 antiqua}.

594 2002 696 2070 Qui
722 1999 905 2054 dilexit
954 2013 1058 2060 me,
1112 2003 1158 2049 et
1188 1991 1405 2046 tradidit
1456 1990 1684 2060 seipsum
1713 2000 1939 2058 prome.
1995 1981 2112 2037 Non

521 2095 827 2170 pecuniam,
861 2106 962 2144 non
989 2085 1206 2155 aliquod
1241 2083 1384 2139 aliud
1432 2081 1690 2152 pretium,
1723 2075 1818 2132 sed
1852 2091 1933 2132 se.

594 2189 714 2242 Non
737 2185 925 2258 abjicio
953 2181 1173 2250 gratiam
1197 2176 1311 2230 Dei.
1338 2175 1454 2231 Non
1477 2174 1650 2228 debeo
1672 2185 1794 2227 esse
1820 2169 1895 2224 illi
1927 2168 2113 2237 ingra-

517 2294 604 2338 tus
638 2300 650 2334 :
682 2281 772 2350 qui
803 2294 889 2332 me
935 2283 1144 2329 tantum
1178 2269 1391 2335 dilexit,
1423 2277 1481 2323 ut
1519 2280 1726 2337 prome
1755 2263 1920 2318 etiam
1939 2275 2115 2316 more-

515 2382 688 2429 retur.
714 2370 938 2439 Abjecta
973 2367 1115 2422 enim
1158 2372 1240 2418 est
1265 2363 1460 2433 gratia,
1487 2360 1532 2414 si
1561 2358 1691 2413 mihi
1719 2356 1835 2412 sola
1861 2369 1966 2409 non
1999 2351 2113 2408 sul”-

519 2467 653 2521 licit.

588 2557 648 2613 Si
669 2558 805 2610 enim
840 2571 927 2626 per
950 2553 1111 2624 legem
1127 2549 1358 2622 justitia,
1389 2562 1510 2619 ergo
1531 2545 1696 2617 gratis
1719 2543 1958 2599 Christus
1975 2557 2115 2596 mor-

512 2662 632 2704 tuus
661 2658 753 2702 est.
779 2646 840 2702 Si
867 2646 950 2701 lex
983 2651 1199 2715 poterat
1223 2638 1546 2711 justiﬁcare,
1570 2634 1846 2710 superﬂue
1869 2639 2115 2689 mortuus

516 2754 598 2800 est
643 2741 914 2798 Christus.

1128 2802 1356 2861 CAPUT
1408 2801 1497 2857 lll.

589 2927 634 2982 Ο
661 2923 912 2981 insensati
941 2920 1168 2977 Galatea.
1208 2917 1325 2972 Non
1360 2923 1444 2970 est
1474 2911 1812 2969 contrarium
1860 2909 2113 2965 Salvato«

514 3024 589 3074 ris
623 3018 809 3078 verbo,
853 3029 963 3084 quo
1013 3013 1236 3066 fratrem
1293 3009 1499 3062 fatuum
1551 3003 1736 3059 vocari
1782 3002 2110 3072 prohibuit:

518 3126 626 3165 non
658 3109 801 3161 enim
836 3104 921 3159 hic
947 3103 1148 3157 dicitur
1177 3102 1296 3155 sine
1327 3111 1512 3154 causa.

2218 1887 2324 1941 sint
2350 1901 2419 1942 ex
2449 1887 2708 1956 operibus
2732 1887 3004 1942 benedici.

2292 1980 2611 2047 Quicumque
2639 1980 2778 2034 enim
2800 1993 2864 2034 ex
2889 1979 3126 2050 operibus
3158 1979 3287 2051 legis
3304 1989 3450 2046 sunt,
3474 1979 3565 2034 sub
3589 1978 3766 2032 maledi-

2221 2079 2306 2127 cto
2326 2082 2464 2127 sunt.
2497 2071 2762 2141 Scriptum
2805 2083 2878 2126 est
2924 2074 3080 2127 enim.
3113 2072 3249 2140 Quia
3282 2075 3350 2127 ita
3383 2074 3768 2143 prmvaluitcon-

2216 2164 2448 2220 suetudo
2481 2165 2761 2234 peccandi,
2792 2177 2847 2219 ut
2878 2181 3037 2220 nemo
3056 2167 3167 2235 jam
3193 2165 3438 2233 perﬁciat
3471 2166 3654 2236 legem.

2291 2259 2602 2313 Maledictus
2637 2259 2826 2321 omnis,
2872 2260 2960 2326 qui
2983 2277 3086 2313 non
3115 2261 3460 2327 permanserit
3490 2262 3542 2314 in
3577 2259 3771 2313 omnibus

2216 2370 2330 2425 qua:
2355 2355 2550 2422 scripta
2576 2363 2698 2408 sunt
2726 2354 2782 2407 in
2811 2353 2944 2407 libro
2966 2353 3112 2424 legis,
3139 2363 3194 2408 ut
3222 2356 3384 2423 faciat
3411 2369 3498 2409 ea.
3545 2355 3650 2410 Hoc
3689 2362 3771 2420 est,

2216 2449 2307 2519 qui
2331 2465 2437 2503 non
2469 2450 2648 2503 omnia
2682 2462 2852 2519 usque
2878 2449 2944 2501 ad
2971 2448 3128 2502 ﬁdem
3174 2449 3306 2518 legis
3336 2448 3590 2503 mandata
3619 2461 3766 2503 servs-

2216 2543 2376 2596 verit.
2410 2541 2684 2609 Qttzeritnr
2715 2556 2846 2594 sane
2876 2539 2979 2593 hoc
3010 2541 3151 2608 loco,
3178 2541 3223 2594 si
3255 2540 3391 2594 ﬁdes
3419 2541 3539 2595 sola
3572 2539 3770 2595 sufﬁciat

2216 2629 2526 2688 Christiano
2553 2649 2566 2685 :
2595 2640 2649 2686 et
2689 2638 2869 2686 utrum
2890 2645 2997 2685 non
3030 2633 3100 2684 sit
3129 2630 3479 2698 maledictus,
3519 2631 3603 2702 qui
3627 2639 3766 2683 cvan-

2216 2728 2388 2798 gelica
2422 2735 2690 2796 praecepta
2719 2731 3056 2781 contemnet.
3116 2724 3221 2780 Sed
3249 2723 3383 2780 ﬁdes
3411 2728 3484 2778 ad
3513 2721 3607 2779 hoc
3640 2719 3774 2794 proﬁ-

2217 2823 2312 2890 cit,
2348 2830 2407 2874 ut
2451 2821 2504 2875 in
2537 2817 2789 2889 primitiis
2812 2817 3158 2874 credulitatis
3186 2819 3515 2873 accedentes
3555 2817 3617 2871 ad
3636 2817 3772 2870 Deum

2212 2914 2499 2986 jusdﬁcet,
2532 2912 2578 2968 si
2608 2913 2866 2981 deinceps
2896 2913 2948 2966 in
2983 2910 3375 2980 justiﬁcationc
3416 2917 3769 2982 permaneant:

2217 3019 2473 3066 caeterum
2503 3009 2621 3062 sine
2667 3007 2923 3076 operibus
2963 3005 3110 3072 fidei,
3145 3021 3249 3060 non
3283 3005 3445 3075 legis,
3476 3019 3675 3061 mortua
3710 3010 3776 3056 est

2175 3128 2180 3132 ι
2226 3103 2378 3158 ﬁdes.
2439 3101 2539 3168 Qui
2582 3100 2724 3155 enim
2773 3113 2876 3152 non
2935 3098 3109 3153 credit
3162 3097 3456 3162 mandatis,
3503 3109 3554 3152 et
3587 3109 3671 3149 eos
3707 3091 3776 3162 qtﬁ

593 3200 721 3271 Quis
751 3215 836 3253 vos
865 3195 1162 3268 fascinarit.
1215 3191 1321 3246 Per
1363 3190 1507 3259 vulgi
1539 3186 1792 3249 verbum,
1844 3183 2108 3240 invidiam
2137 3171 2185 3239 C
2220 3194 2491 3264 Evangelii
2525 3201 2796 3262 prtecepta
2825 3201 3203 3257 contemnunt,
3243 3191 3567 3245 maledicuts
3587 3201 3711 3253 esse,
3732 3195 3779 3241 et

519 3293 880 3365 signiﬁcavit:
914 3290 1056 3343 sicut
1087 3286 1162 3341 ait
1203 3285 1502 3341 Salomon:
1533 3278 1842 3336 Fascinatio
1890 3276 2110 3358 wei:

507 3386 934 3466 wgbscurat
957 3368 1118 3436 bona.

594 3477 717 3532 Non
743 3474 947 3528 obedire
976 3469 1215 3526 veritati?
1245 3468 1378 3521 Ante
1405 3482 1629 3538 quarunt
1657 3463 1844 3518 oculos
1873 3461 2110 3517 Christus

517 3569 674 3624 Iesus
705 3566 1022 3638 proscriptus
1044 3571 1138 3616 est.
1173 3560 1379 3626 Quibus
1407 3574 1503 3629 per
1535 3571 1711 3611 meam
1767 3554 2106 3625 praedicatio-

515 3677 640 3716 nem
657 3660 726 3713 ila
744 3656 1086 3711 manifestata
1103 3663 1188 3708 est
1212 3650 1396 3721 passio
1411 3650 1551 3720 ejus,
1574 3658 1631 3703 ut
1662 3649 1836 3718 ipsum
1866 3656 1991 3701 ante
2015 3659 2111 3698 vos

517 3751 759 3825 pendere
787 3749 1072 3820 putaretis.
1092 3743 1438 3813 Proscriptus
1470 3752 1573 3806 est,
1600 3741 1928 3796 sententiam
1959 3737 2110 3794 dam-

517 3845 753 3901 nationis
780 3839 1010 3908 aet'epit.

586 3937 654 3990 Et
683 3938 733 3989 in
756 3933 898 3987 vobis
926 3929 1233 3998 cruciﬁxus.
1264 3926 1432 3996 Quasi
1459 3924 1601 3995 apud
1636 3939 1732 3979 vos
1760 3922 1944 3978 omnia
1973 3921 2110 3976 facta

513 4033 643 4086 sint.
669 4029 796 4082 Sive
825 4026 928 4090 sic,
975 4037 1135 4092 quem
1184 4034 1312 4076 vere
1357 4034 1451 4088 pro
1494 4017 1776 4083 damnato,
1808 4025 1858 4071 et
1893 4025 2109 4070 mortuo

514 4125 680 4178 etiam
733 4133 876 4173 nunc
919 4115 1084 4168 vilem
1134 4113 1367 4179 habetis,
1395 4112 1524 4167 dum
1555 4112 1760 4183 putatis
1803 4125 1926 4166 eum
1961 4109 2113 4166 vobis

518 4229 627 4270 non
659 4209 908 4265 sufficere
930 4205 994 4258 ad
1024 4205 1274 4258 salutem.

590 4303 707 4358 Hoc
735 4303 906 4358 solum
931 4316 964 4351 a
993 4296 1135 4352 vobis
1160 4295 1276 4349 volo
1306 4295 1527 4350 discere.
1564 4295 1676 4351 lloc
1709 4310 1874 4350 unum
1903 4309 1999 4350 vos
2029 4293 2113 4348 in-

519 4406 759 4464 tcrrngo.

585 4485 675 4540 Ex
705 4484 942 4553 operibus
971 4483 1098 4553 legis
1125 4481 1364 4550 spiritum
1395 4481 1688 4553 accepistis,
1731 4497 1800 4533 an
1835 4496 1900 4534 ea:
1927 4479 2111 4534 auditu

519 4581 684 4652 ﬁdei?
736 4578 791 4637 Si
822 4594 886 4633 ex
933 4576 1126 4632 merito
1172 4576 1294 4631 fidei
1333 4576 1582 4645 spiritum
1631 4575 1940 4645 accepistis,
1978 4576 2106 4647 quid

519 4672 677 4730 nobis
703 4672 790 4725 lex
820 4669 1048 4738 amplius
1073 4671 1275 4738 poterit
1297 4668 1465 4724 dare?

592 4764 682 4821 Sic
707 4760 852 4816 stulti
882 4760 1024 4826 estis,
1056 4768 1106 4811 ut
1126 4775 1240 4813 cum
1266 4760 1455 4827 spiritu
1478 4760 1756 4831 cmperitis,
1789 4777 1928 4816 nunc
1955 4779 2111 4819 carne

523 4851 993 4910 ronsummemini?
1020 4849 1152 4906 Cum
1205 4865 1302 4905 nec
1329 4852 1502 4906 Judaei
1533 4853 1690 4907 aliter
1720 4855 1969 4922 spiritum
2022 4872 2112 4912 ac-

522 4951 747 5019 cipiant,
785 4960 945 5016 quam
968 4959 1064 5014 per
1095 4943 1254 4997 ﬁdem
1281 4943 1506 5008 Christi,
1545 4961 1639 5001 vos
1669 4951 1982 5005 econtrario
2014 4968 2111 5023 pu-

521 5042 645 5096 talis
675 5038 826 5093 \obis
848 5035 1098 5105 Spiritum
1131 5049 1237 5088 non
1269 5034 1518 5092 sufficere
1549 5039 1667 5093 sine
1689 5039 1826 5109 lege.

590 5130 760 5186 Tanta
786 5128 926 5202 passi
955 5127 1076 5182 estis
1113 5126 1228 5179 sine
1266 5142 1445 5194 causa,
1479 5128 1522 5181 si
1571 5140 1744 5184 tamen
1776 5131 1885 5187 sine
1930 5151 2107 5191 causa.

520 5227 788 5291 Ostendit,
816 5217 940 5295 qui.
968 5224 1020 5278 in
1053 5221 1260 5278 Galatia
1295 5223 1599 5293 constituti,
1637 5239 1736 5294 pro
1765 5225 1968 5282 Christi
2008 5229 2113 5285 ﬁde

524 5319 668 5392 passi
720 5329 847 5372 sunt
905 5317 1363 5387 persecutionem.
1413 5314 1540 5371 Item
1600 5327 1744 5372 tanta
1787 5320 1906 5376 sine
1948 5335 2110 5377 causa

520 5427 620 5485 pro
665 5410 883 5466 Christo
915 5409 1208 5478 tolerastis,
1264 5409 1311 5462 si
1358 5423 1467 5465 non
1506 5410 1700 5465 iterum
1748 5427 1847 5482 pro
1891 5403 2112 5469 Christo

521 5502 826 5575 corrigatis.
864 5500 988 5555 Sive
1019 5503 1158 5571 quod
1185 5501 1294 5567 hic,
1349 5503 1394 5556 si
1425 5512 1628 5569 tamen,
1679 5518 1786 5559 non
1818 5505 2114 5564 dubitantis

519 5611 705 5650 sermo
732 5593 834 5655 sit,‘
855 5590 949 5646 sed
974 5595 1154 5661 potius
1177 5595 1553 5649 c0nﬁrmantis
1582 5611 1598 5650 :
1622 5596 1920 5652 secundum
1943 5598 2069 5654 illttd
2095 5617 2110 5654 :

519 5688 563 5741 si
599 5694 776 5741 tamen
804 5688 1009 5755 justum
1051 5693 1134 5737 est
1153 5685 1296 5752 apud
1328 5687 1517 5757 Deum,
1544 5688 1862 5760 retribuere,
1889 5693 1975 5764 qui
2011 5708 2112 5750 nos

520 5779 780 5836 tribulant
810 5773 1241 5834 tribulationem.

651 5896 687 5934 ,β
711 5877 955 5934 *νηρθέ

510 5945 528 5958 ,ι
551 5921 574 5967 ._’
626 5920 874 5994 »ξφ-δηνξλ
889 5930 904 5958 ε
919 5927 966 5970 ,υς
987 5949 999 5966 ,

2213 3289 2464 3346 Salvator
2489 3285 2728 3352 edocuit,
2756 3285 2945 3340 dicens
2973 3303 2985 3337 :
3011 3284 3284 3340 DiScedite
3315 3300 3344 3338 a
3378 3301 3490 3350 me,
3525 3279 3778 3348 maledicti,

2215 3383 2268 3437 in
2295 3384 2474 3450 ignem
2502 3390 2786 3435 aeternum.
2809 3380 2874 3434 Et
2902 3378 3137 3434 Jacobus
3163 3377 3467 3448 apostolus,
3492 3379 3643 3432 unius
3661 3387 3782 3429 nisi:-

2217 3477 2326 3532 dati
2383 3484 2865 3545 transgressorem,
2924 3473 3166 3528 omnium
3217 3487 3368 3528 reum
3421 3487 3547 3528 esse
3586 3469 3778 3525 demou-

2217 3567 2430 3626 stravit.

2291 3661 2552 3727 Quoniam
2603 3668 2776 3714 autem
2831 3659 2884 3711 in
2933 3657 3045 3729 lege
3104 3669 3255 3711 nemo
3288 3656 3624 3727 justiﬁcatur
3668 3649 3782 3720 apud

2215 3751 2386 3807 Deum
2410 3752 2743 3823 manifestans
2766 3759 2858 3805 est.
2897 3747 3031 3817 Quia
3062 3759 3220 3802 nemo
3256 3746 3406 3801 illum
3441 3757 3619 3802 servat
3654 3743 3782 3798 :ideo

2217 3845 2418 3900 dictum
2444 3852 2549 3909 est,
2583 3842 2721 3910 quod
2746 3841 2860 3896 sola
2889 3840 2994 3895 ﬁde
3016 3835 3344 3909 justiﬁcandi
3371 3846 3563 3893 eSsent
3587 3836 3781 3891 creden-

2218 3950 2320 3993 tes.
2363 3939 2495 3993 Item
2529 3936 2645 3991 vult
2687 3933 3002 3998 ostendere,
3057 3934 3179 4002 quia
3229 3945 3296 3986 ex
3349 3931 3618 3999 Operihus
3668 3927 3780 3996 legis

2216 4035 2384 4107 Moysi
2427 4031 2713 4104 justiﬁeari
2745 4030 2911 4085 homo
2949 4042 3057 4104 non
3095 4027 3284 4096 possit,
3321 4028 3428 4081 nisi
3464 4021 3702 4080 habuerit
3741 4028 3784 4074 et

2221 4129 2421 4183 ﬁdem:
2457 4140 2579 4196 qum
2617 4124 2830 4178 veniam
2872 4123 2966 4176 dat
3006 4120 3247 4176 credenti
3277 4118 3330 4172 in
3359 4118 3498 4175 Deo.
3531 4118 3644 4173 Non
3667 4116 3783 4171 enim

2218 4224 2309 4293 qui
2339 4219 2571 4275 credunt
2601 4219 2652 4272 in
2673 4217 2914 4278 Christo,
2942 4216 3062 4269 sine
3095 4213 3212 4282 lege
3241 4212 3437 4267 vivere
3468 4219 3702 4282 possunt.

2295 4314 2429 4380 Quia
2468 4315 2648 4384 justus
2677 4325 2742 4364 ea:
2769 4307 2875 4379 ﬁde
2900 4307 3042 4361 uiuit.
3089 4304 3334 4361 Perfecta
3369 4304 3512 4360 ﬁdes
3549 4313 3650 4372 est,
3703 4311 3788 4354 non

2220 4406 2394 4461 solum
2421 4403 2720 4469 Christum,
2753 4400 2848 4456 sed
2877 4408 2932 4455 et
2951 4399 3169 4454 Christo
3195 4397 3448 4454 credere.

2295 4496 2402 4550 Lex
2447 4504 2616 4549 autem
2667 4509 2770 4548 non
2817 4501 2890 4547 est
2939 4508 3004 4545 ea:
3047 4489 3169 4560 ﬁde.
3232 4488 3352 4544 Non
3399 4487 3662 4558 iustiﬁcat
3697 4480 3788 4538 sola

2222 4589 2376 4644 ﬁdes.

2299 4679 2406 4736 Sed
2428 4678 2516 4746 qui
2539 4677 2715 4749 fecerit
2743 4691 2823 4744 ea,
2842 4674 2968 4727 vivet
3000 4673 3051 4726 in
3080 4671 3208 4727 illis.
3239 4671 3355 4726 Suo
3385 4671 3584 4727 labore
3609 4664 3793 4736 contuli.

2223 4779 2308 4826 rat
2341 4769 2628 4838 justitiam,
2655 4775 2708 4820 et
2738 4765 2882 4818 vivet
2911 4763 2963 4818 in
2986 4773 3270 4818 aeternum.

2297 4860 2531 4916 Christus
2561 4876 2654 4913 nos
2694 4856 2907 4910 redemit
2933 4854 2996 4908 de
3021 4853 3298 4908 maledicto
3343 4851 3506 4925 legis,
3542 4854 3702 4923 factus
3719 4851 3792 4917 pro

2225 4955 2370 5012 nobis
2396 4953 2741 5008 maledictum.
2774 4950 2874 5018 Qui
2899 4950 3000 5003 sub
3031 4946 3326 5001 maledicto
3358 4961 3472 5001 non
3509 4955 3630 5001 erat
3655 4961 3668 4998 :
3691 4942 3792 5009 quia

2225 5064 2321 5119 per
2351 5047 2531 5102 omnia
2563 5046 2734 5114 legem
2765 5041 3032 5111 implevit.
3062 5039 3127 5094 Et
3149 5039 3272 5095 ideo
3303 5038 3560 5095 indebito
3601 5034 3795 5092 maledi-

2223 5148 2311 5195 cto
2358 5139 2476 5207 ejus
2525 5150 2766 5191 nostrum
2799 5133 3037 5188 debitum
3066 5141 3489 5202 compensatum
3523 5142 3628 5194 est,
3675 5127 3795 5182 utli-

2220 5231 2376 5288 beret
2405 5236 2752 5284 transeuntes
2781 5226 2848 5280 ad
2875 5225 3055 5280 ﬁdem.

2295 5325 2431 5392 Quia
2462 5323 2712 5394 scriptum
2731 5330 2809 5376 est
2832 5335 2848 5372 :
2880 5318 3192 5373 Maledictus
3221 5318 3391 5373 onmis
3439 5320 3534 5389 qui
3565 5318 3738 5390 pendet
3753 5314 3795 5365 in

2221 5419 2384 5489 ligno.
2411 5417 2502 5473 Sic
2529 5424 2614 5469 est
2634 5415 2892 5482 scriptum
2920 5431 2933 5468 :
2957 5413 3014 5466 Si
3042 5413 3128 5467 cui
3173 5408 3335 5466 fuerit
3356 5411 3638 5480 judicium
3677 5421 3794 5463 moro

2221 5510 2312 5579 tis,
2347 5507 2698 5579 suspendetis
2721 5521 2841 5560 eum
2881 5505 2932 5560 in
2969 5505 3136 5575 ligno.
3165 5503 3282 5559 Non
3318 5504 3446 5558 ideo
3467 5503 3790 5562 maledictus,

2222 5605 2344 5672 quia
2386 5603 2632 5673 pendet:
2695 5601 2793 5657 sed
2843 5599 2967 5655 ideo
3023 5597 3242 5670 pendet.
3301 5599 3423 5668 quia
3474 5598 3794 5654 maledictos.

2221 5693 2473 5751 Christus
2504 5709 2657 5766 ergo,
2691 5693 2777 5748 cui
2831 5706 2939 5748 non
2966 5700 3085 5747 erat
3122 5691 3384 5760 judicium
3443 5694 3664 5759 mortis,
3715 5700 3796 5743 nec

2221 5802 2379 5847 causa
2395 5787 2691 5846 subeunda:
2713 5787 2974 5855 crucis,et
2995 5783 3267 5845 maledicti
3280 5792 3494 5856 reatus,
3525 5799 3629 5860 pro
3662 5782 3794 5843 nobis
