3978 6286
219 299 316 358 815
893 305 1431 365 COMMENTARIUS
1470 305 1541 363 ΙΝ
1577 297 1965 365 EPISTULA“
2005 308 2098 366 AD
2137 307 2486 372 GALATAS.
2527 312 2683 372 CAP.
2724 315 2814 374 Ν.
3400 322 3507 381 8M

215 419 560 475 maledictum
578 422 820 492 suscepit
854 439 866 476 :
891 425 1012 494 quia
1039 439 1231 481 omnes
1263 425 1538 481 maledicti
1563 439 1803 490 eramus,
1834 427 1887 488 Α
1987 425 2129 481 Deus
2158 437 2328 482 autem
2358 431 2511 485 unius
2532 440 2628 485 est.
2657 430 2771 487 Hoc
2797 430 2919 487 ideo
2944 430 3115 500 addit,
3164 447 3232 489 ne
3261 435 3378 506 quis
3411 455 3510 507 pu-

215 522 262 568 et
285 512 458 567 debiti
482 515 648 585 ligno,
681 526 733 569 et
758 515 1178 571 ideomali:dicti
1209 536 1220 571 ε
1253 517 1376 586 quia
1408 532 1516 572 non
1553 532 1808 587 perman-
1916 525 2054 573 taret
2105 519 2378 576 Christum
2431 523 2498 577 ab
2532 524 2738 578 unitate
2779 524 2974 579 divina:
3034 537 3239 582 natura:
3297 534 3508 600 penitus

215 605 382 658 simus
418 604 471 658 in
504 605 756 661 omnibus
783 621 907 676 quin
937 609 1143 678 scripta
1173 617 1329 663 erant
1361 609 1415 662 in
1445 609 1585 679 lege.
1913 624 2035 667 esse
2063 609 2298 668 divisum
2337 632 2347 666 :
2375 617 2498 684 quia
2544 615 2863 673 mediatoris
2885 619 3217 688 suscepisset
3245 621 3526 684 officium-

285 699 356 754 Ut
383 699 434 753 in
452 702 686 772 gentibus
706 701 994 757 benedictio
1019 701 1246 758 Abi-aha:
1263 703 1405 771 ﬁeret
1426 703 1479 756 in
1494 701 1702 757 Christo
1720 700 1812 756 Je-
1985 699 2098 756 Lex
2152 718 2276 775 ergo
2315 703 2556 759 adversus
2601 707 2857 778 promissa
2883 706 3017 763 Dei?
3057 711 3222 764 Absit.
3273 713 3336 768 Si
3371 717 3509 770 enim

213 813 293 850 su.
339 793 410 850 Ut
454 796 568 850 sola
621 795 723 852 lide
753 805 942 865 gentes
983 796 1437 853 benedicerentur
1475 797 1528 852 in
1559 796 1806 861 Christo,
1913 792 2038 847 data
2068 805 2196 849 esset
2218 795 2321 861 (ex,
2350 812 2469 868 qua:
2495 809 2663 869 posset
2683 800 2960 871 viviﬁcare,
2997 818 3109 856 vere
3138 820 3203 859 ea:
3229 807 3340 877 lege
3378 820 3512 866 esset

213 891 348 943 sicut
373 889 706 958 promissum
738 888 910 944 fuerat
945 890 1195 943 Abrabte.
1903 885 2132 956 justitia.
2183 886 2336 944 Sicut
2380 889 2448 945 ad
2489 890 2763 948 Romanos
2817 893 2891 949 ait
2921 911 2936 948 :
2963 894 3118 964 Quod
3170 898 3508 968 impossibile

282 981 354 1036 Ut
369 981 1020 1055 po'llicitationemspiritus
1038 983 1355 1051 accipiamus
1377 997 1468 1054 per
1485 978 1810 1050 ﬁdemQuat
1912 986 2032 1033 erat
2080 979 2208 1051 legi,
2242 981 2296 1036 in
2343 998 2453 1052 quo
2485 983 2886 1056 inllrmabatur,
2937 989 3166 1057 scilicet,
3213 1007 3332 1062 quae
3356 1009 3384 1050 a
3412 1011 3510 1053 ne-

212 1089 304 1147 per
325 1073 538 1130 Joelem
563 1074 889 1146 prophetam
919 1076 1070 1130 omni
1119 1076 1270 1130 carni
1304 1073 1571 1146 promissa
1625 1083 1727 1139 est,
1756 1071 1808 1127 id
1911 1071 2060 1127 mine
2087 1075 2428 1131 servabatur.

211 1165 314 1236 est,
351 1170 610 1224 universo
647 1169 838 1239 generi
883 1168 1184 1224 hominum.
1984 1165 2093 1222 Sed
2143 1170 2396 1224 conclusit
2433 1170 2713 1242 Scriptura
2768 1176 2942 1231 omnia
2982 1177 3074 1233 sub
3128 1189 3340 1251 peccato
3386 1199 3404 1236 :
3454 1192 3510 1238 ut

281 1260 521 1328 Fratres,
558 1263 843 1318 secundum
871 1263 1131 1317 hominem
1184 1261 1300 1316 dico
1333 1275 1353 1316 :
1383 1270 1555 1316 tamen
1582 1259 1810 1314 hominis
1912 1260 2185 1328 promissio
2215 1277 2281 1316 ea:
2324 1261 2428 1331 ﬁde
2476 1262 2612 1319 Iesu
2663 1265 2858 1322 Christi
2901 1268 3120 1324 daretur
3161 1272 3507 1330 credentibus.

214 1357 569 1427 conﬁrmatum
600 1366 986 1412 testamentum.
1044 1356 1296 1412 Humano
1343 1361 1468 1408 utor
1507 1350 1758 1420 exemplo
1793 1367 1804 1404 :
1914 1350 2253 1408 Adveniente
2273 1353 2516 1422 Christo,
2555 1358 2644 1428 qui
2683 1361 2784 1415 sub
2812 1360 2934 1431 lege
2963 1360 3095 1417 Mosi
3146 1374 3324 1432 erant,
3377 1382 3512 1422 con-

217 1450 518 1524 comparari
545 1450 690 1503 enim
724 1449 955 1504 humana
1007 1447 1226 1514 divinis,
1261 1457 1486 1517 propter
1510 1442 1814 1501 evidentio-
1911 1442 2049 1496 clusi
2092 1452 2220 1499 sunt
2270 1457 2516 1516 peccato,
2572 1450 2615 1503 si
2665 1452 2800 1505 ultra
2838 1453 2890 1505 in
2943 1453 3078 1522 legis
3123 1455 3512 1515 observatione

219 1557 332 1597 rem
364 1541 699 1597 intellectum
733 1549 967 1612 possunt
1001 1557 1013 1595 :
1276 1553 1382 1595 non
1410 1545 1663 1623 possunt.
1912 1550 2240 1606 permanere
2266 1540 2561 1598 voluerint.
2602 1541 2737 1611 Quia
2775 1546 3046 1602 maledicti
3098 1552 3187 1620 qui
3211 1551 3418 1605 umbra:
3443 1553 3515 1608 le-

282 1634 457 1690 Nemo
481 1635 704 1708 spernit,
738 1644 829 1688 aut
853 1613 1254 1705 superorm
1273 1615 1496 1688 Abrahae
1519 1631 1672 1687 dictis
1688 1640 1808 1687 sunt
1909 1631 1990 1698 gis
2037 1631 2439 1698 deservierunt,
2470 1637 2701 1693 veritate
2733 1648 3027 1708 praesente.
3088 1613 3217 1698 Item
3241 1646 3502 1710 ostendit,

209 1729 598 1800 prontissiones,
628 1737 678 1782 et
709 1728 895 1783 semini
917 1732 1051 1800 ejus.
1082 1726 1203 1782 Non
1245 1727 1375 1781 dicit
1416 1734 1464 1780 et
1503 1724 1806 1792 seminibus,
1911 1724 2166 1794 quoniam
2216 1742 2322 1782 non
2385 1729 2562 1796 potuit
2628 1731 2898 1798 inveniri,
2954 1737 3043 1805 qui
3087 1735 3315 1793 daretur
3377 1755 3502 1795 crc-

209 1821 354 1893 quasi
403 1821 457 1874 in
483 1819 662 1875 multis
693 1821 823 1874 :sed
843 1819 992 1891 quasi
1031 1820 1085 1872 in
1115 1835 1240 1885 uno,
1279 1828 1326 1873 et
1346 1818 1528 1872 semini
1574 1827 1683 1883 tuo,
1716 1815 1806 1886 qui
1837 1806 1886 1867 Β
1913 1815 2165 1873 dentibus
2200 1835 2213 1872 :
2246 1831 2305 1874 ut
2351 1836 2578 1878 necesse
2628 1834 2780 1882 esset
2831 1827 2946 1882 sola
2993 1828 3102 1886 ﬁde
3143 1833 3348 1888 saIVari
3401 1850 3514 1891 cre-

211 1913 470 1970 Christus.
505 1914 644 1980 Quia
674 1921 796 1982 post
832 1923 1041 1968 tantum
1071 1912 1334 1982 temporis
1386 1911 1509 1965 data
1566 1910 1652 1965 lex
1697 1919 1802 1964 est.
1913 1907 2126 1966 dentes.

277 2006 401 2062 Hoc
427 2015 599 2060 autent
647 2007 765 2061 dico
804 2014 1169 2061 testamentum
1199 2005 1570 2071 conﬁrmatum
1613 2019 1645 2058 a
1676 2003 1808 2060 Deo.
1988 2003 2144 2059 Prius
2195 2014 2388 2073 autem,
2439 2025 2597 2079 quam
2622 2013 2816 2066 veniret
2835 2013 2987 2083 fides.
3014 2014 3336 2089 Priusquam
3361 2020 3546 2076 veni--

209 2100 263 2156 In
295 2100 522 2157 Christo
551 2099 706 2156 Jcsu.
1914 2097 2022 2161 ret,
2055 2097 2142 2152 cui
2174 2099 2547 2157 crederemus.

279 2194 414 2262 Quae
441 2202 557 2265 post
581 2193 984 2265 quadringentos
1009 2199 1055 2246 et
1081 2193 1294 2263 triginta
1340 2208 1523 2259 annos,
1552 2191 1695 2259 facta
1739 2200 1814 2246 est
1988 2189 2099 2244 Sub
2121 2188 2231 2262 lege
2261 2193 2694 2264 custodiebantur,
2714 2197 2944 2254 conclusi
2977 2199 3032 2253 in
3056 2216 3168 2254 eam
3189 2201 3366 2273 ﬁdem,
3385 2221 3501 2274 quia

210 2288 292 2342 ler
322 2304 342 2342 :
372 2302 477 2340 non
503 2287 712 2341 irritum
757 2287 882 2358 facit
922 2286 992 2339 ad
1016 2286 1366 2341 euacuandam
1393 2285 1808 2356 promissionem.
1913 2278 2194 2335 revelanda
2220 2293 2352 2338 erat.
2378 2283 2746 2342 Schabamur
2770 2305 2798 2342 a
2849 2289 2965 2361 lege
3008 2291 3131 2348 huic
3179 2293 3300 2350 lidei
3333 2337 3349 2361 ,
3393 2312 3516 2368 qua:

211 2377 288 2434 Ne
335 2380 459 2448 quis
502 2386 658 2449 putet
714 2393 838 2434 esse
869 2378 1234 2443 contrarium,
1274 2377 1528 2448 quoniam
1572 2376 1624 2431 in
1672 2376 1814 2431 libro
1915 2384 2030 2427 erat
2058 2387 2158 2426 suo
2205 2383 2450 2445 tempore
2480 2379 2796 2434 revelanda.
3469 2448 3480 2455 ί

211 2472 498 2528 Geneseos
540 2471 606 2526 ad
633 2470 909 2528 Abraham
963 2486 993 2525 a
1042 2471 1151 2525 Deo
1205 2470 1403 2525 dicitur
1436 2487 1450 2524 :
1489 2468 1635 2526 Scito
1674 2483 1816 2541 prte-
1989 2461 2175 2534 Itaque
2203 2467 2286 2520 lex
2311 2468 2624 2539 paedagogus
2655 2481 2824 2525 noster
2853 2474 2950 2544 fuit
2991 2473 3046 2528 in
3093 2473 3302 2532 Christo
3348 2488 3404 2534 ut
3453 2497 3518 2536 ea:

211 2578 496 2629 noscens,
562 2563 707 2633 quod
770 2563 1115 2633 peregrinum
1186 2563 1428 2618 futurum
1491 2565 1561 2617 sit
1621 2577 1812 2618 semen
1917 2554 2415 2629 ﬁdejustificemur.
2448 2562 2527 2615 Ad
2564 2561 2904 2632 disciplinam
2940 2581 3040 2621 nos
3084 2570 3287 2625 arctius
3340 2581 3521 2628 reten-~

211 2663 366 2710 tuum
398 2657 454 2711 in
487 2666 627 2710 terra
661 2669 768 2710 non
809 2671 901 2710 sua
925 2673 938 2709 :
964 2665 1017 2710 et
1055 2655 1343 2725 subjiciam
1387 2669 1483 2710 eos
1535 2655 1808 2722 servituti,
1922 2659 2040 2704 tans
2076 2668 2088 2703 :
2121 2650 2414 2720 perfectam
2447 2653 2748 2710 doctrinam
2781 2671 2912 2714 vero
2951 2661 3216 2730 magistro
3245 2667 3521 2721 servabat.

211 2759 264 2807 et
305 2749 557 2821 afﬂigent
596 2749 1022 2820 quadringentos
1065 2764 1278 2804 annos:
1311 2759 1364 2804 ct
1403 2751 1492 2804 hic
1522 2750 1814 2819 Apostolus
1919 2833 1946 2835 _
1989 2748 2053 2796 At
2081 2746 2167 2798 ubi
2196 2747 2331 2800 venit
2352 2748 2482 2816 ﬁdes
2517 2789 2532 2812 .
2575 2752 2693 2822 jam
2742 2767 2843 2805 non
2881 2769 3056 2808 sumus
3083 2755 3180 2809 sub
3209 2758 3517 2835 pwdagogo.

212 2843 439 2911 triginta
481 2857 655 2896 annos
705 2843 939 2912 amplius
981 2849 1170 2912 ponat.
1227 2841 1384 2910 Quod
1428 2851 1610 2898 autem
1661 2841 1814 2909 dicit,
1917 2833 2186 2891 Perfecta:
2232 2839 2414 2893 astatis
2466 2839 2718 2910 discipuli
2762 2859 2868 2898 non
2909 2845 3154 2916 indigent
3200 2833 3515 2922 ptedagogo.

213 2935 316 2990 hoc
347 2943 456 3003 est,
477 2935 882 3004 septuagesimo
908 2934 1100 3005 quinto
1121 2935 1300 2989 aetatis
1325 2948 1437 2990 suae
1453 2948 1618 3000 anno,
1648 2935 1784 2989 Abra

1994 2927 2181 2982 Omnes
2211 2930 2347 2983 enim
2371 2929 2469 3000 ﬁlii
2496 2931 2594 2986 Dei
2619 2935 2741 2988 estis
2781 2952 2873 3003 per
2918 2936 3075 3006 [idem
3102 2980 3117 3005 ,
3174 2957 3292 3008 qua:
3346 2954 3420 2997 est
3467 2945 3521 2999 in

211 3028 339 3084 ham
372 3031 583 3098 accepit
625 3045 652 3081 a
694 3029 805 3083 Deo
835 3029 1340 3098 repromissionem,
1371 3045 1398 3081 a
1431 3043 1540 3100 quo
1571 3037 1816 3098 tempore
1918 3019 2124 3078 Christo
2146 3025 2294 3078 Jesu.
2321 3024 2629 3097 lEqualiter
2653 3037 2708 3084 et
2734 3029 2907 3086 Juda-i
2937 3043 2987 3087 et
3011 3043 3199 3103 gentes
3223 3051 3320 3106 per
3345 3039 3520 3095 solam

211 3140 389 3195 uSque
419 3124 490 3177 ad
514 3123 726 3178 initium
757 3124 894 3194 legis
927 3124 1199 3187 Mosaiczc,
1233 3122 1614 3194 quadringenti
1639 3133 1693 3178 et
1723 3122 1815 3176 tri-
1852 3189 1883 3195 _
1921 3110 2080 3172 iidem
2113 3118 2205 3172 lilii
2242 3118 2334 3172 Dci
2365 3122 2522 3186 estis,
2554 3138 2656 3191 qua
2681 3123 2994 3180 credidistis
3021 3125 3263 3185 Christo.

207 3222 360 3290 ginta
392 3221 542 3287 anni,
572 3221 672 3273 hac
699 3219 910 3274 ratione
937 3219 1301 3287 complentur.
1337 3219 1412 3271 Ex
1454 3226 1697 3286 tempore
1731 3230 1816 3270 t'c-
1841 3189 1886 3253 (ἶ
1999 3210 2322 3280 Quicumque
2377 3215 2515 3268 enim
2565 3215 2618 3268 in
2659 3215 2861 3271 Christo
2884 3216 3008 3273 Jesn
3063 3220 3313 3291 baptizati
3361 3229 3480 3280 estis
3502 3268 3518 3294 ,

205 3312 624 3386 promissionis,
679 3325 852 3381 usque
889 3309 956 3365 ad
1001 3310 1362 3365 centesimum
1415 3323 1617 3362 annum
1647 3307 1819 3361 Abra-
1923 3300 2188 3359 Christum
2218 3307 2486 3364 induistis.
2521 3309 2715 3364 Filium
2745 3311 2839 3367 Dei
2867 3313 3082 3381 induti,
3128 3327 3184 3372 et
3213 3319 3307 3374 toti
3350 3337 3524 3376 ment-

208 3405 295 3460 hze
330 3422 345 3457 :
384 3403 600 3474 quando
627 3399 780 3457 Isaae
825 3399 968 3456 ﬁlius
1013 3403 1063 3456 ei
1101 3410 1258 3455 natus
1289 3399 1406 3466 fuit,
1435 3397 1627 3469 viginti
1655 3399 1817 3469 quin-
1923 3397 2018 3450 bra
2045 3397 2166 3466 ejus
2190 3397 2392 3467 effecti,
2430 3400 2525 3455 lilii
2552 3401 2647 3455 Dei
2681 3403 2822 3471 sitis,
2851 3419 3073 3462 necesse
3095 3417 3179 3463 est
3211 3427 3224 3462 :
3274 3420 3332 3464 ut
3383 3413 3513 3483 quid

207 3512 316 3566 que
353 3495 485 3550 anni
528 3502 905 3550 numerantur.
946 3494 1141 3549 Postea
1186 3491 1378 3564 quinto
1430 3493 1603 3546 aetatis
1651 3503 1814 3559 anno,
1920 3505 2050 3561 ergo
2073 3491 2223 3545 vobis
2251 3491 2357 3555 lex,
2395 3509 2519 3563 qua:
2547 3493 2721 3549 servis
2739 3505 2791 3552 et
2822 3499 3205 3567 peccatoribus
3235 3501 3357 3558 data
3389 3514 3473 3560 est
3501 3546 3518 3573 ,

206 3587 370 3645 Isaae
415 3590 674 3659 parvulus
698 3588 767 3641 ab
799 3587 1028 3642 lsmaele
1070 3587 1236 3656 coepit
1265 3584 1430 3655 afﬂigi
1466 3585 1642 3638 :sicut
1672 3583 1816 3637 idem
1921 3585 2116 3655 quibus
2144 3600 2242 3655 per
2265 3585 2592 3653 baptismum
2624 3600 2842 3657 peccata
2868 3592 3099 3648 remissa
3124 3603 3247 3649 sunt
3275 3595 3298 3647 τ

201 3683 512 3752 Apostolus
541 3682 592 3736 in
625 3681 721 3735 hac
744 3682 857 3750 ipsa
889 3679 1134 3760 Epistola
1155 3679 1373 3734 scribit.
1407 3676 1704 3732 Evidenier
1729 3691 1818 3730 er—
1994 3675 2119 3731 Non
2140 3675 2470 3745 estJudwus,
2497 3697 2658 3751 neque
2681 3679 2896 3738 ercus
2923 3701 2942 3740 :
2971 3702 3071 3740 non
3091 3697 3165 3740 est
3192 3704 3368 3743 servus
3388 3732 3401 3753 ,
3429 3705 3521 3744 ne-

199 3793 272 3847 go
303 3786 672 3843 monstratur,
715 3759 1019 3831 secundum
1068 3789 1380 3830 sermonem
1418 3772 1513 3828 Dei
1545 3772 1611 3826 ad
1643 3771 1820 3826 Abra-
1919 3785 2016 3840 quc
2046 3769 2174 3824 liber
2201 3786 2220 3823 :
2253 3759 2356 3825 non
2385 3780 2459 3827 est
2508 3775 2769 3830 masculus
2795 3815 2811 3842 ,
2863 3794 3022 3848 neque
3064 3779 3274 3849 femina.
3329 3780 3520 3836 Omnes

205 3871 338 3924 ham
367 3869 591 3930 factum,
643 3878 760 3937 post
791 3879 1009 3923 centum
1056 3867 1274 3938 triginta
1319 3881 1492 3919 annos
1522 3867 1818 3934 repromis-
1919 3861 2055 3918 enim
2080 3876 2171 3914 vos
2201 3877 2361 3915 unum
2390 3863 2516 3916 estis
2543 3865 2597 3916 in
2629 3863 2835 3920 Christo
2861 3863 3008 3920 Iesu.
3043 3867 3184 3923 Ante
3230 3870 3372 3923 cnim
3408 3886 3515 3928 non

202 3961 417 4027 sionis,
479 3974 665 4014 semen
723 3959 842 4030 ejus
884 3956 1354 4028 persecutionibus
1399 3956 1650 4011 laborare
1703 3968 1818 4012 cm-
1921 3955 2095 4009 solum
2121 3953 2266 4008 inter
2293 3953 2538 4009 Judaeum
2568 3954 2915 4021 etGrzccum,
2947 3958 3042 4013 sed
3065 3961 3228 4014 etiam
3257 3962 3397 4018 inter
3423 3965 3518 4020 tri-

203 4055 396 4124 pisse.
965 4113 986 4124 _
1399 4051 1412 4066 ‘
1921 4047 2048 4102 hum
2080 4053 2134 4102 et
2167 4047 2364 4100 tribum
2395 4058 2510 4101 erat
2554 4063 2749 4119 magna
2778 4049 3084 4106 diversitas.

283 4144 436 4199 Nam
476 4145 522 4198 si
549 4160 612 4198 ex.
634 4143 742 4215 lege
772 4113 1074 4212 hwreditas,
1103 4143 1216 4214 jam
1237 4157 1340 4196 non
1368 4156 1432 4196 ea:
1451 4140 1812 4212 promissione.
1993 4140 2053 4195 Si
2085 4149 2253 4195 autem
2279 4156 2366 4194 ros
2397 4137 2615 4207 Christi,
2642 4158 2764 4215 ergo
2785 4160 2955 4199 semen
2981 4145 3203 4200 Abraha:
3231 4149 3354 4202 estis
3380 4189 3396 4215 ,
3433 4165 3515 4204 se-

199 4235 446 4292 Abralwe
471 4247 643 4290 autem
673 4253 764 4308 per
784 4235 1234 4308 repromissionem
1281 4233 1488 4288 donavit
1510 4231 1672 4288 Deus.
1695 4231 1814 4288 Non
1899 4235 2149 4287 'cundum
2169 4233 2564 4305 promissionem
2593 4235 2839 4290 hrcredes.
2873 4234 2929 4292 Si
2961 4251 3151 4293 omnes
3181 4255 3341 4293 unum
3392 4255 3517 4296 cor-

197 4345 310 4402 per
364 4331 562 4399 legem,
595 4345 716 4399 qua:
748 4330 979 4383 necdum
1009 4336 1148 4384 erat.
1920 4341 2019 4397 pus
2049 4326 2182 4382 estis
2204 4322 2430 4392 Christi,
2467 4327 2697 4381 Abrahae
2725 4343 2909 4383 semen
2933 4331 3087 4395 esus,
3117 4337 3173 4384 et
3200 4331 3312 4386 veri
3343 4330 3517 4388 hrrre-

280 4422 436 4490 Quid
462 4421 621 4492 igitur
645 4422 767 4475 lex?
794 4421 975 4488 Quare
991 4435 1120 4491 ergo
1142 4421 1266 4476 data
1293 4427 1376 4476 est
1405 4419 1542 4483 lex?
1919 4419 2056 4473 des:
2091 4435 2198 4473 non
2227 4434 2294 4474 ex
2325 4419 2529 4474 carnali
2559 4420 2768 4476 semine
2795 4464 2809 4487 ,
2844 4420 2938 4476 sed
2972 4437 3037 4477 ex
3069 4420 3253 4478 divina
3284 4426 3518 4494 promis-

275 4515 521 4584 PrOptcr
555 4515 1017 4584 transgressionem
1062 4513 1234 4584 posita
1279 4526 1374 4580 est,
1432 4513 1593 4567 donec
1627 4513 1818 4567 veniret
1841 4570 1888 4586 ἡ
1918 4515 2070 4570 sione
2099 4512 2366 4586 generati.

190 4626 389 4667 semen
408 4570 514 4662 lcui
543 4570 870 4678 promiserat.
897 4570 1187 4678 Propterea
1218 4605 1341 4662 data
1373 4616 1478 4677 est,
1505 4615 1562 4662 ut
1587 4621 1684 4661 nos
1705 4622 1811 4662 non
1841 4570 1895 4634 Β
2100 4570 2130 4586 ν
2529 4583 2757 4640 CAPUT
2798 4583 2888 4640 Ν·

193 4700 549 4772 transgredi,
603 4701 687 4756 vel
737 4707 978 4772 cogeret,
1029 4702 1114 4756 vel
1159 4699 1400 4767 doceret,
1457 4715 1630 4770 usque
1684 4699 1810 4754 dum
1995 4699 2130 4754 Dico
2159 4709 2333 4754 autem
2365 4715 2382 4753 :
2413 4699 2623 4767 Quanto
2651 4707 2876 4772 tempore
2915 4696 3080 4754 lia-res
3111 4701 3366 4772 parvulus
3401 4713 3509 4769 est,

187 4798 470 4851 Christus
488 4794 721 4849 veniret.
1700 4775 1707 4778 μ
1924 4793 2060 4848 nihil
2085 4793 2259 4860 di/I'ert
2288 4810 2320 4846 a
2354 4807 2532 4858 servo,
2565 4808 2681 4845 cum
2711 4793 2776 4846 sit
2807 4792 3048 4846 dominus
3078 4794 3307 4847 omnium
3353 4808 3372 4847 :
3425 4794 3515 4847 sed

275 4888 553 4943 Ordinata
593 4904 682 4957 per
711 4886 945 4959 angelos.
978 4885 1089 4941 Hoc
1119 4887 1241 4942 loco
1269 4887 1478 4953 Mosen,
1506 4885 1598 4942 Dei
1626 4894 1684 4941 et
1708 4885 1815 4942 He-
1921 4885 2015 4940 sub
2046 4884 2302 4939 tutoribus
2338 4894 2386 4938 et
2417 4881 2681 4938 actoribus
2709 4879 2787 4937 est
2810 4924 2823 4947 ,
2888 4899 3048 4954 usque
3087 4885 3157 4937 ad
3199 4884 3516 4954 prec/initum

185 4987 493 5041 brzrorum
525 4984 902 5052 mediatorem,
937 4982 1212 5052 signiﬁcat
1238 4983 1410 5055 legem
1439 4998 1539 5053 per
1562 4983 1811 5053 angelum
1927 4983 2124 5049 tempus
2154 4996 2185 5031 a
2219 4987 2382 5046 patre.
2417 4977 2552 5045 Quia
2581 4975 2921 5031 dominatum
2953 4975 3224 5048 quondam
3255 4975 3513 5030 sacerdo-

183 5082 436 5141 Dnmini
478 5082 754 5153 accepisse
785 5099 796 5134 :
822 5082 959 5136 sicut
994 5083 1044 5135 in
1071 5081 1210 5136 libro
1251 5083 1482 5136 Actuum
1537 5079 1814 5150 apostolo-
1922 5083 2028 5142 tes,
2053 5083 2110 5130 et
2138 5073 2412 5144 principes
2435 5072 2766 5127 exerchant
2800 5089 2813 5123 :
2852 5085 2989 5140 quos
3023 5077 3229 5124 tutores
3265 5079 3316 5122 ct
3367 5079 3516 5125 acto-

182 5193 330 5233 rum
389 5173 702 5244 Stephanus
727 5173 897 5228 dicit:
931 5172 1027 5228 Hic
1051 5186 1132 5227 εει
1164 5173 1338 5228 Moses
1365 5171 1456 5242 qui
1487 5170 1585 5226 fuit
1632 5172 1684 5226 in
1717 5172 1815 5228 Ec-
1922 5185 2011 5226 res
2038 5169 2292 5239 appellat.
2323 5165 2482 5220 Modo
2508 5175 2687 5220 autem
2716 5181 2822 5220 non
2850 5162 3139 5230 dominari,
3159 5161 3256 5218 sed
3288 5163 3515 5218 formam

182 5269 386 5326 clesia
429 5267 485 5322 in
517 5266 817 5322 solitudine
857 5280 980 5322 cum
1023 5266 1241 5337 angelo,
1293 5267 1382 5337 qui
1417 5265 1738 5335 loquebatur
1765 5265 1813 5320 ei
1923 5260 2448 5336 pricberejubentur
2480 5274 2496 5314 :
2527 5257 2650 5324 quia
2683 5254 3025 5311 sacerdotale
3077 5268 3248 5324 genus
3294 5269 3511 5321 sumus,

178 5367 244 5421 in
321 5372 522 5417 monte
576 5362 728 5417 Sina.
781 5359 912 5416 ltcm
963 5361 1188 5432 legimus
1228 5361 1449 5432 angelos
1493 5375 1589 5432 per
1637 5360 1808 5430 legem
1921 5367 1978 5416 et
2005 5356 2189 5412 omnia
2219 5353 2589 5411 communiter
2639 5351 2902 5405 habemus
2938 5365 2948 5400 :
2991 5345 3240 5418 quamvis
3268 5361 3366 5418 per
3397 5347 3520 5402 illos

176 5473 362 5531 saepe
396 5456 594 5525 populo
621 5455 862 5512 siluisse.
936 5510 956 5527 κ

1923 5436 2288 5523 ρεηίρίοήτιις
2317 5453 2676 5501 sacramenta.

265 5555 352 5611 In
386 5570 541 5608 manu
571 5553 890 5630 mediatoris.
917 5552 1047 5630 sive
1068 5551 1200 5607 Mosi
1226 5553 1308 5621 (ut
1329 5551 1546 5622 quidam
1575 5547 1811 5620 putant),
1991 5546 2078 5601 Ita
2096 5553 2141 5599 et
2172 5559 2264 5596 nos
2286 5557 2404 5597 cum
2432 5556 2653 5594 essemus
2673 5535 2900 5630 parvuli,
2926 5535 3020 5591 sub
3044 5534 3308 5590 elementis
3329 5533 3512 5588 mundi

172 5654 323 5709 sive
359 5649 592 5703 Christi.
621 5647 752 5703 Nam
778 5655 834 5703 et
856 5625 1050 5714 Moses,
1075 5644 1247 5711 aiunt,
1273 5645 1411 5699 inter
1427 5641 1596 5697 Deum
1631 5652 1685 5697 et
1717 5655 1816 5709 po-
1919 5657 2120 5697 eramus
2151 5638 2446 5694 seruientes.
2480 5633 2696 5689 Dierum
2743 5627 3001 5685 videlicet
3053 5637 3108 5682 et
3162 5636 3467 5696 temporum
3494 5667 3511 5690 ,

173 5747 406 5823 pulum
432 5742 642 5798 medius
667 5744 783 5797 luit.
1916 5752 2039 5810 qua:
2070 5735 2286 5791 fuerant
2314 5743 2501 5788 eorum
2533 5724 2836 5784 inﬁrmitati
2867 5722 3206 5790 necessaria,
3241 5735 3346 5792 pro
3376 5727 3517 5776 tem-

267 5836 558 5894 Mediator
587 5844 757 5890 autem
778 5835 928 5889 unius
959 5850 1062 5890 non
1086 5841 1184 5888 est.
1212 5831 1273 5888 ld
1294 5841 1398 5898 est,
1430 5831 1589 5888 unius
1605 5830 1797 5903 partis.
1919 5827 2072 5902 poris
2098 5825 2383 5898 qualitate.
