  <div class='ocr_page' id='page_1' title='image "/cluster/home/n/w/nwhite01/storage/ocr_20150623/30/hvd.32044096580535/417.png"; bbox 0 0 3978 6286; ppageno 0'>
   <div class='ocr_carea' id='block_1_1' title="bbox 420 5786 485 5803">
    <p class='ocr_par' dir='ltr' id='par_1_1' title="bbox 420 5786 485 5803">
     <span class='ocr_line' id='line_1_1' title="bbox 420 5786 485 5803; baseline 0 0"><span class='ocrx_word' id='word_1_1' title='bbox 420 5786 485 5803; x_wconf 40' lang='grc'><strong>14⁷</strong></span> 
     </span>
    </p>
   </div>
   <div class='ocr_carea' id='block_1_2' title="bbox 524 278 629 335">
    <p class='ocr_par' dir='ltr' id='par_1_2' title="bbox 524 278 629 335">
     <span class='ocr_line' id='line_1_2' title="bbox 524 278 629 335; baseline 0 0"><span class='ocrx_word' id='word_1_2' title='bbox 524 278 629 335; x_wconf 67' lang='grc'><strong>845</strong></span> 
     </span>
    </p>
   </div>
   <div class='ocr_carea' id='block_1_3' title="bbox 1571 274 2779 335">
    <p class='ocr_par' dir='ltr' id='par_1_3' title="bbox 1571 274 2779 335">
     <span class='ocr_line' id='line_1_3' title="bbox 1571 274 2779 335; baseline -0.005 0"><span class='ocrx_word' id='word_1_3' title='bbox 1571 278 1627 335; x_wconf 88' lang='lat' dir='ltr'><strong>S.</strong></span> <span class='ocrx_word' id='word_1_4' title='bbox 1675 275 2055 335; x_wconf 77' lang='lat' dir='ltr'><strong>IIIERONYMI</strong></span> <span class='ocrx_word' id='word_1_5' title='bbox 2094 274 2378 334; x_wconf 77' lang='lat' dir='ltr'><strong>OPERUM</strong></span> <span class='ocrx_word' id='word_1_6' title='bbox 2418 274 2779 333; x_wconf 71' lang='lat' dir='ltr'><strong>MANTISSA.</strong></span> 
     </span>
    </p>
   </div>
   <div class='ocr_carea' id='block_1_4' title="bbox 3704 271 3785 333">
    <p class='ocr_par' dir='ltr' id='par_1_4' title="bbox 3704 271 3785 333">
     <span class='ocr_line' id='line_1_4' title="bbox 3704 271 3785 333; baseline 0 -1"><span class='ocrx_word' id='word_1_7' title='bbox 3704 271 3785 333; x_wconf 82' lang='lat' dir='ltr'><strong>8l6</strong></span> 
     </span>
    </p>
   </div>
   <div class='ocr_carea' id='block_1_5' title="bbox 596 384 3788 464">
    <p class='ocr_par' dir='ltr' id='par_1_5' title="bbox 596 384 3788 464">
     <span class='ocr_line' id='line_1_5' title="bbox 596 384 3788 464; baseline -0 -19"><span class='ocrx_word' id='word_1_8' title='bbox 596 391 662 445; x_wconf 84' lang='lat' dir='ltr'><strong>At</strong></span> <span class='ocrx_word' id='word_1_9' title='bbox 685 388 772 445; x_wconf 88' lang='lat' dir='ltr'><strong>ubi</strong></span> <span class='ocrx_word' id='word_1_10' title='bbox 796 390 928 445; x_wconf 84' lang='lat' dir='ltr'><strong>venit</strong></span> <span class='ocrx_word' id='word_1_11' title='bbox 954 389 1222 463; x_wconf 71' lang='lat' dir='ltr'><strong>plenitudo</strong></span> <span class='ocrx_word' id='word_1_12' title='bbox 1247 391 1510 464; x_wconf 85' lang='lat' dir='ltr'><strong>temporis,</strong></span> <span class='ocrx_word' id='word_1_13' title='bbox 1544 392 1682 444; x_wconf 89' lang='lat' dir='ltr'><strong>misit</strong></span> <span class='ocrx_word' id='word_1_14' title='bbox 1739 388 1876 445; x_wconf 89' lang='lat' dir='ltr'><strong>Deus</strong></span> <span class='ocrx_word' id='word_1_15' title='bbox 1928 388 2129 443; x_wconf 75' lang='lat' dir='ltr'><strong>Filium</strong></span> <span class='ocrx_word' id='word_1_16' title='bbox 2154 395 2206 454; x_wconf 82' lang='grc' dir='ltr'>Α</span> <span class='ocrx_word' id='word_1_17' title='bbox 2233 389 2374 461; x_wconf 90' lang='lat' dir='ltr'><strong>quod</strong></span> <span class='ocrx_word' id='word_1_18' title='bbox 2406 390 2561 455; x_wconf 88' lang='lat' dir='ltr'><strong>dicit,</strong></span> <span class='ocrx_word' id='word_1_19' title='bbox 2594 403 2680 443; x_wconf 91' lang='lat' dir='ltr'><strong>me</strong></span> <span class='ocrx_word' id='word_1_20' title='bbox 2711 384 3001 442; x_wconf 74' lang='lat' dir='ltr'><strong>imitamini</strong></span> <span class='ocrx_word' id='word_1_21' title='bbox 3031 386 3313 458; x_wconf 74' lang='lat' dir='ltr'><strong>gentiliter</strong></span> <span class='ocrx_word' id='word_1_22' title='bbox 3351 385 3623 443; x_wconf 72' lang='lat' dir='ltr'><strong>viventem</strong></span> <span class='ocrx_word' id='word_1_23' title='bbox 3650 403 3663 442; x_wconf 72' lang='grc' dir='ltr'>ς</span> <span class='ocrx_word' id='word_1_24' title='bbox 3686 390 3788 459; x_wconf 84' lang='lat' dir='ltr'><strong>quia</strong></span> 
     </span>
    </p>
   </div>
   <div class='ocr_carea' id='block_1_6' title="bbox 526 483 2129 558">
    <p class='ocr_par' dir='ltr' id='par_1_6' title="bbox 526 483 2129 558">
     <span class='ocr_line' id='line_1_6' title="bbox 526 483 2129 558; baseline -0.001 -18"><span class='ocrx_word' id='word_1_25' title='bbox 526 503 699 541; x_wconf 89' lang='lat' dir='ltr'><strong>suum.</strong></span> <span class='ocrx_word' id='word_1_26' title='bbox 726 486 1016 558; x_wconf 91' lang='lat' dir='ltr'><strong>Impletum</strong></span> <span class='ocrx_word' id='word_1_27' title='bbox 1039 488 1150 555; x_wconf 83' lang='lat' dir='ltr'><strong>jam</strong></span> <span class='ocrx_word' id='word_1_28' title='bbox 1184 496 1300 541; x_wconf 89' lang='lat' dir='ltr'><strong>erat</strong></span> <span class='ocrx_word' id='word_1_29' title='bbox 1325 494 1560 556; x_wconf 81' lang='lat' dir='ltr'><strong>tempus,</strong></span> <span class='ocrx_word' id='word_1_30' title='bbox 1589 483 1806 555; x_wconf 82' lang='lat' dir='ltr'><strong>quando</strong></span> <span class='ocrx_word' id='word_1_31' title='bbox 1832 484 2007 554; x_wconf 88' lang='lat' dir='ltr'><strong>legem</strong></span> <span class='ocrx_word' id='word_1_32' title='bbox 2033 498 2129 555; x_wconf 91' lang='lat' dir='ltr'><strong>per</strong></span> 
     </span>
    </p>
   </div>
   <div class='ocr_carea' id='block_1_7' title="bbox 529 576 1979 646">
    <p class='ocr_par' dir='ltr' id='par_1_7' title="bbox 529 576 1979 646">
     <span class='ocr_line' id='line_1_7' title="bbox 529 576 1979 646; baseline -0.002 -14"><span class='ocrx_word' id='word_1_33' title='bbox 529 579 728 633; x_wconf 88' lang='lat' dir='ltr'><strong>malam</strong></span> <span class='ocrx_word' id='word_1_34' title='bbox 758 577 1208 634; x_wconf 83' lang='lat' dir='ltr'><strong>consuetudinem</strong></span> <span class='ocrx_word' id='word_1_35' title='bbox 1240 592 1402 632; x_wconf 90' lang='lat' dir='ltr'><strong>nemo</strong></span> <span class='ocrx_word' id='word_1_36' title='bbox 1434 584 1644 646; x_wconf 88' lang='lat' dir='ltr'><strong>poterat</strong></span> <span class='ocrx_word' id='word_1_37' title='bbox 1680 576 1979 631; x_wconf 89' lang='lat' dir='ltr'><strong>custodire.</strong></span> 
     </span>
    </p>
   </div>
   <div class='ocr_carea' id='block_1_8' title="bbox 604 666 2125 726">
    <p class='ocr_par' dir='ltr' id='par_1_8' title="bbox 604 666 2125 726">
     <span class='ocr_line' id='line_1_8' title="bbox 604 666 2125 726; baseline -0.004 -2"><span class='ocrx_word' id='word_1_38' title='bbox 604 670 825 725; x_wconf 78' lang='lat' dir='ltr'><strong>Factum</strong></span> <span class='ocrx_word' id='word_1_39' title='bbox 870 688 933 726; x_wconf 74' lang='lat' dir='ltr'><strong>ex</strong></span> <span class='ocrx_word' id='word_1_40' title='bbox 971 670 1207 724; x_wconf 75' lang='lat' dir='ltr'><strong>muliere.</strong></span> <span class='ocrx_word' id='word_1_41' title='bbox 1241 670 1440 725; x_wconf 91' lang='lat' dir='ltr'><strong>Dicens</strong></span> <span class='ocrx_word' id='word_1_42' title='bbox 1494 667 1694 723; x_wconf 86' lang='lat' dir='ltr'><strong>factum</strong></span> <span class='ocrx_word' id='word_1_43' title='bbox 1738 683 1807 723; x_wconf 81' lang='lat' dir='ltr'><strong>ex</strong></span> <span class='ocrx_word' id='word_1_44' title='bbox 1853 666 2125 722; x_wconf 87' lang='lat' dir='ltr'><strong>muliere:</strong></span> 
     </span>
    </p>
   </div>
   <div class='ocr_carea' id='block_1_9' title="bbox 530 757 2133 831">
    <p class='ocr_par' dir='ltr' id='par_1_9' title="bbox 530 757 2133 831">
     <span class='ocr_line' id='line_1_9' title="bbox 530 757 2133 831; baseline -0.004 -13"><span class='ocrx_word' id='word_1_45' title='bbox 530 778 720 818; x_wconf 77' lang='lat' dir='ltr'><strong>sexum</strong></span> <span class='ocrx_word' id='word_1_46' title='bbox 768 762 1083 831; x_wconf 83' lang='lat' dir='ltr'><strong>signiﬁcat,</strong></span> <span class='ocrx_word' id='word_1_47' title='bbox 1116 777 1222 815; x_wconf 89' lang='lat' dir='ltr'><strong>non</strong></span> <span class='ocrx_word' id='word_1_48' title='bbox 1267 759 1700 831; x_wconf 84' lang='lat' dir='ltr'><strong>corruptionem.</strong></span> <span class='ocrx_word' id='word_1_49' title='bbox 1750 757 2023 813; x_wconf 66' lang='lat' dir='ltr'><strong>Caeterum</strong></span> <span class='ocrx_word' id='word_1_50' title='bbox 2076 767 2133 812; x_wconf 89' lang='lat' dir='ltr'><strong>ut</strong></span> 
     </span>
    </p>
   </div>
   <div class='ocr_carea' id='block_1_10' title="bbox 530 852 2133 923">
    <p class='ocr_par' dir='ltr' id='par_1_10' title="bbox 530 852 2133 923">
     <span class='ocr_line' id='line_1_10' title="bbox 530 852 2133 923; baseline -0.004 -11"><span class='ocrx_word' id='word_1_51' title='bbox 530 855 820 912; x_wconf 82' lang='lat' dir='ltr'><strong>manifeste</strong></span> <span class='ocrx_word' id='word_1_52' title='bbox 844 854 1161 910; x_wconf 81' lang='lat' dir='ltr'><strong>ostenderet</strong></span> <span class='ocrx_word' id='word_1_53' title='bbox 1191 862 1373 908; x_wconf 89' lang='lat' dir='ltr'><strong>natum</strong></span> <span class='ocrx_word' id='word_1_54' title='bbox 1404 869 1469 909; x_wconf 76' lang='lat' dir='ltr'><strong>ex</strong></span> <span class='ocrx_word' id='word_1_55' title='bbox 1500 854 1713 923; x_wconf 90' lang='lat' dir='ltr'><strong>virgine</strong></span> <span class='ocrx_word' id='word_1_56' title='bbox 1738 892 1753 919; x_wconf 94' lang='lat'><strong>,</strong></span> <span class='ocrx_word' id='word_1_57' title='bbox 1783 852 1895 920; x_wconf 86' lang='lat' dir='ltr'><strong>ait,</strong></span> <span class='ocrx_word' id='word_1_58' title='bbox 1926 866 1992 907; x_wconf 76' lang='lat' dir='ltr'><strong>ex</strong></span> <span class='ocrx_word' id='word_1_59' title='bbox 2023 866 2133 905; x_wconf 86' lang='lat' dir='ltr'><strong>mu-</strong></span> 
     </span>
    </p>
   </div>
   <div class='ocr_carea' id='block_1_11' title="bbox 530 946 2128 1021">
    <p class='ocr_par' dir='ltr' id='par_1_11' title="bbox 530 946 2128 1021">
     <span class='ocr_line' id='line_1_11' title="bbox 530 946 2128 1021; baseline -0.004 -14"><span class='ocrx_word' id='word_1_60' title='bbox 530 952 665 1007; x_wconf 89' lang='lat' dir='ltr'><strong>liere</strong></span> <span class='ocrx_word' id='word_1_61' title='bbox 698 969 712 1008; x_wconf 86' lang='lat'>:</span> <span class='ocrx_word' id='word_1_62' title='bbox 746 967 854 1006; x_wconf 91' lang='lat' dir='ltr'><strong>non</strong></span> <span class='ocrx_word' id='word_1_63' title='bbox 888 966 985 1021; x_wconf 90' lang='lat' dir='ltr'><strong>per</strong></span> <span class='ocrx_word' id='word_1_64' title='bbox 1016 951 1327 1005; x_wconf 86' lang='lat' dir='ltr'><strong>mulierem.</strong></span> <span class='ocrx_word' id='word_1_65' title='bbox 1378 950 1434 1003; x_wconf 90' lang='lat' dir='ltr'><strong>In</strong></span> <span class='ocrx_word' id='word_1_66' title='bbox 1467 964 1533 1003; x_wconf 91' lang='lat' dir='ltr'><strong>eo</strong></span> <span class='ocrx_word' id='word_1_67' title='bbox 1560 958 1743 1004; x_wconf 88' lang='lat' dir='ltr'><strong>autem</strong></span> <span class='ocrx_word' id='word_1_68' title='bbox 1773 946 1917 1018; x_wconf 91' lang='lat' dir='ltr'><strong>quod</strong></span> <span class='ocrx_word' id='word_1_69' title='bbox 1955 946 2087 1001; x_wconf 87' lang='lat' dir='ltr'><strong>dicit</strong></span> <span class='ocrx_word' id='word_1_70' title='bbox 2113 987 2128 1010; x_wconf 88' lang='lat'><strong>,</strong></span> 
     </span>
    </p>
   </div>
   <div class='ocr_carea' id='block_1_12' title="bbox 533 1030 2131 1111">
    <p class='ocr_par' dir='ltr' id='par_1_12' title="bbox 533 1030 2131 1111">
     <span class='ocr_line' id='line_1_12' title="bbox 533 1030 2131 1111; baseline -0.005 -11"><span class='ocrx_word' id='word_1_71' title='bbox 533 1060 600 1100; x_wconf 83' lang='lat' dir='ltr'><strong>ex</strong></span> <span class='ocrx_word' id='word_1_72' title='bbox 632 1030 893 1111; x_wconf 69' lang='lat' dir='ltr'><strong>muliere,</strong></span> <span class='ocrx_word' id='word_1_73' title='bbox 923 1052 1194 1098; x_wconf 84' lang='lat' dir='ltr'><strong>monstrat</strong></span> <span class='ocrx_word' id='word_1_74' title='bbox 1220 1056 1330 1097; x_wconf 93' lang='lat' dir='ltr'><strong>non</strong></span> <span class='ocrx_word' id='word_1_75' title='bbox 1362 1056 1513 1095; x_wconf 91' lang='lat' dir='ltr'><strong>more</strong></span> <span class='ocrx_word' id='word_1_76' title='bbox 1541 1040 1705 1094; x_wconf 74' lang='lat' dir='ltr'><strong>St‘lllO</strong></span> <span class='ocrx_word' id='word_1_77' title='bbox 1744 1055 1809 1094; x_wconf 82' lang='lat' dir='ltr'><strong>ex</strong></span> <span class='ocrx_word' id='word_1_78' title='bbox 1863 1049 2131 1093; x_wconf 87' lang='lat' dir='ltr'><strong>conventu</strong></span> 
     </span>
    </p>
   </div>
   <div class='ocr_carea' id='block_1_13' title="bbox 531 1136 2134 1206">
    <p class='ocr_par' dir='ltr' id='par_1_13' title="bbox 531 1136 2134 1206">
     <span class='ocr_line' id='line_1_13' title="bbox 531 1136 2134 1206; baseline -0.001 -15"><span class='ocrx_word' id='word_1_79' title='bbox 531 1138 636 1192; x_wconf 90' lang='lat' dir='ltr'><strong>viri</strong></span> <span class='ocrx_word' id='word_1_80' title='bbox 659 1146 713 1193; x_wconf 92' lang='lat' dir='ltr'><strong>et</strong></span> <span class='ocrx_word' id='word_1_81' title='bbox 742 1138 978 1205; x_wconf 65' lang='lat' dir='ltr'><strong>feminat,</strong></span> <span class='ocrx_word' id='word_1_82' title='bbox 1006 1136 1097 1191; x_wconf 90' lang='lat' dir='ltr'><strong>sed</strong></span> <span class='ocrx_word' id='word_1_83' title='bbox 1132 1151 1229 1206; x_wconf 89' lang='lat' dir='ltr'><strong>per</strong></span> <span class='ocrx_word' id='word_1_84' title='bbox 1259 1136 1521 1206; x_wconf 87' lang='lat' dir='ltr'><strong>Spiritum</strong></span> <span class='ocrx_word' id='word_1_85' title='bbox 1551 1144 1797 1189; x_wconf 91' lang='lat' dir='ltr'><strong>sanctum</strong></span> <span class='ocrx_word' id='word_1_86' title='bbox 1827 1175 1840 1199; x_wconf 95' lang='lat'><strong>,</strong></span> <span class='ocrx_word' id='word_1_87' title='bbox 1874 1149 1937 1189; x_wconf 82' lang='lat' dir='ltr'><strong>ex</strong></span> <span class='ocrx_word' id='word_1_88' title='bbox 1961 1140 2134 1189; x_wconf 90' lang='lat' dir='ltr'><strong>matre</strong></span> 
     </span>
    </p>
   </div>
   <div class='ocr_carea' id='block_1_14' title="bbox 533 1227 2131 1298">
    <p class='ocr_par' dir='ltr' id='par_1_14' title="bbox 533 1227 2131 1298">
     <span class='ocr_line' id='line_1_14' title="bbox 533 1227 2131 1298; baseline -0.003 -12"><span class='ocrx_word' id='word_1_89' title='bbox 533 1241 746 1286; x_wconf 86' lang='lat' dir='ltr'><strong>tantum</strong></span> <span class='ocrx_word' id='word_1_90' title='bbox 768 1229 1047 1285; x_wconf 89' lang='lat' dir='ltr'><strong>Christum</strong></span> <span class='ocrx_word' id='word_1_91' title='bbox 1072 1230 1501 1285; x_wconf 88' lang='lat' dir='ltr'><strong>incarnationem</strong></span> <span class='ocrx_word' id='word_1_92' title='bbox 1536 1227 1771 1283; x_wconf 87' lang='lat' dir='ltr'><strong>hominis</strong></span> <span class='ocrx_word' id='word_1_93' title='bbox 1802 1228 2131 1298; x_wconf 86' lang='lat' dir='ltr'><strong>suscepisse.</strong></span> 
     </span>
    </p>
   </div>
   <div class='ocr_carea' id='block_1_15' title="bbox 530 1320 2131 1395">
    <p class='ocr_par' dir='ltr' id='par_1_15' title="bbox 530 1320 2131 1395">
     <span class='ocr_line' id='line_1_15' title="bbox 530 1320 2131 1395; baseline -0.004 -15"><span class='ocrx_word' id='word_1_94' title='bbox 530 1324 667 1380; x_wconf 90' lang='lat' dir='ltr'><strong>Nam</strong></span> <span class='ocrx_word' id='word_1_95' title='bbox 717 1324 862 1381; x_wconf 89' lang='lat' dir='ltr'><strong>idem</strong></span> <span class='ocrx_word' id='word_1_96' title='bbox 911 1323 1207 1395; x_wconf 85' lang='lat' dir='ltr'><strong>Apostolus</strong></span> <span class='ocrx_word' id='word_1_97' title='bbox 1248 1323 1315 1378; x_wconf 89' lang='lat' dir='ltr'><strong>ad</strong></span> <span class='ocrx_word' id='word_1_98' title='bbox 1363 1322 1674 1378; x_wconf 81' lang='lat' dir='ltr'><strong>Corinthios</strong></span> <span class='ocrx_word' id='word_1_99' title='bbox 1722 1321 1969 1376; x_wconf 89' lang='lat' dir='ltr'><strong>scribens</strong></span> <span class='ocrx_word' id='word_1_100' title='bbox 2017 1320 2131 1375; x_wconf 87' lang='lat' dir='ltr'><strong>ait:</strong></span> 
     </span>
    </p>
   </div>
   <div class='ocr_carea' id='block_1_16' title="bbox 528 1412 2135 1485">
    <p class='ocr_par' dir='ltr' id='par_1_16' title="bbox 528 1412 2135 1485">
     <span class='ocr_line' id='line_1_16' title="bbox 528 1412 2135 1485; baseline -0.006 -10"><span class='ocrx_word' id='word_1_101' title='bbox 528 1419 681 1475; x_wconf 91' lang='lat' dir='ltr'><strong>Sicut</strong></span> <span class='ocrx_word' id='word_1_102' title='bbox 714 1418 911 1473; x_wconf 89' lang='lat' dir='ltr'><strong>mulier</strong></span> <span class='ocrx_word' id='word_1_103' title='bbox 944 1434 1008 1473; x_wconf 81' lang='lat' dir='ltr'><strong>ex</strong></span> <span class='ocrx_word' id='word_1_104' title='bbox 1043 1417 1182 1483; x_wconf 88' lang='lat' dir='ltr'><strong>viro,</strong></span> <span class='ocrx_word' id='word_1_105' title='bbox 1217 1416 1288 1470; x_wconf 91' lang='lat' dir='ltr'><strong>ita</strong></span> <span class='ocrx_word' id='word_1_106' title='bbox 1321 1424 1375 1471; x_wconf 90' lang='lat' dir='ltr'><strong>et</strong></span> <span class='ocrx_word' id='word_1_107' title='bbox 1407 1418 1487 1470; x_wconf 73' lang='lat' dir='ltr'><strong>vir</strong></span> <span class='ocrx_word' id='word_1_108' title='bbox 1516 1433 1609 1485; x_wconf 72' lang='lat' dir='ltr'><strong>per</strong></span> <span class='ocrx_word' id='word_1_109' title='bbox 1639 1414 1946 1469; x_wconf 91' lang='lat' dir='ltr'><strong>mulierem.</strong></span> <span class='ocrx_word' id='word_1_110' title='bbox 1980 1412 2135 1468; x_wconf 89' lang='lat' dir='ltr'><strong>Unde</strong></span> 
     </span>
    </p>
   </div>
   <div class='ocr_carea' id='block_1_17' title="bbox 535 1505 2139 1579">
    <p class='ocr_par' dir='ltr' id='par_1_17' title="bbox 535 1505 2139 1579">
     <span class='ocr_line' id='line_1_17' title="bbox 535 1505 2139 1579; baseline -0.006 -14"><span class='ocrx_word' id='word_1_111' title='bbox 535 1511 679 1565; x_wconf 84' lang='lat' dir='ltr'><strong>sicut</strong></span> <span class='ocrx_word' id='word_1_112' title='bbox 705 1510 756 1563; x_wconf 92' lang='lat' dir='ltr'><strong>in</strong></span> <span class='ocrx_word' id='word_1_113' title='bbox 790 1507 1058 1579; x_wconf 88' lang='lat' dir='ltr'><strong>principio</strong></span> <span class='ocrx_word' id='word_1_114' title='bbox 1076 1508 1447 1577; x_wconf 83' lang='lat' dir='ltr'><strong>generationis</strong></span> <span class='ocrx_word' id='word_1_115' title='bbox 1475 1549 1488 1571; x_wconf 89' lang='lat'><strong>,</strong></span> <span class='ocrx_word' id='word_1_116' title='bbox 1532 1506 1726 1560; x_wconf 87' lang='lat' dir='ltr'><strong>mulier</strong></span> <span class='ocrx_word' id='word_1_117' title='bbox 1757 1521 1821 1559; x_wconf 87' lang='lat' dir='ltr'><strong>ex</strong></span> <span class='ocrx_word' id='word_1_118' title='bbox 1846 1505 1959 1557; x_wconf 85' lang='lat' dir='ltr'><strong>viro</strong></span> <span class='ocrx_word' id='word_1_119' title='bbox 1990 1518 2139 1558; x_wconf 82' lang='lat' dir='ltr'><strong>sum-</strong></span> 
     </span>
    </p>
   </div>
   <div class='ocr_carea' id='block_1_18' title="bbox 532 1599 2136 1674">
    <p class='ocr_par' dir='ltr' id='par_1_18' title="bbox 532 1599 2136 1674">
     <span class='ocr_line' id='line_1_18' title="bbox 532 1599 2136 1674; baseline -0.005 -17"><span class='ocrx_word' id='word_1_120' title='bbox 532 1614 625 1674; x_wconf 89' lang='lat' dir='ltr'><strong>pta</strong></span> <span class='ocrx_word' id='word_1_121' title='bbox 660 1612 743 1657; x_wconf 87' lang='lat' dir='ltr'><strong>est</strong></span> <span class='ocrx_word' id='word_1_122' title='bbox 777 1619 789 1655; x_wconf 92' lang='lat'><strong>:</strong></span> <span class='ocrx_word' id='word_1_123' title='bbox 817 1604 887 1656; x_wconf 91' lang='lat' dir='ltr'><strong>ita</strong></span> <span class='ocrx_word' id='word_1_124' title='bbox 910 1612 965 1657; x_wconf 86' lang='lat' dir='ltr'><strong>et</strong></span> <span class='ocrx_word' id='word_1_125' title='bbox 997 1600 1243 1655; x_wconf 87' lang='lat' dir='ltr'><strong>Christus</strong></span> <span class='ocrx_word' id='word_1_126' title='bbox 1270 1599 1564 1654; x_wconf 87' lang='lat' dir='ltr'><strong>secundum</strong></span> <span class='ocrx_word' id='word_1_127' title='bbox 1598 1613 1842 1666; x_wconf 85' lang='lat' dir='ltr'><strong>carnem,</strong></span> <span class='ocrx_word' id='word_1_128' title='bbox 1875 1611 1939 1650; x_wconf 81' lang='lat' dir='ltr'><strong>ex</strong></span> <span class='ocrx_word' id='word_1_129' title='bbox 1964 1602 2136 1649; x_wconf 87' lang='lat' dir='ltr'><strong>matre</strong></span> 
     </span>
    </p>
   </div>
   <div class='ocr_carea' id='block_1_19' title="bbox 538 1687 2136 1758">
    <p class='ocr_par' dir='ltr' id='par_1_19' title="bbox 538 1687 2136 1758">
     <span class='ocr_line' id='line_1_19' title="bbox 538 1687 2136 1758; baseline -0.006 -9"><span class='ocrx_word' id='word_1_130' title='bbox 538 1704 748 1750; x_wconf 91' lang='lat' dir='ltr'><strong>tantum</strong></span> <span class='ocrx_word' id='word_1_131' title='bbox 777 1702 881 1749; x_wconf 90' lang='lat' dir='ltr'><strong>est.</strong></span> <span class='ocrx_word' id='word_1_132' title='bbox 918 1694 1109 1748; x_wconf 86' lang='lat' dir='ltr'><strong>Omnis</strong></span> <span class='ocrx_word' id='word_1_133' title='bbox 1136 1702 1316 1746; x_wconf 90' lang='lat' dir='ltr'><strong>autem</strong></span> <span class='ocrx_word' id='word_1_134' title='bbox 1346 1691 1565 1746; x_wconf 88' lang='lat' dir='ltr'><strong>residua</strong></span> <span class='ocrx_word' id='word_1_135' title='bbox 1591 1690 1825 1743; x_wconf 86' lang='lat' dir='ltr'><strong>humana</strong></span> <span class='ocrx_word' id='word_1_136' title='bbox 1855 1687 2136 1758; x_wconf 82' lang='lat' dir='ltr'><strong>generatio</strong></span> 
     </span>
    </p>
   </div>
   <div class='ocr_carea' id='block_1_20' title="bbox 2232 480 3787 554">
    <p class='ocr_par' dir='ltr' id='par_1_20' title="bbox 2232 480 3787 554">
     <span class='ocr_line' id='line_1_20' title="bbox 2232 480 3787 554; baseline -0.002 -14"><span class='ocrx_word' id='word_1_137' title='bbox 2232 495 2285 540; x_wconf 90' lang='lat' dir='ltr'><strong>et</strong></span> <span class='ocrx_word' id='word_1_138' title='bbox 2311 499 2410 554; x_wconf 89' lang='lat' dir='ltr'><strong>ego</strong></span> <span class='ocrx_word' id='word_1_139' title='bbox 2462 482 2734 553; x_wconf 80' lang='lat' dir='ltr'><strong>gentiliter</strong></span> <span class='ocrx_word' id='word_1_140' title='bbox 2769 481 2895 536; x_wconf 87' lang='lat' dir='ltr'><strong>vivo</strong></span> <span class='ocrx_word' id='word_1_141' title='bbox 2927 523 2942 546; x_wconf 89' lang='lat'><strong>,</strong></span> <span class='ocrx_word' id='word_1_142' title='bbox 2993 480 3216 536; x_wconf 77' lang='lat' dir='ltr'><strong>Iudaica</strong></span> <span class='ocrx_word' id='word_1_143' title='bbox 3253 481 3633 536; x_wconf 77' lang='lat' dir='ltr'><strong>observatione</strong></span> <span class='ocrx_word' id='word_1_144' title='bbox 3650 480 3787 551; x_wconf 85' lang='lat' dir='ltr'><strong>depo-</strong></span> 
     </span>
    </p>
   </div>
   <div class='ocr_carea' id='block_1_21' title="bbox 2229 574 3787 646">
    <p class='ocr_par' dir='ltr' id='par_1_21' title="bbox 2229 574 3787 646">
     <span class='ocr_line' id='line_1_21' title="bbox 2229 574 3787 646; baseline 0.001 -15"><span class='ocrx_word' id='word_1_145' title='bbox 2229 578 2354 643; x_wconf 91' lang='lat' dir='ltr'><strong>sita,</strong></span> <span class='ocrx_word' id='word_1_146' title='bbox 2380 578 2518 632; x_wconf 88' lang='lat' dir='ltr'><strong>sicut</strong></span> <span class='ocrx_word' id='word_1_147' title='bbox 2548 576 2836 646; x_wconf 78' lang='lat' dir='ltr'><strong>Apostolus</strong></span> <span class='ocrx_word' id='word_1_148' title='bbox 2866 576 2918 630; x_wconf 92' lang='lat' dir='ltr'><strong>in</strong></span> <span class='ocrx_word' id='word_1_149' title='bbox 2961 578 3061 630; x_wconf 83' lang='lat' dir='ltr'><strong>hac</strong></span> <span class='ocrx_word' id='word_1_150' title='bbox 3110 575 3303 631; x_wconf 91' lang='lat' dir='ltr'><strong>eadem</strong></span> <span class='ocrx_word' id='word_1_151' title='bbox 3361 574 3610 646; x_wconf 83' lang='lat' dir='ltr'><strong>Epistola</strong></span> <span class='ocrx_word' id='word_1_152' title='bbox 3660 575 3787 633; x_wconf 86' lang='lat' dir='ltr'><strong>Petro</strong></span> 
     </span>
    </p>
   </div>
   <div class='ocr_carea' id='block_1_22' title="bbox 2231 669 3790 742">
    <p class='ocr_par' dir='ltr' id='par_1_22' title="bbox 2231 669 3790 742">
     <span class='ocr_line' id='line_1_22' title="bbox 2231 669 3790 742; baseline 0.001 -17"><span class='ocrx_word' id='word_1_153' title='bbox 2231 671 2477 742; x_wconf 88' lang='lat' dir='ltr'><strong>apostolo</strong></span> <span class='ocrx_word' id='word_1_154' title='bbox 2505 670 2637 726; x_wconf 90' lang='lat' dir='ltr'><strong>dicit</strong></span> <span class='ocrx_word' id='word_1_155' title='bbox 2666 686 2681 725; x_wconf 85' lang='lat'><strong>:</strong></span> <span class='ocrx_word' id='word_1_156' title='bbox 2714 669 2769 725; x_wconf 90' lang='lat' dir='ltr'><strong>Si</strong></span> <span class='ocrx_word' id='word_1_157' title='bbox 2805 679 2862 725; x_wconf 91' lang='lat' dir='ltr'><strong>tu</strong></span> <span class='ocrx_word' id='word_1_158' title='bbox 2892 685 3013 725; x_wconf 93' lang='lat' dir='ltr'><strong>eum</strong></span> <span class='ocrx_word' id='word_1_159' title='bbox 3047 670 3123 724; x_wconf 85' lang='lat' dir='ltr'><strong>sis</strong></span> <span class='ocrx_word' id='word_1_160' title='bbox 3155 669 3377 725; x_wconf 78' lang='lat' dir='ltr'><strong>Iudaeus</strong></span> <span class='ocrx_word' id='word_1_161' title='bbox 3399 711 3414 737; x_wconf 90' lang='lat'><strong>,</strong></span> <span class='ocrx_word' id='word_1_162' title='bbox 3444 669 3707 741; x_wconf 83' lang='lat' dir='ltr'><strong>gentiliter</strong></span> <span class='ocrx_word' id='word_1_163' title='bbox 3729 671 3790 726; x_wconf 80' lang='lat' dir='ltr'><strong>vi-</strong></span> 
     </span>
    </p>
   </div>
   <div class='ocr_carea' id='block_1_23' title="bbox 2232 762 3383 834">
    <p class='ocr_par' dir='ltr' id='par_1_23' title="bbox 2232 762 3383 834">
     <span class='ocr_line' id='line_1_23' title="bbox 2232 762 3383 834; baseline -0.002 -15"><span class='ocrx_word' id='word_1_164' title='bbox 2232 764 2333 833; x_wconf 90' lang='lat' dir='ltr'><strong>vis,</strong></span> <span class='ocrx_word' id='word_1_165' title='bbox 2366 762 2638 834; x_wconf 88' lang='lat' dir='ltr'><strong>quomodo</strong></span> <span class='ocrx_word' id='word_1_166' title='bbox 2667 763 2815 834; x_wconf 88' lang='lat' dir='ltr'><strong>cogis</strong></span> <span class='ocrx_word' id='word_1_167' title='bbox 2842 771 3032 834; x_wconf 89' lang='lat' dir='ltr'><strong>gentes</strong></span> <span class='ocrx_word' id='word_1_168' title='bbox 3053 763 3383 819; x_wconf 77' lang='lat' dir='ltr'><strong>Judaizare?</strong></span> 
     </span>
    </p>
   </div>
   <div class='ocr_carea' id='block_1_24' title="bbox 2304 854 3791 923">
    <p class='ocr_par' dir='ltr' id='par_1_24' title="bbox 2304 854 3791 923">
     <span class='ocr_line' id='line_1_24' title="bbox 2304 854 3791 923; baseline 0.002 -14"><span class='ocrx_word' id='word_1_169' title='bbox 2304 854 2542 923; x_wconf 83' lang='lat' dir='ltr'><strong>Fratres,</strong></span> <span class='ocrx_word' id='word_1_170' title='bbox 2573 855 2782 909; x_wconf 89' lang='lat' dir='ltr'><strong>obsecro</strong></span> <span class='ocrx_word' id='word_1_171' title='bbox 2809 871 2918 923; x_wconf 84' lang='lat' dir='ltr'><strong>vos,</strong></span> <span class='ocrx_word' id='word_1_172' title='bbox 2959 854 3094 909; x_wconf 80' lang='lat' dir='ltr'><strong>nihil</strong></span> <span class='ocrx_word' id='word_1_173' title='bbox 3124 871 3207 909; x_wconf 87' lang='lat' dir='ltr'><strong>me</strong></span> <span class='ocrx_word' id='word_1_174' title='bbox 3256 854 3486 910; x_wconf 78' lang='lat' dir='ltr'><strong>(resistis.</strong></span> <span class='ocrx_word' id='word_1_175' title='bbox 3528 854 3601 911; x_wconf 87' lang='lat' dir='ltr'><strong>Ut</strong></span> <span class='ocrx_word' id='word_1_176' title='bbox 3638 855 3791 912; x_wconf 90' lang='lat' dir='ltr'><strong>merito</strong></span> 
     </span>
    </p>
   </div>
   <div class='ocr_carea' id='block_1_25' title="bbox 2234 948 3789 1021">
    <p class='ocr_par' dir='ltr' id='par_1_25' title="bbox 2234 948 3789 1021">
     <span class='ocr_line' id='line_1_25' title="bbox 2234 948 3789 1021; baseline 0.001 -17"><span class='ocrx_word' id='word_1_177' title='bbox 2234 950 2435 1021; x_wconf 89' lang='lat' dir='ltr'><strong>putetis</strong></span> <span class='ocrx_word' id='word_1_178' title='bbox 2462 964 2549 1005; x_wconf 91' lang='lat' dir='ltr'><strong>me</strong></span> <span class='ocrx_word' id='word_1_179' title='bbox 2572 948 3013 1017; x_wconf 90' lang='lat' dir='ltr'><strong>inimicitiarum,</strong></span> <span class='ocrx_word' id='word_1_180' title='bbox 3039 958 3095 1005; x_wconf 90' lang='lat' dir='ltr'><strong>et</strong></span> <span class='ocrx_word' id='word_1_181' title='bbox 3124 962 3234 1004; x_wconf 91' lang='lat' dir='ltr'><strong>non</strong></span> <span class='ocrx_word' id='word_1_182' title='bbox 3257 948 3453 1005; x_wconf 86' lang='lat' dir='ltr'><strong>salutis</strong></span> <span class='ocrx_word' id='word_1_183' title='bbox 3466 957 3789 1006; x_wconf 74' lang='lat' dir='ltr'><strong>vestrzecausa</strong></span> 
     </span>
    </p>
   </div>
   <div class='ocr_carea' id='block_1_26' title="bbox 2234 1042 2462 1097">
    <p class='ocr_par' dir='ltr' id='par_1_26' title="bbox 2234 1042 2462 1097">
     <span class='ocr_line' id='line_1_26' title="bbox 2234 1042 2462 1097; baseline -0.009 0"><span class='ocrx_word' id='word_1_184' title='bbox 2234 1042 2462 1097; x_wconf 89' lang='lat' dir='ltr'><strong>moveri.</strong></span> 
     </span>
    </p>
   </div>
   <div class='ocr_carea' id='block_1_27' title="bbox 2308 1134 3791 1209">
    <p class='ocr_par' dir='ltr' id='par_1_27' title="bbox 2308 1134 3791 1209">
     <span class='ocr_line' id='line_1_27' title="bbox 2308 1134 3791 1209; baseline 0.003 -22"><span class='ocrx_word' id='word_1_185' title='bbox 2308 1134 2467 1189; x_wconf 83' lang='lat' dir='ltr'><strong>Scitis</strong></span> <span class='ocrx_word' id='word_1_186' title='bbox 2495 1143 2665 1189; x_wconf 89' lang='lat' dir='ltr'><strong>autem</strong></span> <span class='ocrx_word' id='word_1_187' title='bbox 2689 1136 2811 1201; x_wconf 88' lang='lat' dir='ltr'><strong>quia</strong></span> <span class='ocrx_word' id='word_1_188' title='bbox 2836 1152 2928 1206; x_wconf 88' lang='lat' dir='ltr'><strong>per</strong></span> <span class='ocrx_word' id='word_1_189' title='bbox 2965 1136 3325 1205; x_wconf 80' lang='lat' dir='ltr'><strong>inﬁrmitatem</strong></span> <span class='ocrx_word' id='word_1_190' title='bbox 3352 1138 3553 1207; x_wconf 65' lang='lat' dir='ltr'><strong>carnis</strong></span> <span class='ocrx_word' id='word_1_191' title='bbox 3583 1138 3791 1209; x_wconf 80' lang='lat' dir='ltr'><strong>evangeli-</strong></span> 
     </span>
    </p>
   </div>
   <div class='ocr_carea' id='block_1_28' title="bbox 2235 1227 3791 1299">
    <p class='ocr_par' dir='ltr' id='par_1_28' title="bbox 2235 1227 3791 1299">
     <span class='ocr_line' id='line_1_28' title="bbox 2235 1227 3791 1299; baseline 0.003 -20"><span class='ocrx_word' id='word_1_192' title='bbox 2235 1228 2346 1281; x_wconf 64' lang='grc' dir='ltr'><strong><em>ς,πεὶ</em></strong></span> <span class='ocrx_word' id='word_1_193' title='bbox 2374 1228 2513 1281; x_wconf 85' lang='lat' dir='ltr'><strong>vobis</strong></span> <span class='ocrx_word' id='word_1_194' title='bbox 2524 1228 2867 1298; x_wconf 84' lang='lat' dir='ltr'><strong>jampridem.</strong></span> <span class='ocrx_word' id='word_1_195' title='bbox 2894 1227 2991 1285; x_wconf 82' lang='lat' dir='ltr'><strong>Vel</strong></span> <span class='ocrx_word' id='word_1_196' title='bbox 3024 1244 3123 1299; x_wconf 88' lang='lat' dir='ltr'><strong>per</strong></span> <span class='ocrx_word' id='word_1_197' title='bbox 3156 1230 3505 1299; x_wconf 86' lang='lat' dir='ltr'><strong>passionem,</strong></span> <span class='ocrx_word' id='word_1_198' title='bbox 3548 1229 3629 1286; x_wconf 93' lang='lat' dir='ltr'><strong>vel</strong></span> <span class='ocrx_word' id='word_1_199' title='bbox 3670 1230 3791 1285; x_wconf 81' lang='lat' dir='ltr'><strong>etiam</strong></span> 
     </span>
    </p>
   </div>
   <div class='ocr_carea' id='block_1_29' title="bbox 2238 1320 3793 1393">
    <p class='ocr_par' dir='ltr' id='par_1_29' title="bbox 2238 1320 3793 1393">
     <span class='ocr_line' id='line_1_29' title="bbox 2238 1320 3793 1393; baseline 0.002 -20"><span class='ocrx_word' id='word_1_200' title='bbox 2238 1334 2333 1388; x_wconf 89' lang='lat' dir='ltr'><strong>per</strong></span> <span class='ocrx_word' id='word_1_201' title='bbox 2358 1321 2661 1375; x_wconf 82' lang='lat' dir='ltr'><strong>naturalem</strong></span> <span class='ocrx_word' id='word_1_202' title='bbox 2690 1320 3071 1378; x_wconf 89' lang='lat' dir='ltr'><strong>inlirmitatem</strong></span> <span class='ocrx_word' id='word_1_203' title='bbox 3104 1338 3119 1375; x_wconf 89' lang='lat'><strong>:</strong></span> <span class='ocrx_word' id='word_1_204' title='bbox 3152 1323 3279 1393; x_wconf 90' lang='lat' dir='ltr'><strong>quia</strong></span> <span class='ocrx_word' id='word_1_205' title='bbox 3315 1321 3632 1378; x_wconf 83' lang='lat' dir='ltr'><strong>thesaurum</strong></span> <span class='ocrx_word' id='word_1_206' title='bbox 3650 1323 3793 1392; x_wconf 73' lang='lat' dir='ltr'><strong>gratiae</strong></span> 
     </span>
    </p>
   </div>
   <div class='ocr_carea' id='block_1_30' title="bbox 2238 1411 3084 1483">
    <p class='ocr_par' dir='ltr' id='par_1_30' title="bbox 2238 1411 3084 1483">
     <span class='ocr_line' id='line_1_30' title="bbox 2238 1411 3084 1483; baseline -0.001 -17"><span class='ocrx_word' id='word_1_207' title='bbox 2238 1412 2289 1466; x_wconf 91' lang='lat' dir='ltr'><strong>in</strong></span> <span class='ocrx_word' id='word_1_208' title='bbox 2319 1411 2465 1466; x_wconf 86' lang='lat' dir='ltr'><strong>vasis</strong></span> <span class='ocrx_word' id='word_1_209' title='bbox 2497 1411 2757 1467; x_wconf 91' lang='lat' dir='ltr'><strong>ﬁctilibus</strong></span> <span class='ocrx_word' id='word_1_210' title='bbox 2786 1412 3084 1483; x_wconf 65' lang='grc' dir='ltr'><strong>ὺθίυιηικιι.</strong></span> 
     </span>
    </p>
   </div>
   <div class='ocr_carea' id='block_1_31' title="bbox 2310 1500 3792 1575">
    <p class='ocr_par' dir='ltr' id='par_1_31' title="bbox 2310 1500 3792 1575">
     <span class='ocr_line' id='line_1_31' title="bbox 2310 1500 3792 1575; baseline 0.001 -20"><span class='ocrx_word' id='word_1_211' title='bbox 2310 1500 2378 1555; x_wconf 83' lang='grc' dir='ltr'><strong>Ει</strong></span> <span class='ocrx_word' id='word_1_212' title='bbox 2410 1504 2740 1557; x_wconf 88' lang='lat' dir='ltr'><strong>tentationem</strong></span> <span class='ocrx_word' id='word_1_213' title='bbox 2769 1512 2985 1557; x_wconf 81' lang='lat' dir='ltr'><strong>vestram</strong></span> <span class='ocrx_word' id='word_1_214' title='bbox 3016 1504 3067 1557; x_wconf 91' lang='lat' dir='ltr'><strong>in</strong></span> <span class='ocrx_word' id='word_1_215' title='bbox 3093 1520 3250 1558; x_wconf 85' lang='lat' dir='ltr'><strong>carne</strong></span> <span class='ocrx_word' id='word_1_216' title='bbox 3266 1520 3381 1557; x_wconf 86' lang='lat' dir='ltr'><strong>mea</strong></span> <span class='ocrx_word' id='word_1_217' title='bbox 3407 1520 3511 1559; x_wconf 89' lang='lat' dir='ltr'><strong>non</strong></span> <span class='ocrx_word' id='word_1_218' title='bbox 3539 1504 3792 1575; x_wconf 79' lang='lat' dir='ltr'><strong>spreristit,</strong></span> 
     </span>
    </p>
   </div>
   <div class='ocr_carea' id='block_1_32' title="bbox 2239 1594 3796 1666">
    <p class='ocr_par' dir='ltr' id='par_1_32' title="bbox 2239 1594 3796 1666">
     <span class='ocr_line' id='line_1_32' title="bbox 2239 1594 3796 1666; baseline 0.001 -19"><span class='ocrx_word' id='word_1_219' title='bbox 2239 1610 2400 1666; x_wconf 87' lang='lat' dir='ltr'><strong>neque</strong></span> <span class='ocrx_word' id='word_1_220' title='bbox 2422 1596 2711 1665; x_wconf 80' lang='lat' dir='ltr'><strong>rcspuistis.</strong></span> <span class='ocrx_word' id='word_1_221' title='bbox 2744 1594 3084 1665; x_wconf 89' lang='lat' dir='ltr'><strong>Increpando</strong></span> <span class='ocrx_word' id='word_1_222' title='bbox 3108 1595 3211 1651; x_wconf 92' lang='lat' dir='ltr'><strong>boc</strong></span> <span class='ocrx_word' id='word_1_223' title='bbox 3224 1596 3523 1665; x_wconf 88' lang='lat' dir='ltr'><strong>Apostolus</strong></span> <span class='ocrx_word' id='word_1_224' title='bbox 3546 1596 3681 1662; x_wconf 83' lang='lat' dir='ltr'><strong>dicit,</strong></span> <span class='ocrx_word' id='word_1_225' title='bbox 3704 1596 3796 1665; x_wconf 85' lang='lat' dir='ltr'><strong>quia</strong></span> 
     </span>
    </p>
   </div>
   <div class='ocr_carea' id='block_1_33' title="bbox 2240 1686 3798 1759">
    <p class='ocr_par' dir='ltr' id='par_1_33' title="bbox 2240 1686 3798 1759">
     <span class='ocr_line' id='line_1_33' title="bbox 2240 1686 3798 1759; baseline 0.001 -18"><span class='ocrx_word' id='word_1_226' title='bbox 2240 1702 2358 1741; x_wconf 89' lang='lat' dir='ltr'><strong>cum</strong></span> <span class='ocrx_word' id='word_1_227' title='bbox 2392 1686 2550 1741; x_wconf 84' lang='lat' dir='ltr'><strong>ﬁdem</strong></span> <span class='ocrx_word' id='word_1_228' title='bbox 2585 1686 2786 1742; x_wconf 79' lang='lat' dir='ltr'><strong>ChriSti</strong></span> <span class='ocrx_word' id='word_1_229' title='bbox 2816 1688 2962 1757; x_wconf 88' lang='lat' dir='ltr'><strong>apud</strong></span> <span class='ocrx_word' id='word_1_230' title='bbox 2994 1688 3219 1744; x_wconf 75' lang='lat' dir='ltr'><strong>Galatas</strong></span> <span class='ocrx_word' id='word_1_231' title='bbox 3244 1689 3615 1758; x_wconf 61' lang='lat' dir='ltr'><strong>praedicaret,</strong></span> <span class='ocrx_word' id='word_1_232' title='bbox 3655 1702 3798 1759; x_wconf 84' lang='lat' dir='ltr'><strong>perse-</strong></span> 
     </span>
    </p>
   </div>
   <div class='ocr_carea' id='block_1_34' title="bbox 533 1778 3797 1854">
    <p class='ocr_par' dir='ltr' id='par_1_34' title="bbox 533 1778 3797 1854">
     <span class='ocr_line' id='line_1_34' title="bbox 533 1778 3797 1854; baseline -0.003 -10"><span class='ocrx_word' id='word_1_233' title='bbox 533 1806 644 1844; x_wconf 92' lang='lat' dir='ltr'><strong>non</strong></span> <span class='ocrx_word' id='word_1_234' title='bbox 676 1800 760 1844; x_wconf 89' lang='lat' dir='ltr'><strong>est</strong></span> <span class='ocrx_word' id='word_1_235' title='bbox 788 1806 853 1843; x_wconf 91' lang='lat' dir='ltr'><strong>ex</strong></span> <span class='ocrx_word' id='word_1_236' title='bbox 883 1788 1113 1843; x_wconf 84' lang='lat' dir='ltr'><strong>muliere</strong></span> <span class='ocrx_word' id='word_1_237' title='bbox 1140 1804 1151 1841; x_wconf 94' lang='lat'><strong>:</strong></span> <span class='ocrx_word' id='word_1_238' title='bbox 1180 1786 1480 1842; x_wconf 87' lang='lat' dir='ltr'><strong>secundum</strong></span> <span class='ocrx_word' id='word_1_239' title='bbox 1505 1782 1753 1854; x_wconf 86' lang='lat' dir='ltr'><strong>Apostoli</strong></span> <span class='ocrx_word' id='word_1_240' title='bbox 1776 1781 2004 1847; x_wconf 91' lang='lat' dir='ltr'><strong>dictum,</strong></span> <span class='ocrx_word' id='word_1_241' title='bbox 2038 1778 2132 1835; x_wconf 90' lang='lat' dir='ltr'><strong>sed</strong></span> <span class='ocrx_word' id='word_1_242' title='bbox 2162 1784 2213 1845; x_wconf 85' lang='grc' dir='ltr'><strong>Β</strong></span> <span class='ocrx_word' id='word_1_243' title='bbox 2237 1782 2507 1835; x_wconf 78' lang='lat' dir='ltr'><strong>cntionem</strong></span> <span class='ocrx_word' id='word_1_244' title='bbox 2532 1779 2600 1834; x_wconf 89' lang='lat' dir='ltr'><strong>ab</strong></span> <span class='ocrx_word' id='word_1_245' title='bbox 2628 1778 2928 1834; x_wconf 88' lang='lat' dir='ltr'><strong>incredulis</strong></span> <span class='ocrx_word' id='word_1_246' title='bbox 2982 1780 3194 1835; x_wconf 78' lang='lat' dir='ltr'><strong>civibus</strong></span> <span class='ocrx_word' id='word_1_247' title='bbox 3234 1795 3425 1835; x_wconf 90' lang='lat' dir='ltr'><strong>eorum</strong></span> <span class='ocrx_word' id='word_1_248' title='bbox 3468 1795 3657 1851; x_wconf 88' lang='lat' dir='ltr'><strong>passus</strong></span> <span class='ocrx_word' id='word_1_249' title='bbox 3697 1788 3797 1835; x_wconf 86' lang='lat' dir='ltr'><strong>est:</strong></span> 
     </span>
    </p>
   </div>
   <div class='ocr_carea' id='block_1_35' title="bbox 513 1871 2138 1951">
    <p class='ocr_par' dir='ltr' id='par_1_35' title="bbox 513 1871 2138 1951">
     <span class='ocr_line' id='line_1_35' title="bbox 513 1871 2138 1951; baseline -0.007 -14"><span class='ocrx_word' id='word_1_250' title='bbox 513 1896 631 1951; x_wconf 78' lang='lat' dir='ltr'><strong>&#39;per</strong></span> <span class='ocrx_word' id='word_1_251' title='bbox 658 1880 943 1936; x_wconf 89' lang='lat' dir='ltr'><strong>mulierem</strong></span> <span class='ocrx_word' id='word_1_252' title='bbox 973 1896 984 1931; x_wconf 90' lang='lat'>:</span> <span class='ocrx_word' id='word_1_253' title='bbox 1012 1888 1072 1934; x_wconf 90' lang='lat' dir='ltr'><strong>ut</strong></span> <span class='ocrx_word' id='word_1_254' title='bbox 1099 1878 1304 1933; x_wconf 89' lang='lat' dir='ltr'><strong>clareat</strong></span> <span class='ocrx_word' id='word_1_255' title='bbox 1325 1875 1604 1947; x_wconf 87' lang='lat' dir='ltr'><strong>generatio</strong></span> <span class='ocrx_word' id='word_1_256' title='bbox 1625 1874 1901 1930; x_wconf 87' lang='lat' dir='ltr'><strong>hominum</strong></span> <span class='ocrx_word' id='word_1_257' title='bbox 1925 1887 1991 1927; x_wconf 81' lang='lat' dir='ltr'><strong>ex</strong></span> <span class='ocrx_word' id='word_1_258' title='bbox 2020 1871 2138 1926; x_wconf 89' lang='lat' dir='ltr'><strong>viro</strong></span> 
     </span>
    </p>
   </div>
   <div class='ocr_carea' id='block_1_36' title="bbox 536 1972 1171 2044">
    <p class='ocr_par' dir='ltr' id='par_1_36' title="bbox 536 1972 1171 2044">
     <span class='ocr_line' id='line_1_36' title="bbox 536 1972 1171 2044; baseline -0.009 -15"><span class='ocrx_word' id='word_1_259' title='bbox 536 1988 637 2044; x_wconf 90' lang='lat' dir='ltr'><strong>per</strong></span> <span class='ocrx_word' id='word_1_260' title='bbox 664 1972 948 2027; x_wconf 87' lang='lat' dir='ltr'><strong>mulierem</strong></span> <span class='ocrx_word' id='word_1_261' title='bbox 972 1972 1171 2026; x_wconf 86' lang='lat' dir='ltr'><strong>creari.</strong></span> 
     </span>
    </p>
   </div>
   <div class='ocr_carea' id='block_1_37' title="bbox 606 2055 2138 2133">
    <p class='ocr_par' dir='ltr' id='par_1_37' title="bbox 606 2055 2138 2133">
     <span class='ocr_line' id='line_1_37' title="bbox 606 2055 2138 2133; baseline -0.005 -16"><span class='ocrx_word' id='word_1_262' title='bbox 606 2064 832 2118; x_wconf 83' lang='lat' dir='ltr'><strong>Factum</strong></span> <span class='ocrx_word' id='word_1_263' title='bbox 853 2063 945 2118; x_wconf 88' lang='lat' dir='ltr'><strong>sub</strong></span> <span class='ocrx_word' id='word_1_264' title='bbox 971 2062 1081 2133; x_wconf 87' lang='lat' dir='ltr'><strong>lege</strong></span> <span class='ocrx_word' id='word_1_265' title='bbox 1104 2103 1117 2128; x_wconf 93' lang='lat'><strong>,</strong></span> <span class='ocrx_word' id='word_1_266' title='bbox 1151 2070 1204 2114; x_wconf 84' lang='lat' dir='ltr'><strong>ut</strong></span> <span class='ocrx_word' id='word_1_267' title='bbox 1228 2077 1313 2115; x_wconf 89' lang='lat' dir='ltr'><strong>cos</strong></span> <span class='ocrx_word' id='word_1_268' title='bbox 1333 2062 1419 2131; x_wconf 86' lang='lat' dir='ltr'><strong>qui</strong></span> <span class='ocrx_word' id='word_1_269' title='bbox 1443 2060 1534 2114; x_wconf 88' lang='lat' dir='ltr'><strong>sub</strong></span> <span class='ocrx_word' id='word_1_270' title='bbox 1564 2060 1673 2130; x_wconf 86' lang='lat' dir='ltr'><strong>lege</strong></span> <span class='ocrx_word' id='word_1_271' title='bbox 1703 2066 1849 2113; x_wconf 90' lang='lat' dir='ltr'><strong>erant</strong></span> <span class='ocrx_word' id='word_1_272' title='bbox 1874 2099 1888 2123; x_wconf 93' lang='lat'><strong>,</strong></span> <span class='ocrx_word' id='word_1_273' title='bbox 1915 2055 2138 2110; x_wconf 81' lang='lat' dir='ltr'><strong>redime-</strong></span> 
     </span>
    </p>
   </div>
   <div class='ocr_carea' id='block_1_38' title="bbox 535 2149 2140 2224">
    <p class='ocr_par' dir='ltr' id='par_1_38' title="bbox 535 2149 2140 2224">
     <span class='ocr_line' id='line_1_38' title="bbox 535 2149 2140 2224; baseline -0.005 -13"><span class='ocrx_word' id='word_1_274' title='bbox 535 2168 633 2211; x_wconf 87' lang='lat' dir='ltr'><strong>ret.</strong></span> <span class='ocrx_word' id='word_1_275' title='bbox 658 2156 911 2212; x_wconf 87' lang='lat' dir='ltr'><strong>Christus</strong></span> <span class='ocrx_word' id='word_1_276' title='bbox 934 2154 1037 2209; x_wconf 92' lang='lat' dir='ltr'><strong>sub</strong></span> <span class='ocrx_word' id='word_1_277' title='bbox 1069 2155 1186 2224; x_wconf 84' lang='lat' dir='ltr'><strong>lege</strong></span> <span class='ocrx_word' id='word_1_278' title='bbox 1207 2153 1379 2208; x_wconf 88' lang='lat' dir='ltr'><strong>factus</strong></span> <span class='ocrx_word' id='word_1_279' title='bbox 1410 2161 1516 2217; x_wconf 87' lang='lat' dir='ltr'><strong>est,</strong></span> <span class='ocrx_word' id='word_1_280' title='bbox 1551 2161 1607 2206; x_wconf 91' lang='lat' dir='ltr'><strong>ut</strong></span> <span class='ocrx_word' id='word_1_281' title='bbox 1632 2161 1911 2221; x_wconf 77' lang='lat' dir='ltr'><strong>peceatum</strong></span> <span class='ocrx_word' id='word_1_282' title='bbox 1936 2149 1987 2204; x_wconf 91' lang='lat' dir='ltr'><strong>iu</strong></span> <span class='ocrx_word' id='word_1_283' title='bbox 2017 2163 2140 2203; x_wconf 81' lang='lat' dir='ltr'><strong>car-</strong></span> 
     </span>
    </p>
   </div>
   <div class='ocr_carea' id='block_1_39' title="bbox 534 2240 2138 2314">
    <p class='ocr_par' dir='ltr' id='par_1_39' title="bbox 534 2240 2138 2314">
     <span class='ocr_line' id='line_1_39' title="bbox 534 2240 2138 2314; baseline -0.006 -11"><span class='ocrx_word' id='word_1_284' title='bbox 534 2266 603 2304; x_wconf 92' lang='lat' dir='ltr'><strong>ne</strong></span> <span class='ocrx_word' id='word_1_285' title='bbox 635 2249 896 2314; x_wconf 84' lang='lat' dir='ltr'><strong>vincens,</strong></span> <span class='ocrx_word' id='word_1_286' title='bbox 930 2245 1218 2301; x_wconf 83' lang='lat' dir='ltr'><strong>credentes</strong></span> <span class='ocrx_word' id='word_1_287' title='bbox 1250 2246 1302 2299; x_wconf 91' lang='lat' dir='ltr'><strong>in</strong></span> <span class='ocrx_word' id='word_1_288' title='bbox 1336 2260 1393 2299; x_wconf 75' lang='lat' dir='ltr'><strong>se</strong></span> <span class='ocrx_word' id='word_1_289' title='bbox 1424 2260 1451 2297; x_wconf 90' lang='lat' dir='ltr'><strong>a</strong></span> <span class='ocrx_word' id='word_1_290' title='bbox 1492 2244 1625 2313; x_wconf 85' lang='lat' dir='ltr'><strong>legis</strong></span> <span class='ocrx_word' id='word_1_291' title='bbox 1667 2242 1899 2297; x_wconf 90' lang='lat' dir='ltr'><strong>vinculis</strong></span> <span class='ocrx_word' id='word_1_292' title='bbox 1938 2240 2138 2295; x_wconf 91' lang='lat' dir='ltr'><strong>libera-</strong></span> 
     </span>
    </p>
   </div>
   <div class='ocr_carea' id='block_1_40' title="bbox 530 2334 2140 2410">
    <p class='ocr_par' dir='ltr' id='par_1_40' title="bbox 530 2334 2140 2410">
     <span class='ocr_line' id='line_1_40' title="bbox 530 2334 2140 2410; baseline -0.005 -14"><span class='ocrx_word' id='word_1_293' title='bbox 530 2354 636 2398; x_wconf 90' lang='lat' dir='ltr'><strong>ret.</strong></span> <span class='ocrx_word' id='word_1_294' title='bbox 662 2341 786 2410; x_wconf 89' lang='lat' dir='ltr'><strong>Ipse</strong></span> <span class='ocrx_word' id='word_1_295' title='bbox 804 2350 987 2395; x_wconf 90' lang='lat' dir='ltr'><strong>autem</strong></span> <span class='ocrx_word' id='word_1_296' title='bbox 1014 2339 1113 2391; x_wconf 90' lang='lat' dir='ltr'><strong>sub</strong></span> <span class='ocrx_word' id='word_1_297' title='bbox 1140 2339 1257 2408; x_wconf 90' lang='lat' dir='ltr'><strong>lege</strong></span> <span class='ocrx_word' id='word_1_298' title='bbox 1282 2336 1487 2391; x_wconf 87' lang='lat' dir='ltr'><strong>tamdiu</strong></span> <span class='ocrx_word' id='word_1_299' title='bbox 1518 2337 1611 2389; x_wconf 87' lang='lat' dir='ltr'><strong>iuit</strong></span> <span class='ocrx_word' id='word_1_300' title='bbox 1638 2378 1651 2401; x_wconf 90' lang='lat'><strong>,</strong></span> <span class='ocrx_word' id='word_1_301' title='bbox 1689 2335 1865 2390; x_wconf 64' lang='lat' dir='ltr'><strong>donec</strong></span> <span class='ocrx_word' id='word_1_302' title='bbox 1896 2334 2140 2403; x_wconf 85' lang='lat' dir='ltr'><strong>baptiza-</strong></span> 
     </span>
    </p>
   </div>
   <div class='ocr_carea' id='block_1_41' title="bbox 530 2426 2134 2501">
    <p class='ocr_par' dir='ltr' id='par_1_41' title="bbox 530 2426 2134 2501">
     <span class='ocr_line' id='line_1_41' title="bbox 530 2426 2134 2501; baseline -0.006 -11"><span class='ocrx_word' id='word_1_303' title='bbox 530 2445 638 2501; x_wconf 89' lang='lat' dir='ltr'><strong>tus,</strong></span> <span class='ocrx_word' id='word_1_304' title='bbox 656 2435 779 2489; x_wconf 89' lang='lat' dir='ltr'><strong>novi</strong></span> <span class='ocrx_word' id='word_1_305' title='bbox 799 2433 1137 2487; x_wconf 85' lang='lat' dir='ltr'><strong>Tcstamenti</strong></span> <span class='ocrx_word' id='word_1_306' title='bbox 1158 2430 1419 2498; x_wconf 88' lang='lat' dir='ltr'><strong>inciperet</strong></span> <span class='ocrx_word' id='word_1_307' title='bbox 1437 2426 1793 2496; x_wconf 75' lang='lat' dir='ltr'><strong>Evangeliutn</strong></span> <span class='ocrx_word' id='word_1_308' title='bbox 1812 2426 2134 2496; x_wconf 65' lang='lat' dir='ltr'><strong>praedicare.</strong></span> 
     </span>
    </p>
   </div>
   <div class='ocr_carea' id='block_1_42' title="bbox 529 2519 2137 2591">
    <p class='ocr_par' dir='ltr' id='par_1_42' title="bbox 529 2519 2137 2591">
     <span class='ocr_line' id='line_1_42' title="bbox 529 2519 2137 2591; baseline -0.006 -10"><span class='ocrx_word' id='word_1_309' title='bbox 529 2525 667 2581; x_wconf 88' lang='lat' dir='ltr'><strong>Item</strong></span> <span class='ocrx_word' id='word_1_310' title='bbox 694 2526 737 2578; x_wconf 89' lang='lat' dir='ltr'><strong>si</strong></span> <span class='ocrx_word' id='word_1_311' title='bbox 763 2525 864 2580; x_wconf 93' lang='lat' dir='ltr'><strong>sub</strong></span> <span class='ocrx_word' id='word_1_312' title='bbox 888 2525 1007 2591; x_wconf 85' lang='lat' dir='ltr'><strong>lege</strong></span> <span class='ocrx_word' id='word_1_313' title='bbox 1027 2521 1201 2576; x_wconf 88' lang='lat' dir='ltr'><strong>factus</strong></span> <span class='ocrx_word' id='word_1_314' title='bbox 1233 2536 1339 2573; x_wconf 91' lang='lat' dir='ltr'><strong>non</strong></span> <span class='ocrx_word' id='word_1_315' title='bbox 1370 2519 1769 2586; x_wconf 83' lang='lat' dir='ltr'><strong>essel,Jud-.eos</strong></span> <span class='ocrx_word' id='word_1_316' title='bbox 1792 2520 2002 2573; x_wconf 82' lang='lat' dir='ltr'><strong>salvare</strong></span> <span class='ocrx_word' id='word_1_317' title='bbox 2030 2533 2137 2573; x_wconf 90' lang='lat' dir='ltr'><strong>non</strong></span> 
     </span>
    </p>
   </div>
   <div class='ocr_carea' id='block_1_43' title="bbox 532 2612 2138 2692">
    <p class='ocr_par' dir='ltr' id='par_1_43' title="bbox 532 2612 2138 2692">
     <span class='ocr_line' id='line_1_43' title="bbox 532 2612 2138 2692; baseline -0.004 -20"><span class='ocrx_word' id='word_1_318' title='bbox 532 2629 751 2692; x_wconf 72' lang='lat' dir='ltr'><strong>poterat</strong></span> <span class='ocrx_word' id='word_1_319' title='bbox 781 2638 794 2672; x_wconf 91' lang='lat'><strong>:</strong></span> <span class='ocrx_word' id='word_1_320' title='bbox 855 2626 1046 2689; x_wconf 87' lang='lat' dir='ltr'><strong>gentes</strong></span> <span class='ocrx_word' id='word_1_321' title='bbox 1077 2631 1207 2671; x_wconf 88' lang='lat' dir='ltr'><strong>vero</strong></span> <span class='ocrx_word' id='word_1_322' title='bbox 1238 2623 1457 2685; x_wconf 88' lang='lat' dir='ltr'><strong>poterat</strong></span> <span class='ocrx_word' id='word_1_323' title='bbox 1491 2614 1700 2683; x_wconf 67' lang='lat' dir='ltr'><strong>positus</strong></span> <span class='ocrx_word' id='word_1_324' title='bbox 1726 2613 1827 2668; x_wconf 89' lang='lat' dir='ltr'><strong>sub</strong></span> <span class='ocrx_word' id='word_1_325' title='bbox 1851 2612 1966 2683; x_wconf 90' lang='lat' dir='ltr'><strong>lege</strong></span> <span class='ocrx_word' id='word_1_326' title='bbox 1996 2612 2138 2668; x_wconf 82' lang='lat' dir='ltr'><strong>redi-</strong></span> 
     </span>
    </p>
   </div>
   <div class='ocr_carea' id='block_1_44' title="bbox 534 2728 709 2767">
    <p class='ocr_par' dir='ltr' id='par_1_44' title="bbox 534 2728 709 2767">
     <span class='ocr_line' id='line_1_44' title="bbox 534 2728 709 2767; baseline 0.006 -1"><span class='ocrx_word' id='word_1_327' title='bbox 534 2728 709 2767; x_wconf 65' lang='lat' dir='ltr'><strong>IIISI‘C.</strong></span> 
     </span>
    </p>
   </div>
   <div class='ocr_carea' id='block_1_45' title="bbox 606 2794 2134 2872">
    <p class='ocr_par' dir='ltr' id='par_1_45' title="bbox 606 2794 2134 2872">
     <span class='ocr_line' id='line_1_45' title="bbox 606 2794 2134 2872; baseline -0.007 -15"><span class='ocrx_word' id='word_1_328' title='bbox 606 2803 673 2858; x_wconf 88' lang='lat' dir='ltr'><strong>Ut</strong></span> <span class='ocrx_word' id='word_1_329' title='bbox 717 2802 1051 2872; x_wconf 82' lang='lat' dir='ltr'><strong>adoptionem</strong></span> <span class='ocrx_word' id='word_1_330' title='bbox 1103 2799 1335 2867; x_wconf 81' lang='lat' dir='ltr'><strong>ﬁliorum</strong></span> <span class='ocrx_word' id='word_1_331' title='bbox 1391 2797 1756 2869; x_wconf 87' lang='lat' dir='ltr'><strong>reciperemus.</strong></span> <span class='ocrx_word' id='word_1_332' title='bbox 1816 2794 1935 2850; x_wconf 87' lang='lat' dir='ltr'><strong>Non</strong></span> <span class='ocrx_word' id='word_1_333' title='bbox 1987 2794 2134 2849; x_wconf 88' lang='lat' dir='ltr'><strong>enim</strong></span> 
     </span>
    </p>
   </div>
   <div class='ocr_carea' id='block_1_46' title="bbox 530 2885 2135 2965">
    <p class='ocr_par' dir='ltr' id='par_1_46' title="bbox 530 2885 2135 2965">
     <span class='ocr_line' id='line_1_46' title="bbox 530 2885 2135 2965; baseline -0.007 -13"><span class='ocrx_word' id='word_1_334' title='bbox 530 2911 723 2953; x_wconf 89' lang='lat' dir='ltr'><strong>omnes</strong></span> <span class='ocrx_word' id='word_1_335' title='bbox 750 2895 1152 2965; x_wconf 89' lang='lat' dir='ltr'><strong>recepissemns</strong></span> <span class='ocrx_word' id='word_1_336' title='bbox 1178 2889 1553 2960; x_wconf 86' lang='lat' dir='ltr'><strong>adoptionem,</strong></span> <span class='ocrx_word' id='word_1_337' title='bbox 1590 2889 1638 2943; x_wconf 91' lang='lat' dir='ltr'><strong>si</strong></span> <span class='ocrx_word' id='word_1_338' title='bbox 1669 2888 1846 2942; x_wconf 75' lang='lat' dir='ltr'><strong>factus</strong></span> <span class='ocrx_word' id='word_1_339' title='bbox 1877 2885 1979 2941; x_wconf 90' lang='lat' dir='ltr'><strong>sub</strong></span> <span class='ocrx_word' id='word_1_340' title='bbox 2016 2887 2135 2955; x_wconf 83' lang='lat' dir='ltr'><strong>lege</strong></span> 
     </span>
    </p>
   </div>
   <div class='ocr_carea' id='block_1_47' title="bbox 533 2998 832 3048">
    <p class='ocr_par' dir='ltr' id='par_1_47' title="bbox 533 2998 832 3048">
     <span class='ocr_line' id='line_1_47' title="bbox 533 2998 832 3048; baseline -0.02 0"><span class='ocrx_word' id='word_1_341' title='bbox 533 3006 642 3048; x_wconf 91' lang='lat' dir='ltr'><strong>non</strong></span> <span class='ocrx_word' id='word_1_342' title='bbox 666 2998 832 3045; x_wconf 73' lang='grc' dir='ltr'><strong>εεεοῐ.</strong></span> 
     </span>
    </p>
   </div>
   <div class='ocr_carea' id='block_1_48' title="bbox 609 3058 2177 3146">
    <p class='ocr_par' dir='ltr' id='par_1_48' title="bbox 609 3058 2177 3146">
     <span class='ocr_line' id='line_1_48' title="bbox 609 3058 2177 3146; baseline -0.007 -13"><span class='ocrx_word' id='word_1_343' title='bbox 609 3080 869 3146; x_wconf 86' lang='lat' dir='ltr'><strong>Quoniam</strong></span> <span class='ocrx_word' id='word_1_344' title='bbox 898 3086 1067 3132; x_wconf 76' lang='lat' dir='ltr'><strong>autem</strong></span> <span class='ocrx_word' id='word_1_345' title='bbox 1097 3076 1217 3130; x_wconf 76' lang='lat' dir='ltr'><strong>estis</strong></span> <span class='ocrx_word' id='word_1_346' title='bbox 1250 3073 1350 3144; x_wconf 80' lang='lat' dir='ltr'><strong>ﬁlii</strong></span> <span class='ocrx_word' id='word_1_347' title='bbox 1380 3072 1480 3126; x_wconf 86' lang='lat' dir='ltr'><strong>Dei</strong></span> <span class='ocrx_word' id='word_1_348' title='bbox 1508 3113 1520 3136; x_wconf 92' lang='lat'><strong>,</strong></span> <span class='ocrx_word' id='word_1_349' title='bbox 1552 3072 1689 3124; x_wconf 86' lang='lat' dir='ltr'><strong>misit</strong></span> <span class='ocrx_word' id='word_1_350' title='bbox 1722 3070 1863 3124; x_wconf 84' lang='lat' dir='ltr'><strong>Deus</strong></span> <span class='ocrx_word' id='word_1_351' title='bbox 1892 3072 2132 3142; x_wconf 82' lang='lat' dir='ltr'><strong>spiritum</strong></span> <span class='ocrx_word' id='word_1_352' title='bbox 2172 3058 2177 3064; x_wconf 61' lang='grc'><em>’</em></span> 
     </span>
    </p>
   </div>
   <div class='ocr_carea' id='block_1_49' title="bbox 460 3163 2132 3237">
    <p class='ocr_par' dir='ltr' id='par_1_49' title="bbox 460 3163 2132 3237">
     <span class='ocr_line' id='line_1_49' title="bbox 460 3163 2132 3237; baseline -0.007 -10"><span class='ocrx_word' id='word_1_353' title='bbox 460 3180 479 3237; x_wconf 83' lang='lat'><strong>\</strong></span> <span class='ocrx_word' id='word_1_354' title='bbox 531 3172 663 3226; x_wconf 78' lang='lat' dir='ltr'><strong>Filii</strong></span> <span class='ocrx_word' id='word_1_355' title='bbox 694 3172 775 3226; x_wconf 89' lang='lat' dir='ltr'><strong>sui</strong></span> <span class='ocrx_word' id='word_1_356' title='bbox 804 3172 857 3224; x_wconf 82' lang='lat' dir='ltr'><strong>in</strong></span> <span class='ocrx_word' id='word_1_357' title='bbox 886 3170 1044 3222; x_wconf 83' lang='lat' dir='ltr'><strong>corda</strong></span> <span class='ocrx_word' id='word_1_358' title='bbox 1072 3178 1238 3222; x_wconf 81' lang='lat' dir='ltr'><strong>vestra</strong></span> <span class='ocrx_word' id='word_1_359' title='bbox 1266 3166 1607 3231; x_wconf 87' lang='lat' dir='ltr'><strong>clamantem,</strong></span> <span class='ocrx_word' id='word_1_360' title='bbox 1656 3163 1795 3216; x_wconf 80' lang='lat' dir='ltr'><strong>Abba</strong></span> <span class='ocrx_word' id='word_1_361' title='bbox 1815 3204 1828 3228; x_wconf 93' lang='lat'><strong>,</strong></span> <span class='ocrx_word' id='word_1_362' title='bbox 1864 3174 2029 3233; x_wconf 77' lang='lat' dir='ltr'><strong>pater.</strong></span> <span class='ocrx_word' id='word_1_363' title='bbox 2060 3163 2132 3216; x_wconf 75' lang='lat' dir='ltr'><strong>Ex</strong></span> 
     </span>
    </p>
   </div>
   <div class='ocr_carea' id='block_1_50' title="bbox 2248 3163 3804 3237">
    <p class='ocr_par' dir='ltr' id='par_1_50' title="bbox 2248 3169 3804 3237">
     <span class='ocr_line' id='line_1_50' title="bbox 2248 3169 3804 3237; baseline 0.001 -13"><span class='ocrx_word' id='word_1_364' title='bbox 2248 3169 2442 3235; x_wconf 81' lang='lat' dir='ltr'><strong>luisset,</strong></span> <span class='ocrx_word' id='word_1_365' title='bbox 2478 3170 2653 3223; x_wconf 87' lang='lat' dir='ltr'><strong>oculos</strong></span> <span class='ocrx_word' id='word_1_366' title='bbox 2684 3179 2879 3224; x_wconf 88' lang='lat' dir='ltr'><strong>vestros</strong></span> <span class='ocrx_word' id='word_1_367' title='bbox 2923 3172 3229 3237; x_wconf 83' lang='lat' dir='ltr'><strong>eruissetis,</strong></span> <span class='ocrx_word' id='word_1_368' title='bbox 3282 3178 3333 3226; x_wconf 88' lang='lat' dir='ltr'><strong>et</strong></span> <span class='ocrx_word' id='word_1_369' title='bbox 3378 3172 3645 3228; x_wconf 83' lang='lat' dir='ltr'><strong>dedissetis</strong></span> <span class='ocrx_word' id='word_1_370' title='bbox 3687 3172 3804 3225; x_wconf 81' lang='lat' dir='ltr'><strong>milii.</strong></span> 
     </span>
    </p>
   </div>
   <div class='ocr_carea' id='block_1_51' title="bbox 534 3254 2132 3331">
    <p class='ocr_par' dir='ltr' id='par_1_51' title="bbox 534 3254 2132 3331">
     <span class='ocr_line' id='line_1_51' title="bbox 534 3254 2132 3331; baseline -0.006 -14"><span class='ocrx_word' id='word_1_371' title='bbox 534 3262 638 3318; x_wconf 87' lang='lat' dir='ltr'><strong>hoc</strong></span> <span class='ocrx_word' id='word_1_372' title='bbox 660 3277 759 3317; x_wconf 90' lang='lat' dir='ltr'><strong>nos</strong></span> <span class='ocrx_word' id='word_1_373' title='bbox 786 3262 982 3331; x_wconf 85' lang='lat' dir='ltr'><strong>prohat</strong></span> <span class='ocrx_word' id='word_1_374' title='bbox 1026 3260 1165 3314; x_wconf 90' lang='lat' dir='ltr'><strong>ﬁlios</strong></span> <span class='ocrx_word' id='word_1_375' title='bbox 1208 3271 1331 3314; x_wconf 89' lang='lat' dir='ltr'><strong>esse</strong></span> <span class='ocrx_word' id='word_1_376' title='bbox 1378 3256 1517 3326; x_wconf 91' lang='lat' dir='ltr'><strong>Dei,</strong></span> <span class='ocrx_word' id='word_1_377' title='bbox 1568 3256 1825 3325; x_wconf 88' lang='lat' dir='ltr'><strong>quoniam</strong></span> <span class='ocrx_word' id='word_1_378' title='bbox 1880 3254 2132 3325; x_wconf 90' lang='lat' dir='ltr'><strong>spiritum</strong></span> 
     </span>
    </p>
   </div>
   <div class='ocr_carea' id='block_1_52' title="bbox 532 3355 1095 3424">
    <p class='ocr_par' dir='ltr' id='par_1_52' title="bbox 532 3355 1095 3424">
     <span class='ocr_line' id='line_1_52' title="bbox 532 3355 1095 3424; baseline -0.012 -12"><span class='ocrx_word' id='word_1_379' title='bbox 532 3355 738 3412; x_wconf 84' lang='lat' dir='ltr'><strong>Christi</strong></span> <span class='ocrx_word' id='word_1_380' title='bbox 764 3355 1095 3424; x_wconf 84' lang='lat' dir='ltr'><strong>accepimus.</strong></span> 
     </span>
    </p>
   </div>
   <div class='ocr_carea' id='block_1_53' title="bbox 607 3441 2133 3519">
    <p class='ocr_par' dir='ltr' id='par_1_53' title="bbox 607 3441 2133 3519">
     <span class='ocr_line' id='line_1_53' title="bbox 607 3441 2133 3519; baseline -0.006 -16"><span class='ocrx_word' id='word_1_381' title='bbox 607 3448 793 3519; x_wconf 84' lang='lat' dir='ltr'><strong>Itaque</strong></span> <span class='ocrx_word' id='word_1_382' title='bbox 811 3451 929 3519; x_wconf 85' lang='lat' dir='ltr'><strong>jam</strong></span> <span class='ocrx_word' id='word_1_383' title='bbox 960 3463 1060 3500; x_wconf 89' lang='lat' dir='ltr'><strong>non</strong></span> <span class='ocrx_word' id='word_1_384' title='bbox 1083 3455 1156 3500; x_wconf 89' lang='lat' dir='ltr'><strong>est</strong></span> <span class='ocrx_word' id='word_1_385' title='bbox 1184 3461 1380 3509; x_wconf 85' lang='lat' dir='ltr'><strong>servus,</strong></span> <span class='ocrx_word' id='word_1_386' title='bbox 1413 3442 1503 3497; x_wconf 85' lang='lat' dir='ltr'><strong>sed</strong></span> <span class='ocrx_word' id='word_1_387' title='bbox 1532 3442 1703 3511; x_wconf 80' lang='lat' dir='ltr'><strong>ﬁlius:</strong></span> <span class='ocrx_word' id='word_1_388' title='bbox 1722 3442 1861 3512; x_wconf 83' lang='lat' dir='ltr'><strong>quod</strong></span> <span class='ocrx_word' id='word_1_389' title='bbox 1890 3442 1935 3496; x_wconf 90' lang='lat' dir='ltr'><strong>si</strong></span> <span class='ocrx_word' id='word_1_390' title='bbox 1961 3441 2133 3510; x_wconf 81' lang='lat' dir='ltr'><strong>ﬁlius,</strong></span> 
     </span>
    </p>
   </div>
   <div class='ocr_carea' id='block_1_54' title="bbox 535 3534 2136 3613">
    <p class='ocr_par' dir='ltr' id='par_1_54' title="bbox 535 3534 2136 3613">
     <span class='ocr_line' id='line_1_54' title="bbox 535 3534 2136 3613; baseline -0.008 -12"><span class='ocrx_word' id='word_1_391' title='bbox 535 3557 582 3601; x_wconf 88' lang='lat' dir='ltr'><strong>et</strong></span> <span class='ocrx_word' id='word_1_392' title='bbox 609 3546 770 3599; x_wconf 70' lang='lat' dir='ltr'><strong>luet-es</strong></span> <span class='ocrx_word' id='word_1_393' title='bbox 796 3559 883 3613; x_wconf 88' lang='lat' dir='ltr'><strong>per</strong></span> <span class='ocrx_word' id='word_1_394' title='bbox 910 3542 1093 3594; x_wconf 85' lang='lat' dir='ltr'><strong>Deum.</strong></span> <span class='ocrx_word' id='word_1_395' title='bbox 1128 3538 1264 3606; x_wconf 83' lang='lat' dir='ltr'><strong>Quid</strong></span> <span class='ocrx_word' id='word_1_396' title='bbox 1295 3538 1373 3591; x_wconf 89' lang='lat' dir='ltr'><strong>vis</strong></span> <span class='ocrx_word' id='word_1_397' title='bbox 1400 3536 1592 3592; x_wconf 87' lang='lat' dir='ltr'><strong>iterum</strong></span> <span class='ocrx_word' id='word_1_398' title='bbox 1634 3550 1827 3590; x_wconf 76' lang='lat' dir='ltr'><strong>servus</strong></span> <span class='ocrx_word' id='word_1_399' title='bbox 1869 3550 2021 3602; x_wconf 82' lang='lat' dir='ltr'><strong>esse,</strong></span> <span class='ocrx_word' id='word_1_400' title='bbox 2048 3534 2136 3605; x_wconf 89' lang='lat' dir='ltr'><strong>qui</strong></span> 
     </span>
    </p>
   </div>
   <div class='ocr_carea' id='block_1_55' title="bbox 530 3625 2132 3707">
    <p class='ocr_par' dir='ltr' id='par_1_55' title="bbox 530 3625 2132 3707">
     <span class='ocr_line' id='line_1_55' title="bbox 530 3625 2132 3707; baseline -0.003 -23"><span class='ocrx_word' id='word_1_401' title='bbox 530 3637 644 3707; x_wconf 78' lang='lat' dir='ltr'><strong>jam</strong></span> <span class='ocrx_word' id='word_1_402' title='bbox 674 3635 813 3689; x_wconf 83' lang='lat' dir='ltr'><strong>filius</strong></span> <span class='ocrx_word' id='word_1_403' title='bbox 842 3642 895 3687; x_wconf 88' lang='lat' dir='ltr'><strong>et</strong></span> <span class='ocrx_word' id='word_1_404' title='bbox 924 3633 1097 3686; x_wconf 78' lang='lat' dir='ltr'><strong>lueres</strong></span> <span class='ocrx_word' id='word_1_405' title='bbox 1130 3630 1225 3685; x_wconf 91' lang='lat' dir='ltr'><strong>es?</strong></span> <span class='ocrx_word' id='word_1_406' title='bbox 1258 3630 1387 3683; x_wconf 88' lang='lat' dir='ltr'><strong>Item</strong></span> <span class='ocrx_word' id='word_1_407' title='bbox 1419 3628 1503 3682; x_wconf 91' lang='lat' dir='ltr'><strong>ltic</strong></span> <span class='ocrx_word' id='word_1_408' title='bbox 1539 3627 1823 3683; x_wconf 82' lang='lat' dir='ltr'><strong>manifeste</strong></span> <span class='ocrx_word' id='word_1_409' title='bbox 1852 3625 2084 3683; x_wconf 90' lang='lat' dir='ltr'><strong>ostendit</strong></span> <span class='ocrx_word' id='word_1_410' title='bbox 2117 3669 2132 3694; x_wconf 93' lang='lat'><strong>,</strong></span> 
     </span>
    </p>
   </div>
   <div class='ocr_carea' id='block_1_56' title="bbox 532 3720 1697 3800">
    <p class='ocr_par' dir='ltr' id='par_1_56' title="bbox 532 3720 1697 3800">
     <span class='ocr_line' id='line_1_56' title="bbox 532 3720 1697 3800; baseline -0.009 -16"><span class='ocrx_word' id='word_1_411' title='bbox 532 3731 658 3800; x_wconf 89' lang='lat' dir='ltr'><strong>quia</strong></span> <span class='ocrx_word' id='word_1_412' title='bbox 680 3736 823 3782; x_wconf 81' lang='lat' dir='ltr'><strong>tutus</strong></span> <span class='ocrx_word' id='word_1_413' title='bbox 851 3725 1098 3795; x_wconf 65' lang='lat' dir='ltr'><strong>populus,</strong></span> <span class='ocrx_word' id='word_1_414' title='bbox 1122 3738 1267 3777; x_wconf 89' lang='lat' dir='ltr'><strong>unus</strong></span> <span class='ocrx_word' id='word_1_415' title='bbox 1290 3720 1429 3775; x_wconf 89' lang='lat' dir='ltr'><strong>ﬁlius</strong></span> <span class='ocrx_word' id='word_1_416' title='bbox 1458 3728 1697 3775; x_wconf 86' lang='lat' dir='ltr'><strong>vocatur.</strong></span> 
     </span>
    </p>
   </div>
   <div class='ocr_carea' id='block_1_57' title="bbox 608 3812 2136 3887">
    <p class='ocr_par' dir='ltr' id='par_1_57' title="bbox 608 3812 2136 3887">
     <span class='ocr_line' id='line_1_57' title="bbox 608 3812 2136 3887; baseline -0.009 -9"><span class='ocrx_word' id='word_1_417' title='bbox 608 3822 855 3878; x_wconf 84' lang='lat' dir='ltr'><strong>Sedtunc</strong></span> <span class='ocrx_word' id='word_1_418' title='bbox 883 3818 1088 3887; x_wconf 81' lang='lat' dir='ltr'><strong>quidem</strong></span> <span class='ocrx_word' id='word_1_419' title='bbox 1119 3818 1415 3887; x_wconf 84' lang='lat' dir='ltr'><strong>ignorantes</strong></span> <span class='ocrx_word' id='word_1_420' title='bbox 1465 3812 1627 3867; x_wconf 86' lang='lat' dir='ltr'><strong>Deum</strong></span> <span class='ocrx_word' id='word_1_421' title='bbox 1673 3812 1754 3866; x_wconf 81' lang='lat' dir='ltr'><strong>his</strong></span> <span class='ocrx_word' id='word_1_422' title='bbox 1810 3814 1896 3883; x_wconf 90' lang='lat' dir='ltr'><strong>qui</strong></span> <span class='ocrx_word' id='word_1_423' title='bbox 1949 3822 2136 3866; x_wconf 89' lang='lat' dir='ltr'><strong>natura</strong></span> 
     </span>
    </p>
   </div>
   <div class='ocr_carea' id='block_1_58' title="bbox 534 3905 2133 3979">
    <p class='ocr_par' dir='ltr' id='par_1_58' title="bbox 534 3905 2133 3979">
     <span class='ocr_line' id='line_1_58' title="bbox 534 3905 2133 3979; baseline -0.007 -9"><span class='ocrx_word' id='word_1_424' title='bbox 534 3933 637 3970; x_wconf 89' lang='lat' dir='ltr'><strong>non</strong></span> <span class='ocrx_word' id='word_1_425' title='bbox 666 3925 783 3969; x_wconf 88' lang='lat' dir='ltr'><strong>sunt</strong></span> <span class='ocrx_word' id='word_1_426' title='bbox 811 3912 907 3979; x_wconf 86' lang='lat' dir='ltr'><strong>dii,</strong></span> <span class='ocrx_word' id='word_1_427' title='bbox 938 3910 1252 3965; x_wconf 84' lang='lat' dir='ltr'><strong>serviebatis.</strong></span> <span class='ocrx_word' id='word_1_428' title='bbox 1276 3906 1553 3962; x_wconf 82' lang='lat' dir='ltr'><strong>Convertit</strong></span> <span class='ocrx_word' id='word_1_429' title='bbox 1591 3922 1649 3961; x_wconf 92' lang='lat' dir='ltr'><strong>se</strong></span> <span class='ocrx_word' id='word_1_430' title='bbox 1676 3905 1741 3959; x_wconf 90' lang='lat' dir='ltr'><strong>ad</strong></span> <span class='ocrx_word' id='word_1_431' title='bbox 1771 3905 1918 3971; x_wconf 90' lang='lat' dir='ltr'><strong>illos,</strong></span> <span class='ocrx_word' id='word_1_432' title='bbox 1944 3905 2035 3975; x_wconf 83' lang='lat' dir='ltr'><strong>qui</strong></span> <span class='ocrx_word' id='word_1_433' title='bbox 2065 3921 2133 3959; x_wconf 81' lang='lat' dir='ltr'><strong>ex</strong></span> 
     </span>
    </p>
   </div>
   <div class='ocr_carea' id='block_1_59' title="bbox 530 3995 2133 4078">
    <p class='ocr_par' dir='ltr' id='par_1_59' title="bbox 530 3995 2133 4078">
     <span class='ocr_line' id='line_1_59' title="bbox 530 3995 2133 4078; baseline -0.008 -16"><span class='ocrx_word' id='word_1_434' title='bbox 530 4006 784 4078; x_wconf 88' lang='lat' dir='ltr'><strong>gentibus</strong></span> <span class='ocrx_word' id='word_1_435' title='bbox 812 4002 1176 4065; x_wconf 82' lang='lat' dir='ltr'><strong>crediderant,</strong></span> <span class='ocrx_word' id='word_1_436' title='bbox 1208 4010 1259 4054; x_wconf 92' lang='lat' dir='ltr'><strong>et</strong></span> <span class='ocrx_word' id='word_1_437' title='bbox 1287 3999 1467 4068; x_wconf 89' lang='lat' dir='ltr'><strong>arguit</strong></span> <span class='ocrx_word' id='word_1_438' title='bbox 1499 3996 1781 4066; x_wconf 87' lang='lat' dir='ltr'><strong>illos,quia</strong></span> <span class='ocrx_word' id='word_1_439' title='bbox 1812 3995 1927 4050; x_wconf 88' lang='lat' dir='ltr'><strong>dies</strong></span> <span class='ocrx_word' id='word_1_440' title='bbox 1943 3995 2133 4062; x_wconf 87' lang='lat' dir='ltr'><strong>festos,</strong></span> 
     </span>
    </p>
   </div>
   <div class='ocr_carea' id='block_1_60' title="bbox 532 4088 2136 4167">
    <p class='ocr_par' dir='ltr' id='par_1_60' title="bbox 532 4088 2136 4167">
     <span class='ocr_line' id='line_1_60' title="bbox 532 4088 2136 4167; baseline -0.009 -12"><span class='ocrx_word' id='word_1_441' title='bbox 532 4110 587 4155; x_wconf 92' lang='lat' dir='ltr'><strong>et</strong></span> <span class='ocrx_word' id='word_1_442' title='bbox 620 4108 860 4167; x_wconf 71' lang='lat' dir='ltr'><strong>tempera</strong></span> <span class='ocrx_word' id='word_1_443' title='bbox 889 4094 1200 4148; x_wconf 74' lang='lat' dir='ltr'><strong>.ludzeurum</strong></span> <span class='ocrx_word' id='word_1_444' title='bbox 1234 4092 1529 4145; x_wconf 77' lang='lat' dir='ltr'><strong>observare</strong></span> <span class='ocrx_word' id='word_1_445' title='bbox 1560 4088 1781 4153; x_wconf 87' lang='lat' dir='ltr'><strong>vellent,</strong></span> <span class='ocrx_word' id='word_1_446' title='bbox 1809 4088 1948 4142; x_wconf 90' lang='lat' dir='ltr'><strong>sicut</strong></span> <span class='ocrx_word' id='word_1_447' title='bbox 1978 4098 2136 4143; x_wconf 89' lang='lat' dir='ltr'><strong>antea</strong></span> 
     </span>
    </p>
   </div>
   <div class='ocr_carea' id='block_1_61' title="bbox 534 4181 2137 4246">
    <p class='ocr_par' dir='ltr' id='par_1_61' title="bbox 534 4181 2137 4246">
     <span class='ocr_line' id='line_1_61' title="bbox 534 4181 2137 4246; baseline -0.007 0"><span class='ocrx_word' id='word_1_448' title='bbox 534 4192 693 4246; x_wconf 80' lang='lat' dir='ltr'><strong>idolis</strong></span> <span class='ocrx_word' id='word_1_449' title='bbox 718 4191 975 4243; x_wconf 81' lang='lat' dir='ltr'><strong>iecerant.</strong></span> <span class='ocrx_word' id='word_1_450' title='bbox 1012 4183 1143 4238; x_wconf 91' lang='lat' dir='ltr'><strong>Nam</strong></span> <span class='ocrx_word' id='word_1_451' title='bbox 1168 4182 1370 4237; x_wconf 65' lang='lat' dir='ltr'><strong>Iudaeis</strong></span> <span class='ocrx_word' id='word_1_452' title='bbox 1396 4182 1482 4235; x_wconf 88' lang='lat' dir='ltr'><strong>isti</strong></span> <span class='ocrx_word' id='word_1_453' title='bbox 1510 4181 1626 4235; x_wconf 91' lang='lat' dir='ltr'><strong>dies</strong></span> <span class='ocrx_word' id='word_1_454' title='bbox 1659 4181 1859 4235; x_wconf 89' lang='lat' dir='ltr'><strong>idcirco</strong></span> <span class='ocrx_word' id='word_1_455' title='bbox 1891 4181 2137 4236; x_wconf 89' lang='lat' dir='ltr'><strong>concessi</strong></span> 
     </span>
    </p>
   </div>
   <div class='ocr_carea' id='block_1_62' title="bbox 536 4272 2034 4347">
    <p class='ocr_par' dir='ltr' id='par_1_62' title="bbox 536 4272 2034 4347">
     <span class='ocr_line' id='line_1_62' title="bbox 536 4272 2034 4347; baseline -0.009 -9"><span class='ocrx_word' id='word_1_456' title='bbox 536 4292 679 4347; x_wconf 84' lang='lat' dir='ltr'><strong>sunt,</strong></span> <span class='ocrx_word' id='word_1_457' title='bbox 708 4296 776 4336; x_wconf 92' lang='lat' dir='ltr'><strong>ne</strong></span> <span class='ocrx_word' id='word_1_458' title='bbox 803 4295 899 4335; x_wconf 89' lang='lat' dir='ltr'><strong>eos</strong></span> <span class='ocrx_word' id='word_1_459' title='bbox 926 4292 1114 4333; x_wconf 88' lang='lat' dir='ltr'><strong>amore</strong></span> <span class='ocrx_word' id='word_1_460' title='bbox 1146 4274 1477 4341; x_wconf 79' lang='lat' dir='ltr'><strong>festivitatis,</strong></span> <span class='ocrx_word' id='word_1_461' title='bbox 1513 4273 1670 4328; x_wconf 90' lang='lat' dir='ltr'><strong>idolis</strong></span> <span class='ocrx_word' id='word_1_462' title='bbox 1692 4272 2034 4328; x_wconf 80' lang='lat' dir='ltr'><strong>exhiberem.</strong></span> 
     </span>
    </p>
   </div>
   <div class='ocr_carea' id='block_1_63' title="bbox 610 4364 2137 4440">
    <p class='ocr_par' dir='ltr' id='par_1_63' title="bbox 610 4364 2137 4440">
     <span class='ocr_line' id='line_1_63' title="bbox 610 4364 2137 4440; baseline -0.007 -13"><span class='ocrx_word' id='word_1_463' title='bbox 610 4374 769 4427; x_wconf 84' lang='lat' dir='ltr'><strong>Nune</strong></span> <span class='ocrx_word' id='word_1_464' title='bbox 795 4382 1099 4425; x_wconf 87' lang='lat' dir='ltr'><strong>autemcnm</strong></span> <span class='ocrx_word' id='word_1_465' title='bbox 1129 4366 1469 4440; x_wconf 85' lang='lat' dir='ltr'><strong>cegnoveritis</strong></span> <span class='ocrx_word' id='word_1_466' title='bbox 1507 4365 1705 4430; x_wconf 89' lang='lat' dir='ltr'><strong>Deum,</strong></span> <span class='ocrx_word' id='word_1_467' title='bbox 1747 4367 1902 4418; x_wconf 89' lang='lat' dir='ltr'><strong>immo</strong></span> <span class='ocrx_word' id='word_1_468' title='bbox 1945 4364 2137 4436; x_wconf 86' lang='lat' dir='ltr'><strong>ragniti</strong></span> 
     </span>
    </p>
   </div>
   <div class='ocr_carea' id='block_1_64' title="bbox 537 4456 2134 4531">
    <p class='ocr_par' dir='ltr' id='par_1_64' title="bbox 537 4456 2134 4531">
     <span class='ocr_line' id='line_1_64' title="bbox 537 4456 2134 4531; baseline -0.005 -12"><span class='ocrx_word' id='word_1_469' title='bbox 537 4466 648 4519; x_wconf 88' lang='lat' dir='ltr'><strong>sitis</strong></span> <span class='ocrx_word' id='word_1_470' title='bbox 679 4482 710 4516; x_wconf 89' lang='lat' dir='ltr'><strong>a</strong></span> <span class='ocrx_word' id='word_1_471' title='bbox 744 4464 871 4517; x_wconf 92' lang='lat' dir='ltr'><strong>Deo.</strong></span> <span class='ocrx_word' id='word_1_472' title='bbox 907 4458 1460 4531; x_wconf 78' lang='lat' dir='ltr'><strong>Anteignorabantini</strong></span> <span class='ocrx_word' id='word_1_473' title='bbox 1493 4458 1559 4513; x_wconf 88' lang='lat' dir='ltr'><strong>ab</strong></span> <span class='ocrx_word' id='word_1_474' title='bbox 1600 4458 1717 4522; x_wconf 87' lang='lat' dir='ltr'><strong>illo,</strong></span> <span class='ocrx_word' id='word_1_475' title='bbox 1747 4456 1872 4527; x_wconf 89' lang='lat' dir='ltr'><strong>quia</strong></span> <span class='ocrx_word' id='word_1_476' title='bbox 1901 4472 2005 4511; x_wconf 93' lang='lat' dir='ltr'><strong>non</strong></span> <span class='ocrx_word' id='word_1_477' title='bbox 2037 4470 2134 4511; x_wconf 90' lang='lat' dir='ltr'><strong>no-</strong></span> 
     </span>
    </p>
   </div>
   <div class='ocr_carea' id='block_1_65' title="bbox 536 4548 2211 4624">
    <p class='ocr_par' dir='ltr' id='par_1_65' title="bbox 536 4548 2211 4624">
     <span class='ocr_line' id='line_1_65' title="bbox 536 4548 2211 4624; baseline -0.004 -13"><span class='ocrx_word' id='word_1_478' title='bbox 536 4561 615 4611; x_wconf 88' lang='lat' dir='ltr'><strong>vit</strong></span> <span class='ocrx_word' id='word_1_479' title='bbox 642 4557 851 4624; x_wconf 86' lang='lat' dir='ltr'><strong>iniquos</strong></span> <span class='ocrx_word' id='word_1_480' title='bbox 882 4570 897 4609; x_wconf 90' lang='lat'><strong>:</strong></span> <span class='ocrx_word' id='word_1_481' title='bbox 927 4563 981 4608; x_wconf 91' lang='lat' dir='ltr'><strong>et</strong></span> <span class='ocrx_word' id='word_1_482' title='bbox 1010 4568 1117 4607; x_wconf 92' lang='lat' dir='ltr'><strong>non</strong></span> <span class='ocrx_word' id='word_1_483' title='bbox 1147 4568 1244 4608; x_wconf 89' lang='lat' dir='ltr'><strong>vos</strong></span> <span class='ocrx_word' id='word_1_484' title='bbox 1277 4550 1427 4606; x_wconf 91' lang='lat' dir='ltr'><strong>illum</strong></span> <span class='ocrx_word' id='word_1_485' title='bbox 1460 4550 1756 4621; x_wconf 70' lang='lat' dir='ltr'><strong>qutcsistis,</strong></span> <span class='ocrx_word' id='word_1_486' title='bbox 1776 4548 1872 4604; x_wconf 90' lang='lat' dir='ltr'><strong>sed</strong></span> <span class='ocrx_word' id='word_1_487' title='bbox 1905 4548 1997 4605; x_wconf 88' lang='lat' dir='ltr'><strong>ille</strong></span> <span class='ocrx_word' id='word_1_488' title='bbox 2036 4563 2133 4605; x_wconf 90' lang='lat' dir='ltr'><strong>vos</strong></span> <span class='ocrx_word' id='word_1_489' title='bbox 2158 4550 2211 4611; x_wconf 89' lang='lat' dir='ltr'><strong>D</strong></span> 
     </span>
    </p>
   </div>
   <div class='ocr_carea' id='block_1_66' title="bbox 540 4644 1105 4720">
    <p class='ocr_par' dir='ltr' id='par_1_66' title="bbox 540 4644 1105 4720">
     <span class='ocr_line' id='line_1_66' title="bbox 540 4644 1105 4720; baseline -0.005 -21"><span class='ocrx_word' id='word_1_490' title='bbox 540 4646 782 4720; x_wconf 82' lang='lat' dir='ltr'><strong>perditos</strong></span> <span class='ocrx_word' id='word_1_491' title='bbox 804 4644 1105 4713; x_wconf 69' lang='lat' dir='ltr'><strong>requisivit.</strong></span> 
     </span>
    </p>
   </div>
   <div class='ocr_carea' id='block_1_67' title="bbox 532 4737 2135 4810">
    <p class='ocr_par' dir='ltr' id='par_1_67' title="bbox 532 4737 2135 4810">
     <span class='ocr_line' id='line_1_67' title="bbox 532 4737 2135 4810; baseline -0.001 -18"><span class='ocrx_word' id='word_1_492' title='bbox 532 4750 535 4753; x_wconf 71' lang='lat'><strong><em>‘</em></strong></span> <span class='ocrx_word' id='word_1_493' title='bbox 613 4738 884 4808; x_wconf 85' lang='lat' dir='ltr'><strong>Quomodo</strong></span> <span class='ocrx_word' id='word_1_494' title='bbox 912 4739 1271 4791; x_wconf 83' lang='lat' dir='ltr'><strong>convertimini</strong></span> <span class='ocrx_word' id='word_1_495' title='bbox 1301 4740 1484 4792; x_wconf 85' lang='lat' dir='ltr'><strong>iterum</strong></span> <span class='ocrx_word' id='word_1_496' title='bbox 1516 4738 1583 4791; x_wconf 82' lang='lat' dir='ltr'><strong>ad</strong></span> <span class='ocrx_word' id='word_1_497' title='bbox 1638 4737 1847 4807; x_wconf 80' lang='lat' dir='ltr'><strong>inﬁrma</strong></span> <span class='ocrx_word' id='word_1_498' title='bbox 1898 4748 1943 4792; x_wconf 89' lang='lat' dir='ltr'><strong>et</strong></span> <span class='ocrx_word' id='word_1_499' title='bbox 1978 4754 2135 4810; x_wconf 85' lang='lat' dir='ltr'><strong>egena</strong></span> 
     </span>
    </p>
   </div>
   <div class='ocr_carea' id='block_1_68' title="bbox 537 4828 2133 4896">
    <p class='ocr_par' dir='ltr' id='par_1_68' title="bbox 537 4828 2133 4896">
     <span class='ocr_line' id='line_1_68' title="bbox 537 4828 2133 4896; baseline -0.004 -6"><span class='ocrx_word' id='word_1_500' title='bbox 537 4835 803 4896; x_wconf 86' lang='lat' dir='ltr'><strong>elementa,</strong></span> <span class='ocrx_word' id='word_1_501' title='bbox 819 4828 1001 4896; x_wconf 87' lang='lat' dir='ltr'><strong>quibus</strong></span> <span class='ocrx_word' id='word_1_502' title='bbox 1022 4828 1191 4882; x_wconf 82' lang='lat' dir='ltr'><strong>denuo</strong></span> <span class='ocrx_word' id='word_1_503' title='bbox 1214 4832 1407 4883; x_wconf 87' lang='lat' dir='ltr'><strong>servire</strong></span> <span class='ocrx_word' id='word_1_504' title='bbox 1424 4830 1615 4884; x_wconf 88' lang='lat' dir='ltr'><strong>vultis?</strong></span> <span class='ocrx_word' id='word_1_505' title='bbox 1636 4830 1931 4885; x_wconf 83' lang='lat' dir='ltr'><strong>Evidenter</strong></span> <span class='ocrx_word' id='word_1_506' title='bbox 1947 4838 2133 4885; x_wconf 86' lang='lat' dir='ltr'><strong>osten-</strong></span> 
     </span>
    </p>
   </div>
   <div class='ocr_carea' id='block_1_69' title="bbox 538 4920 2134 4994">
    <p class='ocr_par' dir='ltr' id='par_1_69' title="bbox 538 4920 2134 4994">
     <span class='ocr_line' id='line_1_69' title="bbox 538 4920 2134 4994; baseline -0.001 -13"><span class='ocrx_word' id='word_1_507' title='bbox 538 4927 618 4981; x_wconf 87' lang='lat' dir='ltr'><strong>dit</strong></span> <span class='ocrx_word' id='word_1_508' title='bbox 645 4923 936 4994; x_wconf 84' lang='lat' dir='ltr'><strong>Apostolus</strong></span> <span class='ocrx_word' id='word_1_509' title='bbox 962 4920 1204 4986; x_wconf 78' lang='lat' dir='ltr'><strong>Galatas,</strong></span> <span class='ocrx_word' id='word_1_510' title='bbox 1235 4930 1353 4989; x_wconf 92' lang='lat' dir='ltr'><strong>post</strong></span> <span class='ocrx_word' id='word_1_511' title='bbox 1380 4932 1655 4993; x_wconf 83' lang='lat' dir='ltr'><strong>acceptam</strong></span> <span class='ocrx_word' id='word_1_512' title='bbox 1698 4924 1860 4979; x_wconf 89' lang='lat' dir='ltr'><strong>ﬁdem</strong></span> <span class='ocrx_word' id='word_1_513' title='bbox 1893 4923 2134 4991; x_wconf 89' lang='lat' dir='ltr'><strong>Christi,</strong></span> 
     </span>
    </p>
   </div>
   <div class='ocr_carea' id='block_1_70' title="bbox 538 5010 1676 5074">
    <p class='ocr_par' dir='ltr' id='par_1_70' title="bbox 538 5010 1676 5074">
     <span class='ocr_line' id='line_1_70' title="bbox 538 5010 1676 5074; baseline -0.004 0"><span class='ocrx_word' id='word_1_514' title='bbox 538 5018 604 5074; x_wconf 79' lang='lat' dir='ltr'><strong>ad</strong></span> <span class='ocrx_word' id='word_1_515' title='bbox 635 5017 903 5072; x_wconf 76' lang='lat' dir='ltr'><strong>idolorum</strong></span> <span class='ocrx_word' id='word_1_516' title='bbox 934 5012 1127 5069; x_wconf 67' lang='lat' dir='ltr'><strong>iterum</strong></span> <span class='ocrx_word' id='word_1_517' title='bbox 1159 5010 1366 5066; x_wconf 86' lang='lat' dir='ltr'><strong>redisse</strong></span> <span class='ocrx_word' id='word_1_518' title='bbox 1391 5014 1676 5069; x_wconf 78' lang='lat' dir='ltr'><strong>culturam.</strong></span> 
     </span>
    </p>
   </div>
   <div class='ocr_carea' id='block_1_71' title="bbox 610 5104 2127 5174">
    <p class='ocr_par' dir='ltr' id='par_1_71' title="bbox 610 5104 2127 5174">
     <span class='ocr_line' id='line_1_71' title="bbox 610 5104 2127 5174; baseline -0.001 -11"><span class='ocrx_word' id='word_1_519' title='bbox 610 5108 739 5163; x_wconf 85' lang='lat' dir='ltr'><strong>Dies</strong></span> <span class='ocrx_word' id='word_1_520' title='bbox 762 5104 1057 5171; x_wconf 87' lang='lat' dir='ltr'><strong>observatis,</strong></span> <span class='ocrx_word' id='word_1_521' title='bbox 1087 5111 1134 5156; x_wconf 89' lang='lat' dir='ltr'><strong>et</strong></span> <span class='ocrx_word' id='word_1_522' title='bbox 1168 5118 1393 5169; x_wconf 78' lang='lat' dir='ltr'><strong>menses,</strong></span> <span class='ocrx_word' id='word_1_523' title='bbox 1439 5114 1484 5157; x_wconf 87' lang='lat' dir='ltr'><strong>et</strong></span> <span class='ocrx_word' id='word_1_524' title='bbox 1532 5115 1757 5174; x_wconf 80' lang='lat' dir='ltr'><strong>tempora</strong></span> <span class='ocrx_word' id='word_1_525' title='bbox 1790 5148 1803 5172; x_wconf 94' lang='lat'><strong>,</strong></span> <span class='ocrx_word' id='word_1_526' title='bbox 1850 5118 1896 5161; x_wconf 80' lang='lat' dir='ltr'><strong>et</strong></span> <span class='ocrx_word' id='word_1_527' title='bbox 1943 5124 2127 5162; x_wconf 89' lang='lat' dir='ltr'><strong>annos.</strong></span> 
     </span>
    </p>
   </div>
   <div class='ocr_carea' id='block_1_72' title="bbox 540 5195 2130 5258">
    <p class='ocr_par' dir='ltr' id='par_1_72' title="bbox 540 5195 2130 5258">
     <span class='ocr_line' id='line_1_72' title="bbox 540 5195 2130 5258; baseline -0.001 0"><span class='ocrx_word' id='word_1_528' title='bbox 540 5202 650 5258; x_wconf 85' lang='lat' dir='ltr'><strong>Nos</strong></span> <span class='ocrx_word' id='word_1_529' title='bbox 679 5216 785 5254; x_wconf 91' lang='lat' dir='ltr'><strong>non</strong></span> <span class='ocrx_word' id='word_1_530' title='bbox 812 5198 1061 5255; x_wconf 86' lang='lat' dir='ltr'><strong>similiter</strong></span> <span class='ocrx_word' id='word_1_531' title='bbox 1091 5195 1444 5251; x_wconf 81' lang='lat' dir='ltr'><strong>observamus</strong></span> <span class='ocrx_word' id='word_1_532' title='bbox 1479 5214 1490 5249; x_wconf 88' lang='lat'><strong>:</strong></span> <span class='ocrx_word' id='word_1_533' title='bbox 1535 5214 1643 5251; x_wconf 90' lang='lat' dir='ltr'><strong>non</strong></span> <span class='ocrx_word' id='word_1_534' title='bbox 1679 5200 1823 5253; x_wconf 90' lang='lat' dir='ltr'><strong>enim</strong></span> <span class='ocrx_word' id='word_1_535' title='bbox 1870 5198 2130 5256; x_wconf 84' lang='lat' dir='ltr'><strong>kalendas</strong></span> 
     </span>
    </p>
   </div>
   <div class='ocr_carea' id='block_1_73' title="bbox 539 5288 2126 5362">
    <p class='ocr_par' dir='ltr' id='par_1_73' title="bbox 539 5288 2126 5362">
     <span class='ocr_line' id='line_1_73' title="bbox 539 5288 2126 5362; baseline -0.002 -12"><span class='ocrx_word' id='word_1_536' title='bbox 539 5295 789 5357; x_wconf 89' lang='lat' dir='ltr'><strong>colimus,</strong></span> <span class='ocrx_word' id='word_1_537' title='bbox 818 5308 918 5348; x_wconf 89' lang='lat' dir='ltr'><strong>nec</strong></span> <span class='ocrx_word' id='word_1_538' title='bbox 941 5292 1058 5348; x_wconf 92' lang='lat' dir='ltr'><strong>dies</strong></span> <span class='ocrx_word' id='word_1_539' title='bbox 1092 5290 1259 5346; x_wconf 88' lang='lat' dir='ltr'><strong>festos</strong></span> <span class='ocrx_word' id='word_1_540' title='bbox 1280 5330 1294 5355; x_wconf 95' lang='lat'><strong>,</strong></span> <span class='ocrx_word' id='word_1_541' title='bbox 1336 5289 1477 5344; x_wconf 90' lang='lat' dir='ltr'><strong>sicut</strong></span> <span class='ocrx_word' id='word_1_542' title='bbox 1509 5288 1560 5343; x_wconf 92' lang='lat' dir='ltr'><strong>in</strong></span> <span class='ocrx_word' id='word_1_543' title='bbox 1596 5290 1802 5345; x_wconf 85' lang='lat' dir='ltr'><strong>luxuria</strong></span> <span class='ocrx_word' id='word_1_544' title='bbox 1835 5302 1889 5346; x_wconf 89' lang='lat' dir='ltr'><strong>et</strong></span> <span class='ocrx_word' id='word_1_545' title='bbox 1919 5293 2126 5362; x_wconf 90' lang='lat' dir='ltr'><strong>epulis,</strong></span> 
     </span>
    </p>
   </div>
   <div class='ocr_carea' id='block_1_74' title="bbox 534 5381 1602 5455">
    <p class='ocr_par' dir='ltr' id='par_1_74' title="bbox 534 5381 1602 5455">
     <span class='ocr_line' id='line_1_74' title="bbox 534 5381 1602 5455; baseline -0.009 -12"><span class='ocrx_word' id='word_1_546' title='bbox 534 5386 631 5443; x_wconf 90' lang='lat' dir='ltr'><strong>sed</strong></span> <span class='ocrx_word' id='word_1_547' title='bbox 661 5387 713 5439; x_wconf 89' lang='lat' dir='ltr'><strong>itt</strong></span> <span class='ocrx_word' id='word_1_548' title='bbox 746 5383 1058 5439; x_wconf 86' lang='lat' dir='ltr'><strong>sinceritate</strong></span> <span class='ocrx_word' id='word_1_549' title='bbox 1085 5398 1272 5455; x_wconf 86' lang='lat' dir='ltr'><strong>azyma</strong></span> <span class='ocrx_word' id='word_1_550' title='bbox 1297 5381 1602 5452; x_wconf 86' lang='lat' dir='ltr'><strong>epulantur.</strong></span> 
     </span>
    </p>
   </div>
   <div class='ocr_carea' id='block_1_75' title="bbox 607 5475 2131 5546">
    <p class='ocr_par' dir='ltr' id='par_1_75' title="bbox 607 5475 2131 5546">
     <span class='ocr_line' id='line_1_75' title="bbox 607 5475 2131 5546; baseline -0.001 -12"><span class='ocrx_word' id='word_1_551' title='bbox 607 5479 785 5535; x_wconf 86' lang='lat' dir='ltr'><strong>Timeo</strong></span> <span class='ocrx_word' id='word_1_552' title='bbox 816 5492 877 5529; x_wconf 89' lang='lat' dir='ltr'><strong>ne</strong></span> <span class='ocrx_word' id='word_1_553' title='bbox 901 5478 1033 5546; x_wconf 77' lang='lat' dir='ltr'><strong>forte</strong></span> <span class='ocrx_word' id='word_1_554' title='bbox 1048 5480 1157 5531; x_wconf 88' lang='lat' dir='ltr'><strong>sine</strong></span> <span class='ocrx_word' id='word_1_555' title='bbox 1185 5492 1344 5531; x_wconf 90' lang='lat' dir='ltr'><strong>causa</strong></span> <span class='ocrx_word' id='word_1_556' title='bbox 1368 5475 1703 5529; x_wconf 84' lang='lat' dir='ltr'><strong>laboraverint</strong></span> <span class='ocrx_word' id='word_1_557' title='bbox 1729 5476 1781 5531; x_wconf 89' lang='lat' dir='ltr'><strong>in</strong></span> <span class='ocrx_word' id='word_1_558' title='bbox 1802 5477 1964 5532; x_wconf 85' lang='lat' dir='ltr'><strong>vobis.</strong></span> <span class='ocrx_word' id='word_1_559' title='bbox 1988 5478 2131 5533; x_wconf 89' lang='lat' dir='ltr'><strong>Niltil</strong></span> 
     </span>
    </p>
   </div>
   <div class='ocr_carea' id='block_1_76' title="bbox 535 5566 2129 5638">
    <p class='ocr_par' dir='ltr' id='par_1_76' title="bbox 535 5566 2129 5638">
     <span class='ocr_line' id='line_1_76' title="bbox 535 5566 2129 5638; baseline -0.002 -10"><span class='ocrx_word' id='word_1_560' title='bbox 535 5573 679 5628; x_wconf 88' lang='lat' dir='ltr'><strong>enim</strong></span> <span class='ocrx_word' id='word_1_561' title='bbox 716 5566 934 5638; x_wconf 86' lang='lat' dir='ltr'><strong>prodest</strong></span> <span class='ocrx_word' id='word_1_562' title='bbox 963 5568 1298 5625; x_wconf 87' lang='lat' dir='ltr'><strong>Christianos</strong></span> <span class='ocrx_word' id='word_1_563' title='bbox 1330 5582 1426 5624; x_wconf 87' lang='lat' dir='ltr'><strong>vos</strong></span> <span class='ocrx_word' id='word_1_564' title='bbox 1457 5566 1628 5623; x_wconf 89' lang='lat' dir='ltr'><strong>factos</strong></span> <span class='ocrx_word' id='word_1_565' title='bbox 1650 5606 1668 5637; x_wconf 88' lang='lat'><strong>,</strong></span> <span class='ocrx_word' id='word_1_566' title='bbox 1721 5568 1766 5623; x_wconf 91' lang='lat' dir='ltr'><strong>si</strong></span> <span class='ocrx_word' id='word_1_567' title='bbox 1796 5568 1901 5624; x_wconf 90' lang='lat' dir='ltr'><strong>ista</strong></span> <span class='ocrx_word' id='word_1_568' title='bbox 1935 5569 2129 5625; x_wconf 88' lang='lat' dir='ltr'><strong>iterum</strong></span> 
     </span>
    </p>
   </div>
   <div class='ocr_carea' id='block_1_77' title="bbox 535 5645 1426 5716">
    <p class='ocr_par' dir='ltr' id='par_1_77' title="bbox 535 5645 1426 5716">
     <span class='ocr_line' id='line_1_77' title="bbox 535 5645 1426 5716; baseline -0.004 -1"><span class='ocrx_word' id='word_1_569' title='bbox 535 5660 868 5716; x_wconf 85' lang='lat' dir='ltr'><strong>observetis.</strong></span> <span class='ocrx_word' id='word_1_570' title='bbox 1418 5645 1426 5655; x_wconf 82' lang='grc'><em>’</em></span> 
     </span>
    </p>
   </div>
   <div class='ocr_carea' id='block_1_78' title="bbox 607 5752 2132 5826">
    <p class='ocr_par' dir='ltr' id='par_1_78' title="bbox 607 5752 2132 5826">
     <span class='ocr_line' id='line_1_78' title="bbox 607 5752 2132 5826; baseline 0.001 -19"><span class='ocrx_word' id='word_1_571' title='bbox 607 5752 786 5809; x_wconf 84' lang='lat' dir='ltr'><strong>Estote</strong></span> <span class='ocrx_word' id='word_1_572' title='bbox 811 5753 939 5808; x_wconf 84' lang='lat' dir='ltr'><strong>sicut</strong></span> <span class='ocrx_word' id='word_1_573' title='bbox 978 5767 1106 5824; x_wconf 82' lang='lat' dir='ltr'><strong>ego,</strong></span> <span class='ocrx_word' id='word_1_574' title='bbox 1148 5752 1266 5824; x_wconf 85' lang='lat' dir='ltr'><strong>quia</strong></span> <span class='ocrx_word' id='word_1_575' title='bbox 1311 5762 1355 5809; x_wconf 89' lang='lat' dir='ltr'><strong>et</strong></span> <span class='ocrx_word' id='word_1_576' title='bbox 1398 5769 1493 5826; x_wconf 77' lang='lat' dir='ltr'><strong>ego</strong></span> <span class='ocrx_word' id='word_1_577' title='bbox 1537 5754 1667 5811; x_wconf 80' lang='lat' dir='ltr'><strong>sicut</strong></span> <span class='ocrx_word' id='word_1_578' title='bbox 1712 5768 1818 5809; x_wconf 84' lang='lat' dir='ltr'><strong>vos.</strong></span> <span class='ocrx_word' id='word_1_579' title='bbox 1864 5752 1977 5810; x_wconf 86' lang='lat' dir='ltr'><strong>Hoc</strong></span> <span class='ocrx_word' id='word_1_580' title='bbox 2009 5761 2132 5825; x_wconf 83' lang='lat' dir='ltr'><strong>est,</strong></span> 
     </span>
    </p>
   </div>
   <div class='ocr_carea' id='block_1_79' title="bbox 2244 1875 3799 1945">
    <p class='ocr_par' dir='ltr' id='par_1_79' title="bbox 2244 1875 3799 1945">
     <span class='ocr_line' id='line_1_79' title="bbox 2244 1875 3799 1945; baseline -0.003 -12"><span class='ocrx_word' id='word_1_581' title='bbox 2244 1886 2298 1933; x_wconf 90' lang='lat' dir='ltr'><strong>et</strong></span> <span class='ocrx_word' id='word_1_582' title='bbox 2326 1875 2679 1931; x_wconf 90' lang='lat' dir='ltr'><strong>nihilominus</strong></span> <span class='ocrx_word' id='word_1_583' title='bbox 2709 1875 2809 1945; x_wconf 91' lang='lat' dir='ltr'><strong>ipsi</strong></span> <span class='ocrx_word' id='word_1_584' title='bbox 2845 1876 3130 1929; x_wconf 89' lang='lat' dir='ltr'><strong>tentationi</strong></span> <span class='ocrx_word' id='word_1_585' title='bbox 3162 1886 3217 1930; x_wconf 87' lang='lat' dir='ltr'><strong>et</strong></span> <span class='ocrx_word' id='word_1_586' title='bbox 3252 1876 3421 1931; x_wconf 88' lang='lat' dir='ltr'><strong>variis</strong></span> <span class='ocrx_word' id='word_1_587' title='bbox 3466 1875 3668 1945; x_wconf 88' lang='lat' dir='ltr'><strong>injuriis</strong></span> <span class='ocrx_word' id='word_1_588' title='bbox 3706 1890 3799 1945; x_wconf 83' lang='lat' dir='ltr'><strong>per-</strong></span> 
     </span>
    </p>
   </div>
   <div class='ocr_carea' id='block_1_80' title="bbox 2242 1968 3797 2039">
    <p class='ocr_par' dir='ltr' id='par_1_80' title="bbox 2242 1968 3797 2039">
     <span class='ocr_line' id='line_1_80' title="bbox 2242 1968 3797 2039; baseline -0.001 -15"><span class='ocrx_word' id='word_1_589' title='bbox 2242 1969 2512 2024; x_wconf 87' lang='lat' dir='ltr'><strong>miserunt</strong></span> <span class='ocrx_word' id='word_1_590' title='bbox 2540 1968 2864 2039; x_wconf 82' lang='lat' dir='ltr'><strong>Apostolum</strong></span> <span class='ocrx_word' id='word_1_591' title='bbox 2897 1968 3205 2038; x_wconf 89' lang='lat' dir='ltr'><strong>subjacere.</strong></span> <span class='ocrx_word' id='word_1_592' title='bbox 3250 1968 3383 2025; x_wconf 88' lang='lat' dir='ltr'><strong>Item</strong></span> <span class='ocrx_word' id='word_1_593' title='bbox 3417 1969 3632 2038; x_wconf 85' lang='lat' dir='ltr'><strong>grandis</strong></span> <span class='ocrx_word' id='word_1_594' title='bbox 3655 1978 3797 2024; x_wconf 85' lang='lat' dir='ltr'><strong>tenta-</strong></span> 
     </span>
    </p>
   </div>
   <div class='ocr_carea' id='block_1_81' title="bbox 2244 2060 3801 2133">
    <p class='ocr_par' dir='ltr' id='par_1_81' title="bbox 2244 2060 3801 2133">
     <span class='ocr_line' id='line_1_81' title="bbox 2244 2060 3801 2133; baseline 0 -16"><span class='ocrx_word' id='word_1_595' title='bbox 2244 2063 2317 2117; x_wconf 92' lang='lat' dir='ltr'><strong>tio</strong></span> <span class='ocrx_word' id='word_1_596' title='bbox 2347 2072 2453 2129; x_wconf 90' lang='lat' dir='ltr'><strong>est,</strong></span> <span class='ocrx_word' id='word_1_597' title='bbox 2483 2062 2527 2115; x_wconf 91' lang='lat' dir='ltr'><strong>si</strong></span> <span class='ocrx_word' id='word_1_598' title='bbox 2558 2062 2641 2115; x_wconf 88' lang='lat' dir='ltr'><strong>vir</strong></span> <span class='ocrx_word' id='word_1_599' title='bbox 2669 2072 2890 2116; x_wconf 87' lang='lat' dir='ltr'><strong>sanctus</strong></span> <span class='ocrx_word' id='word_1_600' title='bbox 2920 2071 3014 2116; x_wconf 90' lang='lat' dir='ltr'><strong>aut</strong></span> <span class='ocrx_word' id='word_1_601' title='bbox 3043 2060 3372 2129; x_wconf 88' lang='lat' dir='ltr'><strong>inﬁrmetur,</strong></span> <span class='ocrx_word' id='word_1_602' title='bbox 3398 2073 3492 2117; x_wconf 89' lang='lat' dir='ltr'><strong>aut</strong></span> <span class='ocrx_word' id='word_1_603' title='bbox 3514 2064 3713 2133; x_wconf 87' lang='lat' dir='ltr'><strong>impune</strong></span> <span class='ocrx_word' id='word_1_604' title='bbox 3732 2064 3801 2117; x_wconf 75' lang='lat' dir='ltr'><strong>Ie-</strong></span> 
     </span>
    </p>
   </div>
   <div class='ocr_carea' id='block_1_82' title="bbox 2240 2152 3798 2223">
    <p class='ocr_par' dir='ltr' id='par_1_82' title="bbox 2240 2152 3798 2223">
     <span class='ocr_line' id='line_1_82' title="bbox 2240 2152 3798 2223; baseline 0 -16"><span class='ocrx_word' id='word_1_605' title='bbox 2240 2152 2417 2207; x_wconf 87' lang='lat' dir='ltr'><strong>datur.</strong></span> <span class='ocrx_word' id='word_1_606' title='bbox 2446 2152 2552 2207; x_wconf 85' lang='lat' dir='ltr'><strong>Sed</strong></span> <span class='ocrx_word' id='word_1_607' title='bbox 2582 2152 2704 2207; x_wconf 91' lang='lat' dir='ltr'><strong>ideo</strong></span> <span class='ocrx_word' id='word_1_608' title='bbox 2734 2152 2836 2207; x_wconf 90' lang='lat' dir='ltr'><strong>ista</strong></span> <span class='ocrx_word' id='word_1_609' title='bbox 2861 2153 2970 2223; x_wconf 89' lang='lat' dir='ltr'><strong>pati</strong></span> <span class='ocrx_word' id='word_1_610' title='bbox 3004 2153 3337 2221; x_wconf 90' lang='lat' dir='ltr'><strong>permittitur</strong></span> <span class='ocrx_word' id='word_1_611' title='bbox 3366 2168 3397 2209; x_wconf 89' lang='lat' dir='ltr'><strong>a</strong></span> <span class='ocrx_word' id='word_1_612' title='bbox 3430 2154 3568 2221; x_wconf 89' lang='lat' dir='ltr'><strong>Deo,</strong></span> <span class='ocrx_word' id='word_1_613' title='bbox 3592 2163 3644 2209; x_wconf 92' lang='lat' dir='ltr'><strong>ut</strong></span> <span class='ocrx_word' id='word_1_614' title='bbox 3664 2154 3798 2209; x_wconf 86' lang='lat' dir='ltr'><strong>virtu-</strong></span> 
     </span>
    </p>
   </div>
   <div class='ocr_carea' id='block_1_83' title="bbox 2242 2246 3799 2317">
    <p class='ocr_par' dir='ltr' id='par_1_83' title="bbox 2242 2246 3799 2317">
     <span class='ocr_line' id='line_1_83' title="bbox 2242 2246 3799 2317; baseline -0.001 -15"><span class='ocrx_word' id='word_1_615' title='bbox 2242 2256 2350 2302; x_wconf 89' lang='lat' dir='ltr'><strong>tem</strong></span> <span class='ocrx_word' id='word_1_616' title='bbox 2379 2246 2865 2317; x_wconf 88' lang='lat' dir='ltr'><strong>perinlirmitatem</strong></span> <span class='ocrx_word' id='word_1_617' title='bbox 2896 2247 3185 2317; x_wconf 87' lang='lat' dir='ltr'><strong>perﬁciat:</strong></span> <span class='ocrx_word' id='word_1_618' title='bbox 3222 2256 3280 2302; x_wconf 91' lang='lat' dir='ltr'><strong>et</strong></span> <span class='ocrx_word' id='word_1_619' title='bbox 3336 2258 3396 2302; x_wconf 88' lang='lat' dir='ltr'><strong>ttt</strong></span> <span class='ocrx_word' id='word_1_620' title='bbox 3441 2249 3799 2317; x_wconf 84' lang='lat' dir='ltr'><strong>corruptionem</strong></span> 
     </span>
    </p>
   </div>
   <div class='ocr_carea' id='block_1_84' title="bbox 2242 2338 3797 2411">
    <p class='ocr_par' dir='ltr' id='par_1_84' title="bbox 2242 2338 3797 2411">
     <span class='ocr_line' id='line_1_84' title="bbox 2242 2338 3797 2411; baseline 0.001 -18"><span class='ocrx_word' id='word_1_621' title='bbox 2242 2339 2381 2395; x_wconf 90' lang='lat' dir='ltr'><strong>hanc</strong></span> <span class='ocrx_word' id='word_1_622' title='bbox 2411 2340 2759 2406; x_wconf 89' lang='lat' dir='ltr'><strong>sentientem,</strong></span> <span class='ocrx_word' id='word_1_623' title='bbox 2785 2338 3161 2410; x_wconf 77' lang='lat' dir='ltr'><strong>incorruptam</strong></span> <span class='ocrx_word' id='word_1_624' title='bbox 3194 2339 3387 2406; x_wconf 87' lang='lat' dir='ltr'><strong>vitam,</strong></span> <span class='ocrx_word' id='word_1_625' title='bbox 3416 2341 3611 2411; x_wconf 87' lang='lat' dir='ltr'><strong>majori</strong></span> <span class='ocrx_word' id='word_1_626' title='bbox 3636 2340 3797 2405; x_wconf 87' lang='lat' dir='ltr'><strong>studio,</strong></span> 
     </span>
    </p>
   </div>
   <div class='ocr_carea' id='block_1_85' title="bbox 2239 2430 2871 2501">
    <p class='ocr_par' dir='ltr' id='par_1_85' title="bbox 2239 2430 2871 2501">
     <span class='ocr_line' id='line_1_85' title="bbox 2239 2430 2871 2501; baseline -0.005 -13"><span class='ocrx_word' id='word_1_627' title='bbox 2239 2443 2294 2489; x_wconf 87' lang='lat' dir='ltr'><strong>et</strong></span> <span class='ocrx_word' id='word_1_628' title='bbox 2323 2448 2513 2487; x_wconf 89' lang='lat' dir='ltr'><strong>amore</strong></span> <span class='ocrx_word' id='word_1_629' title='bbox 2536 2430 2871 2501; x_wconf 87' lang='lat' dir='ltr'><strong>perquirant.</strong></span> 
     </span>
    </p>
   </div>
   <div class='ocr_carea' id='block_1_86' title="bbox 2312 2521 3796 2597">
    <p class='ocr_par' dir='ltr' id='par_1_86' title="bbox 2312 2521 3796 2597">
     <span class='ocr_line' id='line_1_86' title="bbox 2312 2521 3796 2597; baseline -0.003 -16"><span class='ocrx_word' id='word_1_630' title='bbox 2312 2526 2417 2581; x_wconf 86' lang='lat' dir='ltr'><strong>Sed</strong></span> <span class='ocrx_word' id='word_1_631' title='bbox 2446 2526 2575 2580; x_wconf 87' lang='lat' dir='ltr'><strong>sicut</strong></span> <span class='ocrx_word' id='word_1_632' title='bbox 2601 2524 2843 2597; x_wconf 85' lang='lat' dir='ltr'><strong>angelum</strong></span> <span class='ocrx_word' id='word_1_633' title='bbox 2870 2521 2968 2578; x_wconf 88' lang='lat' dir='ltr'><strong>Dei</strong></span> <span class='ocrx_word' id='word_1_634' title='bbox 2994 2525 3269 2591; x_wconf 78' lang='lat' dir='ltr'><strong>excepistis</strong></span> <span class='ocrx_word' id='word_1_635' title='bbox 3304 2541 3405 2580; x_wconf 88' lang='lat' dir='ltr'><strong>me.</strong></span> <span class='ocrx_word' id='word_1_636' title='bbox 3452 2525 3587 2580; x_wconf 91' lang='lat' dir='ltr'><strong>Cum</strong></span> <span class='ocrx_word' id='word_1_637' title='bbox 3635 2541 3685 2579; x_wconf 90' lang='lat' dir='ltr'><strong>se</strong></span> <span class='ocrx_word' id='word_1_638' title='bbox 3719 2538 3796 2578; x_wconf 83' lang='lat' dir='ltr'><strong>aa-</strong></span> 
     </span>
    </p>
   </div>
   <div class='ocr_carea' id='block_1_87' title="bbox 2237 2616 3801 2689">
    <p class='ocr_par' dir='ltr' id='par_1_87' title="bbox 2237 2616 3801 2689">
     <span class='ocr_line' id='line_1_87' title="bbox 2237 2616 3801 2689; baseline -0.001 -17"><span class='ocrx_word' id='word_1_639' title='bbox 2237 2618 2379 2688; x_wconf 88' lang='lat' dir='ltr'><strong>gelis</strong></span> <span class='ocrx_word' id='word_1_640' title='bbox 2413 2626 2787 2688; x_wconf 80' lang='lat' dir='ltr'><strong>comparatum</strong></span> <span class='ocrx_word' id='word_1_641' title='bbox 2815 2616 3033 2687; x_wconf 87' lang='lat' dir='ltr'><strong>gaudet,</strong></span> <span class='ocrx_word' id='word_1_642' title='bbox 3065 2616 3258 2687; x_wconf 87' lang='lat' dir='ltr'><strong>probat</strong></span> <span class='ocrx_word' id='word_1_643' title='bbox 3279 2618 3507 2689; x_wconf 83' lang='lat' dir='ltr'><strong>angelos</strong></span> <span class='ocrx_word' id='word_1_644' title='bbox 3538 2616 3801 2675; x_wconf 78' lang='lat' dir='ltr'><strong>hominibus</strong></span> 
     </span>
    </p>
   </div>
   <div class='ocr_carea' id='block_1_88' title="bbox 2238 2708 2647 2779">
    <p class='ocr_par' dir='ltr' id='par_1_88' title="bbox 2238 2708 2647 2779">
     <span class='ocr_line' id='line_1_88' title="bbox 2238 2708 2647 2779; baseline -0.01 -14"><span class='ocrx_word' id='word_1_645' title='bbox 2238 2724 2363 2765; x_wconf 60' lang='lat' dir='ltr'><strong>esse</strong></span> <span class='ocrx_word' id='word_1_646' title='bbox 2393 2708 2647 2779; x_wconf 81' lang='lat' dir='ltr'><strong>majores.</strong></span> 
     </span>
    </p>
   </div>
   <div class='ocr_carea' id='block_1_89' title="bbox 2310 2799 3748 2874">
    <p class='ocr_par' dir='ltr' id='par_1_89' title="bbox 2310 2799 3748 2874">
     <span class='ocr_line' id='line_1_89' title="bbox 2310 2799 3748 2874; baseline -0.003 -18"><span class='ocrx_word' id='word_1_647' title='bbox 2310 2801 2459 2856; x_wconf 87' lang='lat' dir='ltr'><strong>Sicut</strong></span> <span class='ocrx_word' id='word_1_648' title='bbox 2488 2800 2751 2855; x_wconf 84' lang='lat' dir='ltr'><strong>Christum</strong></span> <span class='ocrx_word' id='word_1_649' title='bbox 2770 2800 2973 2855; x_wconf 76' lang='lat' dir='ltr'><strong>Iesum.</strong></span> <span class='ocrx_word' id='word_1_650' title='bbox 3001 2799 3119 2855; x_wconf 88' lang='lat' dir='ltr'><strong>Non</strong></span> <span class='ocrx_word' id='word_1_651' title='bbox 3148 2801 3327 2856; x_wconf 87' lang='lat' dir='ltr'><strong>solum</strong></span> <span class='ocrx_word' id='word_1_652' title='bbox 3347 2842 3364 2869; x_wconf 96' lang='lat'><strong>,</strong></span> <span class='ocrx_word' id='word_1_653' title='bbox 3411 2810 3472 2857; x_wconf 89' lang='lat' dir='ltr'><strong>ttt</strong></span> <span class='ocrx_word' id='word_1_654' title='bbox 3500 2802 3748 2874; x_wconf 85' lang='lat' dir='ltr'><strong>angelum.</strong></span> 
     </span>
    </p>
   </div>
   <div class='ocr_carea' id='block_1_90' title="bbox 2314 2892 3803 2964">
    <p class='ocr_par' dir='ltr' id='par_1_90' title="bbox 2314 2892 3803 2964">
     <span class='ocr_line' id='line_1_90' title="bbox 2314 2892 3803 2964; baseline -0.002 -17"><span class='ocrx_word' id='word_1_655' title='bbox 2314 2892 2414 2947; x_wconf 86' lang='lat' dir='ltr'><strong>Ubi</strong></span> <span class='ocrx_word' id='word_1_656' title='bbox 2435 2903 2504 2946; x_wconf 86' lang='lat' dir='ltr'><strong>est</strong></span> <span class='ocrx_word' id='word_1_657' title='bbox 2528 2909 2648 2964; x_wconf 89' lang='lat' dir='ltr'><strong>ergo</strong></span> <span class='ocrx_word' id='word_1_658' title='bbox 2677 2892 2936 2947; x_wconf 87' lang='lat' dir='ltr'><strong>beatitudo</strong></span> <span class='ocrx_word' id='word_1_659' title='bbox 2964 2894 3177 2948; x_wconf 75' lang='lat' dir='ltr'><strong>vestra?</strong></span> <span class='ocrx_word' id='word_1_660' title='bbox 3234 2894 3412 2960; x_wconf 83' lang='lat' dir='ltr'><strong>Quam</strong></span> <span class='ocrx_word' id='word_1_661' title='bbox 3470 2909 3615 2951; x_wconf 88' lang='lat' dir='ltr'><strong>nunc</strong></span> <span class='ocrx_word' id='word_1_662' title='bbox 3657 2893 3803 2949; x_wconf 86' lang='lat' dir='ltr'><strong>taliter</strong></span> 
     </span>
    </p>
   </div>
   <div class='ocr_carea' id='block_1_91' title="bbox 2237 2984 2582 3053">
    <p class='ocr_par' dir='ltr' id='par_1_91' title="bbox 2237 2984 2582 3053">
     <span class='ocr_line' id='line_1_91' title="bbox 2237 2984 2582 3053; baseline -0.009 -12"><span class='ocrx_word' id='word_1_663' title='bbox 2237 2984 2582 3053; x_wconf 66' lang='lat' dir='ltr'><strong>suscepistis.</strong></span> 
     </span>
    </p>
   </div>
   <div class='ocr_carea' id='block_1_92' title="bbox 2310 3075 3807 3151">
    <p class='ocr_par' dir='ltr' id='par_1_92' title="bbox 2310 3075 3807 3151">
     <span class='ocr_line' id='line_1_92' title="bbox 2310 3075 3807 3151; baseline 0.003 -22"><span class='ocrx_word' id='word_1_664' title='bbox 2310 3075 2686 3130; x_wconf 88' lang='lat' dir='ltr'><strong>Testimonium</strong></span> <span class='ocrx_word' id='word_1_665' title='bbox 2714 3077 2848 3131; x_wconf 83' lang='lat' dir='ltr'><strong>enim</strong></span> <span class='ocrx_word' id='word_1_666' title='bbox 2877 3076 3117 3149; x_wconf 79' lang='lat' dir='ltr'><strong>perhibeo</strong></span> <span class='ocrx_word' id='word_1_667' title='bbox 3148 3078 3287 3132; x_wconf 85' lang='lat' dir='ltr'><strong>vobis</strong></span> <span class='ocrx_word' id='word_1_668' title='bbox 3314 3096 3333 3133; x_wconf 83' lang='lat'><strong>.&#39;</strong></span> <span class='ocrx_word' id='word_1_669' title='bbox 3362 3079 3488 3147; x_wconf 87' lang='lat' dir='ltr'><strong>quia</strong></span> <span class='ocrx_word' id='word_1_670' title='bbox 3517 3081 3562 3135; x_wconf 85' lang='lat' dir='ltr'><strong>si</strong></span> <span class='ocrx_word' id='word_1_671' title='bbox 3590 3080 3694 3151; x_wconf 77' lang='lat' dir='ltr'><strong>ﬁeri</strong></span> <span class='ocrx_word' id='word_1_672' title='bbox 3732 3095 3807 3149; x_wconf 83' lang='lat' dir='ltr'><strong>po-</strong></span> 
     </span>
    </p>
   </div>
   <div class='ocr_carea' id='block_1_93' title="bbox 2240 3259 3804 3333">
    <p class='ocr_par' dir='ltr' id='par_1_93' title="bbox 2240 3259 3804 3333">
     <span class='ocr_line' id='line_1_93' title="bbox 2240 3259 3804 3333; baseline 0 -18"><span class='ocrx_word' id='word_1_673' title='bbox 2240 3259 2490 3315; x_wconf 86' lang='lat' dir='ltr'><strong>Ostendit</strong></span> <span class='ocrx_word' id='word_1_674' title='bbox 2521 3270 2720 3330; x_wconf 86' lang='lat' dir='ltr'><strong>quanta</strong></span> <span class='ocrx_word' id='word_1_675' title='bbox 2749 3278 2871 3316; x_wconf 90' lang='lat' dir='ltr'><strong>eum</strong></span> <span class='ocrx_word' id='word_1_676' title='bbox 2897 3262 3170 3318; x_wconf 88' lang='lat' dir='ltr'><strong>charitate</strong></span> <span class='ocrx_word' id='word_1_677' title='bbox 3215 3262 3512 3320; x_wconf 68' lang='lat' dir='ltr'><strong>dilexerint</strong></span> <span class='ocrx_word' id='word_1_678' title='bbox 3542 3307 3558 3332; x_wconf 93' lang='lat'><strong>,</strong></span> <span class='ocrx_word' id='word_1_679' title='bbox 3606 3274 3657 3321; x_wconf 89' lang='lat' dir='ltr'><strong>et</strong></span> <span class='ocrx_word' id='word_1_680' title='bbox 3697 3279 3804 3333; x_wconf 83' lang='lat' dir='ltr'><strong>quo-</strong></span> 
     </span>
    </p>
   </div>
   <div class='ocr_carea' id='block_1_94' title="bbox 2241 3353 3807 3425">
    <p class='ocr_par' dir='ltr' id='par_1_94' title="bbox 2241 3353 3807 3425">
     <span class='ocr_line' id='line_1_94' title="bbox 2241 3353 3807 3425; baseline 0.001 -17"><span class='ocrx_word' id='word_1_681' title='bbox 2241 3353 2403 3408; x_wconf 91' lang='lat' dir='ltr'><strong>modo</strong></span> <span class='ocrx_word' id='word_1_682' title='bbox 2459 3369 2518 3409; x_wconf 91' lang='lat' dir='ltr'><strong>se</strong></span> <span class='ocrx_word' id='word_1_683' title='bbox 2558 3363 2703 3409; x_wconf 89' lang='lat' dir='ltr'><strong>totos</strong></span> <span class='ocrx_word' id='word_1_684' title='bbox 2751 3355 2872 3423; x_wconf 85' lang='lat' dir='ltr'><strong>ejus</strong></span> <span class='ocrx_word' id='word_1_685' title='bbox 2930 3355 3195 3411; x_wconf 78' lang='lat' dir='ltr'><strong>doctrina:</strong></span> <span class='ocrx_word' id='word_1_686' title='bbox 3247 3357 3593 3412; x_wconf 87' lang='lat' dir='ltr'><strong>tradiderint.</strong></span> <span class='ocrx_word' id='word_1_687' title='bbox 3646 3355 3807 3425; x_wconf 87' lang='lat' dir='ltr'><strong>Utique</strong></span> 
     </span>
    </p>
   </div>
   <div class='ocr_carea' id='block_1_95' title="bbox 2239 3447 3804 3517">
    <p class='ocr_par' dir='ltr' id='par_1_95' title="bbox 2239 3447 3804 3517">
     <span class='ocr_line' id='line_1_95' title="bbox 2239 3447 3804 3517; baseline -0.001 -15"><span class='ocrx_word' id='word_1_688' title='bbox 2239 3447 2558 3502; x_wconf 86' lang='lat' dir='ltr'><strong>charissima</strong></span> <span class='ocrx_word' id='word_1_689' title='bbox 2580 3448 2827 3517; x_wconf 89' lang='lat' dir='ltr'><strong>corporis</strong></span> <span class='ocrx_word' id='word_1_690' title='bbox 2855 3447 2942 3503; x_wconf 90' lang='lat' dir='ltr'><strong>sui</strong></span> <span class='ocrx_word' id='word_1_691' title='bbox 2967 3452 3214 3504; x_wconf 86' lang='lat' dir='ltr'><strong>membra</strong></span> <span class='ocrx_word' id='word_1_692' title='bbox 3246 3449 3429 3505; x_wconf 88' lang='lat' dir='ltr'><strong>eidem</strong></span> <span class='ocrx_word' id='word_1_693' title='bbox 3485 3450 3691 3505; x_wconf 87' lang='lat' dir='ltr'><strong>tradere</strong></span> <span class='ocrx_word' id='word_1_694' title='bbox 3730 3463 3804 3503; x_wconf 87' lang='lat' dir='ltr'><strong>cu-</strong></span> 
     </span>
    </p>
   </div>
   <div class='ocr_carea' id='block_1_96' title="bbox 2244 3539 3807 3615">
    <p class='ocr_par' dir='ltr' id='par_1_96' title="bbox 2244 3539 3807 3615">
     <span class='ocr_line' id='line_1_96' title="bbox 2244 3539 3807 3615; baseline 0.002 -24"><span class='ocrx_word' id='word_1_695' title='bbox 2244 3541 2476 3611; x_wconf 83' lang='lat' dir='ltr'><strong>pierant,</strong></span> <span class='ocrx_word' id='word_1_696' title='bbox 2512 3539 2653 3595; x_wconf 90' lang='lat' dir='ltr'><strong>hanc</strong></span> <span class='ocrx_word' id='word_1_697' title='bbox 2682 3540 2851 3595; x_wconf 88' lang='lat' dir='ltr'><strong>solam</strong></span> <span class='ocrx_word' id='word_1_698' title='bbox 2883 3540 3215 3612; x_wconf 86' lang='lat' dir='ltr'><strong>Evangelico</strong></span> <span class='ocrx_word' id='word_1_699' title='bbox 3244 3542 3438 3597; x_wconf 91' lang='lat' dir='ltr'><strong>lumini</strong></span> <span class='ocrx_word' id='word_1_700' title='bbox 3470 3542 3681 3615; x_wconf 79' lang='lat' dir='ltr'><strong>dignam</strong></span> <span class='ocrx_word' id='word_1_701' title='bbox 3708 3554 3807 3596; x_wconf 82' lang='lat' dir='ltr'><strong>esse</strong></span> 
     </span>
    </p>
   </div>
   <div class='ocr_carea' id='block_1_97' title="bbox 2240 3632 3804 3703">
    <p class='ocr_par' dir='ltr' id='par_1_97' title="bbox 2240 3632 3804 3703">
     <span class='ocr_line' id='line_1_97' title="bbox 2240 3632 3804 3703; baseline 0.001 -18"><span class='ocrx_word' id='word_1_702' title='bbox 2240 3632 2668 3688; x_wconf 84' lang='lat' dir='ltr'><strong>vicissitudinem</strong></span> <span class='ocrx_word' id='word_1_703' title='bbox 2698 3632 3053 3703; x_wconf 88' lang='lat' dir='ltr'><strong>arbitrantes,</strong></span> <span class='ocrx_word' id='word_1_704' title='bbox 3084 3635 3129 3689; x_wconf 89' lang='lat' dir='ltr'><strong>si</strong></span> <span class='ocrx_word' id='word_1_705' title='bbox 3162 3650 3259 3690; x_wconf 89' lang='lat' dir='ltr'><strong>sua</strong></span> <span class='ocrx_word' id='word_1_706' title='bbox 3306 3636 3515 3691; x_wconf 88' lang='lat' dir='ltr'><strong>lumina</strong></span> <span class='ocrx_word' id='word_1_707' title='bbox 3569 3636 3619 3693; x_wconf 92' lang='lat' dir='ltr'><strong>ei</strong></span> <span class='ocrx_word' id='word_1_708' title='bbox 3659 3634 3804 3691; x_wconf 83' lang='lat' dir='ltr'><strong>reddi-</strong></span> 
     </span>
    </p>
   </div>
   <div class='ocr_carea' id='block_1_98' title="bbox 2239 3724 2467 3781">
    <p class='ocr_par' dir='ltr' id='par_1_98' title="bbox 2239 3724 2467 3781">
     <span class='ocr_line' id='line_1_98' title="bbox 2239 3724 2467 3781; baseline 0 -2"><span class='ocrx_word' id='word_1_709' title='bbox 2239 3724 2467 3781; x_wconf 89' lang='lat' dir='ltr'><strong>dissent.</strong></span> 
     </span>
    </p>
   </div>
   <div class='ocr_carea' id='block_1_99' title="bbox 2312 3818 3809 3891">
    <p class='ocr_par' dir='ltr' id='par_1_99' title="bbox 2312 3818 3809 3891">
     <span class='ocr_line' id='line_1_99' title="bbox 2312 3818 3809 3891; baseline -0.001 -19"><span class='ocrx_word' id='word_1_710' title='bbox 2312 3818 2453 3891; x_wconf 87' lang='lat' dir='ltr'><strong>Ergo</strong></span> <span class='ocrx_word' id='word_1_711' title='bbox 2476 3820 2709 3874; x_wconf 85' lang='lat' dir='ltr'><strong>inimicus</strong></span> <span class='ocrx_word' id='word_1_712' title='bbox 2736 3820 2874 3874; x_wconf 88' lang='lat' dir='ltr'><strong>vobis</strong></span> <span class='ocrx_word' id='word_1_713' title='bbox 2896 3821 3067 3891; x_wconf 79' lang='lat' dir='ltr'><strong>factus</strong></span> <span class='ocrx_word' id='word_1_714' title='bbox 3092 3839 3230 3887; x_wconf 86' lang='lat' dir='ltr'><strong>sum,</strong></span> <span class='ocrx_word' id='word_1_715' title='bbox 3254 3838 3430 3877; x_wconf 83' lang='lat' dir='ltr'><strong>verum</strong></span> <span class='ocrx_word' id='word_1_716' title='bbox 3457 3824 3633 3879; x_wconf 82' lang='lat' dir='ltr'><strong>dicens</strong></span> <span class='ocrx_word' id='word_1_717' title='bbox 3661 3820 3809 3875; x_wconf 69' lang='grc' dir='ltr'><strong>τοιὶεὲ</strong></span> 
     </span>
    </p>
   </div>
   <div class='ocr_carea' id='block_1_100' title="bbox 2244 3910 3841 4025">
    <p class='ocr_par' dir='ltr' id='par_1_100' title="bbox 2244 3910 3841 4025">
     <span class='ocr_line' id='line_1_100' title="bbox 2244 3910 3841 4025; baseline -0.001 -60"><span class='ocrx_word' id='word_1_718' title='bbox 2244 3910 3045 3991; x_wconf 20' lang='lat' dir='ltr'><strong>Ilzecieitﬂeonditioveritatis,</strong></span> <span class='ocrx_word' id='word_1_719' title='bbox 3080 3923 3140 3983; x_wconf 63' lang='lat' dir='ltr'><strong>ut</strong></span> <span class='ocrx_word' id='word_1_720' title='bbox 3162 3930 3282 3983; x_wconf 68' lang='lat' dir='ltr'><strong>eam</strong></span> <span class='ocrx_word' id='word_1_721' title='bbox 3307 3930 3530 3999; x_wconf 57' lang='lat' dir='ltr'><strong>semper</strong></span> <span class='ocrx_word' id='word_1_722' title='bbox 3552 3912 3809 3970; x_wconf 65' lang='lat' dir='ltr'><strong>inimicitia</strong></span> <span class='ocrx_word' id='word_1_723' title='bbox 3837 3960 3841 4025; x_wconf 62' lang='grc' dir='ltr'><strong>Ι</strong></span> 
     </span>
     <span class='ocr_line' id='line_1_101' title="bbox 2244 4002 3788 4025; baseline 0 0"><span class='ocrx_word' id='word_1_724' title='bbox 2244 4013 2536 4025; x_wconf 52' lang='grc' dir='ltr'><strong>,ΑκηΛ-..ημ</strong></span> <span class='ocrx_word' id='word_1_725' title='bbox 2569 4017 2583 4025; x_wconf 79' lang='grc'>.</span> <span class='ocrx_word' id='word_1_726' title='bbox 2621 4005 2751 4025; x_wconf 70' lang='grc' dir='ltr'><strong>,2---ι</strong></span> <span class='ocrx_word' id='word_1_727' title='bbox 2791 4020 2884 4025; x_wconf 68' lang='grc'><strong>..--</strong></span> <span class='ocrx_word' id='word_1_728' title='bbox 2910 4005 3137 4025; x_wconf 57' lang='lat' dir='ltr'><strong>-.L,l_.!,</strong></span> <span class='ocrx_word' id='word_1_729' title='bbox 3170 4024 3175 4025; x_wconf 63' lang='lat'><strong><em>,</em></strong></span> <span class='ocrx_word' id='word_1_730' title='bbox 3206 4022 3274 4025; x_wconf 63' lang='lat'><strong>_,-_</strong></span> <span class='ocrx_word' id='word_1_731' title='bbox 3316 4024 3335 4025; x_wconf 47' lang='grc' dir='ltr'>η</span> <span class='ocrx_word' id='word_1_732' title='bbox 3359 4022 3407 4025; x_wconf 47' lang='grc' dir='ltr'><strong>,η</strong></span> <span class='ocrx_word' id='word_1_733' title='bbox 3454 4008 3545 4025; x_wconf 27' lang='grc' dir='ltr'><strong>’-δέ</strong></span> <span class='ocrx_word' id='word_1_734' title='bbox 3596 4023 3607 4025; x_wconf 63' lang='grc'><em>,</em></span> <span class='ocrx_word' id='word_1_735' title='bbox 3640 4024 3646 4025; x_wconf 60' lang='lat'><strong><em>,</em></strong></span> <span class='ocrx_word' id='word_1_736' title='bbox 3708 4002 3788 4025; x_wconf 72' lang='grc' dir='ltr'><strong>-..ε</strong></span> 
     </span>
    </p>
   </div>
   <div class='ocr_carea' id='block_1_101' title="bbox 2240 4002 3843 4085">
    <p class='ocr_par' dir='ltr' id='par_1_101' title="bbox 2240 4002 3843 4085">
     <span class='ocr_line' id='line_1_102' title="bbox 2240 4002 3843 4085; baseline -0.007 -18"><span class='ocrx_word' id='word_1_737' title='bbox 2240 4013 2543 4085; x_wconf 31' lang='lat' dir='ltr'><strong>Segni/uului&quot;</strong></span> <span class='ocrx_word' id='word_1_738' title='bbox 2569 4017 2583 4057; x_wconf 82' lang='lat'><strong>:</strong></span> <span class='ocrx_word' id='word_1_739' title='bbox 2614 4005 2757 4079; x_wconf 63' lang='lat' dir='ltr'><strong>sicut</strong></span> <span class='ocrx_word' id='word_1_740' title='bbox 2790 4020 2885 4073; x_wconf 89' lang='lat' dir='ltr'><strong>per</strong></span> <span class='ocrx_word' id='word_1_741' title='bbox 2907 4005 3281 4062; x_wconf 89' lang='lat' dir='ltr'><strong>adulationem</strong></span> <span class='ocrx_word' id='word_1_742' title='bbox 3312 4002 3810 4081; x_wconf 82' lang='lat' dir='ltr'><strong>perniciosam,ami-</strong></span> <span class='ocrx_word' id='word_1_743' title='bbox 3838 4002 3843 4041; x_wconf 55' lang='grc' dir='ltr'><strong>ί</strong></span> 
     </span>
    </p>
   </div>
   <div class='ocr_carea' id='block_1_102' title="bbox 3496 3982 3829 3999">
    <p class='ocr_par' dir='ltr' id='par_1_102' title="bbox 3496 3982 3829 3999">
     <span class='ocr_line' id='line_1_103' title="bbox 3496 3982 3829 3999; baseline 0 0"><span class='ocrx_word' id='word_1_744' title='bbox 3496 3982 3829 3999; x_wconf 53' lang='grc' dir='ltr'><em>*Ν</em></span> 
     </span>
    </p>
   </div>
   <div class='ocr_carea' id='block_1_103' title="bbox 2224 4088 3808 4175">
    <p class='ocr_par' dir='ltr' id='par_1_103' title="bbox 2224 4088 3808 4175">
     <span class='ocr_line' id='line_1_104' title="bbox 2224 4088 3808 4175; baseline 0 -26"><span class='ocrx_word' id='word_1_745' title='bbox 2224 4088 2384 4169; x_wconf 66' lang='lat' dir='ltr'><strong>cilia:</strong></span> <span class='ocrx_word' id='word_1_746' title='bbox 2408 4095 2826 4169; x_wconf 79' lang='lat' dir='ltr'><strong>conquiruntur.</strong></span> <span class='ocrx_word' id='word_1_747' title='bbox 2881 4096 3141 4153; x_wconf 89' lang='lat' dir='ltr'><strong>Libenter</strong></span> <span class='ocrx_word' id='word_1_748' title='bbox 3186 4099 3335 4154; x_wconf 87' lang='lat' dir='ltr'><strong>enim</strong></span> <span class='ocrx_word' id='word_1_749' title='bbox 3389 4100 3808 4175; x_wconf 23' lang='lat' dir='ltr'><strong>qttodndelﬂeetﬁat,</strong></span> 
     </span>
    </p>
   </div>
   <div class='ocr_carea' id='block_1_104' title="bbox 2241 4178 3808 4265">
    <p class='ocr_par' dir='ltr' id='par_1_104' title="bbox 2241 4178 3808 4265">
     <span class='ocr_line' id='line_1_105' title="bbox 2241 4178 3808 4265; baseline -0.003 -23"><span class='ocrx_word' id='word_1_750' title='bbox 2241 4188 2461 4251; x_wconf 85' lang='lat' dir='ltr'><strong>auditur</strong></span> <span class='ocrx_word' id='word_1_751' title='bbox 2494 4206 2505 4242; x_wconf 89' lang='lat'><strong>:</strong></span> <span class='ocrx_word' id='word_1_752' title='bbox 2543 4197 2597 4245; x_wconf 84' lang='lat' dir='ltr'><strong>et</strong></span> <span class='ocrx_word' id='word_1_753' title='bbox 2626 4188 2845 4243; x_wconf 71' lang='lat' dir='ltr'><strong>oliendil</strong></span> <span class='ocrx_word' id='word_1_754' title='bbox 2877 4178 3039 4245; x_wconf 89' lang='lat' dir='ltr'><strong>omne</strong></span> <span class='ocrx_word' id='word_1_755' title='bbox 3066 4189 3210 4261; x_wconf 66' lang='lat' dir='ltr'><strong>dnod</strong></span> <span class='ocrx_word' id='word_1_756' title='bbox 3242 4192 3527 4265; x_wconf 88' lang='lat' dir='ltr'><strong>nolumus.</strong></span> <span class='ocrx_word' id='word_1_757' title='bbox 3580 4191 3649 4247; x_wconf 84' lang='lat' dir='ltr'><strong>Ita</strong></span> <span class='ocrx_word' id='word_1_758' title='bbox 3694 4188 3808 4244; x_wconf 87' lang='lat' dir='ltr'><strong>enim</strong></span> 
     </span>
    </p>
   </div>
   <div class='ocr_carea' id='block_1_105' title="bbox 2242 4266 3809 4353">
    <p class='ocr_par' dir='ltr' id='par_1_105' title="bbox 2242 4266 3809 4353">
     <span class='ocr_line' id='line_1_106' title="bbox 2242 4266 3809 4353; baseline -0.001 -17"><span class='ocrx_word' id='word_1_759' title='bbox 2242 4266 2293 4336; x_wconf 81' lang='lat' dir='ltr'><strong>et</strong></span> <span class='ocrx_word' id='word_1_760' title='bbox 2327 4280 2379 4334; x_wconf 91' lang='lat' dir='ltr'><strong>hi</strong></span> <span class='ocrx_word' id='word_1_761' title='bbox 2410 4280 2640 4351; x_wconf 87' lang='lat' dir='ltr'><strong>diligere</strong></span> <span class='ocrx_word' id='word_1_762' title='bbox 2672 4293 2955 4353; x_wconf 72' lang='lat' dir='ltr'><strong>cmperant</strong></span> <span class='ocrx_word' id='word_1_763' title='bbox 2985 4284 3196 4339; x_wconf 87' lang='lat' dir='ltr'><strong>sabbati</strong></span> <span class='ocrx_word' id='word_1_764' title='bbox 3230 4286 3337 4338; x_wconf 82' lang='lat' dir='ltr'><strong>otia</strong></span> <span class='ocrx_word' id='word_1_765' title='bbox 3368 4327 3383 4352; x_wconf 92' lang='lat'><strong>,</strong></span> <span class='ocrx_word' id='word_1_766' title='bbox 3439 4295 3496 4339; x_wconf 93' lang='lat' dir='ltr'><strong>et</strong></span> <span class='ocrx_word' id='word_1_767' title='bbox 3534 4280 3809 4339; x_wconf 86' lang='lat' dir='ltr'><strong>dieruntle-</strong></span> 
     </span>
    </p>
   </div>
   <div class='ocr_carea' id='block_1_106' title="bbox 2241 4371 3807 4449">
    <p class='ocr_par' dir='ltr' id='par_1_106' title="bbox 2241 4371 3807 4449">
     <span class='ocr_line' id='line_1_107' title="bbox 2241 4371 3807 4449; baseline -0.001 -21"><span class='ocrx_word' id='word_1_768' title='bbox 2241 4382 2448 4429; x_wconf 88' lang='lat' dir='ltr'><strong>stornm</strong></span> <span class='ocrx_word' id='word_1_769' title='bbox 2481 4376 2666 4444; x_wconf 83' lang='lat' dir='ltr'><strong>epulas</strong></span> <span class='ocrx_word' id='word_1_770' title='bbox 2697 4376 3061 4445; x_wconf 63' lang='lat' dir='ltr'><strong>praedicantes</strong></span> <span class='ocrx_word' id='word_1_771' title='bbox 3117 4386 3306 4433; x_wconf 89' lang='lat' dir='ltr'><strong>contra</strong></span> <span class='ocrx_word' id='word_1_772' title='bbox 3356 4378 3676 4449; x_wconf 84' lang='lat' dir='ltr'><strong>Apostolum</strong></span> <span class='ocrx_word' id='word_1_773' title='bbox 3699 4416 3714 4440; x_wconf 91' lang='lat'><strong>,</strong></span> <span class='ocrx_word' id='word_1_774' title='bbox 3740 4371 3807 4442; x_wconf 86' lang='lat' dir='ltr'><strong>qui</strong></span> 
     </span>
    </p>
   </div>
   <div class='ocr_carea' id='block_1_107' title="bbox 2243 4466 3809 4540">
    <p class='ocr_par' dir='ltr' id='par_1_107' title="bbox 2243 4466 3809 4540">
     <span class='ocr_line' id='line_1_108' title="bbox 2243 4466 3809 4540; baseline -0.001 -19"><span class='ocrx_word' id='word_1_775' title='bbox 2243 4479 2461 4522; x_wconf 89' lang='lat' dir='ltr'><strong>omnem</strong></span> <span class='ocrx_word' id='word_1_776' title='bbox 2494 4466 2887 4521; x_wconf 88' lang='lat' dir='ltr'><strong>continentiam</strong></span> <span class='ocrx_word' id='word_1_777' title='bbox 2920 4482 3021 4522; x_wconf 90' lang='lat' dir='ltr'><strong>suo</strong></span> <span class='ocrx_word' id='word_1_778' title='bbox 3053 4468 3161 4523; x_wconf 90' lang='lat' dir='ltr'><strong>illis</strong></span> <span class='ocrx_word' id='word_1_779' title='bbox 3206 4470 3461 4540; x_wconf 73' lang='lat' dir='ltr'><strong>exemplo</strong></span> <span class='ocrx_word' id='word_1_780' title='bbox 3485 4467 3809 4525; x_wconf 86' lang='lat' dir='ltr'><strong>monstrabat.</strong></span> 
     </span>
    </p>
   </div>
   <div class='ocr_carea' id='block_1_108' title="bbox 2309 4558 3809 4618">
    <p class='ocr_par' dir='ltr' id='par_1_108' title="bbox 2309 4558 3809 4618">
     <span class='ocr_line' id='line_1_109' title="bbox 2309 4558 3809 4618; baseline 0.005 -8"><span class='ocrx_word' id='word_1_781' title='bbox 2309 4558 2650 4612; x_wconf 58' lang='lat' dir='ltr'><strong>dimittuntur</strong></span> <span class='ocrx_word' id='word_1_782' title='bbox 2669 4576 2755 4613; x_wconf 87' lang='lat' dir='ltr'><strong>vos</strong></span> <span class='ocrx_word' id='word_1_783' title='bbox 2777 4576 2880 4612; x_wconf 89' lang='lat' dir='ltr'><strong>non</strong></span> <span class='ocrx_word' id='word_1_784' title='bbox 2908 4560 3033 4614; x_wconf 89' lang='lat' dir='ltr'><strong>bene</strong></span> <span class='ocrx_word' id='word_1_785' title='bbox 3063 4577 3081 4615; x_wconf 91' lang='lat'><strong><em>:</em></strong></span> <span class='ocrx_word' id='word_1_786' title='bbox 3107 4562 3197 4615; x_wconf 87' lang='lat' dir='ltr'><strong>sed</strong></span> <span class='ocrx_word' id='word_1_787' title='bbox 3218 4561 3500 4618; x_wconf 78' lang='lat' dir='ltr'><strong>excludere</strong></span> <span class='ocrx_word' id='word_1_788' title='bbox 3528 4580 3615 4617; x_wconf 84' lang='lat' dir='ltr'><strong>vos</strong></span> <span class='ocrx_word' id='word_1_789' title='bbox 3638 4562 3809 4617; x_wconf 70' lang='lat' dir='ltr'><strong>volunt.</strong></span> 
     </span>
    </p>
   </div>
   <div class='ocr_carea' id='block_1_109' title="bbox 2243 4648 3812 4724">
    <p class='ocr_par' dir='ltr' id='par_1_109' title="bbox 2243 4648 3812 4724">
     <span class='ocr_line' id='line_1_110' title="bbox 2243 4648 3812 4724; baseline 0.001 -22"><span class='ocrx_word' id='word_1_790' title='bbox 2243 4650 2433 4703; x_wconf 84' lang='lat' dir='ltr'><strong>utillos</strong></span> <span class='ocrx_word' id='word_1_791' title='bbox 2460 4648 2799 4705; x_wconf 70' lang='lat' dir='ltr'><strong>remuli-imitri.</strong></span> <span class='ocrx_word' id='word_1_792' title='bbox 2833 4650 3119 4720; x_wconf 63' lang='lat' dir='ltr'><strong>Aimulus,</strong></span> <span class='ocrx_word' id='word_1_793' title='bbox 3171 4662 3224 4708; x_wconf 88' lang='lat' dir='ltr'><strong>et</strong></span> <span class='ocrx_word' id='word_1_794' title='bbox 3265 4654 3510 4710; x_wconf 82' lang='lat' dir='ltr'><strong>imitator</strong></span> <span class='ocrx_word' id='word_1_795' title='bbox 3566 4658 3732 4724; x_wconf 87' lang='lat' dir='ltr'><strong>potest</strong></span> <span class='ocrx_word' id='word_1_796' title='bbox 3769 4656 3812 4702; x_wconf 82' lang='lat' dir='ltr'><strong>et</strong></span> 
     </span>
    </p>
   </div>
   <div class='ocr_carea' id='block_1_110' title="bbox 2246 4750 3813 4822">
    <p class='ocr_par' dir='ltr' id='par_1_110' title="bbox 2246 4750 3813 4822">
     <span class='ocr_line' id='line_1_111' title="bbox 2246 4750 3813 4822; baseline -0.001 -18"><span class='ocrx_word' id='word_1_797' title='bbox 2246 4751 2497 4804; x_wconf 79' lang='lat' dir='ltr'><strong>inimicus</strong></span> <span class='ocrx_word' id='word_1_798' title='bbox 2544 4750 2795 4822; x_wconf 88' lang='lat' dir='ltr'><strong>intelligi.</strong></span> <span class='ocrx_word' id='word_1_799' title='bbox 2828 4752 2917 4807; x_wconf 91' lang='lat' dir='ltr'><strong>Sic</strong></span> <span class='ocrx_word' id='word_1_800' title='bbox 2964 4767 3069 4807; x_wconf 89' lang='lat' dir='ltr'><strong>non</strong></span> <span class='ocrx_word' id='word_1_801' title='bbox 3114 4753 3255 4809; x_wconf 89' lang='lat' dir='ltr'><strong>bene</strong></span> <span class='ocrx_word' id='word_1_802' title='bbox 3289 4754 3601 4821; x_wconf 67' lang='lat' dir='ltr'><strong>aemulatur,</strong></span> <span class='ocrx_word' id='word_1_803' title='bbox 3644 4752 3727 4821; x_wconf 86' lang='lat' dir='ltr'><strong>qui</strong></span> <span class='ocrx_word' id='word_1_804' title='bbox 3770 4756 3813 4800; x_wconf 85' lang='lat' dir='ltr'><strong>ut</strong></span> 
     </span>
    </p>
   </div>
   <div class='ocr_carea' id='block_1_111' title="bbox 2242 4849 3808 4923">
    <p class='ocr_par' dir='ltr' id='par_1_111' title="bbox 2242 4849 3808 4923">
     <span class='ocr_line' id='line_1_112' title="bbox 2242 4849 3808 4923; baseline 0.001 -19"><span class='ocrx_word' id='word_1_805' title='bbox 2242 4850 2676 4921; x_wconf 87' lang='lat' dir='ltr'><strong>alittmdejiciat,</strong></span> <span class='ocrx_word' id='word_1_806' title='bbox 2707 4866 2812 4907; x_wconf 94' lang='lat' dir='ltr'><strong>non</strong></span> <span class='ocrx_word' id='word_1_807' title='bbox 2842 4861 2897 4907; x_wconf 92' lang='lat' dir='ltr'><strong>ut</strong></span> <span class='ocrx_word' id='word_1_808' title='bbox 2928 4854 3043 4922; x_wconf 89' lang='lat' dir='ltr'><strong>ipse</strong></span> <span class='ocrx_word' id='word_1_809' title='bbox 3080 4856 3362 4923; x_wconf 89' lang='lat' dir='ltr'><strong>proﬁciat,</strong></span> <span class='ocrx_word' id='word_1_810' title='bbox 3397 4858 3705 4913; x_wconf 67' lang='lat' dir='ltr'><strong>aemulatur.</strong></span> <span class='ocrx_word' id='word_1_811' title='bbox 3732 4849 3808 4905; x_wconf 67' lang='lat' dir='ltr'><strong>:E-</strong></span> 
     </span>
    </p>
   </div>
   <div class='ocr_carea' id='block_1_112' title="bbox 2245 4950 3377 5009">
    <p class='ocr_par' dir='ltr' id='par_1_112' title="bbox 2245 4950 3377 5009">
     <span class='ocr_line' id='line_1_113' title="bbox 2245 4950 3377 5009; baseline 0.004 -5"><span class='ocrx_word' id='word_1_812' title='bbox 2245 4950 2520 5004; x_wconf 89' lang='lat' dir='ltr'><strong>mulamini</strong></span> <span class='ocrx_word' id='word_1_813' title='bbox 2550 4959 2728 5004; x_wconf 85' lang='lat' dir='ltr'><strong>autem</strong></span> <span class='ocrx_word' id='word_1_814' title='bbox 2758 4952 2993 5006; x_wconf 89' lang='lat' dir='ltr'><strong>meliora</strong></span> <span class='ocrx_word' id='word_1_815' title='bbox 3025 4951 3377 5009; x_wconf 85' lang='lat' dir='ltr'><strong>charismata.</strong></span> 
     </span>
    </p>
   </div>
   <div class='ocr_carea' id='block_1_113' title="bbox 2314 5048 3813 5126">
    <p class='ocr_par' dir='ltr' id='par_1_113' title="bbox 2314 5048 3813 5126">
     <span class='ocr_line' id='line_1_114' title="bbox 2314 5048 3813 5126; baseline 0.003 -24"><span class='ocrx_word' id='word_1_816' title='bbox 2314 5048 2516 5103; x_wconf 87' lang='lat' dir='ltr'><strong>Bonum</strong></span> <span class='ocrx_word' id='word_1_817' title='bbox 2545 5058 2713 5103; x_wconf 90' lang='lat' dir='ltr'><strong>autem</strong></span> <span class='ocrx_word' id='word_1_818' title='bbox 2744 5051 3061 5105; x_wconf 82' lang='lat' dir='ltr'><strong>temulamini</strong></span> <span class='ocrx_word' id='word_1_819' title='bbox 3099 5053 3152 5106; x_wconf 88' lang='lat' dir='ltr'><strong>in</strong></span> <span class='ocrx_word' id='word_1_820' title='bbox 3196 5053 3331 5108; x_wconf 83' lang='lat' dir='ltr'><strong>bona</strong></span> <span class='ocrx_word' id='word_1_821' title='bbox 3362 5070 3586 5126; x_wconf 81' lang='lat' dir='ltr'><strong>semper,</strong></span> <span class='ocrx_word' id='word_1_822' title='bbox 3641 5062 3685 5109; x_wconf 80' lang='lat' dir='ltr'><strong>et</strong></span> <span class='ocrx_word' id='word_1_823' title='bbox 3731 5064 3813 5104; x_wconf 72' lang='lat' dir='ltr'><strong>nan</strong></span> 
     </span>
    </p>
   </div>
   <div class='ocr_carea' id='block_1_114' title="bbox 2244 5152 3815 5221">
    <p class='ocr_par' dir='ltr' id='par_1_114' title="bbox 2244 5152 3815 5221">
     <span class='ocr_line' id='line_1_115' title="bbox 2244 5152 3815 5221; baseline 0.003 -21"><span class='ocrx_word' id='word_1_824' title='bbox 2244 5156 2447 5201; x_wconf 91' lang='lat' dir='ltr'><strong>tantum</strong></span> <span class='ocrx_word' id='word_1_825' title='bbox 2474 5164 2591 5202; x_wconf 86' lang='lat' dir='ltr'><strong>eum</strong></span> <span class='ocrx_word' id='word_1_826' title='bbox 2615 5163 2839 5218; x_wconf 65' lang='lat' dir='ltr'><strong>praesens</strong></span> <span class='ocrx_word' id='word_1_827' title='bbox 2867 5166 2978 5204; x_wconf 89' lang='lat' dir='ltr'><strong>sum</strong></span> <span class='ocrx_word' id='word_1_828' title='bbox 3000 5152 3144 5221; x_wconf 88' lang='lat' dir='ltr'><strong>apud</strong></span> <span class='ocrx_word' id='word_1_829' title='bbox 3171 5169 3280 5209; x_wconf 84' lang='lat' dir='ltr'><strong>vos.</strong></span> <span class='ocrx_word' id='word_1_830' title='bbox 3307 5153 3486 5210; x_wconf 85' lang='lat' dir='ltr'><strong>Nolite</strong></span> <span class='ocrx_word' id='word_1_831' title='bbox 3513 5154 3637 5209; x_wconf 88' lang='lat' dir='ltr'><strong>illos</strong></span> <span class='ocrx_word' id='word_1_832' title='bbox 3675 5166 3815 5207; x_wconf 65' lang='lat' dir='ltr'><strong>amu-</strong></span> 
     </span>
    </p>
   </div>
   <div class='ocr_carea' id='block_1_115' title="bbox 2244 5234 3816 5326">
    <p class='ocr_par' dir='ltr' id='par_1_115' title="bbox 2244 5234 3816 5326">
     <span class='ocr_line' id='line_1_116' title="bbox 2244 5234 3816 5326; baseline 0.004 -23"><span class='ocrx_word' id='word_1_833' title='bbox 2244 5247 2367 5315; x_wconf 89' lang='lat' dir='ltr'><strong>lari,</strong></span> <span class='ocrx_word' id='word_1_834' title='bbox 2391 5247 2486 5304; x_wconf 91' lang='lat' dir='ltr'><strong>sed</strong></span> <span class='ocrx_word' id='word_1_835' title='bbox 2518 5248 2718 5305; x_wconf 91' lang='lat' dir='ltr'><strong>bonum</strong></span> <span class='ocrx_word' id='word_1_836' title='bbox 2749 5264 2966 5321; x_wconf 88' lang='lat' dir='ltr'><strong>semper</strong></span> <span class='ocrx_word' id='word_1_837' title='bbox 2985 5252 3343 5322; x_wconf 71' lang='lat' dir='ltr'><strong>temulamini,</strong></span> <span class='ocrx_word' id='word_1_838' title='bbox 3376 5234 3485 5311; x_wconf 89' lang='lat' dir='ltr'><strong>non</strong></span> <span class='ocrx_word' id='word_1_839' title='bbox 3517 5255 3572 5311; x_wconf 91' lang='lat' dir='ltr'><strong>in</strong></span> <span class='ocrx_word' id='word_1_840' title='bbox 3606 5264 3816 5326; x_wconf 60' lang='lat' dir='ltr'><strong>prasen-</strong></span> 
     </span>
    </p>
   </div>
   <div class='ocr_carea' id='block_1_116' title="bbox 2243 5349 2725 5403">
    <p class='ocr_par' dir='ltr' id='par_1_116' title="bbox 2243 5349 2725 5403">
     <span class='ocr_line' id='line_1_117' title="bbox 2243 5349 2725 5403; baseline 0.002 -2"><span class='ocrx_word' id='word_1_841' title='bbox 2243 5349 2312 5401; x_wconf 87' lang='lat' dir='ltr'><strong>tia</strong></span> <span class='ocrx_word' id='word_1_842' title='bbox 2345 5362 2462 5403; x_wconf 85' lang='lat' dir='ltr'><strong>mea</strong></span> <span class='ocrx_word' id='word_1_843' title='bbox 2495 5357 2725 5403; x_wconf 88' lang='lat' dir='ltr'><strong>tantum.</strong></span> 
     </span>
    </p>
   </div>
   <div class='ocr_carea' id='block_1_117' title="bbox 2319 5448 3816 5527">
    <p class='ocr_par' dir='ltr' id='par_1_117' title="bbox 2319 5448 3816 5527">
     <span class='ocr_line' id='line_1_118' title="bbox 2319 5448 3816 5527; baseline 0.003 -26"><span class='ocrx_word' id='word_1_844' title='bbox 2319 5448 2502 5503; x_wconf 86' lang='lat' dir='ltr'><strong>Filioli</strong></span> <span class='ocrx_word' id='word_1_845' title='bbox 2523 5451 2643 5518; x_wconf 88' lang='lat' dir='ltr'><strong>mei,</strong></span> <span class='ocrx_word' id='word_1_846' title='bbox 2668 5467 2795 5520; x_wconf 86' lang='lat' dir='ltr'><strong>quos</strong></span> <span class='ocrx_word' id='word_1_847' title='bbox 2832 5452 3016 5505; x_wconf 87' lang='lat' dir='ltr'><strong>iterum</strong></span> <span class='ocrx_word' id='word_1_848' title='bbox 3049 5454 3286 5525; x_wconf 87' lang='lat' dir='ltr'><strong>parturio</strong></span> <span class='ocrx_word' id='word_1_849' title='bbox 3312 5499 3326 5523; x_wconf 91' lang='lat'><strong>,</strong></span> <span class='ocrx_word' id='word_1_850' title='bbox 3377 5456 3539 5513; x_wconf 88' lang='lat' dir='ltr'><strong>donec</strong></span> <span class='ocrx_word' id='word_1_851' title='bbox 3593 5455 3816 5527; x_wconf 70' lang='lat' dir='ltr'><strong>formetur</strong></span> 
     </span>
    </p>
   </div>
   <div class='ocr_carea' id='block_1_118' title="bbox 2239 5547 3815 5613">
    <p class='ocr_par' dir='ltr' id='par_1_118' title="bbox 2239 5547 3815 5613">
     <span class='ocr_line' id='line_1_119' title="bbox 2239 5547 3815 5613; baseline 0.001 -10"><span class='ocrx_word' id='word_1_852' title='bbox 2239 5547 2477 5603; x_wconf 82' lang='lat' dir='ltr'><strong>Christus</strong></span> <span class='ocrx_word' id='word_1_853' title='bbox 2506 5551 2560 5603; x_wconf 85' lang='lat' dir='ltr'><strong>in</strong></span> <span class='ocrx_word' id='word_1_854' title='bbox 2593 5550 2752 5605; x_wconf 86' lang='lat' dir='ltr'><strong>vobis.</strong></span> <span class='ocrx_word' id='word_1_855' title='bbox 2784 5550 3080 5609; x_wconf 88' lang='lat' dir='ltr'><strong>Evidenter</strong></span> <span class='ocrx_word' id='word_1_856' title='bbox 3108 5554 3212 5610; x_wconf 89' lang='lat' dir='ltr'><strong>hoc</strong></span> <span class='ocrx_word' id='word_1_857' title='bbox 3243 5556 3509 5613; x_wconf 88' lang='lat' dir='ltr'><strong>adversus</strong></span> <span class='ocrx_word' id='word_1_858' title='bbox 3552 5556 3815 5613; x_wconf 78' lang='lat' dir='ltr'><strong>hzcreticas</strong></span> 
     </span>
    </p>
   </div>
   <div class='ocr_carea' id='block_1_119' title="bbox 2238 5651 3815 5730">
    <p class='ocr_par' dir='ltr' id='par_1_119' title="bbox 2238 5651 3815 5730">
     <span class='ocr_line' id='line_1_120' title="bbox 2238 5651 3815 5730; baseline 0.001 -24"><span class='ocrx_word' id='word_1_859' title='bbox 2238 5651 2384 5707; x_wconf 89' lang='lat' dir='ltr'><strong>valet</strong></span> <span class='ocrx_word' id='word_1_860' title='bbox 2414 5668 2426 5705; x_wconf 92' lang='lat'>:</span> <span class='ocrx_word' id='word_1_861' title='bbox 2460 5652 2548 5721; x_wconf 88' lang='lat' dir='ltr'><strong>qui</strong></span> <span class='ocrx_word' id='word_1_862' title='bbox 2583 5660 2705 5722; x_wconf 87' lang='lat' dir='ltr'><strong>post</strong></span> <span class='ocrx_word' id='word_1_863' title='bbox 2731 5654 2996 5724; x_wconf 89' lang='lat' dir='ltr'><strong>baptisma</strong></span> <span class='ocrx_word' id='word_1_864' title='bbox 3028 5658 3381 5726; x_wconf 89' lang='lat' dir='ltr'><strong>peccantibus</strong></span> <span class='ocrx_word' id='word_1_865' title='bbox 3403 5700 3419 5724; x_wconf 92' lang='lat'><strong>,</strong></span> <span class='ocrx_word' id='word_1_866' title='bbox 3464 5657 3815 5730; x_wconf 56' lang='lat' dir='ltr'><strong>paenitentiam</strong></span> 
     </span>
    </p>
   </div>
   <div class='ocr_carea' id='block_1_120' title="bbox 2238 5753 3871 5833">
    <p class='ocr_par' dir='ltr' id='par_1_120' title="bbox 2238 5753 3871 5833">
     <span class='ocr_line' id='line_1_121' title="bbox 2238 5753 3871 5833; baseline 0.004 -23"><span class='ocrx_word' id='word_1_867' title='bbox 2238 5769 2346 5811; x_wconf 89' lang='lat' dir='ltr'><strong>non</strong></span> <span class='ocrx_word' id='word_1_868' title='bbox 2377 5753 2527 5814; x_wconf 88' lang='lat' dir='ltr'><strong>dant.</strong></span> <span class='ocrx_word' id='word_1_869' title='bbox 2559 5754 2687 5813; x_wconf 89' lang='lat' dir='ltr'><strong>Item</strong></span> <span class='ocrx_word' id='word_1_870' title='bbox 2721 5756 2773 5815; x_wconf 92' lang='lat' dir='ltr'><strong>in</strong></span> <span class='ocrx_word' id='word_1_871' title='bbox 2807 5756 2898 5821; x_wconf 89' lang='lat' dir='ltr'><strong>illo</strong></span> <span class='ocrx_word' id='word_1_872' title='bbox 2952 5772 3077 5821; x_wconf 90' lang='lat' dir='ltr'><strong>vere</strong></span> <span class='ocrx_word' id='word_1_873' title='bbox 3116 5759 3369 5821; x_wconf 86' lang='lat' dir='ltr'><strong>Christus</strong></span> <span class='ocrx_word' id='word_1_874' title='bbox 3413 5762 3703 5833; x_wconf 78' lang='lat' dir='ltr'><strong>formatur,</strong></span> <span class='ocrx_word' id='word_1_875' title='bbox 3742 5756 3815 5830; x_wconf 78' lang='lat' dir='ltr'><strong>qui</strong></span> <span class='ocrx_word' id='word_1_876' title='bbox 3864 5774 3871 5781; x_wconf 72' lang='lat'>‘</span> 
     </span>
    </p>
   </div>
  </div>
