3978 6286
204 408 299 467 817

868 409 1418 471 COMMENTARIUS
1456 412 1524 470 ΙΝ
1564 413 1956 472 EPISTOLAM
1996 415 2087 471 AD
2127 415 2470 475 GALATAS.
2513 418 2671 475 CAP.
2716 420 2778 476 ν.

3389 420 3493 478 818

203 525 453 581 virtutem
483 523 610 581 ﬁdei
637 524 754 597 ejus
786 527 1077 600 intelligit,
1132 538 1187 585 et
1230 530 1283 584 in
1315 544 1422 599 quo
1446 530 1622 585 omnis
1663 545 1792 585 con-
1822 533 1878 592 Α
1900 532 2241 600 susceperit,
2271 542 2443 588 mater
2468 533 2722 589 efﬁcitur.
2754 534 2867 589 Hoc
2909 544 3089 590 autem
3122 534 3265 590 valet
3303 545 3493 590 contra

202 612 431 675 versatio
454 618 571 691 ejus
603 620 927 691 exprimitur
957 632 1119 693 atque
1140 623 1474 694 depingitur.

274 712 474 768 Vellem
497 724 669 768 autem
689 716 961 792 esse_apud
983 732 1068 770 vos
1100 717 1274 771 modo.
1304 717 1439 784 Quia
1465 726 1667 788 quanta
1692 733 1789 773 vos

200 807 386 863 audire
412 806 721 875 meremini,
756 809 1000 865 scribere
1026 819 1169 865 tanta
1201 825 1307 866 non
1341 825 1574 882 possum.

266 899 337 952 Et
367 908 569 953 mutare
594 916 765 954 vocem
792 917 981 955 meam.
1009 901 1210 957 Vocem
1242 901 1575 958 blandientis
1599 904 1786 974 patris,

201 993 247 1047 in
272 995 504 1061 rigorem
537 993 776 1063 magistri
802 995 1001 1050 veteris
1039 1003 1267 1049 mutare.

267 1085 534 1151 Quoniam
560 1087 855 1157 confundor
889 1090 942 1141 in
982 1088 1148 1143 vobis.
1176 1088 1571 1143 Detrimentum
1623 1088 1791 1144 disci-

201 1179 451 1250 pulorum
481 1178 735 1235 confusio
761 1188 846 1234 est
874 1180 1120 1249 magistri
1152 1199 1163 1233 :
1203 1181 1345 1235 sicut
1385 1180 1659 1250 profectus
1702 1195 1795 1235 eo-

199 1285 353 1334 rum,
411 1280 495 1325 est
518 1270 689 1341 gloria
731 1272 1102 1341 praeceptoris.
1151 1271 1513 1327 Confunditur
1567 1284 1745 1328 autem
1774 1317 1787 1343 ,

197 1364 317 1434 quia
347 1363 455 1433 jam
485 1362 580 1417 ﬁlii
611 1365 758 1431 facti,
792 1379 1009 1419 rursum
1038 1364 1180 1419 servi
1217 1379 1340 1421 esse
1370 1366 1681 1435 cupiebant.

264 1456 437 1511 Dicite
458 1457 588 1510 mihi
612 1499 627 1523 ,
656 1457 743 1527 qui
763 1458 858 1511 sub
890 1457 1001 1527 lege
1028 1455 1185 1511 vultis
1208 1473 1338 1512 esse.
1373 1457 1559 1529 Legem
1585 1474 1688 1512 non
1719 1458 1792 1512 le-

196 1550 381 1622 gistis?
408 1549 679 1621 Scriptum
705 1558 779 1604 est
805 1549 937 1603 enim
956 1591 969 1616 ,
1001 1550 1245 1619 quoniam
1268 1549 1533 1604 Abraham
1575 1550 1705 1604 duos
1728 1550 1794 1619 ﬁ-

197 1644 291 1697 lios
316 1642 521 1712 habuit,
556 1659 715 1697 unum
742 1643 806 1696 de
840 1643 1060 1710 ancilla,
1092 1652 1140 1696 et
1170 1660 1329 1697 unum
1360 1643 1422 1696 de
1460 1642 1641 1697 libera.
1685 1642 1793 1697 Sed

196 1740 279 1810 qui
298 1740 363 1793 de
393 1736 612 1804 ancilla,
644 1737 927 1791 secundum
955 1754 1161 1791 carnem
1186 1748 1339 1792 natus
1363 1748 1435 1791 est
1460 1754 1477 1791 :
1503 1737 1592 1804 qui
1621 1746 1791 1791 autent

195 1831 253 1884 de
280 1828 469 1894 libera,
498 1846 587 1899 per
611 1830 1083 1901 repromissionem.
1113 1828 1327 1896 lsmael,
1358 1828 1539 1882 carnis
1565 1843 1578 1881 :
1613 1826 1783 1894 Isaac,

1895 623 2087 693 dogma
2118 638 2305 679 eorum
2332 625 2425 696 qui
2469 625 2684 692 dicunt,
2729 627 2937 681 animas
2972 627 3039 682 de
3090 627 3232 682 emlo
3276 635 3497 696 prepter

1895 723 2199 784 peccatum,
2231 714 2283 769 in
2318 726 2490 770 terras
2516 716 2759 784 demitti,
2785 727 2839 771 et
2870 717 3216 782 nascentibus
3254 718 3499 787 corpori-

1895 806 1993 861 bus
2024 807 2255 863 infundi.
2283 808 2437 875 Quod
2467 818 2644 865 autem
2676 811 2751 865 ait
2781 830 2793 865 :
2823 810 2972 865 Multi
3001 810 3097 865 ﬁlii
3130 811 3359 866 desertae
3383 827 3495 864 ma-

1894 898 1976 969 gis
1997 940 2011 966 ,
2045 915 2205 969 quam
2238 916 2360 970 quae
2388 900 2554 955 habet
2583 902 2779 957 virum.
2815 902 2979 957 Filios
3011 902 3243 958 desertae
3265 943 3280 966 ,
3323 901 3493 970 signi-

1895 990 2021 1045 ﬁcat
2072 987 2329 1047 Ecclesife
2378 993 2607 1063 pepulos
2662 1009 2730 1049 ex
2785 994 3041 1065 gentibus
3107 1004 3493 1064 congregatos.

1896 1082 2193 1139 llabentem
2227 1086 2613 1149 autemyirum
2635 1128 2651 1154 ,
2705 1100 3030 1159 synagogam
3072 1086 3381 1142 Judaeorum
3414 1096 3496 1140 te-

1895 1183 2089 1246 statur,
2123 1177 2265 1232 sicut
2299 1178 2439 1234 Osee
2469 1179 2738 1249 propheta
2768 1188 3031 1234 monstrat
3063 1198 3074 1232 :
3104 1178 3355 1234 Judieate
3382 1192 3498 1233 ma-

1895 1278 2032 1325 trem
2064 1278 2300 1325 vestram
2328 1312 2343 1338 ,
2380 1271 2644 1340 judicate,
2674 1273 2797 1341 quia
2825 1273 2937 1342 ipsa
2967 1289 3073 1327 non
3099 1286 3234 1327 uxor
3262 1287 3406 1335 mea,
3435 1281 3496 1327 et

1895 1377 1995 1432 ego
2025 1377 2135 1418 non
2162 1363 2243 1417 vir
2269 1364 2406 1433 ejus.
2442 1362 2577 1419 Item
2604 1365 2847 1421 Ecclesia
2879 1375 3052 1423 mater
3085 1374 3169 1421 est
3215 1375 3320 1419 tam
3364 1380 3499 1435 gen-

1894 1458 2066 1513 tilium
2101 1459 2437 1514 credentium
2470 1503 2483 1528 ,
2537 1476 2698 1530 quam
2733 1461 2895 1515 etiam
2944 1460 3256 1515 Judaeorum
3285 1501 3300 1526 ,
3343 1460 3498 1529 cujus

1895 1549 1989 1604 ﬁlii
2042 1550 2185 1605 servi
2243 1566 2362 1606 esse
2415 1566 2522 1605 non
2568 1561 2815 1622 possunt.
2848 1550 2917 1605 Et
2949 1551 3073 1605 ideo
3119 1560 3172 1605 et
3224 1549 3495 1605 mediator

1896 1640 2023 1694 novi
2045 1640 2379 1695 Testamenti
2408 1642 2475 1697 de
2520 1642 2658 1697 coelo
2687 1641 2901 1697 advenit
2930 1640 3215 1696 Pontifex:
3241 1654 3291 1695 et
3320 1640 3496 1695 Evan-

1892 1731 2093 1801 gelium
2124 1746 2230 1787 non
2265 1734 2316 1786 in
2342 1747 2449 1787 uno
2472 1732 2626 1798 loco,
2659 1732 2755 1787 sed
2787 1732 2840 1786 in
2867 1742 2982 1787 toto
3010 1730 3211 1787 mundo
3240 1738 3323 1786 est
3352 1746 3495 1801 pra:-

1893 1826 2150 1880 dicatum.

197 1921 339 1977 ﬁlius
373 1920 523 1976 ﬁdei.
556 1921 711 1975 Illum
756 1921 899 1975 enim
942 1920 1219 1975 Abraham
1262 1919 1556 1974 secundum
1599 1933 1787 1974 carna-
1815 1912 1864 1972 B
1966 1918 2117 1973 Sicut
2139 1919 2386 1990 scriptum
2415 1928 2488 1973 est
2526 1937 2539 1974 :
2568 1919 2791 1988 Lwlare,
2816 1918 3036 1983 sterilis,
3065 1935 3302 1990 quianon
3334 1921 3497 1991 paris.

195 2013 294 2070 lem
317 2030 473 2070 usum
497 2015 716 2086 genuit:
745 2013 907 2069 istum
930 2022 1117 2068 contra
1151 2019 1399 2068 naturam
1426 2012 1791 2083 promissione

190 2107 399 2176 suscepi
410 2115 451 2161 t.

264 2198 397 2267 Qui:
425 2205 545 2252 sunt
572 2214 666 2269 per
690 2196 997 2269 allegoriam
1028 2197 1189 2251 dicta.
1224 2196 1357 2265 Quae
1402 2195 1621 2267 quidem
1666 2205 1792 2252 sunt

194 2305 286 2361 per
320 2290 638 2362 allegoriam
667 2290 815 2345 dicta
847 2306 862 2345 :
896 2289 1002 2344 hoc
1024 2296 1129 2355 est,
1162 2288 1266 2343 alia
1289 2304 1355 2344 ex
1386 2288 1513 2343 aliis
1536 2288 1788 2358 ﬁgurata.

195 2381 358 2453 Qedit
386 2390 563 2436 autem
596 2368 836 2453 regulam
868 2379 972 2435 hoc
1001 2380 1123 2435 loco
1148 2380 1443 2448 Aposto!us
1482 2378 1793 2449 intelligen-

191 2474 241 2529 di
264 2473 593 2544 allegoricas
620 2474 889 2540 rationes,
919 2472 1129 2528 scilicet
1152 2482 1231 2538 ut,
1248 2470 1792 2547 manentcmhistorize

148 2612 149 2617 η
194 2565 447 2637 veritate,
470 2565 671 2634 ﬁguras
690 2564 897 2619 veteris
926 2560 1261 2619 Testamenti
1283 2561 1791 2633 exponamus.Nam

192 2673 313 2714 cum
345 2658 597 2725 dixisset,
620 2656 896 2713 Abraham
922 2658 1060 2713 duas
1104 2671 1311 2711 uxores
1362 2657 1659 2733 verissime»
1696 2657 1792 2711 ha-

193 2750 402 2817 buisse,
431 2760 615 2820 postea
641 2750 771 2821 quid
815 2749 1323 2820 prteﬁguraverint,
1357 2732 1749 2803 demonstravit
1775 2766 1787 2800 :

197 2853 250 2898 et
276 2843 384 2898 hoc
414 2840 592 2911 ipsum
622 2842 695 2896 ibi
722 2841 872 2911 fecit,
900 2841 990 2895 ubi
1016 2841 1197 2909 aliqua
1222 2849 1535 2895 sanctorum
1563 2840 1790 2895 honesta

191 2947 343 3008 gesta
373 2935 684 2992 referuntur
713 2953 727 2989 :
758 2951 864 2991 non
893 2936 985 2991 ubi
1018 2944 1237 3006 peccata
1267 2942 1544 2989 notantur.
1604 2934 1777 2989 Crete-

194 3046 313 3086 rum
342 3031 542 3086 delicta
567 3030 749 3085 dicere
776 3044 871 3099 per
898 3028 1286 3099 mysteria,aut
1312 3026 1789 3097 impossibilitatis,

191 3129 283 3176 aut
306 3119 637 3191 ignorantia:
669 3120 837 3175 Deum
863 3129 948 3174 est
975 3118 1277 3173 criminari.
1306 3117 1409 3184 Qui
1431 3126 1609 3171 autem
1635 3116 1794 3171 aliter

190 3228 284 3270 sua
317 3221 628 3269 monstrare
681 3228 788 3267 non
837 3210 1038 3281 poterit
1082 3218 1423 3265 sacramenta
1464 3225 1478 3262 :
1518 3217 1613 3263 aut
1642 3217 1792 3264 certe

1893 2002 2221 2081 Prophetico
2255 2012 2566 2066 testimonio
2596 2012 2791 2082 probat
2820 2012 3105 2066 meliorem
3141 2026 3241 2067 nos
3268 2052 3284 2080 ,
3334 2026 3496 2082 quam

1891 2103 2130 2168 JUdiI’OS,
2162 2113 2390 2159 matrem
2417 2105 2637 2160 habere.

1964 2197 2192 2269 Erumpe
2226 2208 2273 2253 et
2303 2198 2501 2266 clama,
2534 2215 2647 2269 qua:
2677 2215 2779 2253 non
2811 2199 3059 2270 parturis.
3104 2198 3341 2268 Clamor,
3398 2213 3502 2270 pro

1894 2292 2177 2363 prophetia
2217 2294 2436 2362 ponitur
2471 2292 2523 2348 in
2557 2293 2659 2348 hoc
2690 2294 2829 2349 loco.

1967 2388 2105 2453 Quia
2134 2388 2281 2441 multi
2309 2387 2525 2441 deserta:
2556 2389 2740 2459 ntagis.
2767 2388 2879 2444 Hoc
2902 2385 3283 2458 praeﬁgurabat
3314 2385 3493 2454 Anna,

1894 2496 2019 2552 quae
2040 2480 2179 2535 dixit
2207 2498 2219 2533 :
2246 2479 2460 2538 Stetilis
2491 2496 2611 2550 quze
2638 2482 2851 2551 peperit
2877 2485 3090 2553 septem
3112 2522 3127 2548 ,
3159 2490 3213 2537 et
3238 2480 3410 2536 fetosa
3440 2482 3495 2535 in

1896 2574 2024 2629 ﬁliis
2055 2574 2324 2629 inﬁrmata
2354 2584 2461 2629 est.

1970 2665 2137 2731 Quam
2175 2668 2289 2737 ejus
2309 2708 2323 2732 ,
2352 2681 2467 2737 quae
2494 2665 2641 2719 habet
2670 2667 2856 2721 virum.
2888 2665 3021 2733 Qum
3065 2667 3244 2722 virum
3292 2665 3499 2721 habere

1896 2769 2129 2831 putans,
2159 2758 2228 2813 de
2268 2757 2596 2814 fecunditate
2618 2758 2899 2827 gloriatur.
2948 2760 3055 2813 Aut
3096 2759 3220 2828 quia
3263 2757 3499 2814 habebat

1894 2852 2095 2913 virum,
2128 2856 2416 2918 antequam
2445 2848 2735 2917 ejiceretur
2763 2863 2886 2903 cum
2916 2847 3026 2903 ﬁlio
3052 2863 3175 2904 suo.

1969 2942 2082 2996 Nos
2119 2949 2291 2995 autem
2351 2942 2543 3012 fratres
2597 2941 2902 3007 secundumj
2936 2940 3091 2995 Isaac
3146 2941 3502 3011 promissionis

1897 3038 1996 3107 ﬁlii
2022 3051 2221 3091 sumus.
2244 3033 2527 3102 Quomodo
2556 3034 2625 3089 de
2655 3034 2803 3090 Isaac
2826 3076 2842 3101 ,
2890 3035 2964 3090 ita
3010 3045 3067 3091 et
3109 3034 3179 3091 de
3226 3034 3385 3090 nobis
3415 3044 3499 3090 est

1896 3130 2130 3186 Abraha:
2162 3130 2592 3200 repromissum,
2636 3128 2781 3198 quod
2809 3129 3018 3186 scilicet
3058 3130 3112 3184 in
3166 3143 3233 3185 eo
3278 3127 3501 3184 benedi-

1895 3223 2083 3278 cendze
2112 3230 2294 3277 essent
2328 3236 2522 3276 omnes
2550 3230 2763 3292 gentes.

189 3316 394 3377 putans
416 3305 522 3362 sibi
562 3304 928 3377 quorumdam
961 3312 1184 3373 peccata
1236 3301 1546 3357 necessaria
1572 3342 1586 3367 ,
1643 3301 1792 3370 prius

1970 3315 2079 3371 Sed
2110 3312 2369 3384 quomodo
2402 3322 2523 3366 tunc
2553 3312 2626 3378 is,
2678 3312 2766 3382 qui
2801 3311 3083 3365 secundum
3111 3326 3319 3365 carnem
3346 3317 3499 3364 natus

189 3398 279 3454 illa
304 3400 643 3470 generaliter
670 3398 1017 3465 condemnet,
1050 3395 1145 3453 sed
1172 3407 1228 3452 et
1265 3405 1457 3466 postea
1490 3392 1793 3464 reprehen-

190 3489 375 3547 dendo
432 3500 593 3561 atque
623 3490 947 3547 vindicando
971 3488 1222 3544 ostendat
1249 3528 1264 3553 ,
1308 3486 1402 3541 illa
1437 3499 1545 3540 non
1578 3492 1796 3555 propter

188 3602 285 3642 sua
318 3585 576 3657 mysteria
599 3585 713 3640 ﬁeri
749 3583 983 3639 voluisse
1009 3600 1022 3637 :
1052 3588 1319 3653 praecepta
1336 3594 1464 3635 vero
1480 3578 1797 3634 difﬁcilein-

191 3680 381 3734 veniet
407 3676 675 3749 Apostoli,
709 3675 886 3733 taliter
908 3672 1229 3746 exponentis
1254 3717 1269 3742 ,
1318 3687 1386 3728 ne
1415 3685 1602 3727 eorum
1631 3670 1796 3725 vitam

188 3772 474 3828 videretur
500 3784 786 3827 enervare.

263 3862 400 3919 Haec
426 3864 560 3919 enim
585 3874 702 3918 sunt
733 3861 836 3917 duo
866 3860 1189 3917 Testamenta
1216 3875 1235 3915 :
1262 3858 1429 3917 Vetus
1475 3867 1530 3914 et
1558 3872 1754 3913 novum
1779 3899 1793 3924 ,

186 3957 443 4028 singulos
474 3956 705 4027 populos
744 3956 1081 4027 generantia.

264 4050 445 4105 Unum
467 4050 674 4121 quidem
700 4049 755 4103 in
780 4058 951 4104 monte
968 4047 1185 4117 Sina,iu
1206 4048 1497 4103 servitutem
1526 4050 1793 4118 generant.

193 4141 381 4197 Judaei
407 4152 552 4197 metu
576 4142 924 4211 praesentium
956 4140 1293 4211 cogebantur
1324 4180 1340 4207 ,
1393 4147 1458 4193 ut
1497 4140 1622 4193 ferae
1656 4152 1669 4190 :
1701 4150 1800 4190 nos

188 4250 326 4289 vero
354 4233 592 4303 praemiis
619 4220 1001 4288 invitamur'ut
1031 4231 1188 4287 liberi
1215 4273 1228 4296 ,
1266 4242 1321 4286 et
1349 4230 1425 4285 illi
1469 4230 1623 4301 quasi
1650 4229 1800 4284 servi

192 4335 409 4392 praeter
434 4324 655 4379 moralia
682 4333 993 4394 praecepta,
1038 4324 1204 4379 etiam
1258 4322 1491 4378 diversis
1539 4321 1799 4391 operibus

189 4417 631 4487 premebantur:
667 4416 826 4472 nobis
846 4425 1028 4471 autem
1083 4414 1237 4486 quasi
1284 4413 1408 4469 ﬁliis
1438 4454 1453 4479 ,
1507 4414 1801 4469 moralibus

186 4508 435 4564 monitis
469 4506 815 4577 adimpletis,
863 4506 1085 4563 servilia
1108 4520 1274 4561 onera
1314 4504 1655 4559 auferuntur.
1694 4504 1800 4560 Sed

192 4601 277 4656 illi
300 4598 687 4656 sacerdotibus
716 4600 829 4655 suis
874 4614 944 4654 ex
986 4599 1169 4654 debito
1217 4599 1556 4667 servientes,
1604 4598 1800 4653 tributa

186 4695 367 4750 etiam
396 4692 629 4748 reddere
658 4694 992 4763 cogebantur
1038 4708 1053 4746 :

186 4792 334 4846 nihil
368 4790 655 4858 debentes,
681 4790 955 4845 antistites
976 4796 1193 4843 nostros
1228 4787 1533 4842 voluntarie
1566 4786 1801 4842 honora-

190 4899 354 4940 IDUS.

268 4976 411 5042 Quia
429 4984 503 5029 est
530 4975 692 5047 Agar.
723 4974 889 5046 Cujus
916 4975 1322 5046 typum°habuit
1345 4987 1638 5045 synagoga.

268 5068 413 5123 Sina
443 5068 574 5121 enim
601 5084 747 5122 mons
768 5076 840 5122 est
871 5068 925 5121 in
951 5067 1164 5134 Arabia,
1190 5068 1279 5137 qui
1301 5069 1608 5138 conjunctus
1634 5075 1707 5120 est
1734 5065 1805 5131 ei,

184 5177 317 5231 quia
352 5177 487 5214 nunc
538 5170 616 5217 est
662 5159 976 5215 Jerusalem.
1030 5159 1111 5214 Ex
1159 5158 1509 5229 qualitatibus
1558 5158 1800 5213 locorum

187 5254 316 5308 vult
344 5252 572 5323 intelligi
602 5250 976 5308 diversitatem
1007 5251 1503 5308 Testamentorum.

270 5347 351 5401 Et
373 5348 523 5402 servit
552 5364 667 5402 cum
693 5345 819 5417 ﬁliis
846 5348 974 5402 suis.
1000 5346 1134 5401 Cum
1170 5347 1293 5402 ﬁliis
1318 5345 1643 5413 Jerusalem,
1668 5359 1803 5415 gen-

187 5440 355 5496 tibus
383 5439 572 5495 servit.

267 5529 390 5586 llla
413 5540 587 5585 autem
615 5533 739 5603 'qute
764 5548 970 5587 sursum
1004 5540 1077 5586 est
1121 5529 1413 5588 Jerusalem
1437 5571 1453 5597 ,
1493 5530 1652 5586 libera
1688 5538 1759 5586 est
1792 5546 1811 5586 :

187 5637 328 5697 qua
352 5632 426 5677 est
455 5632 623 5678 mater
649 5632 845 5679 nostra.
876 5623 1045 5679 Recte
1070 5624 1202 5680 dicit
1229 5623 1524 5694 Apostolus
1546 5662 1561 5687 ,
1588 5623 1809 5679 Jerusa-

188 5717 318 5772 lem
350 5713 626 5771 caelestem
673 5714 916 5772 sterilem
959 5730 1084 5773 esse
1137 5716 1490 5787 generatione
1535 5714 1767 5770 ﬁliorum
1794 5756 1809 5779 ,

186 5808 343 5878 quia
370 5823 474 5864 non
518 5808 625 5865 illic
671 5819 893 5880 generat
922 5810 1065 5865 ﬁlios
1098 5828 1111 5864 :
1146 5808 1243 5865 sed
1279 5809 1369 5865 hic
1400 5824 1497 5879 per
1528 5808 1689 5865 ﬁdem
1732 5823 1821 5865 rc-

190 5911 377 5962 natos
422 5900 479 5965 in
505 5898 741 5980 .Christo
765 5942 784 5975 ,
840 5909 1032 5977 postea
1072 5902 1341 5978 suscipit,
1388 5910 1658 5963 eteorum
1684 5917 1823 5975 quos

1898 3408 2089 3477 luerat.
2118 3406 2348 3475 Semper
2376 3404 2629 3460 carnales
2654 3405 2924 3471 homines,
2959 3418 3054 3459 eos
3099 3403 3192 3472 qui
3242 3403 3501 3473 spiritua-

1901 3500 2023 3553 liter
2054 3505 2181 3553 sunt
2212 3505 2630 3567 persequuntur.
2676 3493 2828 3550 Unde
2874 3494 3070 3548 mirum
3118 3506 3226 3547 non
3272 3502 3401 3560 est,
3450 3494 3498 3549 si

1900 3591 2063 3648 modo
2108 3589 2293 3645 earnei
2349 3597 2407 3644 et
2461 3586 2754 3643 saeculares
2803 3587 3053 3642 homines
3080 3596 3298 3640 sanctos
3329 3585 3500 3640 tribu-

1900 3686 2035 3751 lent,
2061 3694 2115 3740 et
2142 3682 2421 3753 afﬂigant;
2454 3680 2621 3736 immo
2651 3680 2779 3736 inde
2799 3678 3167 3751 cognoscendi
3204 3687 3333 3733 sunt
3366 3676 3500 3749 justi

1901 3791 2044 3844 esse,
2071 3776 2117 3831 si
2144 3791 2172 3829 a
2201 3773 2402 3829 talibus
2431 3771 2831 3843 opprimantur.

1974 3866 2382 3939 Persequebatur
2403 3880 2540 3930 eam,
2570 3864 2658 3932 qui
2699 3861 2984 3916 secundum
3008 3863 3269 3933 spiritum.
3304 3863 3360 3916 In
3394 3860 3499 3917 Ge-

1901 3962 2016 4017 nesi
2061 3958 2278 4030 quidem
2321 3958 2423 4011 hoc
2474 3955 2731 4024 scriptum
2759 3961 2864 4007 est.
2892 3952 3027 4019 Quia
3062 3954 3307 4008 illuserat
3343 3952 3492 4007 Isaac

1900 4054 2092 4111 lsmael
2122 4072 2133 4106 :
2160 4051 2255 4107 sed
2287 4049 2578 4121 Apostolus
2595 4046 2833 4102 ostendit
2856 4061 2961 4100 non
2984 4046 3284 4116 simplicem
3314 4046 3497 4101 lusum

1903 4147 2066 4201 fuisse
2092 4187 2107 4211 ,
2139 4158 2299 4215 quem
2329 4139 2767 4211 persecutionem
2812 4136 3069 4208 appellat.
3112 4137 3247 4205 Quia
3294 4138 3501 4193 scurri-

1903 4239 2009 4294 lem
2052 4250 2177 4293 eum
2199 4281 2212 4303 ,
2271 4242 2327 4291 et
2357 4233 2533 4289 levem
2556 4274 2571 4298 ,
2606 4231 2750 4286 sicut
2778 4230 2896 4300 ipse
2918 4241 3065 4296 erat,
3110 4230 3287 4286 facere
3307 4230 3501 4299 cupiev

1903 4331 1993 4386 bat
2028 4349 2042 4387 :
2072 4343 2140 4384 ne
2207 4327 2283 4382 illi
2352 4324 2526 4397 possit
2573 4322 2627 4378 in
2682 4322 2998 4377 haereditate
3045 4322 3313 4392 praeferri.
3374 4321 3503 4378 Ideo

1903 4420 2176 4477 Abraham
2208 4418 2515 4490 dejiciendo
2540 4432 2895 4485 eum,vocem
2928 4416 3077 4473 Sara:
3104 4416 3259 4486 jubet
3286 4415 3499 4472 audire.

1976 4512 2066 4569 Ita
2095 4521 2142 4568 et
2169 4529 2329 4567 nunc.
2372 4510 2451 4566 Ita
2490 4519 2545 4565 et
2586 4510 2672 4565 isti
2718 4524 2910 4566 servos
2966 4522 3096 4565 suos
3141 4508 3248 4564 sibi
3298 4508 3506 4566 similes

1907 4606 2085 4661 facere
2112 4605 2376 4659 nituntur.

1102 4707 1203 4747 "05
1234 4702 1435 4762 ιπθειθτ
1481 4661 1800 4747 οΙίδΐὶῐὲιιθιη
1824 4667 1881 4730 D
1985 4699 2092 4757 Sed
2114 4698 2237 4769 quid
2258 4698 2382 4751 dicit
2405 4696 2716 4767 Scriptura?
2766 4693 2917 4767 Ejice
2947 4661 3199 4749 ancillam
3249 4703 3296 4749 et
3335 4694 3507 4764 ﬁlium

1912 4796 2021 4866 ejus
2046 4807 2065 4846 :
2100 4807 2203 4845 non
2250 4790 2385 4844 enim
2413 4789 2577 4843 haeres
2622 4788 2717 4842 erit
2772 4787 2913 4855 ﬁlius
2964 4788 3198 4855 ancillae,
3240 4803 3357 4840 cum
3396 4785 3510 4855 filio

1915 4884 2109 4939 liberae.
2139 4881 2493 4950 Quantumvis
2522 4894 2582 4936 se
2611 4880 2841 4935 extollat
2875 4879 3151 4949 iniquitas,
3180 4877 3376 4933 ancilla
3402 4884 3507 4945 est,

1916 4984 1972 5033 et
2011 4972 2346 5043 subjicienda
2398 4971 2601 5028 sanctis
2656 4973 2796 5027 sicut
2855 4980 2910 5027 et
2971 4970 3144 5026 Judazi
3196 4986 3211 5022 :
3263 4968 3512 5036 quamvis

1918 5068 2151 5125 Abrahae
2180 5067 2319 5121 ﬁlios
2350 5080 2409 5121 se
2432 5066 2639 5135 jactant
2666 5106 2681 5130 ,
2732 5062 2989 5134 quamdiu
3026 5063 3121 5116 ﬁlii
3152 5059 3368 5115 ancillae
3393 5058 3513 5114 lue-

1914 5162 2059 5229 rint,
2115 5160 2396 5215 nobiscum
2442 5156 2818 5213 hereditatem
2870 5155 3073 5210 habere
3122 5167 3229 5207 non
3261 5162 3512 5223 possunt.

1988 5250 2193 5323 Itaque,
2228 5255 2439 5323 fratres,
2468 5267 2571 5304 non
2600 5264 2777 5303 smnus
2807 5246 3013 5301 ancilla:
3037 5245 3155 5314 ﬁlii,
3186 5246 3276 5299 sed
3299 5243 3512 5299 liberte:

1915 5359 2017 5412 qua
2044 5342 2273 5395 libertate
2296 5358 2388 5395 nos
2418 5339 2657 5394 Christus
2682 5337 2931 5392 liberavit.
2970 5335 3088 5391 Non
3116 5335 3380 5392 debemus
3413 5350 3516 5390 an-

1919 5434 2100 5491 cillam
2124 5432 2302 5503 sequi,
2334 5442 2508 5487 matre
2546 5430 2736 5486 relicta
2758 5470 2772 5497 ,
2805 5428 2931 5500 quia
2968 5428 3096 5485 licet
3142 5427 3386 5499 ejusdem
3416 5427 3527 5482 viri

1904 5520 2084 5584 tuerit
2111 5542 2271 5594 uxor,
2307 5536 2485 5581 tamen
2516 5526 2583 5580 ad
2611 5532 2825 5593 tempus
2845 5568 2858 5592 ,
2910 5523 3038 5595 quia
3067 5521 3222 5579 Sarte
3300 5530 3515 5592 tempus

1921 5618 2160 5677 nondum
2190 5628 2415 5675 venerat
2443 5615 2765 5689 generandi.

2546 5709 2773 5766 CAPUT
2816 5709 2879 5766 ν.

1996 5810 2143 5865 State
2170 5850 2185 5875 ,
2237 5816 2287 5862 et
2343 5805 2502 5861 nolite
2556 5806 2739 5859 iterum
2775 5806 2908 5876 jugo
2952 5802 3213 5857 servitutis
3254 5801 3538 5858 contineri.

1925 5905 2080 5963 State
2120 5903 2175 5962 in
2226 5901 2335 5961 ﬁde
2384 5898 2713 5974 Evangelii,
2760 5898 2871 5972 jam
2924 5895 3074 5955 enim
3132 5904 3348 5969 tempus
3399 5894 3535 5966 legis
