3978 6286
508 372 615 430 819

1531 372 1588 431 S.
1633 373 2013 431 HIERONYMI
2050 371 2335 432 OPERUM
2376 376 2746 437 MANTISSA.

3630 390 3706 446 820

506 484 719 541 efﬂuxit
744 501 757 540 :
779 483 947 543 nolite
967 484 1156 557 jugum
1184 499 1306 541 cum
1337 483 1539 543 Judzeis
1569 484 1804 553 trahere,
1830 484 1971 557 quod
2001 500 2102 543 nec
2127 487 2179 549 Δ
2287 484 2391 543 Vo's
2412 491 2545 545 enim
2568 491 2621 545 in
2647 490 2930 547 libertatem
2956 494 3121 547 vocati
3144 494 3259 549 estis
3281 536 3295 562 ,
3335 495 3498 565 fratres
3524 515 3538 552 :
3560 508 3709 561 tantum

508 580 611 649 ipsi
644 579 783 634 terre
814 588 1063 647 possnnt.

582 670 719 725 Ecce
746 687 839 741 ego
867 670 1067 726 Paulus
1107 670 1225 724 dico
1253 670 1416 725 vobis.
1472 669 1588 742 Ego
1638 672 1794 729 vobis
1838 672 2104 729 audenter

505 763 649 832 dico,
684 767 953 820 neminem
986 768 1398 834 pertimescens.

583 857 843 923 Quoniam
880 862 922 914 si
969 858 1445 923 circnmcidamini,
1493 856 1731 913 Christus
1781 859 1920 914 vobis
1970 858 2105 914 nihil

507 950 756 1024 proderit.
784 950 919 1019 Quia
942 951 1120 1008 solum
1152 951 1303 1007 illum
1328 952 1394 1006 ad
1423 952 1655 1008 Salutem
1673 951 1828 1009 vobis
1849 952 2102 1010 sufﬁcere

508 1061 616 1101 non
644 1046 864 1114 putatis.

578 1138 847 1208 Teati/icor
875 1146 1046 1194 autem
1091 1155 1270 1195 rursus
1314 1140 1451 1195 omni
1476 1139 1678 1195 homini
1712 1140 2105 1201 circumcidenti

503 1247 581 1298 se,
610 1233 859 1303 quoniam
879 1232 1078 1287 debitor
1104 1242 1179 1288 est
1212 1234 1467 1289 universa:
1506 1235 1631 1304 legis
1676 1234 1951 1305 faciendae.
2001 1234 2102 1301 Qui

504 1332 669 1394 caput
705 1339 930 1395 operum
976 1325 1112 1396 legis
1141 1328 1406 1395 suscepit,
1455 1343 1683 1385 necesse
1709 1338 1791 1387 est
1819 1337 1878 1385 ut
1904 1337 2099 1388 caetera

506 1422 751 1478 membra
776 1422 1059 1487 sustineat,
1094 1438 1161 1478 ne
1188 1422 1477 1478 maledicto
1508 1423 1807 1490 subjaceat.

579 1513 836 1569 Evacuuti
870 1515 990 1569 estis
1018 1532 1048 1568 a
1085 1513 1291 1569 Christo
1325 1533 1337 1568 :
1366 1517 1451 1585 qui
1479 1516 1533 1570 in
1562 1516 1670 1587 lege
1688 1515 2057 1588 justiﬁcantini
2084 1554 2101 1582 ,

505 1624 538 1660 a
567 1608 737 1675 gratia
765 1607 1049 1661 excidistis.
1081 1606 1138 1662 Si
1166 1608 1217 1662 in
1250 1607 1368 1675 lege
1394 1623 1546 1679 spem
1576 1608 1804 1678 ponitis,
1846 1616 1903 1663 et
1939 1606 2102 1677 ju5ti-

509 1698 676 1753 ﬁcare
704 1714 867 1769 posse
889 1714 984 1753 vos
1004 1698 1250 1765 creditis,
1305 1699 1575 1755 inﬁrmam
1617 1696 1819 1754 Christi
1874 1697 2101 1769 gratiam

504 1790 760 1860 judicatis
788 1809 799 1843 :
831 1800 885 1845 et
924 1790 1068 1861 quod
1117 1791 1226 1861 jam
1257 1791 1425 1859 gratis
1447 1792 1729 1846 consecuti
1750 1792 1881 1845 eStis
1903 1832 1916 1855 ,
1961 1798 2103 1845 tam-

2206 597 2270 633 ne
2290 581 2573 637 libertatem
2604 585 2656 638 in
2702 586 3021 643 occasionem
3051 585 3177 641 detis
3204 588 3384 641 carnis.
3432 589 3625 645 Tantum
3664 611 3713 651 ne

2205 690 2307 744 per
2353 677 2694 735 Occasionem
2755 679 3185 735 circumcisionis
3224 681 3289 735 ad
3327 682 3453 752 legis
3494 686 3710 741 servitium

2207 766 2467 822 redeatis.

2279 857 2386 915 Sed
2432 875 2524 930 per
2562 858 2867 915 charitatcm
2919 862 3131 927 spiritus
3172 864 3347 920 servite
3389 866 3589 923 invicem.
3626 869 3711 925 Non

2206 953 2514 1023 superbiam
2534 968 2628 1023 per
2657 956 2894 1023 speciem
2925 955 3193 1015 libertatis
3224 957 3457 1023 insinuo,
3485 959 3563 1015 sed
3598 975 3714 1031 spon-

2208 1059 2425 1104 laneum
2479 1063 2599 1104 esse
2626 1050 2751 1105 volo
2788 1050 3121 1120 servitium,
3168 1066 3270 1106 non
3323 1062 3563 1107 coactum.

2281 1140 2461 1197 Omnis
2507 1143 2643 1197 enim
2682 1144 2764 1198 lea:
2803 1143 2857 1198 in
2905 1160 3007 1198 uno
3045 1161 3273 1209 sermone
3320 1145 3554 1217 impletur.
3599 1146 3715 1218 Legit

2206 1233 2371 1288 etiam
2395 1233 2508 1303 ipsa
2538 1235 2766 1288 moralia
2793 1274 2808 1301 ,
2841 1251 3199 1308 quascumque
3226 1246 3376 1305 sunt,
3412 1254 3508 1294 uno
3551 1253 3715 1309 possant

2204 1339 2457 1381 sermone
2479 1327 2753 1393 concludi,
2778 1337 2834 1382 et
2861 1329 2914 1383 in
2948 1344 3057 1384 uno
3088 1331 3190 1385 hoc
3217 1341 3471 1401 praecepto
3494 1334 3715 1401 compleri.

2278 1417 2475 1490 Diliges
2504 1421 2796 1490 proximum
2823 1430 2994 1475 tuum.
3032 1421 3276 1485 Dilectio,
3305 1422 3387 1477 vel
3415 1423 3644 1491 Charitas,
3680 1427 3715 1479 in

2206 1520 2437 1580 quatuor
2466 1512 2639 1568 modis
2668 1513 2923 1583 consistit
2948 1532 2959 1567 :
2992 1514 3095 1569 hoc
3136 1523 3249 1581 est,
3275 1516 3324 1570 itt
3349 1515 3434 1571 Dei
3461 1517 3717 1581 dilectione.

2206 1618 2327 1673 qua:
2355 1604 2523 1672 prima
2560 1613 2643 1658 cst
2678 1622 2689 1657 :
2724 1605 2964 1659 secunda
2990 1647 3003 1673 ,
3034 1606 3079 1661 si
3110 1609 3465 1676 nosmetipsos
3492 1609 3717 1663 secundum

2207 1698 2378 1752 Deum
2424 1714 2671 1754 amemus
2704 1714 2718 1763 ;
2779 1701 2936 1754 tertia
2967 1741 2981 1764 ,
3032 1700 3311 1768 proximos
3340 1718 3353 1753 :
3385 1708 3581 1769 quarta,
3604 1704 3719 1755 etiam

2210 1788 2479 1844 inimicos.
2515 1789 2683 1844 Deum
2717 1805 2845 1859 ergo
2890 1791 3180 1861 plusquam
3234 1807 3329 1847 nos
3371 1792 3570 1862 diligere
3601 1792 3720 1846 delle-

508 1899 669 1953 quam
701 1897 806 1939 non
835 1882 1098 1940 habentes
1121 1923 1137 1951 ,
1179 1883 1414 1954 propriis
1457 1885 1622 1939 vultis
1674 1882 1954 1939 laboribus
1990 1881 2107 1938 adi-
2136 1870 2183 1930 Β
2210 1898 2331 1937 mus
2363 1896 2378 1936 :
2408 1884 2747 1951 proximum,
2774 1884 2916 1936 sicut
2948 1898 3049 1936 nos
3076 1901 3088 1935 ε
3123 1882 3400 1938 inimicum
3435 1925 3448 1949 ,
3498 1892 3549 1937 ut
3585 1884 3719 1952 proxi-

509 1990 665 2046 plSCl.

585 2068 698 2124 Nos
723 2069 862 2124 enim
883 2070 1073 2140 spiritu
1098 2086 1163 2125 ea:
1186 2069 1291 2140 ﬁde
1318 2087 1458 2141 spem
1484 2070 1707 2140 iustitia:
1731 2079 2105 2138 exspectamus.

512 2163 788 2231 Spirituali
818 2164 1232 2218 conversatione
1262 2163 1516 2231 perlecta:
1550 2161 1672 2217 lidei
1696 2176 1979 2229 Speramus
2007 2175 2108 2216 nos

506 2255 731 2326 justitize
761 2258 1125 2311 immortalem
1164 2267 1483 2327 accepturos
1535 2270 1658 2310 esse
1704 2253 2035 2310 mercedem.

581 2349 722 2405 Nam
776 2351 827 2405 in
886 2349 1092 2404 Christo
1131 2348 1257 2403 Jesu
1287 2394 1301 2415 ,
1356 2365 1517 2417 neque
1559 2349 1880 2403 circumcisio
1910 2346 2109 2415 aliquid

511 2444 667 2511 valet,
694 2459 855 2509 neque
892 2441 1224 2511 praeputium.
1266 2439 1450 2509 Neque
1480 2439 1822 2494 circumcisio
1852 2440 2104 2508 prodest,

510 2552 613 2593 nec
638 2536 962 2605 prtrputium
996 2543 1157 2588 nocet
1197 2534 1534 2601 temporibus
1570 2530 1917 2587 CItriStianis.

585 2628 692 2681 Sed
714 2626 867 2695 ﬁdes,
896 2640 1013 2692 qute
1054 2641 1143 2694 per
1188 2622 1490 2679 charitatem
1538 2631 1803 2694 Operatur.
1866 2624 2008 2693 Ergo
2056 2631 2110 2677 et

510 2716 645 2773 ﬁdes
672 2728 932 2787 operatur
965 2730 1061 2786 per
1091 2714 1407 2781 charitatcm
1436 2756 1452 2784 ,
1496 2731 1603 2771 non
1666 2730 1760 2785 per
1806 2715 2059 2771 timorem
2091 2730 2107 2771 :

508 2811 598 2883 qui
632 2810 775 2865 enim
806 2808 980 2865 credit
1028 2808 1160 2875 Dco,
1191 2807 1421 2862 attendit
1466 2806 1736 2867 mandatis
1791 2825 1803 2859 :
1840 2822 1963 2862 nam
2020 2807 2109 2877 qui

509 2901 681 2958 credit
709 2901 925 2967 futuris,
959 2899 1192 2970 amplius
1222 2909 1500 2969 operatur,
1530 2915 1691 2969 quam
1737 2900 1830 2970 qui
1870 2913 2111 2970 prmsvn-

512 3004 618 3051 tem
649 2993 841 3048 metuit
866 3006 1106 3062 pcenam.

581 3081 878 3139 Currebatis
930 3082 1074 3136 bene.
1137 3080 1291 3138 Fidei
1342 3080 1661 3153 gressibus,
1710 3089 1765 3139 et
1811 3083 2109 3139 moralibus

509 3176 835 3245 disciplinis.

2211 1990 2381 2029 mum.
2412 1974 2697 2029 Proximus
2728 1973 3061 2044 diligebatur
3115 1976 3167 2029 in
3220 1976 3338 2046 lege
3368 1993 3379 2028 :
3410 1985 3459 2030 ct
3485 1976 3570 2031 nisi
3601 1975 3720 2029 Deum

2211 2068 2390 2135 primo
2419 2065 2774 2121 dilexerimus
2795 2110 2809 2135 ,
2847 2080 2945 2119 nos
2977 2067 3201 2122 minime
3231 2081 3502 2135 possumus
3527 2083 3612 2121 non
3635 2080 3722 2135 pec-

2210 2158 2385 2212 cando
2416 2157 2645 2227 diligere
2678 2175 2690 2212 :
2720 2166 2776 2213 et
2803 2172 2905 2212 nos
2927 2156 3220 2227 diligamus
3256 2158 3324 2212 ad
3365 2174 3509 2229 quam
3555 2158 3721 2212 formam

2212 2251 2491 2320 proximos
2512 2246 2787 2318 diligimus
2814 2265 2828 2301 :
2852 2249 2997 2319 quod
3026 2249 3071 2303 si
3103 2249 3380 2318 proximos
3401 2263 3501 2303 non
3523 2260 3722 2309 amamus,

2215 2342 2435 2412 quando
2467 2339 2742 2395 inimicum
2771 2356 2953 2395 amare
2980 2340 3328 2410 poterimus?
3364 2339 3417 2396 Si
3465 2354 3576 2410 ergo
3615 2338 3726 2391 tolu-

2215 2450 2334 2490 mus
2379 2435 2727 2491 diluetiouem
2788 2434 2985 2489 habere
3015 2476 3030 2500 ,
3088 2434 3268 2503 primo
3321 2434 3476 2488 Deum
3514 2433 3725 2501 plusquam

2212 2534 2428 2581 nostras
2457 2525 2666 2581 animas
2705 2525 2992 2595 diligamus
3022 2542 3035 2579 :
3060 2524 3202 2595 quod
3263 2525 3386 2580 inde
3431 2525 3663 2595 probatur,
3696 2519 3727 2579 Si

2213 2632 2435 2691 propter
2456 2620 2626 2675 Deum
2659 2621 2824 2677 etiam
2850 2620 3079 2677 salutem
3116 2630 3363 2675 nostrain
3391 2660 3403 2687 ,
3436 2630 3484 2671 et
3510 2619 3625 2687 ipsas
3646 2614 3728 2669 aui-

2214 2729 2330 2769 mas
2358 2723 2795 2768 contetttnatntts.

2284 2804 2430 2861 Sicut
2462 2806 2702 2877 teipsum.
2727 2804 2831 2872 Qui
2863 2818 3047 2860 secum
3080 2804 3389 2873 proximum
3417 2801 3599 2871 diligit,
3625 2806 3729 2852 utra-

2211 2914 2316 2968 que
2368 2900 2605 2966 complet
2663 2912 2862 2967 genera
2914 2896 3298 2952 mandatorum
3348 2894 3449 2952 :id
3506 2903 3601 2959 est,
3660 2902 3731 2945 nec

2212 2992 2414 3047 malum
2449 2991 2575 3046 facit
2602 2990 2719 3058 ulli,
2751 2990 2845 3046 sed
2875 2990 3073 3045 bonum
3109 2989 3261 3044 iacit.

2286 3083 2439 3150 Quozl
2471 3084 2515 3137 si
2558 3083 2772 3137 invicem
2808 3082 3054 3137 mordetis
3077 3124 3091 3148 ,
3122 3091 3171 3135 et
3214 3079 3503 3135 comedetis.
3529 3075 3613 3130 Per
3632 3085 3729 3127 con.

2213 3177 2487 3233 tentiones
2529 3177 2729 3247 singuli
2762 3191 2858 3232 vos
2912 3176 3171 3231 meliores
3219 3176 3444 3230 alterius
3482 3166 3729 3241 judicando.

583 3267 711 3333 Quis
739 3284 825 3325 vos
852 3267 1111 3340 impedivit
1141 3268 1343 3325 veritati
1386 3282 1487 3321 non
1537 3266 1785 3322 obedire?
1831 3265 1962 3334 Quis
2014 3266 2105 3323 ille
2133 3251 2179 3321 Ο
2289 3266 2472 3327 Videte
2522 3286 2587 3325 ne
2632 3271 2695 3325 ab
2740 3271 2953 3325 invicem
3017 3271 3419 3325 consumamini.
3464 3267 3582 3322 Dum
3634 3261 3731 3318 alter

509 3361 610 3417 fuit
630 3361 722 3433 qui
748 3376 842 3417 vos
876 3363 1009 3433 legis
1036 3362 1295 3432 operibus
1324 3360 1641 3431 implicavit,
1675 3368 1731 3416 ιιι
1768 3374 1987 3416 cursum
2017 3375 2106 3423 tie-

506 3462 635 3510 strte
672 3454 797 3509 ﬁdei
830 3454 1157 3525 impediret?

582 3546 794 3601 Nemini
825 3545 1201 3601 consenseritis.
1248 3544 1525 3599 Persuasio
1556 3543 1666 3600 [nec
1697 3559 1798 3597 non
1831 3550 1906 3597 est
1951 3558 2015 3597 ex
2044 3558 2105 3597 eo

504 3640 593 3711 qui
617 3648 759 3694 vocat
788 3656 895 3693 vos.
945 3639 1057 3695 Nec
1114 3639 1250 3704 illis,
1289 3653 1389 3695 nec
1410 3639 1577 3705 mihi,
1606 3639 1725 3709 sine
1771 3638 1951 3696 verbis
2005 3639 2103 3695 Dei

510 3730 821 3787 consentire
843 3729 1054 3787 debetis
1088 3748 1100 3785 :
1129 3731 1219 3800 qui
1249 3744 1344 3786 vos
1372 3732 1566 3785 iterum
1608 3730 1674 3785 ad
1722 3731 2101 3801 pmniteutiam

507 3832 692 3878 vocat.

578 3915 843 3972 Modicum
871 3921 1176 3987 fermentum
1207 3924 1366 3973 totant
1406 3931 1630 3969 massam
1668 3916 1971 3987 corrumpit.
2025 3915 2104 3975 Ne

509 4010 631 4080 quis
678 4009 881 4064 diceret
906 4027 918 4062 :
973 4010 1083 4063 Cur
1110 4022 1300 4064 omnes
1329 4008 1555 4076 corripis
1580 4048 1593 4073 ,
1619 4007 1743 4061 dttttt
1774 4024 1878 4063 non
1911 4022 2101 4063 omnes

505 4114 826 4161 erraverunt
849 4105 871 4160 ?
893 4105 1141 4159 Ostendit
1168 4102 1309 4173 quod
1334 4102 1603 4161 modicum
1630 4101 1847 4157 malitia:
1870 4099 2103 4156 fermen-

506 4207 641 4263 tum,
672 4206 838 4252 totam
870 4194 1045 4266 possit
1070 4194 1368 4249 Ecclesium
1402 4202 1455 4247 et
1483 4207 1717 4249 massam
1756 4208 1908 4249 suam
1940 4208 1970 4247 a
2003 4208 2097 4255 vc-

506 4293 667 4346 ritate
691 4304 1064 4360 eoi-rumpere.

578 4383 687 4453 Ego
715 4383 921 4453 conﬁdo
951 4384 1003 4438 in
1032 4381 1191 4446 vobis,
1220 4380 1273 4435 in
1303 4378 1527 4435 Domino
1553 4420 1568 4444 ,
1602 4377 1741 4448 quod
1769 4376 1903 4433 nihil
1946 4375 2099 4433 aliud

502 4474 732 4542 sapietis.
762 4476 936 4541 Quam
966 4473 1130 4529 habet
1160 4472 1356 4528 veritas
1384 4470 1609 4532 Christi.

578 4564 681 4629 Qui
711 4574 879 4618 autem
908 4565 1177 4618 conturbat
1204 4581 1290 4618 vos
1309 4607 1323 4630 ,
1372 4564 1594 4633 portabit
1633 4563 1894 4635 judicium
1915 4604 1930 4630 ,
1980 4564 2096 4633 qui-

503 4676 718 4729 cumque
739 4669 810 4713 est
840 4658 952 4715 ille.
987 4660 1069 4715 Ab
1101 4660 1374 4729 Evangelii
1399 4662 1642 4715 veritate.

567 4755 683 4827 Ego
724 4763 895 4809 autem
918 4794 936 4819 ,
984 4756 1171 4824 fratres
1197 4794 1212 4819 ,
1237 4754 1282 4808 si
1301 4754 1737 4809 circumcisionem
1767 4752 1939 4811 adhuc
1961 4770 2095 4824 prce-

492 4850 631 4916 dico,
655 4847 780 4919 quid
818 4845 989 4899 adhuc
1014 4846 1419 4915 persecutionem
1449 4846 1663 4913 patior?
1687 4844 1841 4912 Quod
1889 4844 1956 4899 de
2003 4860 2091 4901 mo

494 4943 647 4998 vobis
676 4940 886 4996 mentiti
914 4947 1041 4995 sunt
1064 4938 1489 5006 deceptores,ita
1515 4955 1600 4994 me
1628 4939 1747 4995 aliis
1770 4939 2086 5007 pra-dicare.

493 5034 630 5101 Quid
664 5033 1100 5103 persecutionem
1127 5031 1317 5098 patior,
1367 5029 1412 5085 si
1451 5030 1617 5098 ipsius
1652 5029 2087 5089 circutncisinnis

494 5140 601 5180 non
633 5125 883 5180 inimicus
910 5138 1027 5181 sunt
1050 5162 1063 5187 ,
1096 5132 1153 5175 ut
1181 5121 1521 5179 afﬁrmatur?

562 5214 707 5281 Ergo
736 5224 1033 5271 evacuatur»
1062 5223 1133 5267 est
1156 5212 1461 5267 scandalum
1495 5212 1660 5266 crucis
1681 5213 1706 5265 ?
1762 5211 1886 5266 Ideo
1921 5226 2049 5268 scan
2068 5243 2080 5253 ο

489 5306 672 5360 dalum
704 5308 981 5374 patiuntur
1015 5323 1027 5359 :
1056 5306 1178 5377 quia
1208 5305 1260 5360 iu
1292 5304 1406 5360 sola
1440 5303 1543 5360 ﬁde
1567 5303 1745 5359 crucis
1794 5304 1917 5361 dico
1958 5318 2080 5361 esse

489 5400 739 5453 salutem.
2078 5467 2090 5477 ί

558 5493 769 5549 Utinam
797 5488 1164 5546 abscinduntur
1186 5493 1272 5562 qui
1300 5508 1387 5548 vos
1416 5493 1739 5549 conturbant.
1788 5492 1846 5548 Si
1890 5501 2077 5562 potant

486 5589 585 5641 sibi
613 5588 713 5641 hoc
743 5584 1003 5655 prodesse
1028 5624 1043 5649 ,
1093 5601 1197 5637 non
1237 5589 1409 5643 solum
1461 5586 1933 5652 circumciduntur,
1979 5587 2072 5645 sed

2206 3364 2365 3421 alteri
2392 3364 2606 3421 occasio
2633 3365 2955 3435 perditionis
3001 3370 3200 3420 exstat.

2277 3456 2409 3511 Dico
2463 3467 2631 3511 autem
2671 3458 2725 3510 in
2766 3454 2970 3511 Christo
3002 3456 3255 3526 :Spiritu
3302 3452 3561 3509 ambulate.
3606 3444 3732 3519 Spiri-

2206 3548 2445 3603 tnalihns
2471 3548 2681 3604 actibus
2705 3590 2720 3614 ,
2750 3563 2884 3619 quos
2915 3546 3051 3602 intra
3083 3548 3373 3603 describit.

2276 3640 2345 3695 Et
2384 3642 2645 3697 desideria
2683 3643 2855 3696 carnis
2905 3658 3007 3697 non
3046 3642 3350 3712 perﬁcietis.
3383 3638 3490 3695 Non
3525 3650 3613 3705 quo
3641 3644 3732 3685 caro

2203 3734 2323 3790 sine
2372 3735 2548 3788 anima
2588 3736 2980 3803 concupiscat;
3043 3733 3137 3789 sed
3190 3732 3409 3802 quando
3454 3731 3556 3799 ipsa
3599 3726 3732 3781 anima

2204 3826 2444 3880 catnalia
2480 3824 2713 3894 cogitat,
2742 3840 2873 3879 caro
2918 3825 3119 3880 dicitur
3149 3841 3163 3877 :
3198 3824 3422 3894 quando
3469 3834 3579 3875 vero
3613 3816 3733 3881 ερίῐίο

2205 3919 2410 3985 tualia,
2470 3935 2609 3973 unus
2659 3934 2781 3973 cum
2836 3918 2947 3972 Deo
3001 3920 3057 3972 ﬁt
3100 3918 3351 3985 Spiritus.
3381 3913 3618 3985 Q::an:din
3640 3922 3734 3976 ergo

2204 4010 2401 4079 duplex
2450 4011 2503 4075 in
2546 4012 2699 4066 urbis
2726 4022 2809 4065 est
2860 4010 3191 4064 desitlrtium
3221 4055 3235 4078 ,
3266 4012 3351 4065 vel
3386 4009 3630 4069 voluntas.
3657 4017 3732 4053 "li"

2204 4101 2515 4171 perlicimus
2545 4117 2899 4173 qumcnmque
2924 4103 3205 4167 volumus,
3252 4116 3364 4156 uno
3407 4099 3671 4155 :udilican:c
3697 4092 3734 4144 in

2201 4194 2362 4251 nobis
2384 4236 2399 4262 ,
2439 4195 2628 4250 etalio
2657 4196 2993 4251 destruente.

2273 4286 2406 4341 Caro
2435 4289 2571 4343 enim
2609 4290 2922 4359 concupiscit
2960 4290 3208 4344 adversus
3262 4289 3499 4359 spiritum
3522 4326 3535 4351 ,
3574 4280 3738 4351 δρὶτὶίκδ

2199 4389 2371 4434 autem
2400 4381 2645 4434 adversus
2673 4396 2901 4436 carnem.
2938 4382 3183 4437 Carnutis
3217 4378 3548 4437 consuetudo
3592 4374 3736 4429 adrer-

2199 4484 2292 4525 sus
2322 4470 2612 4541 spirituale
2641 4470 2996 4527 desiderium.

2270 4562 2403 4617 Htec
2422 4564 2556 4618 enim
2578 4564 2675 4619 sibi
2700 4564 2910 4619 invicem
2936 4565 3297 4627 adversantur,
3332 4574 3389 4618 ut
3412 4580 3507 4619 non
3533 4570 3741 4632 qmcumo

2121 4631 2175 4697 Ι)
2202 4672 2300 4725 que
2322 4656 2489 4719 ειιιιίε,
2521 4654 2615 4711 illa
2637 4657 2864 4726 faciatis.
2895 4656 3010 4712 Hoc
3039 4656 3162 4712 iacit
3191 4656 3355 4726 ratio,
3388 4665 3445 4710 ut
3473 4631 3572 4711 non
3596 4649 3741 4705 volun-

2204 4755 2363 4801 tatem
2395 4759 2653 4818 sequatttr
2683 4748 2927 4803 eﬂ'ectus.

2276 4841 2428 4907 Quod
2471 4844 2514 4895 si
2569 4842 2775 4912 spiritu
2808 4841 3057 4894 ducimini
3085 4884 3098 4905 ,
3143 4856 3245 4893 non
3282 4842 3407 4893 estis
3452 4838 3538 4893 sub
3565 4836 3671 4907 lege.
3698 4828 3740 4884 Si

2202 4950 2300 4988 vos
2329 4934 2703 5003 spiritualibus
2734 4950 2831 5005 per
2859 4934 3041 4989 omnia
3072 4935 3284 4989 actibus
3310 4934 3608 5004 occupetis,
3658 4939 3738 4983 nun

2196 5038 2278 5083 est
2303 5028 2456 5087 vobis
2488 5028 2574 5083 lex
2604 5027 2908 5084 necessaria
2937 5068 2951 5092 ,
2997 5042 3114 5097 qua:
3163 5028 3478 5084 carnalibus
3517 5025 3625 5081 data
3662 5028 3738 5074 cst.

2265 5117 2548 5189 Manifesta
2568 5128 2686 5175 sunt
2723 5128 2897 5173 autem
2943 5132 3101 5189 opera
3145 5119 3341 5174 carnis.
3389 5118 3503 5175 Non
3532 5109 3737 5173 estdiﬁi-

2188 5212 2295 5267 cile
2325 5211 2636 5267 discernere
2667 5212 2809 5266 inter
2834 5222 3057 5280 utraque
3088 5227 3275 5281 opera.

2262 5305 2390 5371 Qua:
2440 5315 2560 5359 sunt
2616 5305 2929 5375 fornicatio,
2980 5306 3311 5360 immunditia
3345 5347 3361 5371 ,
3416 5298 3737 5376 impudicitia,

2185 5401 2414 5460 luxuria,
2440 5398 2699 5452 idealorutn
2728 5401 2967 5463 servitus.
2998 5400 3257 5467 vene/icio,
3282 5398 3564 5452 inimicitiis
3587 5439 3600 5465 ,
3649 5407 3741 5448 cott'

2183 5495 2457 5560 tentiones,
2489 5492 2858 5558 tentulationes,
2891 5493 3003 5559 irw,
3038 5492 3184 5557 ritur,
3222 5492 3584 5555 dissensiones,
3601 5496 3737 5541 δι’τέιε.

2182 5587 2419 5653 invidus,
2445 5586 2755 5652 homicidia,
2787 5584 3057 5640 ebrietates
3085 5626 3100 5651 ,
3146 5584 3541 5638 comessationes
3562 5623 3575 5647 ,
3613 5586 3653 5633 et
3681 5574 3742 5628 his

2180 5686 2388 5739 similia.
2449 5682 2769 5737 Inimicitias
2815 5690 2868 5735 et
2923 5689 3118 5736 caetera
3173 5678 3489 5746 sequentia,
3540 5670 3741 5729 carnalia

2178 5777 2329 5842 dicit,
2362 5777 2715 5844 quaeauimae,
2748 5783 2876 5830 sunt
2899 5815 2913 5839 ,
2969 5790 3078 5829 non
3118 5774 3296 5829 carnis
3333 5789 3345 5825 :
3380 5786 3449 5825 ne
3500 5759 3740 5823 Manichtti

2176 5886 2299 5931 cum
2346 5870 2708 5928 substantiam
2753 5868 2937 5926 carnis
2994 5882 3249 5928 accusare
3314 5872 3605 5936 putarent;
3662 5853 3740 5914 sed

486 5682 644 5733 etiam
685 5678 1116 5734 aliscindantur:
1165 5678 1210 5731 si
1277 5682 1420 5734 enim
1470 5681 1793 5750 exspoliatio
1843 5682 2071 5736 membri

484 5770 712 5837 prolicit,
749 5770 917 5826 multo
941 5769 1110 5840 magis
1138 5768 1379 5825 abolitio.
1410 5771 1640 5839 Quidam
1668 5772 1856 5829 dicunt
1897 5790 1911 5827 :
1958 5774 2070 5830 Uti-

477 5872 606 5915 nam
647 5874 832 5918 errore
883 5862 1078 5937 abscisi
1105 5902 1123 5932 ,
1148 5861 1395 5921 veritatis
1420 5863 1692 5924 radicibus
1729 5865 2062 5924 inserantur.
