3978 6286
923 283 1471 343 COMMENTARIUS
1509 284 1575 342 IN
1617 285 2006 346 EPISTOLAM
2046 288 2140 345 AD
2177 288 2524 348 GALATAS.
2562 291 2718 349 CAP.
2763 292 2855 350 Vl.

3439 296 3550 354 8‘23

229 408 399 454 omne
443 393 646 454 malum
676 437 689 461 ,
749 396 968 466 carnale
1017 397 1287 463 deﬁniunt
1331 417 1346 456 :
1381 415 1547 456 omne
1592 401 1792 456 bonum
1818 443 1836 471 ,
1866 404 1916 465 Α
1946 413 2187 461 mortuos
2214 409 2488 476 sepeliunt
2528 409 2636 464 vivi
2670 426 2682 462 :
2715 409 2841 480 quia
2885 417 2942 466 et
2989 409 3093 484 ipsi
3143 412 3442 485 inﬁrmari,
3493 423 3552 472 et

230 488 550 558 spirituale,
583 488 705 558 quia
723 489 976 546 cmleste.

307 580 438 650 Qua:
467 582 693 653 prcedico
722 583 892 652 vobis,
936 584 1070 639 sicut
1126 587 1370 657 prwdixi.
1417 589 1494 646 Ex
1534 588 1620 645 bis
1646 599 1841 646 cmtera

225 674 495 742 colligere
519 685 786 744 poteram,
814 692 934 746 quae
957 678 1264 748 compendii
1285 683 1462 750 gratia
1494 683 1839 750 prmtermisi.

305 765 567 833 Quoniam
607 767 697 837 qui
743 767 872 821 talia
914 779 1117 839 agunt,
1165 786 1384 842 regnum
1415 771 1633 828 Deinon
1655 790 1843 828 conse-

225 871 470 930 queatur.
502 861 811 918 Notandum
843 873 1006 934 atquc
1039 865 1424 935 plangendum,
1444 867 1588 936 quod
1619 876 1842 924 conten-

226 954 406 1010 tiosos
422 963 583 1025 atque
614 953 1066 1024 dissidentes,vel
1089 957 1380 1014 iracundos
1405 1001 1420 1026 ,
1459 975 1584 1014 cum
1616 960 1844 1015 idolola-

222 1047 354 1115 tris,
372 1059 426 1110 et
443 1048 717 1115 veneﬁcis,
740 1057 794 1104 et
810 1049 1112 1117 homicidis,
1131 1052 1346 1121 penitus
1359 1053 1586 1107 exclusit
1604 1069 1632 1106 a
1653 1068 1840 1123 regno.

302 1137 536 1194 Fructus
567 1150 737 1195 autent
766 1141 1002 1210 spiritus,
1029 1151 1102 1196 est
1144 1143 1392 1198 charitas.
1435 1144 1687 1200 Omnium
1734 1145 1842 1198 vir-

229 1241 415 1290 tutum
452 1232 622 1302 prima
650 1243 734 1288 est
759 1232 998 1288 charitas
1031 1275 1048 1301 ,
1085 1249 1248 1306 quam
1297 1234 1354 1292 in
1401 1246 1634 1308 quatuor
1662 1246 1844 1308 partes

226 1323 568 1379 divisibilem
610 1326 1016 1382 annotavimus.

301 1413 592 1470 Gaudium.
626 1414 944 1486 Spirituale.

295 1505 439 1576 Pax,
465 1509 736 1580 patientia.
768 1508 942 1563 Etiam
966 1524 1087 1564 cum
1115 1509 1431 1566 odientibus
1457 1525 1667 1580 pacem.

299 1597 634 1670 Benignitas,
671 1600 894 1658 bonitas.
925 1599 1156 1672 Semper
1185 1602 1324 1659 bene
1351 1602 1490 1658 velle
1516 1603 1718 1660 facere.

293 1690 712 1762 Longanimitas.
753 1692 936 1748 lliatas
963 1693 1190 1762 injurias
1228 1692 1501 1750 sustinere
1545 1698 1835 1766 patienter.

298 1784 677 1842 Mansuetudo.
710 1785 857 1842 Nulli
883 1785 1138 1856 iujuriam
1170 1787 1436 1858 irrogare.

291 1873 482 1932 Fides.
509 1876 608 1934 Vel
638 1876 811 1940 debes
841 1878 1091 1946 credere,
1133 1879 1222 1936 vel
1265 1879 1518 1936 omnibus
1564 1881 1834 1952 proissa

215 1969 529 2041 complere.

298 2061 589 2119 Hodestia.
620 2061 734 2122 Nec
757 2062 923 2118 lmsus
953 2063 1138 2122 irasci.

299 2151 655 2208 Continentia.
683 2154 740 2209 In
762 2155 1028 2226 conjugiis
1054 2155 1449 2226 spiritualibus.

299 2244 551 2299 Castitas.
586 2245 642 2299 In
667 2245 966 2319 virginibus
992 2245 1332 2319 intelligitur.
1678 2315 1686 2331 η

296 2339 566 2393 Adversus
608 2338 972 2411 hujuscemodi
1004 2356 1106 2394 non
1137 2350 1210 2394 est
1251 2341 1353 2397 (ex.
1399 2341 1516 2396 Non
1557 2341 1699 2398 enim
1732 2341 1834 2399 ista

214 2430 529 2501 prohibuit;
554 2429 649 2485 sed
682 2440 738 2485 et
761 2432 854 2501 qui
881 2447 1079 2498 novum
1117 2431 1326 2502 implet,
1360 2447 1468 2490 non
1491 2442 1578 2496 est.
1603 2432 1706 2504 sub
1734 2449 1831 2494 vev

215 2523 323 2579 teri
357 2523 733 2578 Testamento.

299 2616 409 2684 Qui
438 2626 609 2670 autem
638 2625 756 2670 sunt
799 2615 1016 2682 Christi,
1051 2634 1258 2672 carnem
1287 2635 1434 2673 suam
1465 2621 1834 2690 cruci/icerant

212 2727 337 2766 cum
384 2711 526 2766 uitiis
574 2719 623 2776 et
673 2710 1123 2778 concupiscentiis.
1175 2711 1231 2766 Si
1282 2711 1465 2766 omnia
1508 2713 1672 2768 simul
1704 2713 1832 2771 vitia

214 2801 490 2861 cruciﬁxa
517 2808 668 2867 sunt,
695 2811 752 2858 et
773 2817 901 2862 caro
925 2804 1080 2870 quasi
1130 2804 1371 2872 pendens
1416 2805 1467 2860 in
1517 2805 1687 2876 ligno,
1718 2790 1828 2862 non

215 2897 574 2966 concupiscit
601 2914 612 2948 :
646 2904 708 2952 ut
737 2895 863 2966 quid
891 2896 1046 2952 nobis
1071 2897 1179 2960 lex,
1209 2914 1327 2967 qua:
1354 2897 1478 2960 dats
1501 2910 1583 2954 est
1614 2898 1679 2954 ad
1705 2899 1832 2958 vitia

218 2987 575 3044 coercenda?
619 2987 791 3045 Simul
825 2988 958 3044 illud
987 2989 1308 3056 notandum,
1339 2989 1483 3060 quod
1506 3005 1598 3046 eos
1629 2990 1834 3049 dixerit

217 3081 433 3138 Christi
459 3096 604 3148 esse,
620 3083 714 3151 qui
735 3096 956 3138 carnem
971 3097 1092 3140 cum
1117 3082 1263 3138 vitiis
1283 3083 1694 3142 cruciﬁxerunt.
1719 3082 1832 3140 Hoc

1947 495 2084 549 mori
2111 510 2171 551 se
2203 511 2362 565 posse
2385 498 2637 554 credunt.

2016 585 2158 641 Alter
2187 590 2402 643 alterius
2445 606 2602 645 onera
2642 601 2864 664 portate,
2897 600 2943 647 et
2981 593 3057 646 sic
3087 593 3443 665 odimplcbitis
3473 598 3549 650 le-

1945 694 2062 748 gem
2093 677 2306 733 Christi.
2336 679 2452 736 Lex
2487 681 2712 747 Christi,
2739 683 2976 738 cbaritas
3005 693 3089 740 est
3114 701 3127 736 :
3155 686 3297 740 sicut
3327 687 3442 755 ipse
3471 690 3554 743 di—

1945 768 2023 823 cit
2056 787 2068 823 :
2098 769 2408 828 Mandatum
2446 786 2643 827 novum
2674 774 2743 829 do
2768 775 2946 842 vobis,
2982 785 3038 830 ut
3080 791 3177 830 vos
3207 777 3442 833 invicem
3467 780 3553 834 di—

1945 861 2124 931 ligatis
2153 880 2165 916 :
2199 864 2339 918 sicut
2367 874 2417 920 et
2452 880 2553 935 ego
2576 866 2740 922 dilexi
2765 884 2883 926 vos.
2914 867 3221 925 Notandum
3252 873 3397 942 quod
3428 888 3554 944 gra-

1947 953 2019 1006 tia
2045 953 2129 1007 lex
2160 952 2389 1008 dicatur.

2017 1041 2158 1096 Nam
2180 1044 2227 1098 si
2251 1046 2366 1113 quis
2391 1046 2652 1100 existimat
2678 1063 2732 1101 se
2756 1047 2954 1119 aliquid
2982 1065 3110 1116 esse,
3142 1066 3258 1104 cum
3281 1052 3414 1106 nihil
3457 1054 3548 1122 sit,

1943 1132 2051 1206 ipse
2073 1151 2125 1189 se
2161 1137 2379 1190 seducit.
2417 1138 2518 1204 Qui
2541 1154 2601 1194 se
2634 1149 2788 1208 putat
2827 1156 2934 1194 non
2964 1156 3124 1210 posse
3157 1145 3356 1198 tentari
3385 1161 3400 1200 :
3434 1145 3552 1202 sive

1944 1227 2034 1296 qui
2067 1228 2208 1298 ,plus
2262 1230 2329 1284 de
2382 1245 2443 1286 se
2502 1231 2779 1300 laudanti,
2833 1247 2997 1303 quam
3039 1249 3150 1288 suce
3199 1237 3550 1294 conscientia:

1944 1320 2141 1375 credit.

2017 1410 2162 1482 Opus
2202 1422 2375 1469 autent
2414 1431 2565 1469 suum
2592 1415 2768 1487 probet
2798 1419 3169 1491 unusquisque.
3199 1419 3543 1478 TestimOnio

1942 1504 2317 1562 conscientiae.

2012 1596 2084 1652 Et
2111 1598 2186 1652 sic
2214 1599 2268 1652 in
2293 1600 2566 1670 semetipso
2605 1609 2806 1655 tantum
2847 1601 3066 1674 gloriam
3097 1604 3317 1673 habebit,
3354 1615 3402 1660 et
3442 1623 3543 1660 non

1940 1687 1995 1742 in
2023 1688 2211 1744 altera.
2259 1688 2317 1744 in
2369 1705 2464 1746 sua
2504 1692 2835 1748 conscientia
2866 1733 2882 1758 ,
2942 1705 2998 1750 et
3047 1711 3156 1752 non
3206 1697 3261 1754 ia
3312 1699 3536 1754 alterius

1861 1787 1908 1848 Β
1936 1778 2241 1838 adulatione
2274 1798 2288 1835 :
2319 1781 2432 1838 sive
2455 1782 2509 1838 in
2557 1798 2655 1839 sua
2684 1785 2925 1854 justitia,
2957 1804 3062 1844 non
3094 1789 3272 1846 alieno
3295 1801 3538 1862 peccato.

1939 1870 2110 1928 Nemo
2132 1874 2277 1930 enim
2309 1875 2526 1944 prolicit
2553 1877 2619 1932 ad
2641 1879 2869 1934 alterius
2890 1880 3282 1946 detrimentum
3310 1901 3326 1946 ;
3358 1900 3460 1942 nec
3483 1901 3548 1942 ex

1941 1965 2088 2022 illius
2118 1965 2320 2024 delicto
2343 1968 2547 2037 iustior
2577 1985 2739 2040 quam
2764 1971 2953 2040 fuerit,
2983 1977 3294 2046 apparebit.

2012 2056 2372 2130 Unusquisque
2409 2062 2546 2115 enim
2572 2077 2701 2116 onus
2750 2079 2899 2118 suum
2947 2065 3193 2133 portabit.
3245 2067 3362 2123 Non
3393 2069 3538 2125 enim

1940 2163 2078 2204 onus
2106 2150 2228 2219 ejus
2258 2151 2439 2207 aufert
2466 2152 2584 2208 laus
2605 2157 2890 2212 sectantis.

2007 2241 2358 2299 Communicet
2400 2256 2574 2300 autem
2599 2247 2664 2312 is,
2694 2248 2785 2317 qui
2812 2249 3157 2316 catechizatur
3185 2250 3356 2322 verba,
3388 2252 3435 2308 ei
3460 2254 3548 2324 qui

1934 2350 1990 2387 se
2010 2335 2291 2388 catechizat
2321 2338 2375 2389 in
2411 2338 2644 2393 omnibus
2666 2338 2832 2394 bonis.
2872 2340 3004 2395 Sive
3031 2341 3392 2398 obedientiam
3419 2360 3547 2400 ver-

1937 2425 2030 2492 bo,
2063 2435 2116 2483 et
2141 2427 2352 2490 actibus
2387 2429 2772 2498 imitationem,
2803 2433 2923 2488 sive
2953 2433 3308 2490 substantiam
3339 2437 3541 2492 vietus.

2010 2514 2190 2572 Nolite
2234 2535 2432 2586 errare,
2461 2519 2602 2575 Deus
2631 2539 2732 2577 non
2778 2523 3049 2579 irridetur.
3085 2525 3258 2582 llomo
3309 2537 3483 2598 potest
3509 2546 3542 2586 a

1934 2622 2208 2682 serpente,
2229 2613 2320 2667 Dei
2354 2615 2648 2669 vindictam
2678 2629 2934 2687 negante,
2967 2618 3206 2688 irrideri,
3233 2621 3376 2677 sicut
3406 2623 3540 2680 Eva.

1934 2703 2066 2758 Nam
2113 2705 2258 2770 Deus
2281 2707 2526 2773 exhibet,
2558 2710 2699 2778 quod
2730 2712 3001 2779 promittit
3031 2729 3043 2766 :
3073 2728 3196 2766 nam
3236 2723 3293 2768 ut
3321 2732 3539 2772 omnem

1934 2797 2051 2866 ejus
2079 2797 2332 2857 astutiam
2359 2799 2697 2866 excluderet,
2721 2802 2958 2872 amplius
2983 2803 3162 2873 primo
3186 2807 3538 2874 peccantibus

1936 2889 2194 2956 reddidit,
2246 2907 2408 2962 quam
2454 2893 2726 2964 promisit,
2763 2905 2817 2950 et
2868 2897 3023 2952 uxori
3053 2896 3159 2956 Lot
3205 2898 3366 2956 etiam
3396 2900 3543 2970 quod

1936 2999 2042 3044 non
2071 2984 2316 3054 dixerat,
2348 2985 2498 3043 fecit.

2006 3078 2136 3144 Qua:
2165 3079 2299 3134 enim
2327 3080 2652 3136 seminaverit
2680 3081 2854 3147 homo,
2881 3080 2990 3138 hwc
3015 3090 3061 3138 et
3083 3085 3524 3154 metet;quoniam

214 3183 421 3230 contra
454 3173 600 3240 illos,
629 3175 720 3241 qui
754 3172 928 3230 solam
962 3174 1121 3228 ﬁdem
1151 3172 1406 3229 sufﬁcere
1436 3173 1792 3232 arbitrantur.
1860 3172 1906 3239 G
1935 3172 2024 3242 qui
2063 3174 2283 3228 seminat
2309 3173 2365 3232 in
2395 3191 2549 3228 carne
2573 3191 2686 3240 sua,
2719 3177 2782 3230 de
2811 3192 2968 3230 carne
2995 3186 3044 3230 et
3073 3187 3220 3232 metet
3247 3179 3540 3246 corruptio-

851 3305 1080 3364 CAPUT
1113 3306 1205 3362 Vl.

295 3450 366 3507 Si
386 3449 579 3521 spiritu
609 3449 851 3515 vivimus,
883 3447 1071 3518 spiritu
1091 3456 1137 3500 ct
1161 3445 1499 3504 ambulemus.
1529 3443 1584 3500 Si
1613 3459 1706 3516 per
1723 3444 1835 3516 Spi-

216 3544 395 3600 ritum
431 3543 600 3597 vitam
630 3529 916 3606 habemus,
952 3539 1309 3610 spiritualitcr
1341 3553 1747 3609 converscmur,
1779 3545 1836 3594 et

214 3654 336 3696 non
367 3636 673 3694 carnaliter
707 3635 811 3706 legi
841 3635 1165 3696 serviamus.

295 3730 434 3786 Non
466 3730 748 3801 efﬁciamur
778 3730 948 3784 inanis
989 3729 1170 3801 gloria:
1201 3728 1398 3798 cupidi.
1427 3727 1607 3784 Inanis
1647 3728 1836 3799 gloria!

217 3836 309 3884 est
364 3824 621 3894 cupidus,
653 3823 744 3894 qui
775 3823 1002 3880 alterius
1039 3821 1287 3893 quamvis
1315 3837 1499 3876 veram
1530 3820 1834 3878 doctrinam

215 3931 500 3973 evacuare
549 3927 800 3980 conatur,
831 3929 884 3970 ut
919 3915 1108 3985 plures
1153 3913 1403 3970 videatur
1440 3914 1640 3970 habere
1670 3914 1834 3970 disci-

217 4010 412 4082 pulos;
445 4009 754 4078 hujusmodi
779 4016 958 4064 tamen
978 4023 1037 4065 se
1059 4007 1378 4064 alterutrum
1403 4007 1469 4062 ad
1502 4007 1835 4063 iracundiam

217 4117 532 4174 provocare
565 4113 1001 4158 consueverunt:
1030 4101 1289 4176 quamdiu
1318 4101 1422 4156 sibi
1445 4100 1677 4160 invicem
1702 4101 1841 4156 iuvi-

216 4195 362 4252 derc
395 4212 502 4250 non
535 4196 809 4256 desinunt.
843 4194 1022 4254 Inanis
1047 4194 1206 4249 aliter
1235 4195 1410 4264 gloria
1443 4202 1547 4259 est,
1576 4195 1622 4248 si
1652 4209 1718 4252 ex
1754 4193 1837 4254 his

217 4305 354 4359 qua:
395 4304 508 4345 non
553 4287 944 4359 prmeipiuntnr
979 4289 1032 4352 in
1063 4289 1204 4358 lege,
1238 4303 1428 4344 omnes
1457 4303 1716 4359 cogamur
1756 4287 1836 4344 fa-

215 4396 379 4443 cere,
409 4390 672 4449 quantum
712 4396 818 4434 nou
867 4379 1094 4436 facimus
1121 4398 1132 4434 :
1165 4389 1219 4434 et
1249 4395 1369 4434 cum
1413 4379 1511 4452 ipsi
1541 4395 1648 4436 non
1679 4390 1838 4452 pote-

219 4472 432 4532 rimus.
470 4469 584 4536 inec
606 4472 878 4542 superﬂua
909 4471 1174 4532 dicamus.

1934 3281 2072 3320 nem.
2121 3266 2225 3332 Qui
2257 3281 2411 3336 spem
2447 3266 2612 3336 habet
2659 3271 2711 3321 in
2742 3267 3168 3336 circumcisione
3192 3269 3418 3337 carnali,
3451 3269 3539 3326 vel

1934 3359 2023 3428 qui
2059 3358 2184 3414 vitia
2215 3360 2467 3423 seminat,
2496 3367 2668 3416 metet
2697 3375 2936 3430 poenam.

2015 3449 2117 3517 Qui
2141 3463 2312 3505 autem
2336 3454 2552 3506 seminat
2581 3454 2633 3506 in
2664 3453 2876 3520 spiritu,
2909 3453 2970 3508 de
2991 3452 3181 3523 spiritu
3206 3460 3356 3508 metet
3379 3453 3538 3507 vitam

1935 3551 2198 3597 tetcrnam.
2233 3543 2367 3610 Quia
2402 3543 2453 3599 in
2486 3543 2756 3615 spirituali
2785 3545 3223 3612 conversatione,
3259 3547 3342 3601 vel
3373 3545 3498 3600 title.

2004 3634 2214 3688 Bonum
2241 3645 2412 3690 autem
2454 3637 2702 3706 facientes
2748 3652 2850 3692 non
2895 3636 3216 3706 deﬁciamus.
3251 3637 3405 3692 Sicut
3435 3636 3536 3692 Ec-

1937 3728 2276 3785 clesiasticus
2305 3731 2428 3788 ait:
2467 3729 2585 3786 Non
2627 3729 2940 3799 impediaris
2985 3747 3148 3786 orare
3196 3722 3431 3800 semper,
3481 3739 3538 3783 et

1939 3837 2046 3880 non
2072 3824 2312 3878 verearis
2343 3837 2513 3892 usque
2547 3821 2616 3876 ad
2662 3834 2891 3878 mortem
2914 3821 3202 3891 justiﬁcari
3237 3836 3251 3876 :
3279 3820 3536 3891 quoniam

1938 3929 2148 3970 merces
2191 3914 2407 3970 Domini
2461 3923 2645 3969 manet
2687 3914 2740 3969 in
2794 3923 3080 3969 aeternum.
3131 3911 3536 3975 indeﬁcientem

1939 4008 2082 4063 enim
2133 4008 2396 4076 justitiam
2425 4048 2440 4074 ,
2493 4008 2808 4064 indeﬁeiens
2844 4008 3124 4076 prtemium
3152 4007 3534 4078 subsequitur;

1939 4101 2064 4171 quia
2101 4102 2190 4170 qui
2227 4105 2652 4168 perseveraverit
2685 4117 2854 4172 usque
2882 4102 2933 4154 in
2967 4099 3153 4168 ﬁnem,
3184 4101 3367 4156 salvus
3408 4101 3537 4155 erit.

2012 4191 2262 4264 Tempore
2305 4193 2442 4246 enim
2469 4209 2565 4249 sua
2596 4203 2838 4249 metemus
2885 4211 2988 4248 non
3035 4193 3346 4260 deﬁcientes.
3385 4191 3541 4254 Nunc

1943 4293 2156 4354 tempus
2183 4285 2486 4342 seminaudi
2519 4297 2625 4350 εει,
2651 4302 2760 4342 non
2783 4285 3044 4341 metendi.

2015 4375 2157 4447 Ergo
2187 4377 2310 4429 dum
2336 4386 2536 4448 tempus
2567 4377 2834 4432 habentus.
2868 4375 3125 4431 Ultimum
3149 4374 3409 4430 sementis
3439 4373 3546 4430 hcc

1945 4479 2162 4538 tempus
2187 4477 2289 4524 est.
2315 4468 2660 4528 Festinemus
2687 4485 2816 4540 ergo
2855 4483 3080 4538 campos
3107 4483 3296 4525 omnes
3319 4483 3534 4532 serere;

300 4561 540 4618 Invicem
561 4574 911 4635 provocantes,
933 4565 1539 4624 inviceminridentes.$i
1563 4563 1841 4622 irridendo
1875 4557 1922 4616 D
1950 4561 2043 4616 sed
2077 4563 2252 4632 magis
2297 4576 2426 4628 eos,
2479 4561 2570 4632 qui
2617 4569 2749 4620 sunt
2776 4561 3059 4627 uberrimi,
3089 4562 3396 4630 repleamus
3431 4579 3444 4614 :
3477 4576 3545 4618 ne

226 4655 503 4712 seductos
543 4657 612 4711 ad
643 4657 986 4716 iracundiam
1033 4660 1357 4730 provocetis,
1389 4667 1440 4715 et
1469 4658 1545 4714 illi
1577 4657 1731 4714 vobis
1761 4658 1843 4714 in-

226 4749 486 4805 videant.

312 4837 558 4908 Fratres,
591 4849 641 4896 et
671 4840 716 4896 si
745 4849 1132 4913 prtcoccnpattts
1171 4841 1327 4910 fuerit
1373 4842 1525 4895 homo
1568 4841 1621 4896 in
1664 4839 1843 4912 aliqua

225 4931 435 4988 delicto
459 4946 475 4982 :
499 4947 583 4986 vos
611 4931 700 5002 qui
727 4931 1026 5004 spirituales
1053 4931 1194 5000 estis,
1223 4931 1586 5005 hujuscemodi
1607 4931 1844 4987 instruitc

229 5027 292 5080 in
328 5023 521 5095 spiritu
565 5024 812 5079 lenitatis.
859 5025 971 5080 lloc
1002 5025 1112 5082 illis
1151 5025 1301 5094 dicit,
1335 5025 1426 5096 qui
1471 5040 1579 5084 non
1634 5024 1849 5082 fuerant

236 5114 528 5187 persuasi,
558 5122 618 5170 ut
649 5124 956 5190 praeventas
979 5120 1252 5188 corrigam
1285 5125 1586 5174 mansuete.
1623 5116 1766 5174 Sane
1797 5117 1851 5173 in

231 5210 333 5266 his
365 5210 699 5281 pra-venitur
725 5212 958 5267 humana
1003 5210 1287 5284 fragilitas,
1317 5227 1438 5283 qua:
1464 5210 1672 5268 leviora
1702 5221 1850 5279 sunt,

235 5315 301 5361 et
339 5319 405 5359 ex
454 5304 733 5373 iuSperato
764 5304 1106 5374 contingunt.
1157 5305 1425 5362 Caeterum
1459 5321 1564 5364 non
1594 5316 1678 5364 est
1719 5322 1860 5377 pra:-

237 5395 464 5461 vcntio,
505 5395 598 5451 ubi
625 5396 829 5469 aliquid
858 5413 980 5454 cum
1013 5400 1244 5454 consilio
1283 5398 1376 5454 diu
1416 5400 1673 5457 meditato
1699 5415 1854 5458 COIll-

239 5487 523 5548 mittitur.

323 5580 672 5637 Considamus
717 5582 960 5653 teipsum,
992 5599 1055 5654 ne
1097 5592 1145 5639 et
1173 5593 1228 5638 tu
1261 5585 1489 5641 tenteris.
1543 5585 1679 5655 Ouia
1713 5596 1768 5643 et
1800 5595 1858 5643 tu

235 5675 367 5746 ipse
414 5673 575 5730 homo
622 5689 742 5729 cum
777 5675 884 5741 sis,
935 5684 1088 5748 potes
1119 5673 1173 5730 in
1206 5676 1391 5746 aliquo
1423 5677 1711 5750 przeveniri
1740 5720 1755 5744 ,
1806 5686 1861 5735 et

241 5765 529 5838 adiutorio
568 5765 836 5841 indigere,
866 5783 893 5825 s
916 5780 1004 5826 cut
1035 5768 1151 5826 sini
1201 5768 1445 5826 inﬁrmos
1475 5772 1777 5840 sustinent;
1801 5778 1858 5828 et

1949 4653 2272 4725 incipiamus
2297 4664 2542 4725 tempore
2563 4654 2786 4720 messis,
2818 4654 2941 4710 aliis
2969 4653 3398 4720 abundantibus,
3425 4668 3550 4710 esu-

1945 4748 2077 4802 rit'e.

2023 4839 2308 4910 Operemur
2336 4840 2528 4896 bonum
2575 4840 2643 4896 ad
2682 4858 2878 4908 omnes,
2907 4842 3134 4897 maxime
3163 4850 3333 4896 autem
3362 4839 3432 4894 ad
3459 4839 3553 4894 do-

1945 4936 2180 4989 mesticos
2229 4934 2373 5005 ﬁdei.
2422 4934 2792 5006 lndigentibus
2838 4935 3069 5003 iudicis,
3120 4943 3176 4990 et
3207 4933 3458 5005 paganis,
3490 4941 3556 4989 et

1955 5025 2210 5082 oumibus
2254 5023 2601 5094 Christianis,
2640 5025 2800 5084 bimis
2831 5028 3094 5096 malisque
3125 5024 3553 5080 misericordiam

1957 5112 2224 5173 faciamus
2255 5137 2265 5171 :
2298 5132 2398 5173 nec
2427 5120 2592 5174 alicui
2613 5119 2755 5190 quod
2781 5119 3041 5174 Dominus
3063 5117 3432 5172 communiter
3458 5118 3556 5172 tri-

1957 5213 2098 5278 buit,
2138 5212 2472 5284 denegemus
2505 5225 2520 5268 :
2554 5213 2790 5270 maxime
2823 5221 3000 5268 tamen
3035 5211 3139 5279 his,
3173 5212 3264 5282 qui
3315 5211 3554 5282 peculia-

1961 5319 2074 5360 rem
2108 5303 2233 5360 ﬁdei
2261 5301 2522 5361 exhibent
2548 5304 2889 5360 famulatum.

2045 5397 2226 5454 Videte
2255 5396 2500 5469 qualibus
2530 5397 2712 5454 litteris
2742 5394 2926 5466 scripsi
2961 5393 3097 5450 vobis
3129 5411 3241 5448 mea
3269 5411 3447 5449 manu.
3477 5393 3562 5449 ln-

1963 5490 2194 5561 telligite
2241 5488 2384 5561 quod
2433 5504 2539 5544 non
2591 5486 2836 5554 timeam,
2867 5487 2958 5558 qui
3005 5487 3219 5544 litteras
3249 5501 3410 5542 manu
3439 5500 3562 5542 mea

1962 5597 2134 5651 nuper
2163 5580 2382 5650 scripsi.

2038 5673 2357 5741 Quicumque
2397 5671 2531 5726 enim
2556 5671 2733 5726 uolunt
2771 5669 2978 5742 placere
2999 5669 3051 5724 in
3081 5685 3261 5738 carne,
3291 5669 3346 5724 hi
3378 5681 3569 5741 coqunt

1962 5783 2049 5823 vos
2079 5766 2376 5823 circumcidi
2401 5780 2418 5820 :
2442 5771 2642 5820 tantum
2670 5774 2722 5822 ut
2749 5765 2916 5821 crucis
2935 5762 3130 5820 Christi
3160 5764 3562 5836 persecutionem
