3978 6286
410 308 517 366 825

1452 298 1510 356 S.
1554 296 1936 356 HIERONYMI
1977 296 2265 355 Oi‘ERUM
2303 297 2668 357 MANTISSA.

3604 301 3702 359 834

414 442 519 483 non
566 424 854 498 patiantur.
908 420 1009 490 Qui
1052 417 1253 476 Judacis
1283 414 1594 473 carnalibus
1624 414 1841 485 placere
1866 412 2012 469 desi-
2040 423 2094 481 Α
2119 412 2509 469 Circumcidite
2553 428 2653 469 vos
2694 413 2807 471 Deo
2841 423 3063 472 vestro:
3095 424 3151 474 et
3174 400 3550 474 circumcidite
3579 431 3707 486 pra:-

415 524 651 589 derant,
700 517 880 575 crucis
920 514 1120 572 Christi
1170 511 1605 585 persecutionem
1637 508 1909 565 sustinere
1941 506 2009 562 ti-

415 624 653 671 mentes.

486 707 668 779 Neque
696 704 833 759 enim
860 704 951 774 qui
981 699 1446 766 circumciduntur,
1491 696 1653 769 legem
1688 694 2007 748 custodiunt.

413 800 473 856 Si
499 798 843 855 circumcisio
866 796 1039 865 legem
1070 794 1272 849 laceret
1299 789 1601 856 custodire,
1633 786 1838 858 aliquid
1862 786 2013 841 vide-

412 902 567 949 retur
591 891 795 946 habere
826 886 1056 943 rationis
1087 887 1186 941 ista
1216 883 1518 955 persuasio.

486 984 593 1039 Sed
620 984 794 1038 volunt
822 998 908 1035 vos
933 978 1253 1043 circumcidi,
1277 985 1331 1030 ut
1351 976 1403 1029 in
1426 990 1577 1028 carne
1604 981 1767 1027 vestra
1788 970 2015 1041 glorien-

414 1085 519 1131 tur.
574 1076 642 1131 Ut
688 1075 756 1129 de
807 1087 971 1127 carne
1004 1079 1179 1125 vestra
1211 1067 1351 1138 apud
1398 1065 1614 1121 JUdiL‘OS
1662 1062 1872 1117 laudem
1916 1061 2014 1115 ha-

414 1169 624 1223 beant:
658 1168 773 1222 sive
819 1162 967 1235 quod
1014 1160 1311 1231 discipulos
1349 1158 1416 1213 ad
1463 1174 1523 1213 sc
1575 1156 1857 1223 traxerint,
1904 1155 2016 1225 glo-

416 1262 645 1316 rienlnr.

490 1352 625 1405 Mihi
648 1359 816 1405 autent
841 1347 971 1402 absit
1000 1344 1243 1418 gloriari,
1275 1343 1374 1397 nisi
1400 1343 1452 1396 in
1492 1357 1641 1394 cruce
1672 1337 1879 1394 Domini
1918 1353 2016 1392 no—

416 1444 511 1499 stri
553 1442 679 1496 Iesu
710 1440 905 1495 Christi
938 1455 953 1493 .'
983 1455 1074 1510 per
1102 1453 1251 1507 quem
1296 1435 1422 1489 mihi
1464 1434 1688 1488 mundus
1737 1432 2019 1501 cruciﬁxus

419 1545 514 1603 est,
563 1544 610 1589 et
659 1550 751 1607 ego
793 1532 1007 1586 mundo.
1058 1529 1177 1585 Non
1210 1529 1264 1583 in
1294 1526 1508 1599 propria
1533 1525 1763 1596 justitia,
1790 1522 1877 1578 vel
1916 1522 2018 1577 do-

421 1628 618 1690 ctrina,
652 1626 747 1681 sed
772 1625 827 1679 in
852 1625 957 1679 ﬁne
979 1623 1158 1679 crucis
1182 1638 1197 1677 :
1224 1634 1319 1691 per
1342 1634 1505 1688 quam
1536 1617 1667 1672 mihi
1696 1616 1873 1671 omnia
1896 1630 2023 1685 pec-

420 1733 540 1776 cata
558 1721 781 1776 dimissa
797 1729 944 1785 sunt,
970 1726 1027 1773 ut
1049 1731 1150 1787 ego
1172 1714 1373 1771 mundo
1394 1727 1661 1778 morerer,
1686 1720 1739 1766 et
1758 1711 1846 1765 ille
1865 1707 2016 1764 mihi.

2115 507 2326 578 putium
2351 507 2535 563 cordis
2565 507 2754 563 vestri.

2186 600 2253 655 Et
2274 601 2581 672 quicumque
2600 602 2733 656 hanc
2753 606 2986 675 regulam
3010 606 3168 659 secuti
3195 605 3409 675 fuerint,
3437 621 3543 675 pax
3565 620 3709 674 super

2114 693 2255 759 illos,
2288 705 2336 748 et
2361 695 2741 751 misericordia.
2773 696 2907 763 Quia
2938 697 2993 752 in
3037 697 3155 754 sola
3187 697 3293 753 ﬁde
3322 712 3451 768 spes
3479 697 3707 754 colloca-

2117 792 2205 840 tur
2226 786 2555 842 animarum.

2188 876 2258 931 Et
2289 895 2442 950 super
2469 877 2638 934 Israel
2664 879 2780 935 Dei.
2813 881 2905 936 Dei
2937 891 3019 937 est
3044 896 3174 952 ergo
3193 881 3360 937 Israel
3387 898 3406 936 :
3431 882 3551 939 Non
3572 884 3706 939 enim

2118 987 2310 1027 omnes
2341 973 2432 1042 qui
2461 983 2586 1027 sunt
2609 989 2677 1028 ex
2708 974 2896 1038 Israel,
2930 974 2986 1028 hi
3009 984 3137 1029 sunt
3163 976 3447 1031 Israelitze.

2192 1062 2271 1119 De
2312 1074 2496 1119 caetero
2542 1082 2691 1119 nemo
2722 1065 2848 1120 mihi
2888 1069 3132 1122 molestus
3174 1069 3259 1123 sit.
3305 1067 3419 1140 Ego
3460 1070 3595 1123 enim
3623 1070 3712 1122 sti-

2119 1170 2293 1231 gmata
2340 1160 2553 1214 Domini
2582 1161 2707 1215 Iesu
2741 1162 2792 1215 in
2824 1178 3037 1233 corpore
3075 1179 3186 1237 meo
3217 1174 3383 1232 porto.
3416 1164 3588 1219 Nemo
3634 1180 3711 1219 mc

2120 1252 2352 1322 amplius
2383 1251 2705 1322 interroget,
2734 1253 2892 1322 quasi
2921 1254 3176 1308 dubitans
3203 1274 3213 1306 :
3239 1256 3361 1324 quia
3392 1270 3607 1309 omnem
3628 1270 3713 1311 ex-

2122 1343 2279 1413 posui
2304 1343 2611 1397 veritutcm.
2649 1344 2762 1414 Ego
2782 1344 2929 1399 enim
2955 1348 3105 1415 signa
3134 1354 3190 1400 ct
3217 1346 3590 1414 characteres,
3616 1363 3712 1402 non

2124 1435 2635 1506 iucircumcisionis,
2665 1436 2760 1492 sed
2790 1436 2971 1492 crucis
3000 1447 3055 1493 et
3082 1438 3351 1509 passionis
3393 1440 3447 1494 in
3491 1454 3713 1509 corpore

2124 1543 2249 1584 meo
2280 1529 2629 1584 circumfero.

2196 1620 2382 1675 Gratia
2406 1621 2617 1676 Domini
2644 1623 2810 1677 nostri
2826 1622 2951 1678 Iesu
2971 1612 3163 1679 Christi
3184 1639 3299 1678 cum
3319 1624 3509 1696 spiritu
3535 1636 3713 1696 vestro,

2127 1717 2335 1784 fratres.
2368 1714 2552 1768 Amen.
2600 1714 2941 1786 Subscriptio
2985 1715 3105 1771 talis
3150 1726 3235 1771 est
3264 1716 3533 1787 Apostoli.
3566 1720 3720 1791 Optat

493 1812 561 1867 In
592 1810 797 1867 Christo
822 1812 957 1865 enim
976 1810 1127 1873 Iesu,
1174 1824 1333 1877 neque
1357 1805 1680 1860 circumcisio
1707 1803 1906 1874 aliquid
1929 1818 2021 1854 ιά-
2051 1819 2102 1880 B
2126 1816 2305 1861 autem
2336 1814 2395 1861 ut
2425 1808 2603 1876 gratia
2650 1821 2745 1863 eos
2776 1808 3027 1873 Domini,
3059 1824 3168 1863 non
3201 1810 3338 1880 legis
3365 1825 3529 1881 opera
3558 1812 3721 1868 comi-

423 1908 514 1969 let,
539 1923 700 1976 neque
726 1905 1059 1978 prazputium,
1086 1904 1178 1958 sed
1199 1918 1328 1955 nova
1352 1907 1608 1953 creatura.
1640 1899 1757 1953 Hoc
1779 1909 2023 1967 tempore

423 2000 601 2055 solum
634 1998 737 2052 hoc
761 1997 1006 2069 prodest,
1040 1996 1086 2050 si
1116 1995 1239 2065 quis
1265 2002 1485 2047 renatus
1513 1992 1568 2045 in
1612 1989 1853 2059 Christo,
1886 2004 2024 2045 nova

358 2148 363 2153 ,
429 2090 847 2146 conversatione
875 2098 1077 2155 utatur,
1106 2095 1164 2141 ut
1194 2084 1463 2155 Propheta
1497 2084 1572 2136 ait
1600 2101 1610 2135 :
1646 2081 1904 2136 lnnovate
1934 2095 2029 2137 vo-

435 2182 522 2238 bis
547 2196 741 2237 novam
768 2195 1027 2248 messem,
1060 2188 1113 2234 et
1143 2193 1211 2233 ne
1237 2172 1635 2232 seminaveritis
1654 2174 1795 2228 inter
1822 2159 2026 2244 spinas.

2132 1908 2333 1956 tentur.
2384 1898 2556 1955 Simul
2595 1911 2649 1956 et
2703 1902 2943 1969 attende,
2979 1902 3102 1972 quia
3132 1917 3255 1957 cum
3303 1904 3497 1974 spiritu
3546 1915 3718 1963 vestro

2133 1991 2352 2057 dixerit,
2386 2006 2494 2047 non
2522 2007 2644 2048 cum
2675 2008 2841 2049 carne
2873 2010 2887 2049 :
2914 1993 2967 2048 in
2994 1993 3149 2064 cujus
3176 1993 3593 2051 circumcisione
3616 1997 3721 2068 glo-

2136 2086 2346 2141 riantur
2386 2086 2666 2152 carnales;
2712 2101 2808 2142 vos
2839 2086 3414 2157 autemspiritualiter
3440 2102 3720 2145 conversa-

2138 2175 2293 2243 mini,
2325 2186 2383 2232 ut
2405 2176 2762 2247 spiritualiter
2788 2179 3123 2235 circumcisi.

422 2315 3693 2347 Μ

1193 2468 1315 2549 ΙΝ
1389 2463 2060 2554 EPISTOLAM
2131 2465 2293 2549 AD
2367 2468 2960 2552 EPHESIOS.

961 2734 1189 2794 CAPUT
1220 2732 1508 2793 PRIMUM.

422 2840 429 2874 -'
496 2836 700 2893 Paulus
729 2832 993 2907 apostolus
1029 2828 1155 2885 Iesu
1194 2826 1407 2896 Christi,
1438 2844 1529 2899 per
1556 2828 1869 2884 voluntatem
1899 2825 2017 2882 Dei.

426 2932 547 2991 Non
578 2930 714 2986 meis
749 2926 979 2983 meritis.

504 3020 755 3077 Omnibus
784 3016 996 3073 sanctis.
1028 3014 1230 3070 Omnes
1259 3013 1430 3069 sancti
1454 3056 1467 3079 ,
1504 3012 1696 3069 ﬁdeles
1724 3029 1738 3067 :
1769 3026 1877 3067 non
1906 3026 2024 3066 om-

428 3132 529 3173 nes
563 3114 770 3178 ﬁdeles,
804 3109 1001 3166 sancti.
1034 3108 1168 3174 Quia
1194 3114 1425 3177 possunt
1456 3109 1617 3160 etiam
1648 3105 2023 3162 catechumeni

2183 2734 2267 2804 _In
2279 2736 2546 2794 charitate.
2564 2738 2677 2794 lloc
2692 2737 2837 2805 fecit,
2853 2738 2970 2796 sive
2983 2739 3362 2797 immaculatos
3376 2741 3547 2815 diligit
3560 2745 3716 2803 Deus.

2208 2830 2311 2898 Qui
2338 2831 2721 2901 praedestinavit
2746 2847 2838 2886 nos
2868 2832 2922 2886 in
2961 2834 3295 2903 adoptionem
3325 2835 3573 2903 ﬁliorum.
3607 2837 3713 2892 licc

2135 2921 2561 2992 prtedestinavit,
2595 2932 2652 2978 ut
2676 2922 2939 2979 haberent
2961 2931 3287 2995 potestatem
3323 2925 3424 2981 ﬁlii
3471 2926 3566 2983 Dei
3612 2928 3719 2983 ﬁeri

2133 3014 2407 3083 homines,
2436 3017 2526 3087 qui
2559 3016 2786 3072 credere
2841 3016 3146 3073 voluissent
3194 3035 3209 3072 :
3269 3018 3410 3073 sicut
3456 3020 3714 3089 scriptum

2131 3117 2255 3163 est:
2282 3108 2675 3179 Loquebantur
2698 3108 2931 3165 verbum
2960 3123 3085 3165 cum
3111 3108 3305 3164 ﬁducia
3334 3110 3481 3165 omni
3508 3111 3716 3168 volenti

433 3223 501 3264 ex
535 3222 601 3262 eo
622 3203 765 3277 quod
794 3201 1008 3258 Christo
1034 3199 1285 3267 credunt,
1317 3198 1507 3254 ﬁdeles
1531 3198 1638 3254 dici
1668 3215 1682 3253 :
1713 3213 1818 3253 non
1853 3207 2033 3254 tamen
2062 3180 2107 3245 (ἶ
2138 3199 2386 3256 credere.

429 3301 605 3357 sancti
654 3305 802 3366 sunt,
851 3296 975 3366 quia
1024 3308 1133 3350 non
1165 3308 1261 3363 per
1309 3291 1636 3362 baptismum
1681 3292 2024 3349 sanenﬁcati.

432 3392 560 3449 Sive
581 3391 660 3447 sic
684 3388 1118 3460 intelligendum,
1149 3384 1295 3456 quod
1325 3384 1526 3441 scribat
1552 3383 1785 3441 ﬁdeliter
1805 3398 2026 3440 servan-

432 3484 579 3540 tibus
610 3483 839 3554 gratiam
870 3478 1197 3536 sanctitatis.

506 3577 609 3644 Qui
648 3586 765 3629 sunt
794 3574 1011 3643 Ephesi,
1042 3582 1089 3627 et
1116 3572 1353 3641 ﬁdelibus
1393 3572 1445 3625 in
1492 3571 1697 3626 Christo
1727 3571 1874 3627 Iesu.
1907 3572 2028 3630 Non

432 3670 685 3727 omnibus
714 3666 986 3738 Ephesiis,
1023 3665 1120 3721 sed
1147 3665 1230 3719 his
1259 3665 1351 3735 qui
1381 3663 1616 3719 credunt
1644 3664 1696 3718 in
1726 3663 1961 3721 Christo.

504 3764 686 3821 Gratia
716 3761 858 3817 vobis
884 3770 931 3815 et
954 3775 1077 3829 pax.
1102 3758 1253 3813 Tunc
1281 3756 1434 3813 vobis
1454 3756 1658 3812 valebit
1685 3758 1877 3826 gratia,
1909 3756 1959 3819 si
1976 3758 2025 3815 ei

430 3873 539 3915 non
571 3857 692 3912 sitis
735 3853 977 3925 ingrati:
1012 3851 1243 3907 salutem
1291 3857 1531 3904 vestram
1578 3850 1776 3904 vestris
1820 3851 2029 3908 meritis

431 3950 782 4020 deputantes.
818 3946 1011 4000 Pacem
1053 3957 1185 3998 vero
1213 3939 1670 3997 reconciliationis
1709 3940 2028 3998 observabi-

432 4055 555 4095 mus
586 4056 599 4093 :
634 4038 679 4094 si
708 4036 843 4092 nihil
874 4036 992 4106 ejus
1018 4032 1267 4101 bonitati,
1296 4032 1381 4089 vel
1412 4032 1639 4103 justitia:
1669 4030 1923 4104 deinceps
1953 4032 2031 4090 fa-

432 4134 641 4190 ciamus
664 4130 1018 4189 contrarium.

501 4226 549 4279 Λ
578 4226 685 4280 Deo
714 4224 870 4279 Patre
907 4231 1104 4288 nostro,
1128 4230 1175 4274 et
1200 4218 1418 4275 Domino
1447 4218 1574 4274 Iesu
1598 4218 1819 4275 Christo.
1846 4220 2023 4277 Unum

430 4334 551 4376 esse
564 4319 781 4376 Patrem
803 4317 1064 4374 etFilium
1080 4314 1433 4380 demonstrat,
1452 4313 1638 4383 utique
1666 4314 1867 4383 pariter
1894 4328 2028 4383 ope-

432 4420 641 4467 rantes.
1810 4395 1867 4403 ”’”
1882 4398 1897 4401 ⁸
1959 4395 1998 4404 “

502 4502 808 4557 Benedictus
830 4502 970 4557 Deus
1001 4512 1047 4557 et
1075 4501 1229 4556 Pater
1243 4498 1454 4554 Domini
1478 4500 1640 4554 nostri
1663 4498 1790 4553 Iesu
1814 4496 2024 4553 Christi.

425 4594 633 4653 Laudat
662 4596 852 4658 Deum,
882 4609 947 4649 eo
972 4594 1115 4665 quod
1136 4591 1423 4648 donaverit
1452 4590 1589 4647 intra
1617 4591 1838 4661 scripta.

2204 3291 2310 3347 Per
2336 3289 2521 3347 Iesum
2553 3289 2817 3347 Christum
2851 3292 2907 3345 in
2950 3292 3142 3363 ipsum.
3191 3291 3262 3347 Ut
3311 3292 3553 3348 membra
3607 3293 3722 3365 ejus

2127 3385 2318 3443 simus.

2205 3480 2505 3537 Secundum
2534 3480 2862 3550 propositum
2906 3480 3189 3535 voluntatis
3218 3496 3350 3536 sum.
3380 3480 3495 3537 Non
3527 3497 3723 3539 secun-

2132 3575 2259 3631 dum
2285 3574 2481 3630 merita
2512 3583 2720 3629 nostra.

2204 3668 2272 3723 In
2294 3660 2507 3723 tandem
2532 3666 2714 3739 gloria:
2739 3667 2920 3739 gratia:
2945 3684 3075 3725 suat.
3099 3666 3169 3725 Ut
3190 3667 3472 3724 laudemus
3492 3668 3722 3739 gloriam

2132 3763 2322 3836 gratiae
2345 3761 2484 3833 ejus.

2208 3855 2275 3911 In
2301 3872 2401 3927 qua
2432 3855 2747 3926 grati/ienuit
2777 3871 2870 3910 nos
2893 3855 2947 3909 in
2973 3855 3160 3911 dilecto
3184 3854 3330 3911 Filio
3368 3873 3479 3912 suo.
3502 3855 3568 3911 In
3626 3869 3724 3926 qua

2131 3950 2304 4021 gratia
2329 3958 2516 4020 gratos
2550 3948 2681 4004 fecit
2709 3964 2809 4003 nos
2840 3948 2941 4004 sibi
2973 3948 3025 4003 in
3054 3949 3289 4005 Christo.

2207 4041 2275 4095 In
2304 4057 2402 4113 quo
2430 4040 2677 4095 habemus
2698 4041 3127 4113 redemptionem,
3158 4060 3248 4113 per
3272 4044 3584 4115 sanguinem
3619 4045 3725 4114 ejus

2135 4138 2188 4191 in
2218 4139 2571 4193 remissionem
2596 4149 2942 4209 peccatorum,
2973 4142 3255 4195 secundum
3301 4141 3511 4196 divitias
3545 4142 3725 4213 gratia?

2135 4236 2267 4307 ejus.
2291 4230 2410 4287 Non
2435 4232 2611 4287 solum
2644 4231 2897 4299 redemit,
2924 4232 3020 4288 sed
3042 4234 3203 4288 etiam
3231 4244 3454 4304 peccata
3482 4235 3723 4288 remisit:

2135 4328 2252 4384 sine
2281 4327 2472 4383 labore
2498 4334 2683 4382 nostro
2706 4326 2883 4395 justos
2913 4341 3016 4383 nos
3035 4326 3188 4397 facit,
3233 4328 3532 4385 secundum
3593 4328 3725 4383 divi-

2136 4422 2238 4477 tias
2266 4421 2454 4491 gloriae
2482 4420 2626 4490 ejus.

2210 4514 2339 4582 Qute
2366 4511 2810 4582 superabundavit
2837 4513 2891 4567 in
2921 4514 3089 4580 nobis,
3113 4515 3168 4568 in
3198 4516 3340 4570 omni
3374 4517 3656 4587 sapientia,
3682 4523 3725 4570 et

2135 4606 2411 4677 prudentia
2441 4619 2458 4657 :
2486 4614 2544 4657 ut
2574 4614 2751 4659 notum
2792 4606 2979 4676 faceret
3024 4607 3170 4661 nobis
3208 4616 3595 4663 sacramentum
3641 4626 3726 4662 eo.

504 4687 606 4755 Qui
637 4684 897 4740 benedixit
926 4664 1018 4740 nos
1061 4687 1115 4739 in
1155 4684 1293 4739 omni
1343 4683 1694 4738 benedictione
1739 4681 2017 4754 spirituali.

2155 4699 2347 4752 untatis
2369 4713 2494 4761 suae,
2527 4697 2809 4751 secundum
2834 4698 3205 4769 beneplacitum
3234 4702 3368 4770 ejus,
3418 4701 3559 4769 quod
3608 4717 3727 4772 pro-

425 4780 545 4835 Non
577 4776 887 4849 aliquantis,
918 4777 1013 4832 sed
1028 4777 1296 4833 omnibus
1322 4776 1691 4847 spiritualibus
1717 4774 1903 4847 gratia:
1928 4774 2023 4829 be-

425 4871 830 4929 nedictionibus
862 4888 873 4923 :
918 4879 978 4925 ut
1024 4852 1298 4939 quomodo
1336 4870 1389 4924 in
1423 4868 1578 4924 nobis
1607 4867 1742 4923 nihil
1773 4866 1926 4922 deest
1955 4881 2021 4921 ex

423 4967 541 5033 illo,
574 4966 646 5021 ita
679 4962 943 5020 voluntati
973 4961 1089 5031 ejus
1118 4961 1254 5016 nihil
1277 4961 1419 5017 desit
1444 4977 1511 5016 ex
1534 4961 1711 5016 nobis.

496 5059 563 5113 In
596 5058 900 5113 caelestibus.
930 5056 1047 5111 Non
1080 5056 1133 5110 in
1174 5054 1379 5110 carnali
1419 5054 1797 5125 proSperitate,
1826 5066 1930 5109 nec
1962 5052 2018 5108 in

428 5160 646 5208 terrena
672 5150 1026 5207 abundantia.

495 5246 567 5300 In
592 5244 820 5299 Christo.
849 5244 909 5299 In
964 5243 1143 5315 capite
1181 5241 1363 5297 omnia
1412 5238 1660 5294 membra
1705 5236 2011 5293 benedixit.

424 5338 575 5395 Sicut
603 5336 755 5405 elegit
785 5350 876 5387 nos
915 5336 969 5388 in
1012 5336 1125 5406 ipso
1167 5342 1286 5387 ante
1333 5330 1515 5386 mundi
1559 5330 1973 5385 constitutionem
1997 5342 2017 5383 :

423 5442 480 5487 ut
512 5445 738 5487 essemus
764 5427 931 5481 sancti
956 5438 1004 5481 et
1031 5426 1371 5481 immaculati.
1426 5424 1564 5493 Quia
1608 5422 1745 5478 nihil
1812 5436 2014 5477 novum

423 5532 511 5581 est
534 5524 610 5589 ei,
635 5520 777 5592 apud
808 5534 965 5589 quem
995 5522 1175 5576 omnia
1203 5529 1397 5585 erant,
1430 5526 1721 5589 antequam
1776 5516 1968 5572 ﬁerent
1994 5540 2009 5582 ;

418 5629 531 5669 non
563 5624 625 5670 ut
652 5612 873 5685 quidam
906 5611 1146 5665 harretici
1178 5614 1468 5679 somniant,
1502 5611 1714 5667 animas
1762 5617 1927 5665 antea
1958 5609 2013 5664 in

418 5708 558 5763 coelo
580 5707 747 5763 fuisse
777 5712 1116 5777 segregatas.

414 5850 459 5872 μή
490 5796 559 5851 In
582 5805 853 5867 conspectu
880 5798 1013 5867 ejus.
1053 5794 1171 5854 Non
1202 5795 1500 5857 hominum.

2131 4791 2301 4861 posuit
2321 4791 2375 4844 in
2402 4806 2480 4844 eo.
2515 4789 2804 4858 Plusquam
2831 4790 3172 4855 abundavit,
3204 4800 3263 4846 ut
3309 4807 3418 4847 non
3460 4792 3645 4847 solum
3692 4807 3721 4847 a

2130 4892 2306 4938 morte
2332 4881 2629 4951 redemptis
2655 4881 2821 4951 gratis
2845 4892 3067 4951 peccata
3091 4882 3418 4951 dimitteret,
3436 4883 3533 4938 sed
3556 4885 3721 4940 etiam

2127 4975 2291 5031 nobis
2322 4982 2529 5029 tantam
2560 4973 2887 5043 sapientiam
2917 4973 3170 5040 donaret,
3191 4984 3250 5030 ut
3274 4975 3574 5031 voluntatis
3603 4976 3721 5047 ejus

2126 5070 2337 5126 occulta
2364 5068 2627 5138 mysteria
2654 5081 3031 5122 nosceremus.

2197 5163 2262 5217 In
2294 5164 2676 5233 dispensatione
2701 5160 3041 5233 plenitudinis
3068 5168 3376 5233 temporum.
3420 5161 3477 5216 In
3524 5160 3720 5217 novis-

2118 5256 2272 5313 simis
2304 5255 2665 5327 temporibus,
2711 5253 2929 5325 quando
2980 5254 3091 5324 jam
3137 5253 3313 5309 omnis
3370 5255 3715 5326 dispensatio

2120 5357 2455 5420 temporum,
2502 5348 2634 5419 legis
2653 5355 2708 5403 et
2739 5356 2948 5402 natura:
2998 5345 3503 5419 Prophetarumque
3535 5358 3715 5403 trans-

2119 5452 2237 5498 acta
2270 5451 2376 5499 est.

2192 5539 2491 5596 Instaurare
2522 5538 2694 5594 omnia
2725 5539 2778 5591 in
2804 5536 3030 5604 Christo,
3060 5552 3176 5609 qua:
3195 5536 3248 5591 in
3294 5535 3435 5591 caelis
3457 5576 3471 5601 ,
3519 5543 3572 5588 et
3603 5549 3718 5603 qua:

2118 5636 2172 5689 in
2201 5643 2335 5687 terra
2364 5641 2481 5687 sunt
2504 5633 2559 5686 in
2585 5633 2719 5703 ipso.
2746 5631 2900 5686 Multi
2923 5646 3085 5700 super
3103 5631 3204 5686 hac
3232 5645 3291 5685 re
3320 5630 3531 5686 diversa
3560 5628 3710 5683 dixe-

2120 5734 2268 5782 runt.
2304 5724 2436 5780 Nam
2465 5724 2689 5793 quidam
2717 5723 2871 5778 aiunt
2911 5723 3079 5778 ccelos
3104 5763 3118 5787 ,
3157 5722 3368 5776 animas
3388 5761 3405 5789 ,
3457 5729 3668 5774 terram
3698 5759 3709 5779 ,

2118 5829 2346 5888 corpora
2384 5815 2716 5888 accipienda.
2748 5813 2857 5873 Alii
2885 5814 3072 5882 caelos,
3118 5811 3339 5870 Judaeos
3364 5853 3378 5878 ,
3405 5810 3489 5882 qui
3538 5808 3710 5866 cccle-
