3978 6286
172 380 263 438 825

841 377 1385 439 COMMENTARIUS
1422 379 1488 437 ΙΝ
1528 377 1917 439 EPISTOLAM
1956 380 2050 438 AD
2091 381 2445 444 EPHESIOS.
2487 384 2643 442 CAP.
2686 385 2751 441 ll.

3333 387 3441 446 828

175 499 265 555 stia
289 501 564 568 praecepta
592 493 896 550 habuerant
930 510 945 548 :
972 503 1175 551 terram
1204 509 1327 552 esse
1373 495 1609 567 gentiles
1659 495 1746 550 af-
1773 492 1827 556 Α
1852 508 2047 551 omnes
2072 509 2293 568 propter
2324 500 2500 568 ipsum
2544 499 2837 569 diligerent
2870 502 3124 557 sanctos?
3180 501 3284 558 Sed
3335 503 3439 560 hoc

172 591 401 645 llrmant.
431 586 538 643 Alii
570 602 702 645 vero
728 598 1008 655 asserunt,
1042 603 1148 645 non
1200 589 1426 660 angelos
1452 604 1554 660 per
1577 590 1751 646 ctelos

169 679 479 752 signiﬁcari,
510 679 607 735 sed
639 694 826 737 eorum
856 680 1143 737 scientiam
1177 700 1189 734 ε
1230 696 1297 737 ex
1353 681 1554 736 Christi
1606 682 1753 737 enim

172 784 406 843 tempore
430 771 752 842 profecisse,
786 774 877 843 qui
905 781 1179 844 tamquam
1235 773 1412 844 ignari
1443 775 1749 844 interroga-

170 868 288 922 bant
330 883 344 920 :
376 865 510 934 Quis
530 874 617 921 est
647 867 751 923 iate
773 881 868 921 rex
894 866 1125 938 gloriae?
1158 867 1221 922 Et
1247 867 1515 923 docentur
1561 868 1753 924 Domi-

168 980 285 1019 num
336 979 460 1020 eum
501 978 627 1020 esse
670 964 956 1020 virtutum.
1001 964 1108 1021 Sed
1155 964 1410 1033 quoniam
1457 964 1753 1022 instaurari

166 1073 262 1112 non
294 1056 497 1112 dicitur
527 1057 631 1112 nisi
656 1057 890 1128 lapsum,
917 1057 1115 1112 melius
1143 1064 1249 1124 est,
1280 1057 1323 1113 si
1358 1071 1551 1113 eorum
1603 1073 1740 1129 gau-

166 1148 306 1203 dium
330 1148 383 1203 in
412 1148 589 1204 salute
610 1148 888 1204 hominum
916 1144 1275 1205 instauratum
1301 1164 1423 1205 esse
1450 1149 1701 1207 dicamus
1732 1168 1744 1204 :

162 1243 299 1314 qutd
327 1242 631 1299 habuerant
659 1251 954 1314 antequam
981 1243 1232 1299 homines
1272 1260 1303 1299 a
1329 1243 1539 1313 justitia
1589 1244 1749 1311 peni-

166 1346 243 1389 tus
274 1334 639 1391 declinarent.
691 1334 749 1391 ln
792 1344 935 1393 terra
987 1350 1122 1391 vero
1166 1336 1531 1391 instauratum
1579 1348 1751 1406 genus

161 1427 435 1484 hominum
464 1443 563 1498 per
586 1425 885 1495 Christum,
918 1428 1098 1483 nullus
1131 1427 1365 1499 ignorat.

228 1520 291 1574 In
318 1536 422 1592 quo
446 1520 604 1575 etiam
632 1537 726 1575 nos
754 1530 890 1576 sorte
921 1519 1087 1575 vocati
1132 1535 1331 1574 sumus.
1382 1517 1494 1574 Nos
1541 1519 1631 1591 qui
1682 1533 1750 1575 ex

158 1616 353 1672 Judacis
387 1614 685 1671 credimus.
784 1682 791 1691 .

224 1706 623 1761 Pnedestinati.
647 1705 753 1761 Per
782 1703 944 1761 ﬁdem
963 1746 976 1769 ,
1014 1705 1131 1760 sive
1156 1705 1495 1777 praecogniti.

222 1799 531 1856 Secundum
567 1799 893 1870 propositum
922 1801 1052 1870 ejus.
1089 1797 1377 1869 Proposuit
1417 1796 1599 1852 omnia
1650 1811 1741 1853 reo

158 1900 428 1957 staurare,
460 1890 557 1947 sed
586 1891 764 1961 primo
785 1903 918 1945 oves
948 1889 1188 1959 perditas
1229 1889 1426 1944 domus
1448 1887 1635 1944 Israel.

224 1985 329 2050 Qui
354 1994 598 2055 operatur
622 1983 817 2038 omnia.
854 1981 1109 2039 Omnium
1159 1983 1355 2038 horum
1401 1996 1563 2038 causa
1588 2022 1602 2047 ,
1654 1997 1746 2038 vo-

160 2079 341 2133 luntas
372 2076 475 2132 Dei
498 2086 583 2133 est
629 2092 645 2130 :
692 2090 857 2145 quam
899 2074 1284 2131 rationabilem
1327 2087 1449 2130 esse
1485 2087 1592 2131 non
1646 2072 1746 2130 du-

153 2171 300 2226 bium
334 2178 441 2226 est.

221 2262 534 2318 Secundum
573 2262 844 2317 consilium
886 2261 1171 2317 voluntatis
1210 2277 1342 2317 saw.
1392 2259 1513 2317 Non
1554 2274 1749 2318 secun-

152 2356 275 2411 dum
321 2355 515 2411 merita
558 2362 766 2411 nostra.

221 2448 292 2504 Ut
322 2448 488 2504 simus
511 2448 566 2503 in
597 2448 807 2503 laudem
826 2446 1015 2519 gloria:
1039 2447 1177 2519 ejus.
1225 2446 1295 2503 Ut
1327 2461 1425 2518 per
1454 2461 1749 2504 conversa-

154 2542 361 2598 tionem
390 2549 662 2609 nostram,
692 2550 747 2597 et
773 2538 928 2612 signa
958 2553 1083 2612 qua:
1112 2539 1361 2606 facimus,
1387 2538 1548 2597 detur
1572 2540 1749 2613 gloria

150 2634 341 2782 Deitas
365 2726 457 2799 qui
482 2735 602 2781 ante
629 2726 947 2799 speravimus
968 2726 1023 2779 in
1053 2723 1284 2779 Christo.
1330 2723 1441 2780 Nos
1489 2726 1747 2797 apostoli,

146 2817 232 2873 vel
258 2818 462 2883 Judaei,
488 2817 580 2888 qui
614 2819 828 2888 priores
851 2816 1190 2873 credidimus
1230 2814 1485 2886 Christo,
1524 2818 1643 2875 sive
1680 2834 1749 2884 ex

147 2911 264 2981 lege
310 2911 775 2982 exspectavimus.

214 3006 285 3059 In
338 3021 440 3075 quo
503 3013 549 3059 et
598 3021 688 3060 vos
737 3020 856 3059 cum
895 3003 1174 3059 audissetis
1212 3004 1420 3059 verbum
1472 3006 1744 3076 veritatis,

146 3098 209 3153 Et
223 3098 491 3171 angelium
536 3097 721 3153 salutis
750 3106 946 3153 vestrm.
997 3096 1055 3153 In
1085 3111 1194 3169 quo
1225 3096 1389 3154 etiam
1422 3098 1578 3155 vobis
1607 3113 1741 3170 gen-

144 3192 290 3248 tibus
350 3191 664 3246 aununtiata
701 3199 789 3247 est
817 3192 987 3246 salus.

1864 590 2020 660 petit,
2048 600 2108 646 ut
2137 591 2377 661 perfecte
2404 602 2706 664 agnoscant
2742 594 3172 665 magnitudinem
3203 596 3321 666 ejus
3375 605 3460 651 at-

1857 698 1965 753 que
1994 683 2274 751 virtutem,
2309 700 2410 755 qua
2444 694 2626 755 potest
2649 686 2913 755 promissa
2948 688 3189 756 praemia,
3224 688 3309 744 vel
3340 703 3458 759 pce-

1857 792 1957 832 nas
1987 777 2213 848 implere
2235 779 2662 850 magnitudinem
2696 798 2708 833 :
2736 781 2827 851 qui
2854 794 2977 836 cum
3010 782 3215 853 ubique
3237 782 3341 850 sit,
3369 783 3453 836 ni-

1858 867 1934 923 hil
1965 884 2090 925 eum
2116 879 2294 941 potest
2319 871 2543 925 omnino
2585 872 2914 943 laterezqui
2958 874 3105 928 enim
3162 888 3261 943 pro
3302 882 3456 931 certo

1857 964 2201 1033 cognoverit,
2229 964 2382 1018 nullo
2415 964 2615 1035 poterit
2650 967 2702 1017 in
2732 964 2853 1020 loco
2881 980 3147 1035 peccare;
3181 982 3302 1021 nam
3363 966 3455 1036 qtti

1858 1056 2159 1111 humanum
2189 1057 2563 1112 testimonium
2590 1058 2899 1126 erubescit,
2951 1058 3123 1112 multo
3159 1059 3330 1127 magis
3372 1058 3456 1113 di-

1855 1146 2042 1203 vinum
2077 1150 2280 1217 poterit
2307 1151 2571 1205 revereri.
2607 1150 2765 1205 Unde
2795 1149 2894 1204 ﬁlii
2926 1151 3005 1205 Eli
3033 1165 3155 1205 cum
3188 1152 3450 1205 sacerdo-

1856 1246 1939 1295 tes
1965 1250 2185 1309 essent,
2224 1241 2391 1296 Deum
2424 1242 2668 1297 nescisse
2697 1241 2994 1297 dicuntur:
3024 1241 3147 1311 quia
3201 1256 3448 1311 prccsen-

1856 1332 1984 1388 tiam
2002 1344 2057 1388 ct
2081 1334 2378 1404 potentiam
2396 1334 2514 1405 ejus
2538 1335 2765 1391 minime
2790 1334 3108 1390 timuerunt.
3128 1332 3198 1388 Et
3215 1333 3452 1390 Joannes

1852 1425 2152 1498 Apostolus
2178 1442 2400 1484 omnem
2432 1427 2524 1499 qui
2578 1437 2804 1499 peccat,
2860 1428 3025 1484 Deum
3080 1443 3187 1482 non
3244 1442 3450 1499 cogno-

1852 1519 1996 1575 visse
2024 1520 2334 1576 conﬁrmat.

1926 1610 2261 1668 Illumiuatos
2308 1614 2485 1668 oculos
2538 1614 2709 1669 cordis
2741 1614 2911 1669 vestri.
2960 1613 3277 1683 Spiritualia
3318 1628 3447 1685 pro-

1852 1704 2017 1759 missa
2051 1721 2160 1759 non
2193 1706 2299 1761 nisi
2328 1706 2707 1776 spiritualihus
2739 1705 2913 1761 oculis
2958 1704 3338 1776 pervidentur.

1927 1796 1994 1852 Ut
2022 1799 2197 1853 sciatis
2217 1844 2230 1867 ,
2259 1814 2374 1869 qua:
2410 1800 2475 1852 sit
2504 1816 2620 1868 spes
2648 1800 2934 1854 vocationis
2965 1802 3099 1872 ejus,
3131 1808 3177 1853 et
3206 1814 3322 1869 qum
3370 1798 3455 1851 di-

1778 1884 1825 1945 B
1850 1890 1990 1944 vitia:
2019 1891 2203 1963 gloria:
2227 1890 2548 1945 hwredilatis
2570 1894 2685 1962 ejus
2714 1892 2768 1946 in
2795 1892 3005 1947 sanctis.
3052 1890 3111 1948 Si
3142 1890 3358 1947 sciretis
3384 1890 3453 1945 ad

1850 1993 2107 2063 quantam
2161 1998 2312 2053 spem
2358 1984 2533 2039 vocati
2578 1985 2747 2049 estis,
2792 2000 3010 2040 omnem
3066 1999 3218 2054 spem
3266 1983 3453 2039 steculi

1848 2077 2007 2134 facile
2037 2078 2498 2145 contemneretis,
2534 2084 2591 2133 et
2616 2077 2661 2132 si
2690 2077 2912 2133 divitias
2961 2077 3302 2133 htereditatis
3341 2076 3439 2132 Dei

1850 2170 2139 2237 videretis,
2171 2170 2353 2225 omnis
2379 2177 2601 2225 terrena
2634 2168 2791 2225 vobis
2837 2168 3084 2226 horrebit
3129 2168 3448 2224 haereditas.

1849 2264 2023 2320 Nemo
2053 2262 2198 2319 enim
2220 2277 2449 2334 regnum
2480 2277 2603 2318 cum
2636 2263 2833 2331 cpihus
2861 2262 2975 2317 suis
3027 2274 3257 2333 sperans
3290 2273 3453 2316 cura-

1850 2364 1938 2414 tor
1958 2371 2116 2425 esse,
2144 2364 2202 2413 et
2249 2355 2584 2412 mediocrem
2629 2356 2993 2412 substantiam
3038 2354 3320 2427 possidere
3367 2353 3454 2410 di-

1894 2458 2072 2505 natur.

1894 2465 2072 2505 natur.

1855 2465 1888 2522 8
1927 2541 1993 2597 Et
2014 2556 2128 2613 quae
2153 2541 2221 2596 sit
2242 2538 2626 2612 supereminens
2668 2537 2980 2609 magnitudo
3004 2538 3209 2594 virtutis
3252 2542 3366 2611 ejus
3398 2537 3451 2593 in

1852 2656 1967 2705 nos,
1995 2640 2085 2708 qui
2104 2638 2361 2692 credimus
2388 2635 2670 2691 secundum
2692 2634 3044 2704 operationem
3075 2636 3321 2705 potentia:
3351 2636 3455 2688 uir-

1851 2733 1974 2786 tutis
1997 2732 2131 2801 ejus,
2166 2745 2320 2798 quam
2343 2737 2589 2799 operatus
2612 2735 2686 2781 est
2721 2726 2773 2779 in
2792 2723 3000 2782 Christo
3028 2724 3177 2791 Iesu,
3197 2726 3455 2782 suscitans

1849 2826 1999 2882 illum
2027 2842 2060 2879 a
2080 2825 2315 2879 mortuis.
2368 2823 2558 2878 Omnis
2590 2820 2907 2891 magnitudo
2950 2820 3214 2876 virtutum
3250 2820 3365 2886 Dei,
3396 2818 3451 2875 in

1851 2931 2065 2984 natura,
2099 2919 2182 2975 vel
2206 2919 2329 2989 lege
2350 2916 2771 2987 supereminet,
2822 2914 2949 2985 quia
2999 2914 3253 2985 prmstitit
3292 2914 3453 2971 Chri-

1850 3012 2061 3077 stianis,
2087 3018 2145 3066 ut
2182 3010 2325 3066 Filio
2371 3022 2473 3064 suo
2516 3022 2626 3062 non
2671 3011 2925 3076 parceret
2960 3022 2972 3058 :
3006 3014 3065 3060 ut
3112 3019 3235 3060 eum
3282 3014 3450 3076 caput

1850 3112 2097 3161 nostrum
2126 3102 2347 3169 factum,
2374 3100 2443 3155 ad
2494 3112 2647 3155 suam
2698 3097 2982 3154 dexteram
3023 3095 3077 3152 in
3128 3097 3449 3155 caelestibus

1848 3196 2162 3253 collocaret.

210 3283 282 3340 In
313 3300 418 3355 quo
441 3282 724 3338 credentes.
760 3282 816 3337 ln
844 3296 954 3354 quo
981 3281 1297 3352 Evangelio,
1322 3281 1442 3338 sive
1488 3280 1735 3339 Christo.
1774 3273 1821 3337 C
1920 3287 1990 3344 Et
2015 3287 2331 3342 constituens
2358 3284 2427 3338 ad
2456 3284 2723 3337 dexteram
2744 3298 2894 3336 suam
2923 3282 2977 3336 in
3000 3281 3311 3337 coelestibus.
3339 3282 3443 3339 Hic

212 3377 439 3449 Signati
466 3376 586 3429 estis
608 3376 798 3447 spiritu
829 3375 1192 3447 promissionis
1217 3382 1418 3445 sancto,
1448 3377 1537 3447 qui
1564 3384 1638 3430 est
1668 3376 1750 3447 pi—
1850 3382 2074 3439 dextera
2128 3394 2229 3450 pro
2282 3379 2490 3433 honore
2546 3376 2807 3446 ponitur:
2843 3387 2913 3427 ne
2954 3373 3101 3429 Deus
3145 3386 3446 3441 corporeus

136 3488 274 3545 gnus
322 3469 643 3525 hcereditatis
683 3477 895 3523 nostrw.
947 3468 1084 3525 ilinc
1138 3468 1531 3539 cognoscitninl
1580 3483 1745 3525 unum

136 3578 287 3629 esse,
312 3562 441 3633 quia
462 3560 712 3616 eumdem
734 3559 982 3631 spiritum
1006 3560 1296 3632 accepistis
1326 3578 1340 3615 :
1370 3560 1527 3630 cujus
1551 3561 1701 3631 signa
1727 3602 1744 3629 ,

134 3659 305 3712 arrha
363 3663 493 3711 sunt
538 3654 871 3710 hereditatis
931 3654 1147 3709 futurae.
1226 3654 1283 3711 Si
1321 3669 1452 3726 ergo
1496 3665 1747 3710 mortuos

130 3750 423 3805 suscitare
473 3746 634 3802 arrha
680 3755 794 3812 est,
856 3757 1056 3818 quanta
1102 3746 1207 3801 erit
1258 3746 1364 3801 ista
1423 3746 1737 3817 possessio!

132 3843 353 3913 Pignus
375 3856 509 3897 vero
538 3839 822 3912 promissis
857 3839 1017 3895 ﬁdem
1045 3850 1308 3910 operatur
1355 3840 1554 3911 spiritu
1616 3856 1743 3911 pro-

127 3936 452 4002 missionis,
481 3934 571 4005 qui
602 3950 712 3990 non
756 3932 913 3989 carni
943 3933 1247 4003 promissus
1277 3942 1381 3988 est.

200 4026 277 4082 In
305 4026 718 4099 redemptionem
744 4026 1102 4095 acquisitionis
1124 4067 1140 4091 ,
1194 4026 1248 4079 in
1304 4025 1511 4080 laudem
1558 4026 1742 4097 glorias

120 4122 325 4193 ipsius.
358 4121 513 4189 Quos
540 4118 863 4175 redimendo
892 4132 994 4174 suo
1022 4119 1285 4189 sanguine
1306 4117 1589 4190 acquisivit
1618 4159 1634 4187 ,
1682 4126 1742 4175 ut

120 4216 302 4271 etiam
329 4214 386 4269 in
423 4214 526 4268 hoc
553 4213 837 4268 laudemus
875 4212 1105 4281 gloriam
1129 4212 1269 4282 ejus.

202 4306 507 4377 Propterea
534 4316 583 4361 et
608 4321 703 4378 ego
731 4304 951 4358 audiens
977 4304 1133 4373 ﬁdem
1159 4313 1377 4359 uestram
1404 4344 1418 4370 ,
1448 4321 1563 4375 qua:
1592 4314 1663 4359 est
1685 4305 1742 4359 in

116 4400 353 4454 Christo
378 4398 527 4454 Iesu.
560 4398 734 4466 Quam
768 4396 998 4451 ﬁrmiter
1040 4397 1271 4453 teneatis
1299 4397 1459 4452 ﬁdem
1486 4397 1637 4453 Jesu.

196 4494 272 4548 Et
319 4494 647 4548 dilectionem
673 4493 725 4545 in
747 4508 921 4545 outnes
948 4500 1176 4545 sanctos.
1234 4490 1350 4546 Hoc
1394 4501 1518 4558 est,
1568 4490 1732 4547 ﬁdem

113 4587 410 4657 Operibus
435 4584 808 4655 comprobatis
841 4602 852 4636 :
882 4594 937 4638 et
966 4598 1158 4639 omnes
1192 4583 1364 4638 bonos
1394 4584 1514 4639 sine
1569 4598 1738 4639 exce-

1851 3491 1975 3534 esse
2002 3474 2278 3531 credatur.
2310 3471 2444 3527 Nam
2468 3480 2523 3527 et
2548 3479 2704 3541 pater
2727 3483 2760 3523 a
2782 3467 2994 3524 dextris
3019 3481 3145 3523 esse
3187 3467 3449 3523 scribitur

1848 3566 2076 3623 Christi.
2106 3564 2449 3627 Dominus,a
2478 3560 2689 3616 dextris
2737 3559 2867 3624 tuis,
2918 3557 3189 3629 confregit
3234 3558 3290 3613 in
3352 3557 3443 3613 dic

1850 3659 1945 3715 irae
1973 3673 2088 3713 suae
2116 3670 2299 3727 reges.
2335 3654 2516 3709 Ambo
2543 3667 2674 3723 ergo
2694 3666 2725 3706 a
2754 3650 2963 3707 dextris
3003 3657 3131 3705 sunt
3163 3667 3175 3704 :
3207 3648 3333 3721 quia
3366 3648 3448 3704 ni-

1847 3752 1921 3810 hil
1949 3752 2108 3809 estin
2138 3750 2425 3806 divinitate
2449 3747 2750 3803 sinistrum.

1918 3844 2091 3916 Super
2117 3858 2319 3897 omnem
2348 3840 2724 3912 principatum,
2754 3846 2800 3890 et
2821 3841 3132 3908 potestatem
3158 3875 3173 3899 ,
3205 3841 3254 3888 et
3282 3834 3443 3887 virtu-

1845 3946 1968 4003 tem,
2000 3944 2047 3990 et
2070 3934 2501 3990 dominationem.
2534 3930 2669 3998 Quia
2697 3942 2865 3982 unum
2887 3936 2971 3981 est
3010 3925 3125 3997 jam
3169 3940 3295 3980 cum
3329 3924 3443 3981 Deo

1843 4038 2155 4101 assumptus
2179 4027 2364 4090 homo,
2391 4023 2483 4095 qui
2522 4022 2817 4077 suscitatus
2841 4027 2947 4075 est.

1913 4120 1983 4174 Et
2016 4134 2169 4173 omne
2203 4132 2388 4171 nomen
2440 4113 2578 4183 quod
2638 4111 2941 4165 nominatur
2970 4124 2989 4163 :
3020 4123 3123 4163 non
3164 4106 3334 4162 solum
3388 4106 3444 4161 in

1843 4217 1940 4271 hoc
1963 4212 2178 4277 swculo',
2207 4211 2295 4265 sed
2315 4210 2469 4263 etiam
2500 4210 2550 4263 in
2588 4209 2789 4280 futuro.
2821 4206 2880 4262 Si
2911 4204 3055 4275 quod
3080 4212 3162 4259 est
3186 4203 3356 4259 aliud.

1913 4306 1983 4361 Et
2010 4306 2180 4360 omnia
2208 4302 2425 4377 subjecit
2452 4303 2547 4356 sub
2575 4300 2793 4373 pedibus
2835 4302 2969 4371 ejus.
3006 4297 3071 4351 Et
3096 4298 3267 4366 ipsunt
3293 4296 3438 4350 dedit

1844 4408 1999 4471 caput
2027 4414 2186 4469 super
2211 4410 2417 4450 omnem
2443 4393 2753 4454 Ecclesiam,
2784 4406 2903 4461 qua:
2923 4398 2997 4443 est
3023 4404 3209 4459 corpus
3246 4388 3434 4458 ipsius,

1842 4501 1893 4547 et
1920 4491 2191 4561 plenitudo
2215 4489 2349 4560 ejus.
2376 4486 2620 4541 Ecclesia
2656 4482 2899 4539 omnium
2940 4480 3225 4551 plenitudo
3271 4495 3442 4537 ntem-

1845 4585 2065 4641 hrorum
2100 4592 2204 4639 est.

104 4682 320 4748 ptionc
367 4691 618 4747 persona:
644 4675 731 4729 Vt'l
761 4674 974 4730 notitia:
1004 4674 1250 4745 diligitis.
1302 4673 1508 4730 Cavere
1546 4686 1729 4731 autem
1758 4664 1814 4725 D
1912 4678 2015 4745 Qui
2042 4676 2216 4731 omnia
2247 4675 2300 4728 in
2327 4672 2565 4727 omnibus
2591 4669 2935 4741 adimpletur.
2976 4668 3209 4736 Quando
3238 4681 3435 4722 omnes

98 4786 131 4824 a
173 4767 725 4839 pseudOprophetis,
758 4777 816 4822 et
861 4781 967 4820 non
1028 4767 1176 4821 omni
1213 4766 1424 4836 Spiritui
1480 4768 1729 4836 credere,

100 4873 162 4919 et
197 4878 329 4918 non
360 4868 491 4915 ante
524 4860 903 4930 probationem
935 4859 1091 4915 nobis
1118 4859 1366 4928 judicare
1393 4861 1728 4929 praecipitur.

176 4954 335 5009 Non
360 4969 501 5008 cesso
525 4952 721 5024 gratias
742 4967 902 5023 agens
930 4967 1023 5020 pro
1050 4950 1211 5016 vobis,
1247 4952 1547 5005 memoriam
1574 4954 1731 5007 uestri

89 5049 338 5118 faciens
364 5046 419 5098 in
442 5042 763 5098 orationibus
793 5042 940 5097 meis.
976 5042 1093 5097 Non
1120 5042 1417 5114 utquidam
1461 5043 1733 5113 injucun-

86 5145 300 5197 ditate
336 5137 572 5195 convivii
607 5155 620 5191 :
653 5135 787 5191 mihi
828 5146 1011 5191 autem
1045 5136 1181 5192 nihil
1235 5138 1482 5193 oratione
1532 5137 1729 5208 jucun-

82 5238 262 5292 dius.
1381 5282 1387 5286 .

170 5328 259 5383 Ut
302 5323 449 5379 Deus
472 5323 685 5379 Domini
714 5322 877 5379 nostri
894 5321 1021 5377 Jesu
1056 5321 1287 5391 Christi,
1322 5322 1485 5379 Pater
1522 5325 1725 5397 glorise,

77 5431 182 5482 det
212 5423 379 5479 vobis
397 5424 647 5493 spiritum
676 5422 946 5492 sapientia:
970 5428 1017 5476 et
1048 5421 1393 5476 reuelationis.
1418 5420 1729 5478 Notandum

70 5522 235 5589 quia
308 5514 473 5570 ﬁdem
518 5524 574 5571 et
621 5514 943 5570 charitatem
980 5512 1351 5581 habentibus,
1392 5515 1655 5585 sapientia
1698 5532 1728 5571 a

72 5611 366 5671 Domino
392 5609 760 5681 praedicatur:
792 5617 1019 5665 noverat
1057 5608 1201 5665 enim
1247 5608 1575 5680 adjutricem
1607 5625 1730 5668 esse

64 5711 411 5767 virtutum.

160 5803 253 5857 In
293 5799 623 5872 agnitione»:
648 5801 779 5868 ejus.
812 5797 1102 5867 Quomodo
1139 5807 1292 5870 optat
1331 5810 1386 5855 ut
1426 5809 1730 5872 agnoscant

68 5901 337 5961 Deum,
369 5907 527 5964 quem
560 5908 732 5965 usque
762 5893 900 5950 adeo
930 5901 1232 5949 noverant:
1262 5902 1318 5950 ut
1345 5894 1393 5952 ei
1418 5895 1724 5967 credentes,

1834 4768 2082 4832 credent,
2113 4774 2245 4820 tunc
2272 4764 2377 4819 erit
2404 4776 2604 4833 corpus
2642 4762 2761 4832 ejus
2814 4760 3043 4816 euectus
3091 4760 3146 4813 in
3184 4759 3437 4814 omnibus

1835 4858 2118 4915 membris.
2145 4855 2317 4911 Totus
2346 4853 2491 4910 enim
2523 4854 2575 4909 in
2610 4852 2871 4909 membris
2893 4892 2907 4916 ,
2964 4866 3069 4906 non
3104 4850 3157 4905 in
3208 4849 3440 4921 singulis

1833 4953 2091 5024 impletur
2124 4968 2137 5005 :
2172 4965 2239 5007 ne
2261 4950 2367 5006 ulla
2398 4948 2470 5005 sit
2495 4947 2786 5005 diversitas
2815 4947 3161 5003 meritorum.

2454 5105 2683 5163 CAPUT
2722 5105 2785 5162 ll.

1904 5242 1976 5303 Et
2007 5263 2096 5302 vos
2128 5243 2502 5313 convivi/ienuit
2547 5259 2665 5297 cum
2705 5240 2882 5297 essetis
2922 5238 3115 5293 mortui
3156 5238 3361 5295 delictis
3393 5249 3441 5295 et

1836 5341 2063 5411 peccatis
2094 5340 2293 5393 vestris.
2327 5336 2525 5406 Incipit
2578 5335 2778 5390 collata
2818 5332 3086 5390 beneﬁcia
3145 5334 3432 5404 replicare,

1836 5442 1894 5489 ut
1919 5434 2071 5503 juxta
2101 5430 2336 5487 ofﬁcium
2393 5427 2773 5483 mandatorum
2802 5469 2817 5495 ,
2850 5443 2917 5482 ex
2965 5429 3435 5499 contemplatione

1835 5526 2056 5581 donatae
2120 5521 2474 5592 indulgentia:
2542 5517 2756 5573 avidius
2805 5519 3170 5577 concitentur.
3236 5520 3435 5575 Mortui

1836 5616 1981 5674 enim
2004 5624 2166 5672 erant
2194 5615 2433 5685 peccatis
2464 5610 2817 5681 facientibus,
2852 5610 2999 5667 sicut
3027 5612 3199 5668 Adam
3236 5623 3292 5669 et
3324 5613 3434 5669 Eva

1833 5710 1887 5765 in
1917 5708 2131 5765 deliciis
2159 5706 2429 5763 viventes.

1904 5800 1973 5856 In
2004 5800 2193 5871 quibus
2222 5796 2505 5866 aliquando
2540 5794 2867 5850 ambulastis.
2919 5794 3229 5852 Notandum
3280 5798 3427 5867 quod

1832 5896 1886 5953 in
1916 5894 2155 5969 peccatis
2185 5891 2497 5949 ambulasse
2526 5889 2672 5959 illos,
2702 5904 2823 5963 non,
2872 5888 3152 5949 ambulare
3198 5890 3422 5949 dixerit.
