3978 6286
169 400 265 457 829

842 396 1391 456 COMMENTARIUS
1428 396 1493 453 IN
1534 394 1926 455 EPISTULAM
1964 396 2058 455 AD
2097 396 2451 455 ENIESIOS.
2494 397 2650 452 CAP.
2693 396 2779 452 Ill.

3363 394 3469 450 8ἶο

169 530 278 571 rum
323 511 451 569 novi
490 511 827 568 Testamenti
858 511 936 583 (in
974 510 1171 580 quibus
1201 510 1417 580 Agabus
1447 507 1569 580 fuit)
1594 508 1756 564 Cliri-
1788 508 1839 571 Α
1867 524 1951 565 me
1991 510 2333 566 confirmavit
2366 528 2379 564 :
2410 509 2523 565 sive
2567 511 2727 579 cujus
2756 508 2987 565 virtutes
3038 523 3219 565 meum
3271 508 3472 565 conﬁr-

167 620 273 661 stus
300 606 465 661 ctiam
497 604 908 660 fundamentum
944 623 956 657 :
988 603 1263 673 quietiam
1290 603 1427 673 lapis
1452 602 1651 658 dicitur
1671 616 1768 655 an-

166 698 387 769 gularis.
417 697 555 752 duos
582 696 939 767 conjungens,
964 705 1020 751 et
1040 696 1329 752 continens
1354 695 1610 765 parietes.
1638 693 1766 749 Iden

167 798 341 842 autem
380 786 818 854 fundamentum,
861 796 917 841 et.
954 801 1202 841 summus
1238 794 1324 841 est
1358 804 1371 838 ;
1402 788 1528 856 qu'a
1565 785 1615 841 in
1649 786 1766 859 ipso

166 880 435 942 fundatur,
468 889 522 934 et
550 888 960 934 consummatur
986 878 1254 934 Ecclesia.

230 972 421 1027 Crescit
465 970 519 1024 in
562 972 804 1041 templunt
848 979 1084 1024 sanctum
1113 970 1165 1023 in
1193 968 1527 1025 Dominan
1559 968 1765 1039 templo

165 1071 349 1120 sancto
377 1078 483 1119 non
517 1072 742 1131 possunt
774 1061 981 1130 lapides
1009 1062 1113 1117 nisi
1134 1061 1307 1117 sancti
1332 1061 1457 1131 poni
1484 1076 1497 1113 :
1524 1060 1591 1115 ad
1616 1075 1765 1115 com-

166 1158 495 1227 parationem
542 1154 729 1224 templi
773 1155 1111 1220 Jerusalem,
1155 1154 1292 1208 dixit
1330 1152 1533 1209 exstrui
1566 1168 1763 1221 corpus

162 1249 355 1305 Christi
390 1265 404 1302 :
439 1248 490 1302 id
523 1256 628 1313 est,
661 1246 955 1303 Ecclesiam
987 1263 1001 1301 :
1032 1256 1087 1301 et
1112 1248 1281 1300 multo
1308 1246 1570 1315 majorem
1607 1260 1765 1298 mun-

164 1341 344 1395 ditiam
377 1352 433 1395 et
462 1341 809 1394 sanctitatem
844 1338 1010 1393 habet
1038 1336 1262 1400 veritas.
1294 1353 1456 1407 quam
1490 1339 1687 1406 imago.

226 1433 294 1489 In
324 1449 428 1503 quo
457 1442 503 1487 et
532 1449 617 1487 vos
648 1431 1043 1499 cowdiﬁcamini
1074 1432 1126 1485 in
1158 1429 1543 1485 tabernaculum
1568 1428 1683 1489 Dei,
1708 1428 1764 1482 in

164 1524 363 1593 Spiritu
408 1533 608 1578 sancto.
656 1522 728 1580 Ut
771 1539 893 1579 cum
934 1523 1201 1592 apostolis
1245 1532 1299 1576 et
1337 1520 1615 1592 protihetis
1642 1519 1761 1576 sitis

162 1616 526 1673 habitaculum
558 1617 651 1671 Dei
682 1616 989 1687 spirituale,
1022 1631 1133 1671 non
1163 1631 1325 1671 manu
1357 1614 1582 1671 factum.

776 1773 1005 1830 CAPUT
1051 1772 1140 1829 Ill.

1869 612 2021 657 mant
2052 603 2427 673 Evangelium.

1942 695 2076 749 Mihi
2106 696 2241 749 enim
2270 695 2500 749 omnium
2522 703 2818 750 sanctorum
2847 696 3058 748 minimo
3085 692 3211 748 data
3240 702 3313 749 est
3341 710 3466 765 gra-

1868 788 1943 841 tia
1986 787 2118 841 htec.
2163 786 2382 842 Minimo
2426 796 2693 856 tempore,
2746 803 2853 842 non
2895 786 3105 842 labore.
3161 785 3467 843 Notandum

1867 879 2009 949 quod
2039 880 2180 933 inter
2205 888 2427 934 sanctos
2456 893 2518 933 se
2548 877 2883 933 humiliando
2912 877 3103 934 fecerit
3132 887 3366 947 gratum.

1939 969 2007 1025 In
2069 972 2303 1041 gentibus
2345 972 2698 1043 evangelisarc
2763 970 3199 1045 ininvestigabiles
3263 971 3468 1027 divitias

1870 1062 2083 1117 Christi.
2112 1063 2446 1119 Annuntiarc
2476 1065 2687 1119 futuras
2707 1062 3085 1127 hmreditates;
3111 1062 3328 1120 divitias
3352 1078 3472 1133 pro-

1870 1156 2103 1211 missas:
2152 1171 2285 1225 quas
2332 1170 2527 1212 sensus
2574 1156 2843 1211 humanus
2891 1154 3301 1229 apprehendere
3354 1170 3465 1211 non

1871 1247 2035 1309 valet,
2071 1246 2170 1300 nisi
2206 1262 2302 1315 per
2330 1247 2739 1302 revelationcni.

1943 1338 2009 1392 Et
2034 1339 2332 1395 illuminare
2350 1356 2543 1402 omnes,
2567 1356 2683 1409 quae
2702 1340 2766 1393 sit
2790 1339 3110 1407 dispensatio
3133 1340 3465 1397 sacramenti.

1867 1432 2070 1487 Judaeis
2115 1440 2171 1487 et
2215 1433 2471 1503 gentibus
2520 1434 2679 1503 hujus
2716 1433 3049 1489 sacramenti
3096 1433 3335 1503 pandere
3380 1450 3468 1489 ra-

1868 1523 2092 1579 tionem.

1940 1613 2243 1669 Absconditi
2270 1633 2302 1668 a
2330 1614 2534 1669 steculis
2562 1617 2615 1669 in
2647 1616 2779 1672 Deo.
2813 1617 2924 1672 lloc
2956 1626 3060 1684 est,
3089 1617 3235 1687 quod
3266 1617 3319 1673 in
3359 1618 3467 1687 pri-

1866 1708 1969 1761 mis
2003 1708 2360 1776 temporibus,
2393 1706 2497 1761 soli
2530 1708 2641 1761 Deo
2670 1709 3051 1763 confirmatum
3083 1718 3222 1763 erat.

1941 1799 2045 1866 Qui
2079 1800 2254 1854 onmia
2288 1802 2497 1855 creavit.
2532 1802 2595 1855 Et
2622 1800 2840 1856 Indicos
2871 1812 2920 1855 et
2947 1811 3136 1871 gentes
3162 1818 3175 1855 :
3209 1802 3325 1857 sive
3350 1816 3471 1857 om-

222 1909 383 1981 Cuju,
412 1910 487 1964 m-
521 1910 711 1980 φρασα,
751 1911 922 1977 Quam
957 1911 1204 1978 superius
1242 1910 1584 1973 memoravit,
1610 1908 1755 1979 quod
1792 1896 1837 1958 Β
1867 1908 1991 1946 nem
2015 1900 2347 1955 creaturam,
2378 1902 2437 1945 ut
2478 1906 2674 1953 sensus
2706 1901 2895 1948 contra
2927 1894 3254 1950 Marcionem
3302 1893 3466 1964 proli-

156 2004 316 2061 Filius
355 2004 468 2071 Dei,
504 2014 559 2060 et
587 2012 780 2075 gentes
809 2004 1123 2068 salvaverit,
1153 2012 1207 2058 et
1237 2001 1475 2070 IlldiBOS,
1492 2010 1547 2058 et
1576 2012 1755 2058 utros-

154 2113 252 2167 que
282 2097 483 2155 fecitrit
512 2112 702 2151 unum.

222 2189 332 2261 Ego
370 2189 569 2245 Paulus
596 2191 797 2244 vinctus
828 2187 1024 2243 Christi
1049 2186 1197 2242 Iesu.
1225 2187 1354 2243 Sive
1379 2186 1609 2251 catenis,
1634 2186 1754 2242 sive

151 2284 350 2337 Christi
388 2298 577 2339 amore
616 2282 839 2351 ligatus,
878 2297 984 2335 non
1024 2294 1242 2351 possum
1284 2293 1482 2343 meam,
1518 2279 1619 2331 nisi
1653 2279 1755 2332 Do-

151 2378 271 2431 mini
321 2376 504 2431 facere
547 2376 908 2430 voluntatem.
940 2374 1085 2429 Sane
1126 2372 1399 2444 quomodo
1428 2373 1664 2428 vinctum
1695 2387 1754 2428 se

150 2470 431 2532 nominat,
479 2471 770 2523 (:Ottlit‘lllnl.
820 2466 1171 2537 Evangeliutn
1220 2464 1446 2519 Christi.
1497 2465 1756 2519 Ostendit

149 2572 348 2630 quanta
376 2561 447 2617 sit
475 2575 621 2629 spes,
645 2576 745 2630 pro
773 2573 881 2629 quo
908 2559 1036 2613 talia
1071 2558 1180 2627 pati
1213 2558 1446 2611 libenter
1470 2556 1752 2626 amplecti-

147 2664 227 2709 tur
270 2672 284 2711 :
335 2671 458 2709 cum
505 2664 685 2723 posset
728 2653 869 2722 apud
912 2653 1135 2708 Judaeos
1174 2652 1255 2721 (ut
1288 2650 1423 2720 legis
1453 2649 1669 2717 doctor)
1697 2658 1753 2705 et

145 2749 358 2819 magnis
387 2748 594 2803 divitiis
618 2747 913 2811 abundare,
938 2754 995 2801 et
1016 2758 1231 2798 summo
1254 2744 1465 2797 honore
1484 2742 1743 2812 gaudere.

214 2843 325 2897 Pro
353 2843 494 2896 nobis
523 2841 778 2913 gentibus.
803 2838 1114 2895 Secundum
1143 2837 1517 2907 Evangelium,
1540 2834 1751 2889 inimici

146 2947 371 3007 propter
391 2952 491 2989 vos
507 2954 519 2988 :
539 2936 661 3003 quia
684 2949 785 2988 vos
800 2934 1007 2989 similes
1023 2947 1143 2987 esse
1158 2931 1394 2987 dicimus
1410 2929 1745 2986 Iudmorum.

211 3030 271 3084 Si
318 3040 493 3083 tamen
529 3028 749 3081 audistis
787 3026 1221 3095 dispensationem
1255 3026 1437 3094 gratia:
1476 3024 1607 3089 Dei,
1636 3040 1751 3093 quia

144 3124 263 3176 data
293 3133 372 3176 est
403 3121 528 3175 mihi
551 3122 606 3174 in
638 3121 801 3175 vobis.
828 3120 884 3175 Si
917 3128 1096 3173 tamen
1131 3118 1363 3172 ﬁrmiter
1388 3118 1637 3171 retinetis
1664 3132 1750 3172 tne

144 3216 194 3269 in
238 3217 400 3271 vobis
446 3214 913 3284 dispensationem
958 3213 1241 3282 accepisse
1284 3212 1570 3265 doctrinm.
1617 3210 1749 3277 Quis

1860 1985 1985 2048 ciat,
2018 1992 2072 2038 et
2102 1998 2291 2037 omnes
2321 1983 2630 2039 haereticos.

1935 2074 2003 2130 Ut
2022 2076 2305 2128 innotescat
2325 2074 2703 2144 principatibus
2733 2084 2780 2128 et
2810 2074 3147 2146 potestatibus
3170 2074 3224 2129 in
3246 2074 3465 2131 cazlesti-

1858 2169 1949 2224 bus
1987 2184 2079 2240 per
2122 2166 2413 2223 Ecclesium
2443 2168 2779 2237 muLijormis
2808 2168 3061 2239 sapientia
3092 2165 3213 2221 Dei.
3248 2167 3315 2224 Ut
3366 2184 3462 2237 per

1860 2278 1946 2318 me
1977 2262 2063 2317 his
2099 2263 2186 2330 qui
2220 2262 2386 2317 rebus
2422 2261 2736 2317 coelesnbus
2770 2277 2864 2329 per
2893 2276 3109 2316 omnem
3156 2260 3456 2317 Ecclesiam

1858 2354 2261 2424 principantur,
2292 2350 2639 2408 multiformis
2664 2353 2930 2421 sapientia
2958 2355 3283 2409 innotescat.

1930 2447 2235 2503 Secundum
2266 2447 2671 2517 prce/iuitt'onem
2697 2448 3024 2511 saeculorum,
3055 2462 3209 2515 quam
3246 2446 3365 2516 fecit
3406 2446 3461 2502 in

1857 2539 2065 2597 Christo
2092 2537 2221 2594 Iesu
2252 2538 2473 2592 Domino
2501 2547 2699 2593 nostra.
2732 2539 2902 2607 Quam
2932 2539 3241 2608 praeliniunt
3271 2548 3329 2593 et
3358 2542 3461 2593 hoc

1856 2645 2126 2704 tempore,
2159 2634 2377 2703 quando
2405 2633 2513 2704 jam
2540 2634 2790 2688 homines
2819 2634 2978 2688 aliter
3008 2633 3209 2687 salvari
3240 2647 3347 2687 non
3372 2648 3462 2699 po-

1859 2738 2061 2795 terunt,
2099 2728 2203 2784 nisi
2230 2726 2435 2782 Christi
2466 2726 2572 2782 (ide
2598 2727 2901 2781 SiliVClllUl‘.

1924 2822 1993 2877 In
2023 2837 2123 2890 quo
2158 2820 2407 2874 habemus
2429 2818 2676 2888 ﬁduciam
2701 2828 2747 2872 et
2772 2834 3036 2873 accessum
3068 2819 3121 2873 in
3148 2816 3460 2885 confidentia

1854 2932 1945 2985 per
1979 2914 2133 2984 (idem
2162 2916 2294 2982 ejus.
2336 2912 2454 2967 Non
2489 2928 2585 2980 per
2617 2920 2857 2965 nostram
2900 2910 3187 2980 juSIitiam,
3231 2909 3326 2963 sed
3360 2923 3459 2978 per
3496 2956 3501 2961 .

1854 3026 1977 3066 eum
2008 3012 2164 3078 cujus
2205 3008 2337 3062 fides
2370 3020 2590 3077 peccata
2622 3006 2847 3062 dimisit.

1926 3103 2151 3173 Pr0pter
2202 3102 2341 3173 quod
2393 3112 2509 3174 peto
2555 3118 2615 3156 ne
2660 3099 2917 3168 deﬁciatis
2947 3099 2998 3150 in
3040 3093 3460 3151 tribulationibus

1855 3200 1979 3253 meis
2013 3214 2105 3268 pro
2136 3198 2298 3262 vobis,
2324 3211 2439 3263 qua:
2459 3207 2530 3250 est
2555 3194 2725 3263 gloria
2747 3201 2934 3247 vestra.
2966 3191 3039 3245 Ne
3060 3206 3146 3245 me
3172 3189 3459 3243 audientes

143 3310 287 3363 enim
313 3308 490 3361 fidelis
515 3273 710 3362 servos
727 3317 780 3361 et
806 3273 1255 3375 prudens,quem
1271 3273 1753 3358 constituitDifnii-
1781 3273 1823 3333 (ἶ
1860 3291 2082 3359 impune
2113 3288 2262 3354 Ιίῐξάίι
2288 3287 2354 3341 ad
2386 3288 2553 3341 υειιῐῐι
2585 3302 2689 3339 “0"
2722 3284 2999 3353 βειίίηθτθ
3028 3280 3245 3350 νυιειίεν
3273 3280 3324 3375 ίᾉη
3349 3294 3457 3349 quo

141 3417 239 3455 nos
251 3416 422 3470 super
440 3400 697 3454 familiam
716 3414 868 3454 suam
886 3415 899 3453 :
915 3397 1196 3452 utdctillis
1208 3411 1385 3451 escam
1402 3396 1451 3449 in
1469 3396 1753 3463 tempore?

212 3495 481 3559 Quoniam
528 3494 809 3547 secundum
856 3491 1244 3545 reuelationem.
1292 3489 1409 3543 Non
1451 3487 1749 3543 secundum

140 3585 435 3640 humanam
466 3584 793 3638 doctrinam.

209 3676 417 3731 Notum
457 3681 655 3747 factum
700 3674 829 3728 mihi
867 3685 941 3729 est
986 3682 1383 3741 sacramentum,
1430 3674 1563 3727 sicut
1589 3690 1749 3745 supra

135 3773 341 3841 scripsi.
398 3772 620 3825 .ludznos
668 3780 723 3825 et
768 3777 962 3839 gentes
1008 3784 1179 3833 unum~
1223 3783 1344 3821 esse
1401 3769 1451 3820 in
1501 3768 1742 3821 Chrism.

211 3864 275 3920 In
310 3866 455 3918 brevi
488 3879 508 3917 :
537 3873 687 3934 prout
719 3864 927 3933 potestis
955 3863 1180 3934 legentes
1208 3860 1497 3933 intelligere
1527 3861 1751 3932 pruden—

134 3959 261 4012 tiam
315 3972 504 4011 meam.
556 3956 673 4011 Non
723 3966 984 4025 quantum
1035 3966 1276 4023 poteram
1328 3970 1431 4023 ego
1485 3955 1743 4023 sciibere,

133 4055 230 4109 sed
264 4066 537 4126 quantum
572 4070 669 4108 vos
702 4055 916 4122 assequi
948 4052 1234 4107 valebatis.

205 4148 276 4203 In
328 4149 620 4202 ministerio
664 4146 883 4202 Christi.
936 4147 1049 4201 Non
1097 4148 1318 4215 eloquio
1364 4145 1633 4200 sa'enlari.

206 4243 375 4309 Quod
404 4242 524 4296 aliis
552 4241 964 4314 generationibus
994 4258 1096 4295 non
1126 4251 1198 4294 est
1230 4240 1463 4311 agnitum
1494 4239 1619 4308 ﬁliis
1646 4239 1739 4293 ho-

130 4337 343 4389 minum
388 4350 405 4387 :
445 4336 594 4388 sicuti
638 4351 774 4395 nunc
827 4333 1107 4388 revelatum
1151 4343 1224 4387 est
1263 4333 1453 4386 sanctis
1494 4331 1744 4403 apostolis

128 4432 242 4499 ejus
284 4437 340 4482 et
384 4427 669 4496 prophetis.
713 4427 972 4484 Sciebant
1010 4425 1228 4496 quidem
1262 4424 1562 4495 prophetae,
1599 4425 1745 4494 prio-

130 4538 219 4576 res
267 4531 475 4591 gentos
523 4535 644 4576 eSse
694 4520 964 4575 vocandas
1014 4538 1025 4573 :
1076 4534 1180 4574 non
1232 4530 1412 4573 tamen
1462 4518 1738 4583 sciebant,

128 4615 351 4669 nullam
385 4613 523 4667 inter
552 4612 698 4680 ipsas
725 4622 781 4667 et
812 4612 1032 4666 Judaaos
1060 4612 1446 4666 discretionem
1477 4609 1735 4663 futuram.

201 4707 274 4761 Ιιι
330 4706 521 4773 spiritu
575 4720 684 4759 esse
739 4716 911 4775 gentes
964 4705 1273 4758 cohazredes.
1334 4703 1436 4757 Per
1489 4703 1740 4772 Spiritum

125 4800 267 4854 mihi
318 4798 644 4863 revelatum,
686 4798 799 4851 sive
843 4797 896 4851 in
943 4798 1137 4866 spiritu
1162 4796 1284 4851 illos
1321 4796 1560 4850 sociatos
1588 4810 1735 4859 esse,

122 4908 239 4947 non
275 4890 467 4945 carnis
495 4890 934 4944 tircumcisione.

197 4984 276 5038 Et
320 4984 739 5048 concorporales,
779 4991 828 5035 et
865 4980 1254 5051 comparticipes
1296 4979 1649 5047 promissionis
1682 4980 1737 5034 in

119 5079 352 5135 Christo
378 5075 527 5132 Iesu.
560 5076 619 5131 Id
646 5085 753 5143 est,
782 5076 941 5132 unius
981 5074 1226 5144 corporis
1255 5091 1268 5125 :
1302 5089 1407 5127 non
1436 5073 1615 5128 solum
1645 5087 1739 5127 co-

120 5172 432 5236 htcredes,
477 5172 622 5241 quod
670 5173 846 5240 potuit
890 5170 1089 5225 diversi
1131 5170 1349 5239 generis
1395 5181 1519 5223 esse
1575 5186 1587 5223 :
1642 5182 1743 5225 nec

116 5266 322 5320 solum
369 5263 725 5333 corporales,
774 5262 899 5330 quia
950 5272 1180 5329 possum
1229 5258 1472 5328 ejusdem
1521 5261 1743 5327 generis

118 5357 224 5411 ﬁlii
250 5397 269 5421 ,
323 5369 432 5410 non
474 5354 727 5422 ejusdem
772 5353 826 5405 in
876 5350 1197 5405 hmreditate
1239 5363 1362 5404 esse
1401 5348 1739 5403 snbstantim.

203 5446 327 5501 Per
375 5443 759 5517 Evangeliun:
789 5444 941 5513 cujus
987 5443 1157 5511 factus
1198 5458 1315 5495 sunt
1354 5456 1447 5513 ego
1490 5442 1743 5497 minister.

115 5541 234 5596 Per
270 5553 455 5591 meam
489 5536 926 5607 pradicationcm
957 5534 1213 5590 omnibus
1254 5536 1574 5600 innotescat,
1618 5535 1742 5605 quia

116 5632 235 5687 hoc
266 5629 412 5685 mihi
446 5629 791 5697 peculiariter
814 5628 1137 5683 revelatum.

195 5724 519 5781 Secundum
563 5723 757 5776 donum
791 5722 974 5793 gratia:
1020 5720 1136 5785 Dei,
1180 5736 1296 5791 qua:
1323 5720 1449 5774 data
1484 5730 1560 5774 est
1594 5719 1740 5777 mihi.

110 5818 248 5873 Non
287 5816 595 5871 secundum
629 5815 879 5871 meritum
913 5828 1116 5867 meum.

192 5908 519 5967 Secundum
560 5908 908 5981 operationem
948 5904 1153 5962 virtutis
1200 5907 1337 5976 ejus.
1368 5902 1536 5975 Cujus
1566 5900 1742 5963 virtu:

1861 3386 2030 3456 magis
2056 3383 2283 3453 gloriari
2307 3381 2517 3435 debetis
2540 3396 2554 3433 ε
2583 3376 2947 3446 intelligentes
2968 3389 3054 3429 me
3076 3383 3224 3428 tanta
3252 3373 3456 3441 absque

1856 3488 2003 3532 certa
2028 3477 2143 3545 spei
2168 3473 2362 3528 fiducia
2386 3470 2657 3527 sustinuere
2681 3485 2785 3523 non
2812 3482 2992 3538 posse.

1932 3567 2106 3637 Hujus
2136 3568 2211 3620 rei
2242 3564 2412 3635 gratia
2435 3567 2585 3633 ﬂecto
2618 3578 2784 3631 genua
2829 3576 2941 3615 utea
2985 3557 3054 3612 ad
3092 3555 3307 3612 Patrem
3338 3552 3452 3609 Do-
3504 3578 3507 3581 ·

1854 3661 1983 3713 mini
2023 3658 2188 3712 nostri
2218 3655 2345 3711 Iesu
2374 3654 2567 3710 Christi
2595 3670 2611 3707 :
2644 3670 2707 3707 ea:
2736 3669 2834 3718 quo
2877 3650 3041 3704 omnis
3077 3648 3361 3720 paternitas
3400 3646 3455 3703 in

1852 3755 1994 3809 caelis
2039 3764 2085 3807 et
2114 3752 2169 3806 in
2190 3762 2327 3804 terra
2351 3749 2670 3804 nominatur.
2708 3744 2784 3799 Ex
2814 3759 2922 3815 quo
2946 3743 3126 3797 omnis
3154 3739 3452 3809 paternitas

1854 3860 2051 3902 nomen
2083 3845 2313 3914 accepit.
2345 3842 2477 3899 Sive
2506 3856 2573 3895 ex
2602 3853 2709 3909 quo
2735 3840 2916 3892 Omnis
2947 3850 3055 3900 res,
3088 3843 3243 3903 pater
3274 3829 3453 3886 nomi-

1854 3952 2033 3994 natur.

1926 4028 1993 4084 Ut
2022 4030 2105 4083 det
2138 4028 2274 4083 vobis
2299 4025 2586 4080 secundum
2610 4022 2818 4076 divitias
2842 4020 3025 4093 gloria:
3062 4033 3169 4072 sua:
3210 4016 3449 4071 uirtutem

1850 4122 2174 4177 corroborari
2201 4136 2290 4189 per
2312 4119 2558 4187 spiritum
2586 4119 2717 4184 eius.
2748 4114 2816 4170 Ut
2840 4129 2935 4168 vos
2965 4130 3056 4181 per
3089 4110 3448 4166 illuminatio-

1851 4228 1975 4271 nem
2008 4214 2256 4268 scientiae
2278 4222 2335 4267 et
2360 4211 2672 4265 divitiarum
2699 4207 2932 4261 fructum
2959 4206 3271 4260 continuet.

1921 4306 1988 4361 In
2019 4308 2255 4363 intcriori
2286 4306 2489 4361 homine
2519 4304 2784 4360 Christum
2812 4300 3047 4354 habitare
3074 4315 3163 4366 per
3202 4296 3359 4366 [idem
3390 4296 3441 4350 in

1848 4404 2088 4458 cordibus
2103 4403 2298 4457 vestris.
2319 4401 2415 4457 Ubi
2447 4398 2674 4454 interior
2699 4400 2863 4461 homo
2896 4408 2991 4460 per
3011 4391 3170 4446 fidem
3190 4389 3449 4444 robustus

1847 4506 1950 4559 est,
1987 4497 2060 4551 ibi
2092 4497 2294 4550 habitat
2315 4494 2590 4556 Christus,
2622 4504 2729 4545 non
2760 4487 2850 4541 ubi
2878 4485 3114 4540 exterior
3143 4482 3444 4551 saginatur.

1919 4590 1986 4646 In
2006 4592 2261 4646 charitate
2292 4588 2518 4644 radicati
2542 4597 2589 4641 et
2613 4584 2844 4655 fundati.
2876 4582 2946 4638 Ut
2978 4584 3032 4637 in
3083 4581 3205 4650 ejus
3259 4591 3450 4633 amore

1772 4661 1826 4723 D
1855 4682 2083 4737 firmiter
2119 4689 2361 4749 starent,
2416 4678 2807 4733 beneﬁciorum
2856 4674 2975 4744 ejus
3028 4672 3346 4731 recordatur
3391 4679 3448 4725 ut

1852 4790 1975 4831 eum
2003 4773 2235 4845 cognitis
2264 4774 2383 4843 ejus
2416 4770 2699 4827 beneficiis
2721 4769 3037 4839 diligerent.

1933 4875 2001 4931 Ut
2026 4876 2231 4945 possitis
2261 4873 2716 4943 comprehendere.
2756 4870 2824 4925 Ut
2868 4885 2935 4925 ex
2964 4868 3116 4924 omni
3148 4875 3303 4937 parte
3333 4878 3448 4919 ma-

1851 4976 2185 5049 gnitudinem
2216 4974 2459 5031 scientiae
2491 4972 2718 5043 adipisci
2750 4971 3005 5026 valeatis.

1922 5079 2049 5136 Cum
2071 5080 2308 5135 omnibus
2331 5079 2541 5132 sanctis.
2568 5079 2763 5144 Qumre
2795 5074 3116 5146 sapientiam
3147 5070 3290 5140 apud
3316 5084 3432 5123 ma-

1852 5187 1955 5253 los,
1982 5196 2036 5241 et
2065 5201 2169 5240 non
2195 5184 2462 5241 invenies.
2495 5180 2715 5237 Etalibi
2748 5198 2760 5235 :
2795 5179 2850 5233 In
2888 5176 3053 5233 corde
3082 5182 3264 5228 autem
3313 5170 3442 5227 boni

1852 5291 2145 5363 requiescit
2174 5288 2464 5361 sapientia.

1935 5394 2064 5462 Qua:
2088 5394 2152 5447 sit
2181 5390 2425 5457 latitudo,
2454 5399 2501 5445 et
2524 5387 2818 5462 longitudo,
2850 5392 2895 5438 et
2924 5380 3237 5444 sublimitas,
3260 5390 3307 5436 et
3325 5396 3446 5453 pro-

1855 5497 2093 5567 fundum.
2119 5493 2346 5559 Quidam
2380 5489 2564 5545 dicunt
2595 5486 2737 5560 quod
2768 5484 2999 5541 latitudo
3028 5526 3040 5547 ,
3072 5482 3310 5552 spatiosa
3361 5482 3445 5533 via

1848 5596 2210 5666 intelligatur:
2237 5591 2539 5661 longitudo,
2561 5588 2670 5643 vita
2688 5597 2889 5643 :cterna
2910 5604 2921 5640 :
2943 5582 3195 5650 altitudo,
3213 5582 3440 5638 coelum:

1850 5696 2199 5769 profundum,
2254 5694 2533 5750 infernus:
2592 5701 2651 5746 ut
2709 5691 2918 5747 scilicet
2972 5688 3167 5744 horum
3200 5686 3441 5741 omnium

1846 5798 2093 5855 notitiam
2124 5795 2413 5861 habentes,
2445 5794 2694 5850 lt0\'el'llll
2723 5792 2852 5865 quid
2873 5790 3123 5861 diligant,
3170 5790 3250 5844 vel
3304 5786 3440 5857 quid

1847 5902 2104 5967 refutent.
