3978 6286
442 372 545 432 851

1475 368 1534 426 S.
1574 368 1957 427 HIERONYMI
1994 367 2280 427 OPERUM
2320 368 2682 428 MANTISSA.

3633 369 3749 429 832

521 486 668 543 Scire
722 487 878 542 etiam
932 483 1393 555 superemineutem
1445 482 1676 539 scientia:
1726 482 2038 537 charitatem
2064 482 2121 541 Α
2214 482 2526 538 Donationis
2552 482 2768 538 Christi.
2797 482 2878 539 Ad
2905 499 3066 555 quam
3088 484 3346 555 gratiam,
3377 484 3470 556 qui
3504 497 3567 540 se
3590 495 3748 555 apta-

449 576 664 634 Christi.
695 575 1083 647 Supercminet
1107 574 1337 631 fructus.
1676 618 1679 619 ν

526 669 594 725 Ut
617 668 937 740 impleantini
967 670 1021 721 in
1052 683 1251 723 omnem
1282 666 1659 739 plenitudinem
1684 666 1803 721 Dei.
1828 665 1901 724 Ut
1923 665 2045 723 elli-

444 763 666 821 ciamini
699 763 846 834 pleni
876 761 1129 819 omnibus
1153 761 1469 817 virtutibus.

525 856 591 912 Ei
610 866 784 911 autem
808 857 894 927 qui
916 864 1096 927 potens
1126 865 1201 911 est
1221 856 1394 910 omnia
1411 856 1583 928 facere
1610 855 2045 925 superabundan-

452 959 550 1016 ter,
580 965 735 1020 quant
759 950 1000 1022 petintus,
1028 956 1118 1003 aut
1149 948 1524 1019 intelligimus,
1557 948 1843 1002 secundum
1888 946 2048 1000 virtu-

453 1052 578 1111 tem,
603 1059 720 1113 qute
740 1052 983 1115 aperatur
1010 1042 1065 1095 in
1112 1040 1281 1095 nobis.
1322 1040 1665 1111 Frequenter
1696 1038 1901 1108 majora
1942 1037 2050 1105 tri-

454 1136 596 1202 buit,
623 1150 731 1191 non
756 1136 956 1201 solum,
981 1148 1143 1205 quam
1166 1134 1422 1204 petimus,
1451 1132 1547 1188 sed
1577 1132 1742 1187 etiam
1772 1145 1933 1202 quam
1961 1145 2053 1199 pe-

463 1240 582 1285 tere
606 1227 985 1298 intelligimus,
1016 1242 1138 1297 qute
1167 1236 1427 1296 operatur
1456 1225 1510 1281 in
1539 1226 1719 1281 nobis.

528 1319 647 1389 Ipsi
671 1320 842 1391 gloria
870 1321 923 1372 in
956 1316 1194 1373 Ecclesia
1216 1333 1265 1373 et
1295 1319 1348 1373 in
1383 1318 1589 1373 Christo
1609 1316 1759 1374 Iesu.
1783 1317 1922 1386 Quia
1946 1332 2042 1374 ve-

457 1411 617 1468 niens
656 1412 910 1466 Christus
955 1410 1173 1465 sibimet
1214 1409 1283 1465 ad
1323 1408 1420 1465 Dei
1470 1409 1701 1480 gloriam
1752 1409 2050 1465 Ecclesiam

459 1503 831 1574 congregavit.

533 1594 602 1650 In
644 1612 821 1649 omnes
866 1595 1223 1667 generationes
1264 1593 1447 1649 steculi
1486 1591 1816 1649 steculorum.
1869 1593 2052 1648 Amen.

464 1691 738 1747 lmmeusa
780 1689 1046 1745 beneficia
1081 1688 1360 1744 immensis
1406 1687 1663 1743 laudibus
1704 1686 2052 1755 celebranda,

466 1798 573 1839 nou
600 1784 775 1837 solum
809 1783 876 1837 de
900 1783 992 1845 his
1042 1797 1163 1851 qua:
1198 1780 1399 1836 Christi
1437 1778 1772 1851 temporibus
1803 1780 2052 1848 contulit,

457 1877 555 1933 sed
586 1876 748 1932 etiam
768 1890 888 1947 quae
909 1883 1034 1930 ante
1054 1873 1180 1930 fecit
1206 1872 1388 1929 faciet.
1410 1872 1605 1929 Amen.

1078 1965 1306 2023 CAPUT
1344 1966 1433 2022 IV.

548 2059 769 2115 Obsecro
799 2060 971 2127 itaque
996 2074 1083 2113 vos
1110 2073 1204 2132 ego
1236 2057 1437 2111 vinctus
1464 2058 1517 2111 in
1548 2057 1798 2126 Domino,
1823 2067 1880 2114 ut
1906 2060 2061 2131 digne

476 2151 749 2209 ambuletis
786 2152 1083 2218 vocatione,
1126 2165 1232 2220 qua
1270 2149 1433 2204 uocati
1460 2149 1601 2203 estis.
1635 2150 1749 2220 Ego
1773 2165 1872 2205 vos
1900 2164 2057 2219 rogo,

468 2244 560 2314 qui
589 2242 757 2299 vestri
802 2255 967 2297 causa
1007 2256 1126 2295 sum
1165 2242 1385 2295 vinctus
1410 2280 1425 2306 ,
1480 2249 1541 2296 ut
1579 2255 1676 2297 vos
1720 2240 1816 2296 Dei
1862 2240 2059 2297 Filium

467 2342 831 2407 agnoscentes
860 2374 876 2399 ,
919 2332 1082 2402 digne
1136 2340 1286 2387 tanto
1337 2331 1550 2388 honore
1591 2333 1993 2390 conversemini
2044 2352 2057 2387 :

470 2430 598 2501 quia
627 2442 733 2483 una
762 2425 999 2498 dignitas
1028 2434 1108 2481 est
1138 2470 1151 2495 ,
1182 2441 1286 2497 qua
1314 2436 1685 2496 agnoscuntur
1713 2427 1934 2499 propria
1976 2427 2063 2483 in-

467 2519 675 2574 stituta.

543 2608 672 2664 Cum
701 2608 843 2663 ontui
867 2608 1181 2675 humilitate,
1207 2618 1252 2664 et
1279 2610 1694 2678 mansuetudine,
1718 2627 1834 2665 cum
1864 2612 2065 2682 patien-

483 2703 573 2757 tia.
601 2702 667 2757 Et
693 2701 893 2757 mentis
918 2712 973 2758 et
1000 2702 1268 2773 corporis.
1312 2701 1602 2759 Humilitas
1633 2718 1758 2759 vera
1793 2703 1931 2759 nihil
1959 2702 2066 2759 sibi

472 2794 733 2863 vindicat,
764 2805 1084 2851 mansuetus
1112 2793 1246 2849 nulli
1277 2804 1457 2861 nocet,
1489 2795 1703 2867 patiens
1728 2795 1863 2851 nulli
1887 2800 2065 2852 vicem

440 2929 453 2939 .
472 2885 650 2944 reddit
674 2885 910 2955 injuriae.

547 2980 927 3051 Supportantes
979 2979 1197 3034 invicem
1245 2980 1301 3034 in
1356 2980 1628 3035 charitate.
1685 2979 1965 3038 Suﬂcrunt
2012 2992 2070 3039 ct

474 3072 811 3145 philosophi,
857 3074 952 3129 sed
990 3089 1100 3129 nou
1141 3074 1193 3129 in
1226 3074 1515 3129 cbaritate.
1556 3073 1668 3130 Nos
1708 3090 1839 3131 vero
1870 3092 1980 3133 non
2008 3088 2069 3134 ut

478 3164 715 3231 laudari,
741 3164 837 3221 sed
862 3174 922 3220 ut
953 3165 1066 3232 ille,
1096 3181 1257 3236 quem
1281 3166 1617 3222 sustinemus
1646 3166 1916 3236 proficiat,
1947 3169 2073 3226 dili-

476 3268 664 3330 gentes
685 3259 956 3314 sustinere
976 3258 1253 3316 debemus.

552 3349 781 3407 Solliciti
821 3368 1025 3406 servare
1060 3352 1310 3406 unitatem
1337 3353 1552 3425 spiritus
1582 3355 1638 3408 in
1666 3354 1874 3409 uinculo
1906 3357 2067 3426 pacis.

487 3444 593 3501 Per
620 3443 896 3499 vinculum
920 3446 1067 3515 pacis
1098 3445 1151 3499 in
1180 3444 1336 3500 vobis
1359 3445 1538 3501 unitas
1566 3446 1792 3516 spiritus
1821 3447 2070 3505 contine-

482 3546 591 3592 tur.
624 3535 980 3593 Multitudinis
1020 3537 1167 3593 enim
1207 3536 1550 3594 credentium
1589 3547 1710 3594 erat
1756 3553 1852 3595 cor
1883 3555 2072 3608 unum,

480 3636 536 3684 et
561 3627 741 3682 anima
768 3643 895 3684 una.
2010 3613 2017 3618 ’

556 3723 731 3779 Unuut
759 3740 964 3796 corpus,
998 3732 1045 3778 et
1077 3741 1212 3779 unus
1237 3725 1452 3796 spiritus
1479 3742 1497 3780 .'
1525 3727 1654 3782 sicut
1688 3727 1855 3782 vocati
1878 3726 2000 3781 estis
2021 3726 2076 3781 in

484 3835 588 3871 una
617 3835 707 3889 spe
735 3819 1019 3875 vocationis
1044 3826 1245 3873 vestrm.
1289 3818 1435 3874 Unus
1472 3819 1762 3886 Dominus,
1784 3838 1890 3875 una
1920 3821 2073 3891 ﬁdes,

483 3926 648 3964 unum
686 3910 962 3982 baptisma.
1009 3909 1182 3966 Unum
1226 3925 1560 3969 consensum
1602 3912 1765 3969 debet
1792 3912 1994 3969 habere
2020 3914 2076 3968 in

484 4018 595 4057 uno
624 4017 854 4071 corpore
881 4003 1123 4056 omnium
1146 4016 1410 4072 compago
1434 4004 1827 4070 membrorum,
1863 4020 1986 4076 quae
2009 4003 2078 4059 ad

484 4111 649 4150 uuam
696 4110 850 4165 spem
898 4104 1022 4147 sunt
1069 4106 1257 4149 vocata
1306 4095 1515 4151 salutis.
1568 4095 1719 4152 Unde
1761 4097 2079 4168 diligentius

488 4187 672 4257 legere
699 4184 902 4241 debent
932 4185 1074 4239 hunc
1103 4186 1281 4241 locum
1314 4186 1367 4241 hi
1397 4189 1511 4257 qui,
1545 4189 1597 4243 in
1629 4190 1815 4245 saaculi
1848 4205 2079 4257 occupa-

490 4280 730 4333 tionibus
761 4276 935 4347 ligati,
985 4284 1176 4347 putant
1224 4278 1329 4333 sibi
1370 4279 1536 4335 licere
1580 4296 1845 4351 peccare,
1877 4292 1933 4338 et
1959 4283 2081 4339 aliis

490 4385 597 4424 non
644 4368 813 4426 licere
846 4388 859 4425 :
903 4384 1028 4425 cum
1054 4385 1247 4425 omnes
1294 4371 1347 4425 in
1375 4387 1539 4426 unum
1568 4388 1766 4444 corpus
1796 4374 2077 4445 baptizati,

490 4461 743 4516 eumdem
786 4462 1041 4532 spiritum
1086 4463 1423 4533 acceperint,
1459 4477 1515 4519 et
1547 4466 1595 4518 in
1630 4480 1733 4520 una
1769 4480 1866 4537 Spe
1901 4467 2082 4523 vocati

489 4555 598 4610 sint
633 4554 746 4607 Dei.
780 4555 906 4610 Sive
932 4561 1011 4611 sic
1038 4574 1049 4609 ;
1080 4556 1127 4610 si
1170 4572 1336 4610 unum
1377 4558 1628 4625 spiritum
1659 4559 1895 4628 habetis,
1928 4570 1981 4616 et
2010 4576 2079 4617 ex

2146 576 2324 641 verit,
2373 577 2547 648 ipsam
2578 578 2936 649 consequitur
2982 587 3088 635 :ut
3131 586 3298 649 puta,
3334 579 3425 649 qui
3468 578 3752 635 studiosus

2146 666 2281 737 legis
2310 676 2434 735 est,
2487 667 2813 738 sapientiam
2859 670 3086 725 multam
3118 688 3131 723 :
3164 668 3345 725 oranti
3373 678 3429 727 et
3473 669 3749 742 jejunanti

2146 761 2466 819 conceditur
2489 762 2707 834 Spiritus
2733 770 2994 833 potestas.

2220 850 2445 924 Propter
2473 853 2614 923 quod
2633 852 2757 907 dicit
2788 870 2806 907 :
2838 854 3135 908 Ascendens
3164 854 3221 908 in
3264 854 3460 920 altum,
3493 855 3754 927 captivam

2147 944 2298 999 duxit
2326 945 2674 1016 captivitatem
2708 961 2727 999 :
2753 945 2895 999 dedit
2926 945 3065 999 dona
3093 946 3409 1001 hominibus.
3439 947 3588 1012 Quos
3622 946 3747 1002 dia-

2150 1036 2307 1092 bolus
2349 1039 2598 1107 captivos
2628 1038 2850 1094 tenebat
2876 1039 2944 1093 ad
2995 1049 3261 1107 mortem,
3293 1038 3543 1095 Christus
3571 1042 3751 1111 capti-

2157 1132 2304 1184 vavit
2350 1129 2417 1185 ad
2449 1131 2615 1185 vitam
2662 1148 2676 1185 :
2717 1130 2787 1187 ad
2832 1139 2996 1203 caput
3045 1141 3292 1188 nostrum
3338 1129 3395 1187 in
3436 1130 3755 1188 caelestibus

2150 1222 2541 1278 collocandum.

2229 1314 2380 1382 Quod
2411 1324 2583 1370 autem
2618 1316 2880 1382 ascendit,
2910 1316 3035 1388 quid
3067 1324 3145 1371 est
3172 1317 3273 1372 nisi
3300 1316 3419 1387 quia
3463 1326 3509 1371 et
3538 1318 3754 1373 descen-

2156 1407 2252 1461 dit.
2284 1407 2518 1476 Exponit
2547 1422 2646 1464 cur
2689 1409 2903 1465 dicatur
2923 1409 3267 1480 ascendisse,
3292 1425 3453 1479 quem
3484 1427 3754 1481 nusquam

2156 1514 2263 1555 non
2286 1515 2431 1571 esse,
2456 1515 2569 1557 non
2591 1502 2813 1558 dubium
2836 1510 2942 1569 est,
2970 1503 3273 1559 secundum
3297 1503 3523 1559 formam
3547 1505 3763 1560 scilicet

2158 1594 2301 1648 servi
2328 1612 2339 1646 :
2374 1592 2442 1649 ad
2466 1610 2626 1665 quam
2654 1610 2760 1650 non
2788 1595 3057 1666 localiter,
3085 1595 3181 1652 sed
3211 1596 3499 1668 dignanter
3520 1597 3757 1654 descen-

2160 1685 2335 1740 derat.

2232 1775 2473 1832 Primum
2506 1780 2557 1833 in
2600 1780 2877 1852 inferiores
2918 1790 3090 1853 partes
3134 1790 3305 1838 teme.
3348 1780 3625 1839 Infernum
3654 1782 3763 1839 sub

2089 1873 2138 1935 B
2165 1877 2310 1925 terra
2342 1886 2488 1938 esse,
2522 1888 2684 1928 nemo
2708 1873 2825 1944 jam
2851 1874 3109 1945 ambigat.

2241 1962 2341 2028 Qui
2382 1963 2678 2031 descendit,
2709 1965 2819 2037 ipse
2848 1976 2923 2021 est
2952 1972 3003 2020 et
3029 1965 3121 2037 qui
3148 1966 3381 2021 ascendit
3406 1983 3563 2037 super
3592 1982 3769 2024 carnes

2167 2054 2340 2109 caelos.
2366 2053 2479 2124 lQui
2528 2055 2812 2111 descendit
2840 2071 2963 2112 cum
3004 2057 3184 2112 anima
3222 2058 3278 2112 in
3309 2056 3616 2125 infernum,
3646 2058 3771 2128 ipse

2167 2159 2288 2201 cum
2322 2146 2504 2202 anima
2535 2158 2590 2203 et
2618 2162 2852 2219 corpore
2877 2149 3123 2205 ascendit
3151 2149 3204 2205 in
3234 2148 3451 2206 emlum.

2243 2238 2311 2295 Ut
2353 2240 2665 2308 adimpleret
2698 2243 2892 2297 omnia.
2936 2242 3121 2300 Gloria
3167 2243 3607 2314 triumphantes,
3650 2245 3774 2301 sive

2168 2346 2289 2402 qua:
2313 2333 2517 2402 scripta
2545 2344 2693 2401 sunt,
2728 2335 2843 2392 sive
2867 2336 2995 2391 dum
3012 2335 3125 2407 jam
3152 2336 3459 2393 humanitas
3483 2352 3608 2393 cum
3632 2337 3774 2394 divi-

2177 2424 2351 2480 nitate
2379 2440 2548 2479 uuum
2578 2425 2834 2483 effectum
2866 2436 2972 2484 est.

2241 2514 2310 2570 Et
2338 2518 2450 2587 ipse
2479 2517 2622 2572 dedit
2660 2520 2912 2589 quosdam
2951 2520 3159 2591 quidem
3188 2522 3453 2593 apostolos
3474 2562 3491 2589 ,
3520 2522 3775 2592 quosdam

2169 2617 2342 2663 autem
2370 2608 2668 2680 praphetas.
2711 2608 2919 2667 Contra
2966 2612 3199 2669 Arianos
3220 2654 3236 2679 ,
3269 2624 3323 2669 ut
3354 2613 3479 2669 Filii
3508 2624 3565 2670 et
3596 2614 3777 2668 Patris

2169 2714 2275 2756 una
2304 2701 2377 2756 sit
2400 2702 2667 2772 operatio.
2713 2703 2847 2758 Nam
2891 2704 2959 2759 ad
3000 2703 3312 2760 Corinthios
3356 2706 3521 2760 Deum
3550 2705 3773 2761 Patrem

2169 2792 2303 2848 dicit
2328 2792 2383 2847 in
2414 2793 2662 2850 Ecclesia
2689 2795 2974 2852 ordinasse
3019 2814 3031 2851 :
3066 2796 3158 2853 hic
3198 2811 3330 2853 vero
3358 2797 3633 2853 Christum
3669 2796 3777 2853 hoc

2171 2884 2395 2954 dixisse,
2430 2898 2846 2943 commemorat.

2244 2977 2390 3033 Alios
2418 2995 2535 3034 vero
2568 2981 2926 3052 evangelistas.
2963 2980 3156 3038 Omnis
3184 2981 3493 3051 apostolus,
3520 2996 3764 3053 evange-

2172 3070 2295 3127 lista
2325 3090 2336 3125 :
2369 3086 2481 3128 non
2510 3074 2688 3129 omnis
2715 3075 3076 3145 evangelista,
3110 3076 3395 3147 apostolus
3425 3076 3607 3132 :sicut
3632 3074 3767 3130 Phi-

2174 3165 2374 3236 lippus,
2404 3166 2496 3236 qui
2526 3176 2648 3221 erat
2680 3182 2820 3223 unus
2852 3183 2919 3222 ex
2946 3178 3180 3239 septem.

2099 3259 2145 3322 C
2246 3258 2390 3313 Alios
2434 3268 2603 3313 autent
2646 3271 2879 3331 pastores
2928 3269 2977 3315 et
3021 3261 3279 3317 doctores.
3326 3261 3591 3318 Pastores
3638 3276 3772 3317 vero

2174 3367 2387 3418 omnes,
2423 3353 2517 3423 qui
2546 3363 2673 3408 sunt
2703 3353 2884 3410 idonei
2915 3354 2981 3409 ad
3009 3354 3147 3410 alios
3176 3355 3551 3412 instruendos.
3584 3354 3769 3411 Omnis

2174 3460 2303 3515 ergo
2333 3454 2536 3514 pastor,
2569 3444 2761 3501 doctor
2795 3463 2808 3502 :
2840 3461 2946 3501 non
2989 3446 3169 3502 omnis
3208 3448 3300 3518 qui
3331 3447 3529 3503 doctor
3564 3455 3687 3513 est,
3714 3456 3767 3501 et

2174 3549 2382 3611 pastor.

2247 3632 2329 3686 Ad
2367 3631 2863 3685 consummationem
2891 3638 3191 3685 sanctorum
3220 3630 3273 3684 in
3300 3646 3431 3700 opus
3470 3629 3761 3695 ministerii,

2176 3724 2231 3778 in
2282 3724 2684 3793 a’diﬁcatiouem
2742 3724 2977 3795 corporis
3024 3721 3242 3778 Christi.
3290 3722 3363 3779 Ut
3423 3721 3771 3794 perﬁciantur

2178 3817 2372 3884 sancti,
2407 3815 2527 3872 sive
2554 3830 2743 3872 eorum
2786 3830 3050 3871 numerus
3084 3814 3399 3885 impleatur,
3433 3828 3621 3869 omnes
3647 3820 3773 3868 sunt

2182 3912 2462 3969 constituti
2512 3910 2579 3965 ad
2611 3909 2989 3966 aedificandam
3030 3908 3370 3977 Ecclesium,
3424 3924 3545 3979 qua:
3582 3921 3774 3976 corpus

2182 4006 2385 4063 Christi
2406 4014 2489 4061 est
2509 4021 2524 4060 :
2548 4011 2608 4059 ut
2619 4018 2810 4059 omnes
2825 4004 2891 4059 ad
2915 4002 3303 4073 perfectionem
3318 4001 3441 4057 ﬁdei
3458 4000 3767 4071 perducant.

2258 4100 2435 4154 Donec
2462 4114 2793 4153 occurramus
2808 4113 2983 4151 omnes
3001 4098 3053 4151 iu
3077 4097 3273 4151 unitate
3290 4095 3437 4165 ﬁdei.
3461 4094 3571 4149 Hoc
3591 4103 3764 4149 vatum

2183 4193 2349 4249 etiam
2380 4191 2536 4247 falsis
2558 4190 2875 4247 doctoribus
2900 4191 3063 4257 inest,
3095 4188 3147 4243 id
3169 4196 3273 4257 est,
3298 4188 3425 4243 volo
3448 4200 3633 4242 omnes
3652 4198 3769 4240 esse

2196 4288 2339 4345 sicut
2368 4303 2472 4343 me.

2258 4380 2323 4434 Et
2354 4379 2635 4452 agnitionis
2666 4376 2793 4435 Filii
2836 4377 2959 4433 Dei.
3003 4377 3099 4435 Ille
3142 4377 3363 4449 agnovit
3389 4376 3612 4448 gratiam
3641 4371 3754 4428 Filii

2190 4472 2281 4527 Dei
2303 4515 2317 4538 ,
2351 4472 2444 4542 qui
2486 4486 2593 4525 non
2643 4480 2834 4540 peccat
2864 4487 2877 4525 :
2910 4470 3040 4539 quia
3083 4469 3263 4525 omnis
3291 4467 3381 4540 qui
3411 4474 3627 4539 peccat,
3658 4478 3758 4518 non

2188 4566 2333 4621 videt
2359 4579 2503 4630 eum,
2540 4579 2644 4620 nec
2670 4563 2927 4635 cognovit
2955 4577 3102 4619 eum.

493 4664 602 4704 uno
631 4649 788 4702 Patre
818 4649 926 4703 Deo
971 4650 1084 4703 uati
1130 4650 1264 4705 estis
1288 4690 1304 4715 ,
1354 4651 1524 4705 nolite
1556 4651 1709 4707 vobis
1749 4653 1818 4708 de
1865 4662 2080 4708 terrena
2110 4642 2164 4703 D
2264 4659 2332 4714 In
2362 4660 2530 4713 virum
2554 4659 2866 4729 perfectum,
2896 4657 2951 4711 in
2982 4672 3277 4713 musarum
3303 4655 3475 4711 tetatis
3496 4647 3763 4725 plenitudi-

497 4738 778 4796 uobilitatc
829 4738 1034 4809 aliquid
1088 4755 1382 4812 arrogare,
1441 4757 1511 4798 ne
1569 4752 1802 4799 vestram
1856 4743 2082 4815 gloriam

496 4835 785 4891 amittatis.

569 4928 716 4985 Unus
757 4927 901 4984 Deus
930 4937 977 4983 et
1020 4929 1173 4983 Pater
1207 4932 1456 4987 omnium.
1504 4933 1683 4989 Etiam
1731 4949 1919 4991 eorum
1948 4975 1963 5002 ,
1994 4936 2088 5007 qui

495 5039 558 5079 ex
591 5022 846 5093 gentibus
876 5021 1255 5078 crediderunt.

570 5117 671 5183 Qui
700 5132 859 5185 super
887 5131 1085 5184 omnes,
1114 5124 1159 5169 et
1181 5130 1272 5185 per
1301 5116 1474 5169 omnia
1504 5119 1628 5173 etin
1656 5120 1894 5176 omnibus
1919 5121 2087 5178 nobis.

497 5206 674 5275 Super
712 5223 911 5265 omnes
941 5208 1209 5274 virtutes,
1245 5215 1303 5262 ut
1335 5218 1553 5277 potens,
1584 5226 1682 5281 per
1711 5213 1892 5266 omnia
1924 5228 2089 5282 opera

499 5316 597 5355 sua
631 5318 643 5353 ε
674 5302 764 5369 qui
788 5302 1085 5358 immensus
1110 5302 1362 5357 omnibus
1391 5299 1720 5361 Christianis
1748 5348 1762 5375 ,
1787 5307 2088 5363 secundum

498 5409 659 5467 quem
684 5392 933 5451 habitare
960 5376 1238 5468 dignatur.

573 5485 864 5557 Unicuique
922 5497 1092 5542 autem
1139 5500 1374 5544 nostrum
1420 5492 1543 5545 data
1588 5500 1663 5546 est
1719 5492 1909 5562 gratia.
1972 5492 2094 5547 Non

501 5584 675 5640 multa
716 5589 844 5636 sunt
882 5593 1110 5650 corpora
1141 5597 1239 5651 per
1264 5583 1590 5640 varietatem
1620 5587 1917 5655 gratiarum
1942 5630 1957 5655 ,
1990 5586 2089 5642 sed

503 5677 746 5734 membra
778 5673 1008 5730 diversa.

576 5769 877 5825 Secundum
904 5782 1217 5822 mensuram.
1249 5767 1364 5826 Non
1393 5778 1499 5825 tam
1529 5777 1731 5825 nostrae
1755 5769 2102 5841 capacitatis,

517 5872 677 5927 quam
710 5858 853 5913 illius
882 5858 1183 5929 largientis.

2195 4755 2273 4809 nis
2321 4753 2534 4808 Christi.
2566 4752 2667 4819 Qui
2717 4752 2862 4807 enim
2904 4764 2966 4806 se
3003 4750 3139 4805 dicit
3189 4749 3245 4804 in
3284 4748 3501 4805 Christo
3541 4755 3765 4805 manere,

2196 4846 2359 4902 debet
2404 4843 2679 4915 quomodo
2717 4844 2811 4901 ille
2844 4842 3177 4909 ambulavit,
3221 4841 3504 4897 ambulare
3536 4858 3547 4893 :
3577 4846 3628 4894 et
3668 4849 3767 4890 non

2195 4952 2462 4993 annorum
2490 4936 2611 5006 ejus
2642 4943 2893 5003 aetatem,
2924 4935 3017 4990 sed
3050 4933 3445 5004 plenitudinem
3475 4927 3686 4986 imitari.

2271 5030 2339 5086 Ut
2366 5034 2484 5103 jaut
2514 5044 2615 5083 non
2654 5028 2812 5081 simus
2851 5026 3053 5094 paruuli
3081 5029 3410 5096 ﬂuctuantes,
3443 5032 3492 5078 et
3516 5019 3770 5088 circumfe—

2193 5137 2374 5179 rautur
2395 5121 2534 5174 onmi
2559 5128 2704 5174 vento
2726 5118 2998 5173 doctrinae.
3023 5117 3093 5174 Ut
3119 5132 3226 5174 non
3249 5117 3421 5172 simus
3444 5116 3731 5185 ignorantes
3746 5149 3765 5171 ,

2194 5230 2295 5272 nec
2320 5213 2493 5282 dubii,
2523 5228 2587 5268 ac
2617 5212 2960 5279 vacillantes,
2990 5220 3045 5267 et
3074 5226 3228 5269 more
3250 5210 3489 5281 imperiti
3518 5208 3773 5279 guberna-

2196 5308 2351 5376 toris,
2383 5305 2562 5363 omnis
2591 5304 2853 5361 doctrinae
2873 5313 3040 5360 vento
3070 5314 3273 5360 nostrae
3295 5302 3421 5359 fidei
3447 5301 3562 5357 vela
3582 5311 3767 5369 appen-

2195 5403 2387 5458 dentes
2411 5440 2427 5468 ,
2461 5414 2529 5453 ne
2554 5397 2714 5454 facile
2745 5396 3131 5468 naufragemus
3158 5437 3172 5462 ,
3205 5405 3299 5451 aut
3327 5394 3393 5450 ad
3425 5402 3627 5465 portum
3652 5402 3775 5459 per-

2197 5494 2451 5552 fectionis
2476 5506 2766 5562 numquam
2806 5489 3097 5560 pervenire
3128 5489 3426 5561 possimus.

2274 5584 2341 5640 In
2379 5585 2604 5655 nequitia
2646 5581 2950 5647 hominum,
2988 5583 3042 5635 in
3073 5580 3293 5635 astutia.
3341 5576 3581 5650 Nequitia
3603 5570 3773 5629 homi-

2203 5692 2353 5746 num,
2383 5675 2577 5732 astutis
2613 5672 3075 5745 disputationibus
3103 5688 3134 5729 a
3165 5682 3318 5729 recto
3350 5669 3475 5727 ﬁdei
3502 5680 3651 5724 cursu
3674 5662 3776 5719 de~

2207 5777 2425 5839 torquet
2444 5770 2713 5824 incautos.

2206 5907 2227 5941 _.
2279 5862 2358 5921 Ad
2388 5860 2868 5928 circumventiouem
2890 5859 3100 5919 erroris.
3132 5859 3261 5919 Sive
3285 5873 3409 5921 cum
3435 5856 3581 5915 multi
3605 5848 3773 5924 qued-
