3978 6286
181 277 275 337 833

846 275 1405 338 COMMENTARIUS
1443 277 1511 337 IN
1551 274 1941 337 EPISTOLAM
1985 277 2075 335 AD
2115 274 2465 339 EPlIliSTOS.
2507 277 2658 338 CAP.
2702 274 2792 336 IV.

3364 274 3470 338 εει

178 398 291 454 dam
319 395 527 453 erroris
561 397 647 453 sui
679 395 982 453 remedium
1015 405 1245 468 putent,
1277 397 1321 453 si
1351 397 1550 454 multos
1580 410 1763 453 secum
1794 396 1849 458 Α
1947 394 2207 467 Deponite
2254 413 2340 452 vos
2388 399 2669 453 secundum
2716 394 2991 468 pristinam
3035 400 3473 454 conversationem

180 491 441 548 traxerint
486 492 554 546 ad
607 506 852 548 errorem
893 508 906 543 :
948 491 1063 546 sive
1110 491 1424 546 errantibus
1466 488 1771 545 remedium

182 586 292 641 sine
307 584 497 641 labore
516 584 917 655 promittentes,
948 597 1270 653 permanere
1288 582 1485 636 faciunt
1500 582 1550 635 in
1563 596 1770 636 errore.

252 675 541 732 Veritatem
570 685 739 732 autem
791 676 1039 745 facientes
1071 675 1127 728 in
1175 672 1453 729 charitate.
1499 671 1690 728 Omnia
1723 673 1774 726 in

182 766 410 824 veritate
436 775 665 839 propter
708 766 1035 823 charitatem
1066 764 1307 832 Christi,
1338 775 1395 821 et
1422 763 1557 819 nihil
1592 764 1646 819 in
1681 764 1778 834 hy-

186 855 385 929 pocrisi
412 855 701 913 facientes.

250 947 556 1003 Cresconius
578 950 633 1002 in
676 948 772 1003 illo
801 964 890 1018 per
917 948 1113 1003 omnia.
1143 948 1199 1003 ln
1249 947 1397 1004 illius
1436 946 1778 1019 perfectione

184 1053 246 1096 ex
271 1040 423 1095 omni
447 1048 602 1110 parte
622 1053 967 1096 crescamus.

254 1133 360 1201 Qui
384 1144 459 1189 est
488 1144 646 1204 caput
676 1131 954 1189 Christus?
978 1149 1042 1187 ex
1067 1149 1169 1204 quo
1208 1142 1370 1188 totum
1408 1148 1597 1204 corpus
1635 1147 1780 1187 com-

185 1239 413 1303 pactum,
442 1239 491 1285 et
518 1246 809 1287 connexum
838 1247 929 1300 per
951 1246 1152 1285 omnem
1170 1231 1475 1301 juncturam
1500 1226 1779 1282 subminis-

188 1324 426 1378 trationis
446 1323 734 1378 secundum
756 1324 1129 1395 operationem.
1163 1322 1247 1377 Ex
1276 1322 1455 1392 capite
1476 1335 1781 1376 connexum

187 1430 408 1487 corpus,
444 1430 542 1486 per
570 1431 791 1471 omnem
821 1415 1261 1485 subjunctionem
1285 1413 1620 1484 operationis
1640 1424 1788 1466 cres-

164 1509 275 1585 ‘cit,
309 1506 442 1563 dum
464 1523 523 1563 se
542 1508 869 1564 alterutrum
900 1508 1139 1563 membra
1163 1506 1436 1562 aedificant
1464 1504 1745 1575 diligendo
1770 1521 1783 1556 :

182 1598 254 1656 ita
285 1610 344 1653 ut
374 1600 799 1671 unumquodque
840 1600 1144 1655 membrum
1176 1600 1231 1654 in
1271 1614 1371 1655 sua
1402 1613 1591 1654 mensu
1605 1613 1661 1652 ra
1693 1613 1791 1652 au-

187 1702 378 1764 geatur
409 1710 423 1748 :
458 1694 563 1749 hoc
590 1701 706 1763 est,
753 1702 811 1749 ut
842 1694 934 1766 qui
960 1701 1045 1750 est
1083 1708 1186 1764 per
1216 1692 1540 1763 sapientiam
1570 1690 1783 1759 oculus,

1879 499 2095 544 veterem
2123 491 2401 546 hominem.
2436 492 2702 561 Exposuit
2733 492 2859 563 quid
2893 492 2963 547 sit
3003 501 3154 548 vetus
3186 494 3381 561 homo,
3413 504 3468 551 et

1878 581 2156 652 quomodo
2190 582 2496 653 deponatur
2533 602 2546 638 :
2587 584 2800 640 scilicet
2842 595 2903 639 ut
2944 586 3206 654 pristinos
3255 602 3474 643 errores

1880 677 2103 747 abjiciat
2128 677 2287 748 hujus
2316 679 2524 747 mundi,
2557 688 2612 734 et
2642 696 2749 734 non
2783 679 3044 736 membris
3065 681 3341 752 corporis,
3378 682 3475 737 sed

1879 780 2062 826 mente
2089 780 2145 826 ct
2164 772 2587 829 conversatione
2613 782 2875 830 mutetur.

1959 862 2063 929 Qui
2097 864 2451 935 corrumpitur
2491 865 2771 920 secundum
2814 867 3073 923 desideria
3112 868 3325 924 erroris.
3372 869 3478 925 Fa-

1883 955 2034 1010 ciens
2064 956 2402 1012 voluntatem
2431 958 2733 1012 carnalium
2766 960 3179 1029 cogitationum.

1956 1047 2299 1103 Renovamini
2328 1058 2503 1103 autem
2532 1051 2726 1121 spiritu
2754 1054 2937 1107 mentis
2969 1063 3171 1109 vestrae.
3215 1054 3364 1111 Sicut
3393 1053 3484 1111 Je-

1884 1141 2087 1197 remias
2131 1141 2207 1197 ait
2246 1159 2259 1196 :
2307 1142 2496 1200 Facite
2539 1144 2695 1200 vobis
2735 1159 2835 1201 eor
2864 1162 3059 1202 novum
3085 1189 3100 1213 ,
3132 1156 3189 1205 et
3229 1150 3479 1219 spiritum

1888 1247 2111 1289 novum.
3264 1260 3277 1267 ‘

1960 1326 2031 1382 Et
2080 1328 2281 1383 induite
2320 1344 2506 1385 novum
2556 1332 2836 1389 hominem.
2891 1333 2970 1389 Ex
3017 1336 3195 1391 veteri
3239 1335 3484 1409 intellige

1889 1434 2111 1475 novum.

1966 1512 2071 1577 Qui
2094 1515 2379 1568 secundum
2404 1514 2571 1571 Deum
2594 1529 2795 1575 creatus
2824 1530 2898 1576 est
2932 1523 2982 1575 in
2997 1525 3233 1595 justitia,
3293 1534 3338 1580 et
3366 1542 3492 1581 san-

1891 1605 2069 1658 ctitate
2098 1607 2343 1662 veritatis.
2382 1610 2644 1679 Exposuit
2675 1614 2800 1683 quid
2833 1616 2905 1670 sit
2948 1615 3223 1674 hominem
3256 1618 3322 1674 ad
3356 1621 3490 1677 ima-

1892 1697 2072 1768 ginem
2103 1698 2197 1754 Dei
2228 1711 2472 1757 creatum
2501 1721 2515 1758 :
2542 1716 2598 1758 ut
2624 1706 2834 1762 scilicet
2856 1707 3056 1777 iustus,
3080 1720 3135 1765 et
3164 1720 3408 1779 Sanctus,
3432 1720 3489 1767 et

190 1786 241 1840 in
274 1799 467 1842 eorum
500 1800 789 1843 numerum
816 1794 1052 1852 ϐΐθεεδι,
1080 1784 1174 1857 (liii
1226 1784 1371 1840 οουιί
1397 1783 1639 1839 οῖίίοίυῐη
1664 1798 1790 1854 θεε-
1818 1797 1865 1857 Β
1894 1804 2057 1845 verax
2079 1835 2093 1860 ,
2137 1791 2279 1848 sicut
2310 1793 2454 1850 Deus
2487 1813 2499 1849 :
2532 1806 2590 1851 ut
2618 1800 2907 1857 sanctitate
2936 1803 3217 1873 veritatis,
3264 1820 3372 1861 non
3400 1820 3494 1860 va-

192 1881 293 1935 turi
320 1888 453 1935 sunt
482 1898 496 1935 :
521 1891 574 1935 et
595 1879 805 1949 singula
832 1895 1062 1949 quaeque
1098 1881 1342 1935 membra
1375 1876 1681 1947 proficiant.
1750 1888 1769 1901 ⁶

266 1969 337 2027 In
361 1988 604 2027 mensura
632 1972 1045 2043 uniuscujusque
1080 1972 1291 2026 membri
1315 1980 1651 2042 augmentum
1677 1985 1794 2023 cor-

185 2071 332 2143 poris
362 2070 490 2141 facit
520 2071 574 2125 in
611 2070 1006 2140 aediﬁcationem
1035 2071 1114 2124 sui
1145 2072 1199 2124 in
1222 2069 1493 2123 charitate.
1524 2067 1660 2122 Dum
1681 2067 1795 2122 sin-

184 2173 309 2245 gula
344 2172 591 2228 membra
615 2180 895 2238 crescunt,
921 2172 1096 2241 majus
1118 2170 1351 2227 efficitur
1374 2184 1601 2241 corpus.

260 2265 385 2320 Hoc
413 2266 577 2337 igitur
603 2265 752 2334 dico,
791 2272 840 2318 et
884 2264 1133 2331 testiﬁcor
1171 2262 1225 2317 in
1257 2262 1500 2318 Domino.
1533 2262 1680 2329 Quos
1706 2277 1797 2316 su-

194 2358 386 2429 perius
433 2358 864 2425 obsecraverat,
913 2356 1002 2413 hic
1047 2358 1103 2412 in
1155 2356 1388 2412 Domino
1428 2355 1797 2412 obtestatione

190 2450 544 2521 constringit.

267 2542 343 2598 Ut
363 2545 482 2615 jam
522 2558 625 2597 non
663 2542 939 2598 ambuletis
962 2583 977 2610 ,
1018 2542 1157 2598 sicut
1196 2552 1246 2598 et
1284 2552 1458 2614 gentes
1503 2541 1795 2596 ambulant.

197 2635 363 2703 Nolo,
412 2635 532 2703 ait,
581 2635 702 2690 solo
745 2650 843 2691 vos
886 2637 1111 2691 nomine
1157 2650 1280 2691 esse
1315 2632 1660 2691 Christianos
1695 2654 1707 2691 :
1746 2644 1801 2693 et

195 2728 377 2785 Deum
400 2742 497 2783 ore
516 2728 867 2795 conﬁtcntes,
892 2730 1150 2801 operibus
1170 2728 1444 2800 denegare
1472 2746 1487 2783 :
1513 2730 1607 2784 sed
1629 2744 1801 2800 quan-

199 2829 320 2875 tum
352 2821 495 2876 inter
534 2819 813 2875 diabolum
847 2821 1033 2887 distat,
1064 2828 1121 2876 et
1144 2819 1338 2887 Deum,
1369 2828 1512 2874 tanta
1543 2819 1800 2874 din'eren-

199 2913 274 2968 tia
303 2913 510 2969 debent
537 2913 635 2968 lilii
667 2913 760 2969 Dei
786 2930 815 2968 a
847 2912 975 2969 filiis
998 2914 1198 2969 diaboli
1231 2914 1282 2968 in
1308 2914 1567 2985 cperibus
1593 2914 1800 2970 discre-

196 3020 361 3075 pare.
407 3004 486 3061 Ne
541 3005 712 3061 Deum
750 3006 914 3062 labiis
956 2994 1325 3071 honorantes,
1382 3008 1563 3062 cordis
1608 3008 1802 3063 timore

193 3099 419 3170 longius
448 3100 795 3163 assistamus,
826 3108 883 3155 et
912 3098 1127 3154 dicatur
1150 3099 1218 3154 de
1251 3099 1408 3154 nobis
1437 3115 1452 3154 :
1479 3099 1609 3156 Sine
1636 3114 1799 3155 causa

1897 1882 2082 1939 uitatis
2110 1885 2180 1939 sit
2211 1887 2469 1955 prmditus
2493 1931 2507 1956 ,
2544 1890 2645 1944 hoc
2678 1902 2786 1959 est,
2819 1908 2937 1964 qua:
2982 1911 3173 1950 vanam
3208 1898 3487 1952 hominum

1895 1976 2124 2047 gloriam
2156 1990 2459 2050 aucupatur
2483 2023 2497 2047 ,
2530 1997 2656 2039 cum
2690 1986 2951 2057 scriptum
2994 1990 3066 2045 sit
3102 2007 3113 2042 :
3156 1990 3313 2047 Juste
3344 1990 3487 2062 quod

1887 2068 2094 2140 justum
2124 2080 2209 2127 cst
2240 2076 2603 2145 persequeris.

1971 2162 2197 2234 Propter
2225 2166 2365 2237 quod
2408 2166 2723 2237 deponentes
2762 2171 3115 2227 mendacium.
3158 2172 3256 2229 Ilic
3285 2174 3494 2231 descri-

1897 2254 2100 2311 buntur
2139 2257 2270 2321 ipsa:
2311 2260 2525 2330 species
2558 2262 2861 2331 eaStitaIis,
2894 2265 3088 2336 quibus
3121 2281 3291 2322 novus
3325 2266 3488 2324 homo

1899 2348 2264 2417 cognoscitur.

1973 2439 2275 2510 Loquimini
2300 2445 2564 2501 veritatem
2588 2450 2939 2520 unusquisque
2956 2467 3069 2505 cum
3097 2454 3334 2524 proximo
3356 2471 3453 2509 suo
3474 2472 3494 2510 :

1903 2534 2153 2603 quoniam
2174 2551 2355 2590 sumus
2382 2538 2597 2592 int-irem
2624 2540 2869 2595 membra.
2895 2541 3066 2598 Nemo
3087 2559 3240 2598 suum
3263 2545 3497 2601 circum-

1906 2626 2093 2681 veniat
2121 2627 2343 2684 fratrem
2379 2632 2544 2698 :quia
2577 2648 2740 2689 unum
2779 2649 2979 2706 corpus
3022 2651 3245 2704 sumus,
3289 2649 3343 2695 et
3389 2656 3495 2696 non

1904 2728 2132 2788 possunt
2180 2721 2504 2776 alterutrum
2553 2725 2795 2780 membra
2840 2742 2901 2782 se
2942 2727 3134 2785 fallere
3168 2747 3181 2783 :
3210 2746 3313 2787 nec
3350 2733 3496 2788 enim

1903 2825 2097 2865 manus
2131 2812 2308 2868 illudit
2346 2815 2538 2881 oculo,
2591 2826 2685 2873 aut
2732 2817 2925 2875 dentes
2958 2821 3204 2876 lacerant
3232 2823 3498 2893 membra,

1902 2901 2006 2957 nisi
2035 2901 2174 2959 forte
2200 2905 2288 2958 ubi
2320 2904 2542 2975 spiritus
2570 2908 2878 2965 immundus
2908 2910 3192 2967 inhabitat.
3522 2918 3527 2921 “

1982 2995 2307 3064 Irascimini,
2334 3009 2381 3052 et
2406 2999 2565 3054 nolite
2593 3017 2823 3069 peccare.
2858 3002 2940 3058 Ira
2966 3021 3071 3059 non
3100 3004 3332 3062 inebriet
3356 3022 3503 3063 men-

1906 3100 2039 3158 tem,
2075 3090 2171 3144 sed
2203 3091 2414 3147 veritas
2441 3091 2725 3163 dispenset
2759 3113 2773 3149 :
2800 3110 2900 3151 nec
2926 3106 3071 3152 tuam
3102 3096 3374 3170 iniuriam,
3407 3099 3502 3155 sed

196 3193 400 3249 colunt
425 3207 514 3248 me
547 3209 561 3249 :
594 3192 697 3248 hoc
722 3199 919 3259 est,‘ex
945 3208 1064 3249 mea
1086 3192 1301 3249 cultura
1327 3192 1509 3248 nullos
1539 3193 1806 3262 accipient
1833 3176 1878 3242 (ἶ
1910 3180 2095 3237 “altis
2126 3183 2501 3240 animadverle
2526 3196 2826 3255 Ρθοεειιυῐη-

196 3283 438 3341 fructus.

275 3376 352 3432 In
383 3377 607 3432 uanitate
627 3392 812 3433 sensus
851 3378 957 3433 sui.
988 3376 1122 3431 Vani
1150 3385 1280 3432 sunt
1307 3376 1452 3432 enim
1483 3390 1678 3433 omnes
1712 3376 1809 3433 ho-

197 3473 411 3540 mines,
435 3471 633 3543 quibus
660 3486 766 3527 non
798 3479 883 3528 est
904 3472 1179 3541 sapientia
1214 3471 1330 3526 Dei.

277 3562 531 3619 Tenebris
577 3563 907 3617 obscuratum
933 3561 1185 3618 habentes
1222 3564 1557 3621 intellectum.
1587 3564 1813 3620 Scilicet

199 3656 554 3727 ignorantia,
602 3665 657 3711 et
700 3655 1100 3711 mundanarum
1151 3671 1336 3712 rerum
1385 3656 1809 3713 sollicitudinum

194 3749 443 3821 caligine
466 3764 531 3805 ac
557 3749 796 3805 tenebris
828 3749 1198 3805 obscuratum.

282 3841 518 3896 Alienati
566 3858 599 3894 a
640 3841 745 3895 vita
776 3841 895 3897 Dei.
938 3840 1021 3897 Illi
1055 3842 1181 3898 ideo
1209 3856 1237 3895 a
1278 3842 1390 3897 vita
1434 3843 1655 3899 alienati
1687 3852 1817 3899 sunt

201 3934 356 4002 Dei,
405 3934 530 4005 quia
576 3934 828 4005 ignorant
866 3952 881 3991 :
929 3950 1028 3991 vos
1073 3943 1255 3992 autem
1307 3937 1431 4009 quia
1482 3938 1815 4008 cognovistis

195 4026 406 4090 Deum,
432 4026 583 4096 sequi
613 4025 843 4082 debetis.

279 4116 396 4172 Per
421 4118 771 4189 ignorantiam
794 4158 809 4185 ,
832 4134 948 4188 qute
975 4129 1049 4174 est
1072 4120 1124 4173 in
1153 4120 1283 4175 illis.
1321 4118 1658 4186 Notandum,
1690 4120 1817 4191 quia

193 4218 567 4279 contemptus
602 4210 961 4281 ignorantiam
991 4212 1285 4280 generavit.

280 4302 522 4365 Propter
551 4303 832 4358 cwcitatem
855 4304 1027 4359 cordis
1054 4305 1306 4374 ipsorum.
1342 4303 1674 4371 Dicentium,
1710 4319 1817 4361 non

197 4403 299 4449 cst
337 4393 507 4450 Deus.

280 4486 399 4552 Qui
420 4486 755 4556 desperantes
777 4488 1075 4559 semetipsos
1105 4488 1434 4544 tradiderunt
1462 4468 1821 4558 impudicitite.

1982 3273 2082 3349 Sol
2133 3291 2237 3329 non
2288 3276 2490 3331 occidat
2547 3295 2701 3351 super
2748 3280 3078 3335 iracundiam
3130 3294 3368 3339 vestram.
3430 3284 3509 3343 Ne

1911 3366 2158 3422 scientia}
2188 3369 2366 3422 lumen
2394 3368 2447 3423 in
2475 3378 2563 3424 tua
2595 3370 2966 3439 indignatione
2996 3374 3236 3430 deficiat.

1987 3460 2168 3515 Nolite
2191 3459 2364 3515 locum
2397 3460 2525 3516 dare
2547 3462 2773 3517 diabolo.
2808 3464 3116 3534 lrascendo,
3150 3468 3238 3524 vel
3266 3469 3510 3540 quolibet

1890 3553 2023 3615 _alio
2052 3554 2273 3610 delicto.
2303 3555 2461 3610 Porta
2491 3557 2635 3612 enim
2669 3557 2868 3613 diaboli
2901 3571 2982 3615 cst
3011 3572 3292 3632 peceatum
3325 3578 3341 3620 :
3368 3565 3508 3620 sicut

1916 3646 2081 3703 homo
2100 3648 2277 3717 justus
2307 3650 2542 3720 Spiritus
2573 3652 2747 3707 sancti
2777 3662 2930 3723 porta
2961 3659 3081 3710 cst.’

1992 3741 2096 3810 Qui
2125 3743 2424 3814 iurabatur,
2444 3747 2561 3817 jam
2588 3762 2688 3799 non
2718 3750 2921 3816 furetnr
2945 3761 2962 3798 :
2988 3748 3152 3818 magis
3177 3756 3344 3802 autem
3368 3747 3516 3803 labo-

1918 3844 2014 3887 ret.
2054 3835 2276 3890 Alienos
2324 3835 2540 3891 labores
2582 3837 2873 3905 aliquando
2918 3838 3187 3909 direptos,
3240 3854 3384 3894 nunc
3414 3856 3514 3895 suo

1920 3924 2111 3982 labore
2152 3937 2473 3996 compenset
2507 3944 2520 3980 :
2554 3936 2610 3983 et
2646 3928 2920 3997 operando
2972 3930 3179 3985 tribuat
3222 3930 3515 4003 indigenti-

1920 4018 2043 4084 bus,
2078 4020 2167 4090 qui
2211 4020 2408 4075 multos
2440 4020 2669 4075 furando
2698 4021 2818 4077 fecit
2845 4030 3091 4093 egentes.

1999 4108 2279 4182 Operando
2308 4112 2544 4167 manibus
2573 4113 2703 4181 suis,
2728 4114 2868 4185 quod
2892 4116 3079 4169 bonum
3103 4125 3179 4171 est
3205 4131 3222 4170 :
3253 4124 3308 4171 ut
3330 4115 3516 4171 habeat

1922 4203 2061 4258 unde
2087 4206 2279 4259 tribuat
2317 4206 2663 4262 necessitatem
2694 4208 2927 4278 patienti.
2957 4207 3075 4263 Non
3099 4210 3241 4280 quod
3266 4210 3465 4264 malum
3503 4228 3515 4265 :

1925 4304 2055 4351 sunt
2085 4295 2231 4351 enim
2256 4297 2464 4363 multae,
2496 4297 2584 4353 vel
2614 4296 2941 4365 inhonestzc,
2971 4300 3053 4353 vel
3081 4300 3237 4355 mala:
3266 4308 3432 4368 artes,
3462 4309 3523 4357 ut

1941 4391 2202 4446 maleficia
2228 4432 2243 4458 ,
2268 4400 2322 4447 et
2348 4391 2526 4445 omnia
2550 4434 2563 4456 ,
2597 4408 2716 4461 qua:
2756 4408 2861 4446 non
2890 4391 2955 4447 ad
2989 4401 3196 4447 naturae
3225 4397 3523 4449 necessita-

1928 4490 2059 4545 tem.
2075 4483 2169 4538 sed
2184 4483 2247 4537 ad
2267 4484 2830 4552 concupiscentiarum
2846 4485 3138 4551 proficiunt
3158 4487 3513 4557 voluptatem.

195 4579 597 4649 Desperantes
642 4593 857 4650 pennam
888 4580 1177 4651 impiorum
1206 4624 1219 4647 ,
1251 4589 1307 4637 et
1335 4582 1618 4652 praemium
1644 4583 1821 4651 justo-
1851 4568 1904 4631 D
2006 4576 2186 4630 Omnis
2208 4592 2373 4630 sermo
2395 4575 2568 4629 malus
2590 4592 2653 4630 ea:
2672 4592 2760 4630 ore
2790 4588 2955 4631 vestro
2984 4594 3083 4632 non
3114 4580 3379 4649 procedat.
3408 4580 3526 4637 Non

193 4687 368 4733 rum.
395 4685 623 4726 necesse
651 4682 737 4727 est
772 4683 829 4727 ut
862 4674 1225 4743 praesentibus
1249 4674 1619 4743 voluptatibus
1640 4673 1823 4729 adhae-

198 4771 411 4832 reant,
441 4763 532 4832 qui
562 4762 743 4820 futura
771 4764 1069 4835 desperant
1098 4785 1109 4820 :
1141 4765 1336 4822 Venite
1365 4774 1422 4823 et
1460 4766 1702 4822 fruamur
1730 4766 1829 4823 bo-

193 4857 332 4923 nis,
368 4869 493 4923 qua:
520 4864 667 4923 sunt,
698 4866 993 4912 etemtera.

283 4947 368 5001 In
391 4948 695 5019 operatione
724 4949 1073 5005 inmunditia:
1100 4950 1265 5004 omnis
1295 4950 1347 5003 in
1376 4949 1670 5003 avaritiam.
1701 4949 1831 5005 Om-

1926 4686 2089 4737 unus,
2137 4686 2237 4727 nec
2272 4672 2405 4736 duo,
2437 4672 2531 4728 sed
2573 4687 2762 4728 omnes
2792 4674 2918 4729 mali
2948 4689 3232 4733 sermones
3266 4696 3279 4733 :
3328 4678 3383 4733 in
3424 4677 3527 4734 hoc

1928 4765 2226 4823 Christiani
2258 4765 2457 4821 debent
2485 4780 2607 4822 esse
2636 4767 2902 4823 crucifixi.

2005 4857 2114 4915 Sed
2134 4861 2179 4913 si
2199 4860 2314 4927 quis
2336 4858 2495 4912 bonus
2524 4867 2599 4914 est
2629 4861 2697 4914 ad
2724 4862 3119 4930 ardiﬁcationem
3138 4864 3282 4934 ﬁdei.
3309 4863 3424 4920 Non
3457 4864 3532 4922 si-

1931 4952 2158 5008 lentium
2192 4951 2470 5022 imposuit,
2500 4953 2595 5008 sed
2625 4953 2940 5023 qualitatem
2969 4955 3223 5027 loquendi
3254 4965 3531 5013 monstra-

1934 5044 2034 5109 vit,
2061 5043 2317 5097 utomnis
2346 5057 2527 5098 sermo
2560 5043 2720 5100 fidem
2770 5046 3006 5101 aedificet
3038 5046 3399 5102 Christianam
3433 5068 3444 5102 :
3479 5059 3535 5105 et

1934 5148 1998 5189 os
2025 5144 2268 5189 nosuum
2301 5134 2474 5189 solum
2524 5144 2749 5206 appetat
2792 5137 3015 5191 verbum
3049 5137 3163 5192 Dei.
3211 5138 3385 5194 Simul
3432 5156 3534 5197 no-

1934 5225 2186 5291 tandum,
2216 5226 2338 5294 quia
2364 5226 2465 5280 hoc
2496 5227 2767 5282 uuivcrsrc
2793 5227 3049 5283 Ecclesiae
3072 5230 3404 5300 prxrcipitur.

2012 5317 2081 5374 Ut
2124 5318 2209 5373 det
2261 5320 2483 5389 gratiam
2513 5320 2859 5373 audientibus.
2912 5319 3026 5376 Hoc
3079 5330 3162 5377 est
3214 5325 3357 5393 quod
3406 5325 3535 5381 alibi

1936 5411 2068 5467 dicit
2100 5430 2113 5467 :
2145 5412 2339 5468 Sermo
2366 5421 2547 5467 vester
2577 5414 2629 5467 in
2668 5413 2841 5491 gratia
2894 5413 2965 5468 sit
3008 5415 3122 5471 sale
3152 5418 3401 5474 conditus
3439 5436 3453 5473 :
3482 5428 3538 5475 et

1937 5505 1991 5561 in
2014 5518 2268 5561 sermone
2295 5513 2481 5559 nostro
2502 5505 2729 5574 gratiam
2756 5507 3023 5575 accipiant
3053 5508 3357 5565 audientes.

2011 5595 2077 5651 Et
2106 5598 2263 5651 nolite
2307 5597 2616 5650 contristare
2645 5596 2902 5668 Spiritum
2940 5609 3172 5654 sanctum
3203 5599 3321 5654 Dei.
3354 5600 3541 5658 Homi-

1942 5689 2102 5747 nibus
2132 5689 2383 5760 loquens,
2414 5687 2874 5758 comparationem
2900 5690 3104 5746 inducit
3136 5692 3447 5762 humanam,
3481 5702 3533 5752 ut

1939 5799 2011 5847 ex
2042 5783 2196 5841 nobis
2237 5782 2601 5857 intelligamus
2641 5791 2896 5858 quantam
2922 5783 3145 5860 Spiritui
3168 5797 3359 5848 sancto
3390 5786 3533 5861 inju-

189 5042 308 5098 nia
346 5040 576 5094 crimina
605 5084 620 5109 ,
658 5039 1016 5097 immunditia:
1047 5050 1102 5099 et
1142 5042 1386 5097 avaritia:
1428 5042 1645 5098 nomine
1677 5057 1822 5097 com-

192 5133 544 5209 prehendit.

298 5226 416 5281 Vos
445 5234 619 5281 autem
662 5242 765 5282 non
813 5228 886 5283 ita
916 5228 1173 5283 didicistis
1205 5228 1474 5283 Christum
1516 5243 1535 5282 :
1578 5228 1623 5281 si
1656 5236 1831 5282 tamen

190 5326 383 5381 illum
410 5322 638 5377 audistis
661 5365 677 5389 ,
728 5330 779 5376 et
807 5322 861 5377 in
891 5324 1005 5395 ipso
1044 5324 1210 5378 edocti
1258 5324 1402 5377 estis.
1447 5321 1518 5376 Et
1560 5320 1701 5376 sicut
1739 5320 1832 5377 ille

191 5435 337 5476 non
387 5417 579 5489 gentili
629 5417 738 5473 ritu
784 5416 1001 5473 vivatis.
1054 5416 1145 5473 Ille
1186 5417 1336 5472 enim
1376 5431 1505 5472 vere
1554 5414 1829 5469 Christum

188 5509 478 5577 audivit,
516 5518 570 5565 et
601 5509 671 5563 ab
716 5508 845 5579 ipso
883 5508 1105 5576 didicit,
1155 5509 1247 5579 qui
1278 5508 1431 5565 nullo
1474 5506 1669 5564 similis
1698 5507 1834 5562 vitio

185 5601 487 5678 gentibus
518 5600 813 5657 invenitur.

288 5694 461 5751 Sicut
490 5702 563 5749 est
604 5694 796 5749 ueritas
837 5695 889 5749 in
919 5692 1070 5749 Iesu.
1104 5691 1261 5750 Sicut
1292 5693 1385 5749 ille
1425 5707 1556 5749 vere
1588 5699 1834 5749 mortuus

181 5796 308 5853 est.
346 5792 405 5844 et
434 5786 700 5857 surrexit,
735 5794 795 5843 ut
826 5799 927 5845 nos
954 5800 1082 5844 vere
1111 5785 1163 5841 in
1188 5786 1433 5843 novitate
1464 5783 1829 5845 ambulemus.
