3978 6286
508 295 611 351 855

506 410 639 465 riam
666 408 909 473 facimus,
928 421 1049 463 cum
1071 405 1271 461 donum
1292 404 1410 473 ejus
1435 406 1485 460 in
1511 408 1686 477 aliqua
1711 412 1920 477 peccati
1941 408 2105 464 sorde
2132 405 2182 466 Α

508 505 797 572 polluimus
832 521 844 555 :
878 503 939 556 Et
971 501 1098 569 quia
1127 500 1196 554 de
1228 499 1460 568 hospitio
1491 516 1590 557 suo
1622 503 1774 557 nobis
1803 503 2057 558 condolct
2092 520 2104 555 :

506 596 631 649 ideo
653 595 758 648 sibi
781 593 973 647 dolens
1002 592 1171 647 tristis
1201 592 1466 647 abscedit.
1502 594 1771 649 Cancrum
1805 595 2024 650 tristitia
2054 602 2111 649 et

506 688 584 742 ira
605 698 655 740 et
683 695 877 741 cretera
904 685 1219 754 hnjusmodi
1246 686 1296 739 io
1324 687 1479 741 nobis
1504 692 1783 756 passiones
1810 698 1954 755 sunt,
1980 690 2106 759 quia

506 778 796 848 passibiles
826 793 1014 833 srrmus
1066 794 1078 831 :
1122 780 1174 833 in
1210 778 1320 833 Deo
1356 796 1484 835 vero
1511 782 1968 851 dispensationes.
2001 784 2109 837 Nos

508 870 599 925 illa
633 870 782 924 inviti
816 869 1071 937 patimur,
1115 870 1205 924 ille
1235 871 1525 926 voluntate
1542 872 1607 926 ad
1642 884 1884 927 nostram
1914 889 2105 928 emen-

505 961 779 1017 datiunem
813 964 1065 1017 assumit.
1096 963 1163 1017 Et
1214 964 1327 1019 htcc
1374 975 1477 1032 est,
1519 980 1638 1036 qua:
1666 967 1897 1021 assumit
1936 966 2105 1021 Deum

502 1063 554 1108 ct
588 1054 882 1118 hominem,
911 1053 1099 1108 harum
1120 1055 1491 1111 conditionum
1511 1057 1797 1112 diversitas
1812 1069 1867 1113 et
1888 1067 2102 1115 natura.

574 1144 638 1199 1η
659 1163 761 1218 quo
784 1148 971 1217 signati
1001 1150 1121 1201 estis
1152 1150 1203 1202 in
1232 1151 1314 1203 die
1340 1150 1729 1221 redemptionis.
1757 1152 2103 1222 Signaculum

504 1240 675 1292 sancti
709 1240 946 1307 Spiritus
977 1238 1030 1293 in
1071 1239 1159 1295 die
1210 1240 1457 1310 baptismi
1503 1244 1791 1313 accepistis
1837 1262 1851 1299 :
1904 1260 2102 1300 novum

503 1332 842 1399 signaculum
868 1332 1067 1388 habere
1093 1333 1356 1403 coepistis.

582 1422 764 1476 Omnis
814 1425 1135 1480 amaritudo.
1195 1426 1247 1479 In
1289 1440 1393 1494 qua
1451 1427 1807 1483 contristatur
1867 1430 2103 1499 Spiritus

506 1524 751 1572 sanctus.
799 1515 967 1571 Recte
1007 1527 1187 1572 autem
1245 1519 1427 1587 posuit
1482 1520 1922 1589 amaritudinem,
1975 1524 2098 1593 quia

501 1609 615 1676 ipsa
646 1616 729 1663 est
758 1610 1089 1676 provocatio.

573 1702 635 1755 Et
669 1703 767 1755 ira.
799 1704 1027 1757 Omnem
1062 1704 1239 1759 aufert
1288 1706 1443 1761 iram.

1536 290 1592 343 S.
1639 288 2011 347 lllERONYtll
2053 286 2339 345 OPEBUM
2382 289 2745 351 blANTlSS.\.

3704 290 3800 350 836

2281 407 2387 461 Sed
2409 411 2572 481 magis
2594 412 2883 482 gratiarum
2906 412 3060 466 actio.
3092 409 3211 468 Hoc
3246 412 3416 484 magis
3454 426 3673 484 semper
3702 425 3805 469 tra-

2209 510 2357 558 ctare
2383 504 2627 571 debetis,
2657 506 2929 577 quomudo
2960 506 3073 562 Deo
3118 515 3176 564 et
3218 515 3340 562 actu
3389 516 3444 562 et
3482 507 3803 579 cogitatione

2210 593 2493 663 placeatis.

2281 686 2399 740 Hoc
2426 690 2559 743 enim
2603 691 2813 753 scitote,
2858 689 3223 763 intelligentes,
3254 694 3396 762 quod
3432 693 3599 747 omnis
3646 695 3805 763 {orni-

2208 789 2368 846 cator,
2403 791 2491 834 ant
2517 799 2725 843 avarus.
2749 783 2889 854 quod
2920 793 2992 837 est
3032 783 3293 837 idolorum
3324 785 3558 853 scrritus,
3584 802 3686 839 non
3714 787 3804 840 Ira-

2208 871 2288 925 bet
2314 871 2670 927 Itwreditatem
2696 874 2750 928 in
2791 890 2950 946 regno
2975 873 3168 929 Christi
3200 884 3248 927 rt
3296 873 3411 929 Dei.
3452 874 3651 930 Contra
3689 877 3806 931 illos

2207 962 2337 1031 agit,
2368 964 2457 1031 qui
2488 964 2663 1020 solam
2697 964 2857 1019 fidem
2889 964 3080 1019 dicunt
3121 964 3378 1020 sufﬁcere
3413 984 3426 1022 :
3459 968 3581 1036 quia
3613 966 3806 1035 hujus-

2209 1053 2352 1106 nrodi
2384 1066 2541 1109 actus
2573 1071 2679 1109 non
2715 1055 2849 1125 Deo,
2903 1056 3000 1111 sed
3042 1057 3276 1112 ἀρηιοηὶ
3309 1057 3656 1113 exhibentur.
3690 1059 3809 1114 H2-

2206 1146 2411 1201 reditas
2442 1156 2624 1203 autem
2656 1150 2807 1219 regni
2852 1149 3118 1205 ctelorum
3158 1148 3255 1204 Dei
3284 1150 3427 1215 liliis,
3463 1166 3568 1204 non
3611 1150 3805 1205 diaboli

2208 1249 2567 1309 prirparatur.

2281 1329 2450 1384 Nemo
2475 1346 2559 1384 vos
2582 1332 2793 1386 seducat
2819 1349 2836 1386 :
2876 1333 3121 1389 Dicendo
3151 1334 3259 1390 hoc
3304 1334 3646 1389 solummodo
3674 1349 3806 1403 opus

2205 1435 2313 1491 esr,
2362 1435 2419 1478 ut
2471 1424 2605 1479 lirles
2654 1427 2745 1491 sit,
2776 1436 2830 1481 et
2870 1426 3033 1483 homo
3056 1426 3263 1483 Christi
3303 1428 3565 1497 baptisma
3605 1442 3803 1482 conse-

2205 1528 2402 1586 quatur
2435 1532 2450 1570 :
2476 1518 2729 1586 quamvis
2753 1530 2963 1590 peccet,
2996 1521 3177 1589 perire
3200 1534 3305 1575 non
3334 1530 3533 1591 porest.

2280 1607 2542 1663 Inanibus
2565 1610 2750 1664 verbis.
2778 1611 2909 1679 Quae
2959 1612 3233 1669 hominem
3273 1614 3506 1669 liberare
3533 1627 3641 1669 non
3673 1620 3807 1685 pos.

2204 1713 2351 1757 Bllnl.

580 1793 639 1846 Et
664 1795 972 1864 indignatio.
998 1795 1307 1866 Indignatio
1338 1813 1403 1853 ex
1437 1798 1687 1867 superbia
1720 1808 1823 1864 est,
1857 1815 1977 1855 cum
2006 1801 2105 1855 ali-
2136 1787 2185 1848 Β
2286 1794 2509 1865 Propter
2538 1797 2648 1851 haec
2676 1796 2811 1850 enim
2842 1796 2974 1851 venit
3001 1796 3081 1850 ira
3118 1795 3235 1851 Dei.
3287 1797 3365 1851 Es
3409 1800 3699 1867 praeteritis
3732 1800 3805 1854 lu-

501 1902 661 1957 qucrn
686 1887 994 1956 judicamus
1020 1890 1297 1959 indignum
1333 1909 1344 1943 :
1381 1893 1505 1945 ideo
1535 1907 1659 1946 eum
1695 1892 1950 1947 nolumus
1977 1908 2098 1947 sus-

506 1979 701 2034 linere.

572 2070 639 2124 Et
679 2072 897 2125 clamor.
934 2072 1035 2139 Qui
1080 2088 1146 2128 ex
1188 2074 1370 2129 lurore
1416 2074 1727 2143 descendit,
1782 2092 1939 2147 quem
1994 2093 2100 2133 non

501 2165 740 2221 habeant
784 2165 1107 2222 Christiani.
1157 2166 1428 2224 Caeterum
1479 2169 1647 2225 Isaias
1685 2171 1823 2227 bene
1864 2174 2101 2228 clamare

491 2261 739 2331 jubctur.
769 2260 875 2316 Sed
907 2272 961 2316 et
983 2262 1099 2332 ipse
1133 2262 1291 2317 Jesus
1322 2264 1595 2320 clamabat
1625 2265 1677 2319 in
1712 2265 1914 2334 templo
1946 2284 1957 2318 :
1995 2264 2099 2333 Qui

497 2354 632 2418 sitit,
668 2355 871 2423 veniat,
899 2363 953 2408 et
988 2355 1157 2408 bibat.

572 2445 635 2498 Et
679 2446 992 2517 blasphemia
1024 2445 1237 2500 tollatur
1272 2464 1305 2499 a
1341 2446 1479 2501 vobis
1524 2463 1640 2501 cum
1686 2450 1826 2503 omni
1874 2451 2094 2505 malitia.

496 2538 627 2606 ch
652 2540 734 2593 vel
770 2540 990 2594 inimico
1024 2549 1208 2609 potest
1235 2540 1408 2594 vicem
1438 2541 1687 2595 reddere.

569 2627 746 2683 Estote
768 2639 936 2683 autem
967 2631 1186 2686 invicem
1208 2632 1436 2705 benigni.
1458 2632 1651 2689 Servat
1673 2634 1922 2691 ordinem
1943 2636 2095 2708 legis,

496 2730 556 2777 ut
585 2736 693 2778 non
731 2726 908 2778 solum
939 2724 1144 2779 malitia
1176 2725 1425 2791 tollatur,
1456 2726 1551 2782 sed
1584 2728 1746 2783 etiam
1796 2730 2096 2801 benignitas

494 2812 788 2870 inseratur.

570 2908 959 2964 Misericordcs.
992 2908 1046 2964 Id
1071 2919 1176 2976 est,
1205 2911 1583 2968 condolentes.

564 2999 831 3055 Donantes
859 3003 1094 3065 inuicem,
1128 3003 1260 3057 sicut
1286 3013 1334 3057 et
1371 3003 1515 3059 Deus
1556 3008 1608 3059 in
1632 3005 1840 3062 Christo
1880 3009 2094 3064 donarit

494 3093 655 3148 robis.
684 3093 1045 3148 Remittentes
1077 3104 1324 3164 peccata,
1357 3114 1425 3152 ne
1456 3099 1608 3153 vobis
1638 3100 1849 3155 dicatur
1882 3118 1895 3155 :
1922 3101 2091 3158 Serve

2196 1896 2325 1941 1am
2361 1889 2674 1958 cOgnoscite
2722 1906 2735 1945 :
2773 1891 2819 1943 si
2869 1889 3171 1944 Sodomitis
3214 1905 3319 1945 non
3353 1893 3611 1961 pepercit,
3636 1904 3689 1947 et
3721 1892 3805 1948 bis

2207 1981 2297 2049 qui
2330 1982 2381 2035 in
2412 1981 2618 2036 diluvio
2642 1982 2937 2052 perierunt,
2975 1994 3158 2051 parcet
3193 1984 3387 2037 vobis?

2278 2071 2342 2125 In
2385 2074 2522 2142 ﬁlios
2573 2074 2903 2143 difﬁdentiae.
2951 2073 3051 2141 Qui
3107 2090 3211 2129 non
3261 2075 3610 2131 crediderunt
3659 2076 3797 2131 iram

2205 2166 2587 2221 comminantis
2614 2180 2674 2221 se
2713 2176 3189 2237 superventuram.

2280 2256 2459 2311 Nolite
2488 2274 2606 2328 ergo
2632 2258 2769 2327 efﬁci
2800 2261 3080 2329 participes
3118 2274 3313 2313 eorum.
3346 2259 3404 2313 Si
3449 2258 3502 2312 in
3531 2262 3792 2329 peccatis,

2199 2347 2405 2417 judicio
2452 2349 2863 2417 desperantium
2913 2350 3214 2421 participes
3268 2352 3503 2419 fueritis,
3544 2354 3696 2408 eritis
3750 2355 3802 2409 in

2203 2458 2364 2514 paena
2393 2452 2697 2499 consortes.

2276 2536 2457 2591 Eratis
2484 2539 2620 2591 enim
2655 2536 2941 2607 aliquando
2971 2536 3218 2602 tenebrte,
3254 2554 3392 2592 nunc
3420 2547 3587 2592 autem
3623 2537 3720 2593 tu:
3746 2540 3800 2592 in

2202 2628 2455 2684 Domino.
2492 2628 2555 2684 Ut
2588 2629 2688 2697 [iiii
2730 2630 2859 2682 lucis
2897 2629 3182 2683 ambulate.
3217 2628 3449 2697 Quando
3476 2633 3801 2687 nesciebalis

2202 2722 2419 2777 Domini
2450 2724 2811 2779 Voluntatem.
2855 2722 3009 2778 Nunc
3047 2740 3179 2779 vero
3216 2725 3399 2780 omnia
3447 2727 3796 2796 cognovistis.

2200 2817 2474 2885 Quantum
2507 2833 2606 2887 ego
2631 2818 2775 2874 inter
2806 2818 2982 2874 lucem
3012 2818 3176 2873 distat
3197 2829 3250 2874 et
3286 2820 3559 2885 tenebras,
3588 2831 3795 2876 tantum

2199 2924 2228 2962 a
2264 2909 2485 2977 pristina
2517 2909 2930 2966 conversatione
2958 2910 3273 2981 discrepare
3308 2911 3533 2967 debetis.

2272 3000 2497 3055 Fructus
2525 3003 2656 3056 enim
2688 3002 2816 3055 lucis
2845 3012 2915 3055 est
2947 3002 3000 3056 in
3030 3004 3168 3056 omni
3213 3002 3461 3071 bonitate,
3502 3012 3549 3059 et
3564 3006 3793 3076 justitia,

2198 3101 2244 3146 et
2276 3095 2507 3148 reritate.
2540 3093 2727 3147 Talem
2763 3094 2925 3149 habet
2949 3096 3172 3149 scientia
3202 3094 3458 3151 fructum.

494 3200 749 3255 nequam,
793 3201 953 3240 omne
994 3186 1236 3242 debitum
1280 3190 1460 3247 dimisi
1506 3192 1598 3247 tibi
1636 3209 1647 3246 :
1680 3194 1921 3264 oportuit
1954 3203 2010 3251 et
2039 3202 2091 3251 te

2270 3184 2557 3239 Probantes
2570 3185 2694 3254 quid
2712 3187 2779 3240 sit
2794 3185 3166 3258 beneplacitum
3182 3184 3311 3242 Deo.
3335 3189 3412 3243 Ex
3435 3188 3553 3259 lege
3566 3188 3791 3259 probate

497 3278 777 3335 dimittere
806 3294 1074 3335 conservo
1108 3290 1218 3335 tuo.

1127 3416 1357 3475 CAPUT
1388 3417 1451 3475 V.

565 3557 743 3613 Estote
789 3574 910 3629 ergo
958 3560 1242 3613 imitatores
1293 3558 1409 3625 Dei,
1450 3558 1584 3613 sicut
1627 3559 1725 3628 filii
1765 3558 2085 3615 charissimi.

488 3650 800 3705 Imitationc
832 3652 996 3718 enim,
1033 3665 1140 3704 non
1184 3659 1373 3705 natura
1410 3651 1507 3705 lilii
1562 3652 1654 3706 Dei
1687 3668 1895 3722 sumus,
1945 3656 2087 3709 sicut

488 3742 567 3797 ait
607 3742 855 3797 Salvator
898 3758 910 3795 :
947 3741 1015 3798 Ut
1062 3742 1182 3797 sitis
1227 3741 1319 3797 lilii
1354 3742 1533 3797 Patris
1582 3743 1689 3799 mei
1718 3744 1808 3814 qui
1842 3745 1895 3799 in
1932 3746 2087 3801 cmlis

488 3843 591 3899 est,
622 3844 727 3891 etc.

563 3928 625 3982 Et
655 3928 908 3983 ambulate
934 3929 989 3981 in
1031 3928 1331 3995 dilectione,
1374 3930 1508 3984 sicut
1545 3938 1591 3985 et
1637 3928 1874 3986 Christus
1903 3931 2087 3986 dilexit

489 4038 601 4075 nos.
640 4020 794 4076 Unde
823 4032 878 4075 et
909 4020 1149 4077 Joannes
1178 4023 1464 4091 apostolus
1502 4022 1575 4077 ait
1610 4042 1621 4075 :
1658 4024 1712 4079 In
1752 4024 1855 4079 hoc
1882 4040 2086 4095 cogno-

491 4114 668 4168 vimus
690 4112 1012 4168 charitatcm
1048 4132 1060 4169 :
1095 4116 1221 4182 quia
1259 4115 1353 4168 ille
1395 4116 1634 4171 animam
1675 4132 1827 4172 suam
1860 4134 1957 4189 pro
1990 4136 2085 4173 uo-

486 4203 571 4259 bis
602 4207 800 4274 posuit.
818 4203 1089 4261 Debemus
1112 4219 1240 4275 ergo
1262 4214 1313 4261 et
1334 4219 1435 4261 nos
1459 4221 1558 4275 pro
1586 4207 1845 4263 fratribus
1875 4210 2083 4265 animas

486 4313 707 4368 ponere.

555 4389 624 4443 Et
651 4391 865 4447 tradidit
891 4392 1575 4462 serrretipsum.Voluutarie
1606 4398 1722 4465 ipse
1751 4411 1810 4452 se
1837 4397 2079 4468 tradidit,

485 4496 593 4538 non
627 4485 693 4538 ab
713 4485 821 4539 alio
850 4486 1049 4541 invitus
1087 4486 1321 4542 traditus
1346 4497 1449 4543 cst.

554 4573 663 4629 Pro
695 4576 861 4632 nobis.
897 4579 1003 4634 Pro
1034 4581 1435 4649 peccatoribus,
1472 4592 1524 4636 ut
1561 4582 1752 4638 fierent
1774 4584 1929 4655 justi.

557 4666 883 4723 Oblationem
929 4680 977 4725 et
1021 4673 1244 4727 hostium
1286 4675 1392 4729 Deo
1432 4676 1487 4730 in
1530 4676 1740 4732 odorem
1782 4679 2073 4733 suavitatis.

482 4762 852 4819 Suavissinrus
876 4763 987 4818 Deo
1017 4766 1151 4821 odor
1174 4776 1256 4822 est
1279 4770 1536 4824 charitas.

556 4855 861 4912 Fornicatio
892 4868 1086 4925 autem,
1141 4870 1188 4915 et
1230 4864 1395 4917 omnis
1435 4865 1786 4932 immunditia,
1821 4877 1909 4920 aut
1954 4883 2078 4920 ara-

479 4952 621 5007 ritia.
654 4946 847 5006 Omnia
873 4951 1095 5006 crimina
1122 4952 1359 5009 breviter
1383 4957 1818 5027 comprehendit,
1844 4959 2074 5015 duorum

478 5045 768 5099 criminum
798 5044 1136 5114 designando
1171 5046 1405 5102 radices.

553 5135 666 5189 Nec
698 5139 987 5191 nominetur
1021 5139 1073 5191 in
1101 5137 1262 5203 vobis,
1290 5139 1422 5193 sicut
1461 5142 1601 5195 decet
1626 5152 1855 5198 sanctos.
1883 5142 2072 5198 Consi-

482 5226 781 5283 derandum
826 5231 1035 5287 scilicet
1084 5247 1193 5287 non
1245 5230 1413 5289 licere
1448 5234 1581 5301 lieri,
1615 5236 1758 5306 quod
1808 5252 1915 5291 non
1949 5237 2076 5293 licet

481 5332 783 5374 nomtuare.

552 5414 657 5466 Aut
702 5416 987 5482 turpitudo,
1045 5428 1137 5473 aut
1184 5418 1586 5489 stultiloquium.
1638 5422 1751 5478 lloc
1801 5424 1963 5480 etiam
2016 5423 2072 5480 in

478 5505 604 5561 filiis
633 5504 912 5560 hominum
945 5512 1364 5577 reprehenditur
1394 5514 1770 5568 honestorum.

556 5597 659 5651 Aut
704 5600 1019 5665 scurrilitas,
1076 5618 1191 5669 quae
1240 5606 1307 5658 ad
1347 5621 1452 5659 rem
1482 5621 1584 5658 non
1613 5608 1850 5673 pertinet.
1885 5608 2071 5663 Risum

482 5703 748 5758 movens,
800 5691 891 5760 qui
934 5692 1183 5762 gravitati
1236 5712 1341 5751 non
1401 5698 1655 5751 convenit
1702 5696 2070 5757 Christianae:

483 5782 607 5853 quia
627 5785 694 5841 ad
724 5800 839 5843 rem
860 5799 967 5841 non
998 5786 1234 5857 pertinet
1254 5790 1537 5847 ctelestcm
1563 5798 1617 5847 et
1637 5788 1902 5846 divinam.

2200 3277 2333 3348 qttid
2367 3278 2726 3347 berreplaceat
2754 3277 2887 3343 Deo,
2921 3295 3029 3332 non
3068 3280 3211 3349 quod
3244 3281 3495 3335 homines
3523 3290 3788 3336 asserunt.

2266 3370 2337 3425 Et
2380 3374 2539 3427 nolite
2577 3375 2962 3427 communicare
3006 3373 3242 3444 operibus
3280 3376 3618 3445 infructuosis
3654 3382 3794 3428 tene-

2195 3463 2427 3517 brarum.
2454 3462 2575 3517 Non
2604 3463 2829 3533 prodest
2858 3464 3118 3533 quidquid
3154 3464 3213 3517 lit
3242 3465 3363 3519 sine
3390 3466 3615 3520 scientia
3645 3466 3789 3521 veri-

2193 3556 2319 3612 tatis
2342 3576 2353 3609 :
2375 3559 2498 3626 quia
2515 3572 2618 3613 nec
2640 3558 2731 3612 lux
2756 3566 2934 3627 potest
2959 3560 3374 3615 communicare
3393 3575 3512 3615 cum
3531 3560 3787 3616 tenebris.

2268 3646 2443 3721 Magis
2464 3658 2634 3703 autem
2664 3650 2979 3721 redarguite.
3012 3649 3130 3706 Non
3173 3652 3351 3706 solum
3389 3653 3787 3710 communicare

2195 3739 2386 3803 nolite,
2412 3740 2507 3793 sed
2538 3740 2702 3796 etiam
2734 3740 3070 3810 redarguite.

2264 3832 2395 3899 Qua?
2424 3834 2559 3886 enim
2590 3834 2642 3887 in
2672 3832 2869 3887 occulto
2892 3834 3025 3903 ﬁunt
3047 3835 3112 3888 ab
3148 3834 3294 3906 ipsis.
3326 3834 3390 3890 ln
3409 3836 3631 3892 secretis
3650 3836 3784 3891 locis

2186 3925 2496 3992 domorum,
2529 3927 2614 3981 vel
2649 3927 2857 3997 templi.

2261 4017 2432 4088 Turpe
2456 4027 2532 4073 est
2583 4030 2629 4072 et
2676 4020 2868 4073 dicere.
2908 4018 3077 4074 Nobis
3107 4020 3288 4077 dicere
3331 4029 3485 4091 turpe
3516 4030 3621 4090 est,
3663 4035 3783 4092 qua

2186 4112 2286 4180 illi,
2321 4112 2401 4167 vel
2429 4113 2479 4165 in
2508 4112 2749 4168 tenebris
2778 4113 2963 4168 facere
2986 4129 3091 4169 nou
3113 4115 3464 4170 erubescunt.

2258 4204 2449 4258 Omnia
2468 4214 2661 4268 autem,
2690 4221 2807 4275 qua:
2832 4217 3147 4277 arguuntur,
3178 4224 3210 4260 a
3234 4207 3426 4262 lumine
3454 4207 3785 4278 manifestari-

2186 4304 2287 4351 tur.
2341 4296 2494 4352 Sicut
2538 4297 2608 4351 ad
2640 4297 2954 4353 Corinthios
2986 4300 3060 4354 ait
3100 4316 3113 4353 :
3146 4300 3367 4355 Occulta
3417 4302 3572 4356 etiam
3600 4300 3781 4354 cordis

2184 4389 2302 4459 ejus
2332 4388 2621 4445 manifesta
2664 4391 2816 4445 liunt.
2852 4393 2917 4445 Et
2957 4401 3083 4447 tunc
3111 4393 3314 4448 cadens
3342 4394 3395 4448 in
3439 4393 3619 4449 faciem
3646 4392 3783 4446 edo.

2184 4480 2329 4536 rabis
2352 4482 2553 4549 Deum,
2576 4483 2929 4551 pronuntians
2950 4484 3094 4554 quod
3116 4486 3254 4539 Deus
3279 4501 3408 4541 vere
3425 4495 3508 4541 est
3529 4487 3577 4540 in
3600 4485 3775 4539 nobis.

2107 4561 2159 4622 Ῐ)
2258 4574 2426 4630 Omne
2450 4577 2587 4630 enim
2612 4577 2750 4645 quod
2795 4579 3181 4649 manifestatur,
3220 4578 3397 4633 tamen
3447 4589 3538 4634 est.
3585 4577 3779 4647 Incipit

2183 4669 2366 4727 lumen
2397 4685 2517 4727 esse
2543 4686 2663 4727 cum
2702 4672 3017 4740 crediderit,
3052 4683 3108 4729 et
3133 4673 3287 4727 vobis
3316 4674 3632 4743 adiungitur.

2254 4765 2481 4835 Propter
2502 4767 2638 4834 quod
2669 4765 2791 4820 dicit
2823 4781 2842 4821 :
2878 4767 3044 4837 Surge
3074 4767 3162 4835 qui
3188 4767 3406 4821 dormis.
3442 4765 3579 4821 Voce
3597 4764 3779 4818 alicu-

2176 4860 2266 4931 jus
2314 4861 2593 4929 sapientis,
2652 4861 3035 4915 conscientiam
3100 4861 3362 4915 increduli
3419 4860 3620 4930 pulsare
3671 4871 3785 4911 cu-

2185 4956 2401 5025 pientis,
2426 4955 2493 5010 de
2524 4970 2717 5009 somno
2743 4956 3060 5025 ignorantiae
3089 4955 3310 5009 excitat.

2253 5047 2321 5102 Et
2353 5064 2567 5117 exsurge
2586 5064 2619 5101 a
2643 5048 2881 5102 mortuis.
2911 5050 2955 5101 A
2987 5048 3243 5117 peccatis,
3273 5048 3361 5103 vel
3390 5047 3560 5102 idolis.

2255 5142 2323 5196 Et
2351 5141 2669 5195 illuminabit
2698 5150 2745 5196 te
2782 5140 3039 5197 Christus.
3065 5141 3198 5196 Cum
3231 5142 3279 5196 ei
3312 5139 3612 5202 credideris.
3640 5136 3775 5192 efﬁ-

2178 5237 2337 5294 cieris
2369 5247 2421 5292 et
2450 5237 2563 5307 ipse
2595 5237 2707 5292 lux.

2258 5331 2443 5387 Videte
2471 5333 2665 5402 itaque,
2708 5331 2921 5400 fratres,
2968 5331 3228 5401 quomodo
3274 5336 3424 5385 caute
3449 5325 3717 5382 ambuletis
3755 5342 3775 5377 :

2185 5444 2285 5482 non
2312 5426 2465 5498 quasi
2503 5425 2827 5495 insipientes,
2856 5424 2944 5479 sed
2978 5433 3031 5478 ut
3057 5426 3336 5495 sapientes.
3370 5422 3527 5491 Quasi
3553 5419 3635 5475 ﬁlii
3674 5433 3781 5472 sa-

2184 5519 2398 5587 pientia:
2423 5528 2476 5572 et
2507 5518 2663 5583 lucis,
2689 5532 2756 5571 ne
2786 5516 2946 5571 alicui
2976 5514 3363 5572 odendiculum
3393 5515 3543 5581 detis,
3580 5518 3625 5565 et
3680 5510 3783 5566 in.

2184 5610 2397 5679 ('ipialis
2422 5610 2468 5663 ei
2502 5625 2659 5665 causa
2694 5608 3015 5679 perditionis
3037 5608 3291 5663 existere.

2254 5700 2579 5757 Rcdimentes
2609 5713 2827 5771 tempus.
2872 5700 3069 5756 Vestra
3106 5699 3399 5769 sapientia,
3427 5697 3503 5751 vel
3531 5693 3781 5750 cautela.

2255 5792 2513 5857 Quoniam
2539 5795 2651 5850 dies
2673 5793 2799 5848 mali
2819 5800 2961 5850 sunt.
2992 5791 3109 5848 Non
3133 5789 3252 5848 dies
3271 5790 3394 5847 mali
3414 5796 3531 5846 sunt
3553 5797 3656 5855 per
3682 5798 3781 5856 se,
