3978 6286
175 297 276 354 8⁸57

175 411 265 465 sed
294 425 391 482 per
438 407 689 463 homines
719 425 731 461 :
773 408 913 462 sicut
954 410 1104 464 locus
1136 408 1310 463 malus
1333 409 1551 472 dicitur,
1585 409 1637 462 in
1669 423 1775 476 quo
1803 411 1853 468 Α

176 503 379 574 aliquid
407 503 770 558 committitur
802 503 950 556 mali.

240 596 531 665 PrOptert‘a
553 595 711 649 nolite
732 595 844 664 ﬁeri
872 595 1250 664 imprudentes,
1276 595 1368 649 sed
1416 593 1758 664 intelligentes

171 705 286 762 quia
322 689 388 743 sit
418 689 658 742 voluntas
690 686 804 742 Del.
835 687 1166 744 Scrutamini
1203 687 1398 757 legem,
1445 687 1501 742 in
1536 699 1641 758 qua
1681 700 1777 740 vo-

174 786 353 840 luntas
375 784 711 854 agnoscitur.

241 876 313 931 Et
347 877 505 930 nolite
528 874 774 929 inebriari
805 874 944 940 vino,
969 873 1022 926 in
1050 888 1151 942 quo
1182 881 1258 926 est
1281 871 1534 926 lttxuria:
1565 871 1654 925 sed
1674 872 1772 924 im-

175 969 422 1041 pleamiui
452 967 657 1039 Spiritu
708 975 904 1021 sancto.
956 964 1198 1034 Exponit
1241 963 1594 1019 continentiae
1630 961 1777 1017 utili-

172 1071 358 1116 tatem.
389 1060 522 1128 Quia
550 1059 779 1114 luxuria:
807 1057 1090 1114 materiam
1115 1069 1373 1126 expetere
1395 1071 1502 1114 non
1526 1056 1778 1113 convenit

171 1152 471 1217 cruciﬁxis,
504 1151 602 1206 sed
632 1150 840 1220 Spiritu
870 1157 1062 1204 sancto
1089 1149 1309 1220 repleri.

237 1245 531 1316 Loqueutes
569 1243 948 1310 vobismetipsis
977 1244 1028 1296 in’
1080 1241 1317 1312 psalmis,
1369 1249 1417 1296 et
1466 1241 1688 1312 ltytimis,
1727 1249 1778 1296 et

171 1338 385 1392 canticis
414 1334 804 1407 spiritualibus.
829 1334 944 1390 Non
971 1336 1022 1388 in
1056 1334 1271 1388 aclibus
1297 1334 1504 1402 szeculi,
1535 1333 1677 1387 sicut
1703 1334 1778 1387 ait

171 1429 446 1498 Propheta
483 1446 495 1480 :
519 1427 591 1483 Ut
613 1442 719 1482 non
745 1427 998 1496 liquatur
1016 1441 1074 1480 os
1093 1441 1275 1480 meum
1295 1440 1456 1495 opera
1475 1426 1773 1480 hominum.

241 1519 525 1574 Cantantes
568 1527 615 1571 et
661 1517 938 1589 psallentes
987 1517 1041 1570 in
1069 1516 1311 1571 cordibus
1338 1518 1540 1572 vestris.
1571 1515 1650 1572 Ne
1680 1531 1775 1572 ore

172 1621 378 1666 tantum
405 1609 570 1665 verba
605 1611 698 1664 Dei
729 1624 1070 1665 rcsonemus.

247 1703 471 1758 Domino
490 1705 690 1775 gratias
732 1711 938 1774 agentes
981 1719 1183 1772 semper
1212 1719 1305 1775 pro
1331 1704 1567 1758 omnibus
1599 1705 1651 1757 in
1682 1719 1776 1758 na-

843 290 1391 349 COMMENTARIUS
1429 290 1496 348 IN
1537 287 1919 347 EPISTULA}!
1961 287 2053 345 AD
2094 285 2446 345 EPllESIOS.
2490 285 2644 343 CAP.
2686 283 2777 343 Vl.

3362 284 3467 342 838

1951 405 2115 459 Nemo
2143 406 2276 460 enim
2319 422 2558 476 umquam
2585 419 2788 458 carnem
2813 419 2957 457 suam
3004 403 3120 458 odio
3151 401 3346 467 habuit,
3381 406 3468 458 sed

1878 501 2041 554 nutrit
2071 510 2118 554 et
2150 502 2283 570 fovet
2327 515 2458 554 cant.
2491 499 2607 554 Non
2640 507 2697 552 ut
2729 502 2776 552 ei
2812 497 3027 552 lalzores
3055 507 3111 552 ct
3134 497 3352 552 dolores
3383 498 3469 551 in-

1877 575 2046 664 lligat,
2077 593 2171 647 sed
2203 604 2261 647 ut
2308 607 2552 648 securam
2601 592 2761 646 iaciat
2806 599 2860 645 et
2887 591 3144 660 quit-tam.
3178 590 3291 646 Non
3329 606 3470 661 nup-

1878 690 1979 743 tias
2002 687 2243 754 damnat,
2275 687 2368 741 sed
2400 686 2463 740 ad
2493 685 2881 741 continentiam
2913 683 3247 740 cohortatur.

1951 781 2096 836 Sicut
2151 790 2199 834 et
2247 779 2479 835 Christus
2505 776 2790 833 Ecclesiam
2824 793 2843 831 :
2871 777 2990 847 quia
3019 776 3245 831 membra
3295 794 3473 834 sumus

1878 872 2111 938 corporis
2139 874 2271 944 ejus.
2303 869 2542 926 Membra
2592 870 2707 939 ejus
2753 885 2877 925 eum
2916 869 3114 926 debent
3142 871 3194 925 iu
3221 871 3470 927 omnibus

1877 964 2098 1019 imitari.

1955 1055 2028 1110 De
2054 1071 2208 1110 carne
2236 1057 2350 1126 ejus
2391 1063 2436 1110 et
2465 1054 2529 1110 de
2555 1054 2754 1110 ossibus
2781 1059 2911 1128 ejus.
2945 1055 3166 1128 Propter
3193 1055 3286 1110 hac
3312 1056 3475 1111 relin-

1877 1160 1994 1220 quet
2013 1148 2168 1203 homo
2183 1158 2381 1221 patrem
2400 1157 2447 1203 et
2460 1159 2675 1203 matrem
2697 1165 2860 1204 suam.
2883 1153 3099 1214 Amore,
3117 1149 3158 1204 si
3181 1163 3286 1203 non
3305 1149 3467 1205 bono.

1950 1241 2016 1295 Et
2045 1241 2325 1296 adhaerebit
2355 1243 2506 1295 uxori
2543 1257 2668 1305 sua},
2695 1252 2742 1295 et
2771 1252 2917 1295 erunt
2947 1242 3049 1295 duo
3073 1242 3124 1296 in
3163 1257 3316 1294 carne
3339 1257 3467 1296 una.

1878 1335 2122 1404 Objectio
2159 1349 2224 1390 ex
2258 1348 2487 1405 persona
2520 1335 2843 1401 carnalium,
2876 1334 3170 1390 volentium
3203 1349 3260 1389 se
3289 1337 3472 1388 amare

1877 1428 2190 1494 carnaliter,
2223 1437 2282 1481 ut
2312 1427 2640 1498 quibusdam
2661 1428 2894 1482 videtur.

1953 1522 2347 1577 Sacramentum
2379 1522 2474 1575 hoc
2510 1537 2758 1592 magnum
2802 1530 2898 1578 est.
2931 1519 3046 1592 Ego
3068 1529 3239 1574 autem
3270 1521 3382 1575 dico
3415 1521 3473 1575 in

1879 1617 2083 1671 Clu-isto
2105 1625 2152 1670 et
2182 1617 2235 1669 in
2258 1613 2514 1672 Ecclesia.
2546 1615 2658 1685 Ego
2690 1615 2813 1681 hoc,
2841 1615 3034 1686 inquit,
3061 1616 3111 1668 in
3143 1614 3362 1669 Christo
3389 1613 3474 1670 in-

1879 1707 2234 1776 telligendum
2267 1708 2412 1777 dico,
2457 1715 2511 1760 et
2561 1706 2613 1760 in
2664 1706 2902 1761 Ecclesia
2934 1722 2948 1759 :
2979 1705 3119 1760 unde
3146 1719 3239 1761 vos
3271 1705 3476 1776 majore

170 1797 306 1851 mine
337 1796 548 1850 Domini
595 1795 759 1850 nostri
806 1796 933 1850 Jesu
989 1793 1202 1850 Christi.
1261 1795 1386 1851 Sive
1441 1797 1619 1862 bonis,
1660 1797 1773 1852 sive
1804 1790 1853 1852 B
1881 1801 2073 1856 all‘ectu
2125 1800 2335 1856 debetis
2389 1815 2589 1854 uxores
2626 1809 2841 1855 vestras
2869 1810 3084 1854 sanctas
3106 1799 3332 1870 diligere
3362 1799 3476 1870 Spi-

171 1891 351 1960 tualis,
385 1889 620 1943 sicutait
651 1889 756 1944 Job
789 1908 802 1942 :
834 1889 916 1944 Sit
941 1903 1134 1943 nomen
1163 1890 1372 1944 Domini
1406 1891 1772 1946 benedictum.

245 1980 361 2035 Deo
389 1991 438 2034 et
479 1978 652 2035 Patri.
707 1980 943 2051 Subjecti
988 1981 1204 2035 invicem
1244 1983 1298 2036 in
1339 1984 1520 2037 timore
1560 1981 1773 2038 Christi.

178 2075 296 2130 Non
327 2075 569 2129 humano
602 2074 818 2140 timore,
849 2073 931 2129 vel
963 2075 1201 2128 avaritia:
1236 2075 1419 2131 studio
1453 2095 1465 2129 :
1500 2077 1639 2132 sicut
1661 2079 1777 2147 qui-

166 2167 290 2220 dam
321 2165 440 2221 suis
469 2167 710 2234 patronis
741 2166 951 2220 adulari
983 2177 1402 2223 consueverunt.

245 2260 496 2314 Mulieres
530 2260 790 2332 virissuis
818 2259 1039 2313 subditae
1077 2261 1198 2314 sint.
1233 2260 1347 2314 Non
1378 2276 1473 2316 eos
1502 2261 1643 2316 sicut
1668 2263 1775 2318 Co-

173 2351 409 2406 rinthios
453 2353 591 2406 lacte
634 2351 836 2417 alebat,
865 2351 959 2406 sed
991 2351 1231 2422 perfecto
1271 2353 1395 2408 cibo
1433 2354 1780 2408 continentia:

177 2442 478 2496 nutriebat.
512 2441 689 2496 Timet
716 2441 862 2496 enim
896 2457 963 2496 ue
985 2456 1237 2498 cessante
1274 2443 1326 2498 in
1354 2443 1630 2515 plerisque
1659 2460 1779 2498 car-

175 2536 256 2589 nis
285 2533 499 2599 ofﬁcio,
557 2543 652 2588 aut
705 2534 1023 2588 mulieribus
1069 2527 1360 2605 subjec’tio,
1403 2546 1495 2590 aut
1547 2536 1602 2590 in
1647 2537 1779 2590 viris

174 2639 422 2684 cessaret
453 2627 739 2682 charitatis
789 2626 1011 2683 affectus
1042 2646 1056 2684 :
1104 2640 1160 2684 et
1199 2645 1266 2685 ne
1302 2641 1570 2700 tamquam
1599 2629 1782 2684 divor-

176 2726 311 2776 tium
335 2720 589 2776 docuisse
617 2721 954 2776 crederetur.
983 2721 1254 2777 Caeterum
1285 2723 1388 2778 tale
1411 2733 1515 2787 est,
1549 2731 1607 2776 ut
1627 2737 1781 2778 nova:

175 2817 303 2871 vita:
344 2816 688 2885 praedicator,
716 2815 864 2871 nulla
893 2817 1161 2874 existente
1187 2832 1373 2886 causa,
1407 2818 1509 2874 hoc
1535 2817 1796 2885 doceret,

174 2908 325 2979 quod
359 2908 678 2962 naturaliter
705 2907 1074 2977 possidebant.

252 2997 409 3053 Sicut
438 2990 683 3052 Domino.
707 2998 992 3066 Quomodo
1020 2998 1153 3054 Sara
1205 2998 1417 3054 subdita
1451 3007 1568 3056 erat
1612 2999 1783 3055 Abra-
1844 3044 1846 3047 .

177 3089 287 3158 lite,
318 3089 603 3144 dominum
632 3104 754 3144 eum
792 3103 1015 3144 vocans.

1881 1895 2127 1959 rituales,
2158 1895 2247 1965 qui
2275 1903 2400 1950 ante
2432 1893 2703 1950 dilexistis
2734 1894 3086 1963 peccatrices,
3119 1903 3176 1948 et
3203 1894 3254 1948 in
3303 1893 3479 1965 genti-

1879 1987 2028 2042 litate
2057 1988 2324 2041 carnales.

1961 2078 2328 2133 Verumtamen
2378 2085 2427 2131 et
2474 2092 2562 2132 vos
2627 2077 2820 2149 singuli
2867 2076 3215 2147 unusquisque
3266 2091 3478 2129 uxorem

1880 2185 2026 2227 suam
2053 2172 2184 2225 sicut
2215 2172 2438 2242 seipsum
2462 2171 2648 2241 diligat
2678 2185 2698 2225 :
2729 2185 2860 2224 uxor
2888 2179 3057 2224 autem
3104 2169 3279 2222 timeat
3306 2169 3472 2222 virum

1882 2281 2057 2320 suum.
2098 2262 2351 2334 Sabjecta
2380 2265 2450 2318 sit
2474 2265 2521 2317 ei
2551 2271 2824 2333 tamquam
2854 2260 3140 2327 inﬁrmior,
3170 2270 3228 2314 ut
3275 2272 3471 2330 regne-

1883 2365 1987 2411 tur.

2517 2420 2744 2478 CAPUT
2787 2419 2880 2476 Vl:

1957 2539 2105 2610 Filii,
2132 2538 2326 2594 obedite
2350 2537 2650 2612 parentibus
2679 2535 2857 2591 vestris
2885 2535 2938 2589 in
2961 2534 3205 2588 Domino.
3231 2532 3388 2588 Parat
3414 2533 3476 2587 il-

1883 2629 1966 2687 los
2012 2631 2334 2700 disciplinae,
2395 2644 2499 2699 qua
2554 2629 2674 2682 illos
2725 2643 2752 2682 a
2814 2626 3126 2699 parcutibus
3180 2624 3476 2682 secundum

1886 2727 2054 2782 Deum
2089 2723 2354 2794 praecepit
2382 2721 2613 2778 erudiri.

1958 2818 2072 2872 Hoc
2096 2818 2233 2872 enim
2246 2821 2448 2890 justum
2477 2823 2570 2870 est.
2597 2813 2665 2871 Ut
2690 2824 2930 2870 mutuam
2959 2815 3190 2871 invicem
3219 2811 3469 2870 dilectio-

1885 2923 2008 2966 nem
2041 2909 2370 2966 exltiheatis.

1961 3001 2179 3057 Honora
2205 3010 2402 3074 patrem
2433 3011 2574 3055 tuum
2602 3009 2651 3056 et
2673 3009 2889 3055 matrem
2919 3008 3081 3055 tuam.
3107 2998 3268 3056 Jubet
3301 2997 3474 3055 Itono-

1887 3110 2010 3150 rare
2036 3102 2312 3165 parentes,
2349 3093 2444 3149 sed
2488 3093 2680 3149 bonos.
2732 3091 3000 3148 Caeterum
3057 3103 3248 3148 contra
3305 3093 3471 3146 Deum

255 3184 526 3251 Quoniam
573 3184 650 3236 rir
691 3194 845 3253 caput
871 3193 946 3238 est
988 3183 1242 3250 mulieris,
1275 3183 1409 3238 sicut
1435 3181 1669 3240 Christus
1699 3201 1786 3238 ca-
1815 3181 1860 3245 C
1896 3189 2146 3242 viventes
2179 3187 2296 3256 ipse
2325 3185 2490 3241 etiam
2523 3185 2734 3257 Moyses
2767 3184 3049 3254 prohibuit
3074 3183 3312 3254 agnosci.

174 3287 271 3346 put
301 3287 380 3332 est
414 3275 688 3343 Ecclesiae,
715 3278 825 3349 ipse
849 3276 1094 3332 Salvator
1118 3278 1354 3348 corporis
1378 3280 1510 3347 ejus.
1530 3278 1636 3332 Sed
1657 3278 1785 3332 sicut
1968 3277 2123 3346 Quod
2161 3286 2236 3332 est
2284 3279 2587 3332 mandatum
2635 3278 2878 3350 primunt.
2927 3275 2984 3330 In
3009 3275 3247 3332 secunda
3304 3276 3486 3332 tabula

170 3369 421 3426 Ecclesia
448 3370 679 3444 subjecta
727 3381 799 3424 est
827 3369 1074 3425 Christo:
1105 3373 1178 3424 ita
1199 3381 1244 3424 et
1274 3369 1519 3426 mulieres
1542 3372 1664 3426 viris
1683 3373 1788 3426 suis
1895 3375 2147 3444 primum,
2178 3388 2297 3443 qua:
2327 3373 2391 3426 ad
2431 3372 2820 3426 humanitatem
2855 3372 3180 3441 pertinentia
3214 3381 3482 3440 prarcepta

170 3467 230 3520 in
261 3465 528 3519 munibus.
563 3463 759 3519 lteddit
781 3464 980 3533 justam
1006 3479 1224 3520 causam
1249 3465 1636 3535 subjectionis:
1663 3468 1785 3535 qllla
1893 3477 2236 3535 sexgnumcro
2260 3466 2590 3520 continebat.
2634 3464 2813 3518 Prima
2863 3465 3008 3519 enim
3055 3461 3234 3518 tabula
3259 3461 3479 3534 proprie

170 3568 226 3612 et
254 3559 417 3626 prior
445 3566 528 3612 est
553 3557 654 3623 vir,
675 3566 728 3612 et
755 3556 1036 3627 utriusque
1065 3557 1310 3627 corporis
1340 3533 1500 3612 debet
1523 3569 1645 3613 esse
1673 3533 1788 3612 Sal-
1893 3533 2071 3614 cilicia
2105 3557 2376 3627 exigebat.

170 3657 367 3706 vator.
1967 3649 2035 3705 In
2064 3649 2426 3724 promissione,
2451 3658 2505 3702 ut
2532 3649 2656 3703 bene
2680 3647 2742 3702 sit
2767 3645 2877 3715 tibi,
2907 3657 2955 3702 et
2996 3647 3064 3702 sis
3093 3645 3356 3719 lonngus
3394 3663 3484 3701 suo

258 3742 404 3809 Viri,
435 3742 640 3815 diligite
689 3757 876 3799 uxores
907 3752 1119 3810 vestras,
1165 3743 1294 3797 sicut
1332 3751 1377 3797 et
1429 3740 1662 3798 Christus
1710 3743 1790 3797 di-
1893 3764 1985 3820 per
2010 3757 2220 3800 terram.
2245 3743 2362 3800 Non
2387 3745 2437 3798 in
2469 3744 2569 3799 hac
2601 3751 2766 3810 terra,
2792 3742 2843 3796 in
2876 3756 2978 3813 qua
3030 3741 3182 3810 impii
3211 3754 3486 3794 nonnum-

167 3836 311 3890 lexit
356 3832 667 3890 Ecclesiam.
697 3833 830 3890 Tam
875 3843 1060 3889 sancta
1091 3842 1147 3889 et
1176 3833 1476 3890 venerabili
1501 3833 1784 3888 charitate.
1892 3855 2076 3910 quam,
2111 3846 2164 3893 ct
2187 3838 2238 3891 in
2270 3845 2522 3907 parentes
2552 3835 2788 3901 scelesti,
2819 3841 3153 3890 senescunt:
3183 3832 3276 3886 sed
3310 3845 3476 3900 super

249 3927 328 3982 Et
359 3926 582 3998 seipsum
609 3925 830 3980 tradidit
861 3943 955 3998 pro
991 3941 1071 3982 ea.
1113 3924 1190 3981 ita
1237 3935 1294 3981 et
1338 3939 1434 3981 vos
1462 3939 1562 3997 pro
1588 3925 1790 3981 Sancli-
1903 3941 2102 3986 terram
2154 3929 2297 3984 illam
2333 3943 2490 3997 quam
2536 3926 2800 3981 Dominus
2841 3925 3063 3980 mitibus
3096 3923 3384 3994 promittit,
3431 3925 3484 3978 in

165 4030 295 4078 tate
329 4035 592 4086 uxorum,
627 4034 725 4075 nec
758 4020 898 4075 mori
926 4022 970 4075 si
1013 4035 1236 4076 necesse
1279 4019 1466 4085 fuerit,
1501 4021 1786 4076 recusetis.
1895 4037 1998 4095 qua
2045 4020 2179 4092 juin
2207 4019 2550 4084 babitabuot,
2582 4029 2636 4075 et
2666 4019 2824 4089 cujus
2854 4017 2996 4073 bona
3029 4017 3239 4072 visuros
3263 4031 3384 4072 esse
3424 4029 3487 4072 se

252 4113 332 4168 Ut
369 4113 518 4167 illam
559 4112 929 4182 sanctiﬁcaret,
963 4113 1220 4166 mandans
1249 4129 1364 4166 eam
1409 4114 1614 4167 lauacro
1643 4128 1792 4183 aqua:
1900 4114 2154 4171 credunt.

161 4205 228 4259 in
259 4203 428 4259 uerbo
464 4203 600 4257 vitae.
653 4202 806 4274 Aqua
849 4204 980 4258 lavit
1024 4217 1240 4272 corpus,
1273 4203 1508 4257 animam
1546 4204 1788 4259 doctrina
1974 4206 2036 4261 Et
2067 4223 2177 4271 vos,
2212 4215 2404 4275 patres,
2453 4203 2610 4257 nolite
2640 4201 2708 4254 ad
2753 4199 3077 4255 iracundiam
3112 4216 3392 4272 provocare
3423 4201 3491 4271 ﬁ-

163 4297 494 4362 mundavit,
533 4297 675 4351 sicut
714 4298 790 4351 ait
825 4297 891 4351 ad
933 4297 1188 4352 Hebraeos
1224 4315 1234 4349 :
1290 4295 1517 4366 ASpersi
1566 4296 1730 4351 corda
1760 4310 1790 4350 a
1899 4301 1996 4354 lios
2049 4308 2238 4353 vestros
2267 4339 2280 4361 ,
2323 4296 2414 4351 sed
2469 4295 2683 4349 educate
2711 4293 2828 4348 illos
2854 4295 2909 4347 in
2939 4289 3220 4360 disciplina
3245 4304 3293 4347 et
3320 4309 3493 4349 corre-

160 4389 528 4447 r-ouscientia
575 4389 737 4454 mala,
776 4399 831 4444 et
858 4389 1025 4443 abluti
1051 4403 1248 4459 corpus
1277 4403 1413 4457 aqua
1443 4389 1643 4444 munda
1675 4406 1688 4441 :
1719 4390 1788 4442 ita
1899 4394 2074 4464 ptione
2101 4389 2331 4446 Domini.
2366 4391 2493 4446 Sive
2526 4391 2577 4443 in
2608 4388 2999 4443 moderatione.
3033 4387 3094 4443 Et
3132 4405 3236 4442 non
3279 4387 3498 4446 irratio-

160 4495 224 4541 et
261 4497 375 4538 vos
403 4496 637 4552 corpora
664 4496 920 4548 uxorum,
962 4482 1308 4536 conscientiae
1353 4481 1584 4548 animas,
1635 4496 1792 4535 mun—
1901 4486 2157 4540 nabiliter
2209 4483 2543 4539 verberando
2593 4501 2605 4534 :
2659 4483 2773 4536 sive
2821 4495 2889 4536 ne
2939 4496 3034 4535 eos
3074 4479 3141 4536 ad
3201 4481 3487 4538 smcularia

159 4581 318 4634 date
344 4575 639 4632 doctrinis.
1820 4572 1872 4634 D
1898 4577 2073 4633 studia
2111 4585 2492 4646 provocantes,
2516 4573 2850 4629 iracundiam
2877 4573 3090 4629 discere
3113 4573 3359 4631 faciatis:
3395 4573 3492 4631 sed

245 4671 332 4728 Ut
361 4669 623 4725 exhiberet
651 4669 757 4740 ipse
783 4668 880 4724 sibi
908 4669 1188 4739 gloriosam
1229 4667 1542 4734 Ecclesium,
1571 4683 1672 4723 non
1699 4667 1796 4721 ha-
1899 4671 2098 4728 divinae
2152 4671 2289 4739 legis
2315 4684 2408 4723 eos
2442 4668 2706 4724 instituite
2737 4667 3059 4739 disciplinis.
3094 4668 3312 4724 Talibus
3361 4684 3492 4740 ergo

155 4770 395 4824 bentem
432 4765 693 4819 maculam
734 4772 824 4818 aut
872 4780 1079 4834 rugam,
1110 4773 1200 4816 aut
1241 4762 1443 4833 aliquid
1469 4761 1794 4834 ltujusmodi.
1901 4762 2220 4835 parentibus
2249 4762 2506 4833 prmcepit
2535 4759 2784 4816 obedire.

158 4862 251 4917 Ita
315 4857 427 4914 sibi
473 4855 722 4911 Christus
774 4855 1056 4910 mundavit
1103 4853 1427 4918 Ecclesium,
1477 4863 1533 4907 ut
1574 4854 1798 4923 antiqua
1975 4856 2145 4920 Servi,
2173 4855 2373 4909 obedite
2401 4853 2625 4908 dominis
2657 4851 2972 4907 carnalibus.
3017 4850 3132 4906 Non
3164 4852 3305 4906 enim
3347 4850 3497 4907 venit

153 4953 422 5010 crimina
457 4950 704 5005 ablueret
735 4967 749 5003 :
779 4958 835 5002 et
861 4963 1030 5003 novas
1059 4948 1300 5003 maculas
1321 4947 1591 5015 quomodo
1615 4947 1800 5002 incur-
1902 4952 2152 5007 Christus
2174 4948 2514 5003 conditiones
2541 4957 2770 5004 mutare.
2796 4945 2929 5000 Nam
2955 4945 3234 5000 servitium
3267 4957 3375 4996 non
3401 4960 3496 4998 na-

154 5050 392 5111 rimus,
423 5052 481 5099 et
504 5045 670 5100 verbo
699 5043 1014 5099 ostenderet
1042 5051 1097 5097 et
1130 5041 1407 5111 exemplo.
1905 5055 2022 5100 tura
2056 5043 2228 5112 dedit,
2263 5041 2356 5097 sed
2387 5041 2670 5110 captivitas
2697 5039 2824 5095 fecit
2850 5057 2861 5091 :
2893 5053 3070 5108 neque
3098 5053 3164 5090 ex
3204 5036 3496 5092 maledicto

238 5139 377 5196 Sed
404 5147 458 5191 ut
495 5138 562 5190 sit
591 5145 772 5190 sancta
814 5143 862 5188 et
906 5134 1260 5188 immaculata.
1296 5132 1352 5190 Si
1397 5132 1652 5189 omnibus
1695 5132 1798 5186 im-
1902 5137 2094 5204 Cham,
2125 5147 2184 5192 ut
2220 5137 2436 5208 quidam
2471 5144 2678 5204 putant,
2712 5150 2834 5189 cum
2868 5148 2933 5188 ex
2969 5149 3032 5186 eo
3062 5146 3218 5200 reges
3251 5130 3497 5201 legamus

150 5233 470 5290 maculata
499 5242 602 5296 εει,
636 5230 976 5284 maculatiab
1017 5245 1079 5285 ea
1125 5229 1288 5283 alieni
1316 5244 1438 5284 esse
1480 5237 1792 5296 censentur,
1903 5245 2024 5286 esse
2052 5240 2361 5299 generatos.
2413 5226 2754 5282 Maledictum
2782 5225 2911 5280 illud
2956 5225 3007 5277 in
3042 5222 3168 5276 liliis
3198 5221 3366 5277 Cham
3397 5222 3498 5277 im-

147 5329 289 5385 nisi
327 5337 552 5378 rursum
583 5338 680 5394 per
711 5324 1080 5392 paenitentiam
1109 5322 1316 5378 iuerint
1339 5322 1639 5393 expurgati.
1905 5324 2110 5396 pictum
2143 5329 2247 5385 est,
2291 5321 2380 5390 qui
2408 5317 2572 5374 lst‘ael
2603 5331 2722 5373 sunt
2759 5315 3046 5388 subjugati.
3082 5315 3335 5370 Providct
3364 5329 3495 5370 sane

235 5418 357 5474 Ita
386 5425 432 5469 et
477 5416 572 5469 riri
612 5415 790 5470 debent
836 5415 1051 5487 diligere
1083 5431 1266 5470 uxores
1309 5431 1428 5469 suas
1474 5425 1527 5468 ut
1577 5430 1794 5487 corpora
1906 5417 1989 5470 hic
2014 5414 2333 5486 Apostolus,
2369 5430 2434 5468 ne
2463 5414 2708 5467 doctrina
2737 5411 2826 5467 Dei
2863 5411 2912 5464 in
2945 5410 3126 5482 aliquo
3155 5409 3498 5481 blaspheme-

139 5527 302 5572 τρια.
362 5508 494 5564 Item
538 5510 728 5580 quales
769 5526 967 5566 uxores
997 5510 1220 5581 cupiunt
1249 5511 1513 5576 invenire,
1541 5513 1675 5565 ta'es
1698 5525 1792 5564 ex-
1907 5519 2012 5574 tur,
2048 5508 2093 5562 si
2124 5506 2411 5562 credentes
2442 5506 2585 5562 servi
2633 5522 2744 5560 suzs
2775 5505 3011 5559 dominis
3066 5503 3286 5561 inutiles
3341 5505 3496 5559 ﬁant.

147 5609 431 5667 hibcaut
463 5620 521 5658 se
552 5604 831 5660 uxoribus.
1907 5602 1976 5656 Et
2019 5600 2111 5670 qui
2172 5598 2310 5654 forte
2369 5599 2731 5668 permissurus
2781 5609 2920 5660 erat.
2953 5598 3091 5652 alios
3138 5611 3328 5652 servos
3381 5596 3496 5651 ﬁeri

249 5699 390 5769 Qui
413 5714 558 5754 suam
589 5715 804 5753 uxorem
835 5697 1025 5773 diligit,
1055 5693 1280 5774 seipsum
1314 5697 1501 5773 diligit.
1533 5698 1667 5770 Quia
1696 5697 1804 5755 duo
1907 5694 2273 5758 Christianos,
2298 5691 2364 5748 de
2396 5693 2526 5764 ipsis
2550 5691 2660 5761 jam
2685 5689 2838 5747 laetis
2872 5691 3093 5762 incipiat
3125 5690 3409 5760 pmnitcre.
3441 5688 3502 5745 Si

142 5799 327 5858 sunt
358 5791 410 5845 in
437 5803 601 5848 carne
634 5806 758 5848 una.
1911 5803 2040 5848 vero
2075 5786 2270 5844 viderit
2294 5799 2391 5845 eos
2417 5785 2472 5842 in
2501 5783 2698 5843 melius
2728 5783 3020 5858 profecisse
3041 5826 3056 5854 ,
3085 5789 3138 5839 et
3165 5796 3232 5840 ex
3266 5779 3503 5841 inlideli~
