3978 6286
525 252 630 312 839

1534 260 1624 333 ξεί
1667 259 2051 323 lllERONYMl
2087 264 2373 329 OPERUM
2412 270 2793 331 MSNTISSA.‘

3732 286 3835 344 840

523 370 625 425 bus
654 369 847 427 ﬁdeles
875 373 1122 444 effectos,
1152 389 1261 432 non
1290 377 1469 432 solum
1502 379 1640 435 alios
1661 382 1874 451 optabit
1895 383 2121 441 crcd:re
2154 388 2204 447 Α
2305 388 2369 442 Et
2399 392 2449 443 in
2474 392 2709 446 omnibus
2737 391 2951 463 perfecti
2973 400 3131 449 stare.
3157 392 3278 452 Non
3306 396 3360 452 in
3385 397 3683 471 aliquantis
3708 414 3837 471 per-

525 462 759 520 famulos
789 481 941 533 suos,
965 468 1060 521 sed
1089 468 1251 524 etiam
1286 470 1400 539 ipse
1423 471 1654 527 fortasse
1698 474 2013 531 salvebitur.

595 560 721 613 Cum
745 564 927 614 timore
954 572 1002 615 et
1028 571 1274 630 tremore,
1312 565 1366 618 in
1391 566 1724 637 simplicitate
1750 570 1925 623 cordis
1948 571 2119 624 restri.

519 647 655 705 Cum
713 654 863 706 omni
915 653 1229 710 obedientia
1286 668 1340 711 et
1379 656 1726 714 festinatione
1776 660 2121 729 humilitatis,

522 746 693 816 priori
724 747 979 818 superbia
1012 760 1068 805 et
1106 750 1458 809 simulatione
1487 754 1761 825 deposita.

595 841 742 895 Sicut
776 842 1004 900 Christo.
1036 845 1149 902 lloc
1196 849 1247 903 in
1302 848 1518 905 Christo
1565 851 1658 919 ﬁt,
1695 853 1952 925 quidquid
2007 855 2125 925 ejus

516 937 981 1006 contemplatione
1016 939 1331 997 hominibus
1352 945 1668 1001 exhibetur.

592 1029 716 1084 Non
747 1033 817 1084 ad
842 1034 1051 1087 oculum
1081 1037 1380 1100 servientes,
1410 1039 1563 1109 quasi
1593 1038 1892 1096 hominibus
1916 1042 2126 1111 placen—

516 1133 611 1178 tes.
644 1123 762 1178 Non
796 1126 1050 1183 timentes
1081 1129 1331 1187 dominos
1360 1142 1593 1203 tantum,
1646 1135 1800 1204 quasi
1856 1136 1960 1207 ipsi
2013 1150 2122 1191 non

516 1216 630 1273 Deo
653 1218 871 1288 placere
894 1223 1166 1278 volentes.

586 1310 697 1366 Sed
757 1321 811 1365 ut
857 1314 991 1367 serti
1044 1314 1262 1385 Christi,
1313 1317 1564 1385 facientes
1593 1318 1910 1375 voluntatem
1939 1317 2128 1375 Deiea:

513 1407 712 1461 animo.
744 1403 804 1459 In
834 1406 919 1461 his
948 1424 1069 1479 qua:
1102 1410 1194 1464 Dei
1241 1426 1345 1465 non
1388 1422 1511 1468 sunt
1539 1414 1811 1469 contraria
1834 1413 2124 1470 voluntati.

516 1497 574 1553 ln
606 1499 791 1555 multis
814 1501 958 1556 enim
990 1503 1289 1557 concordat
1319 1519 1439 1559 cum
1476 1506 1594 1577 lege
1626 1507 1865 1562 naturali
1910 1508 2123 1564 animus

514 1590 883 1660 dominorum,
910 1595 1034 1664 quia
1064 1610 1251 1650 servos
1274 1605 1327 1650 et
1349 1597 1555 1664 ﬁdeles,
1580 1608 1634 1654 et
1659 1600 1892 1667 sobrios,
1936 1610 1990 1656 et
2033 1616 2124 1657 ca-

513 1691 656 1747 stos,
688 1694 741 1739 et
768 1683 1004 1740 humiles
1035 1686 1237 1741 habere
1266 1686 1604 1743 desiderant.

584 1772 713 1829 Cum
733 1776 865 1830 bona
891 1778 1152 1830 voluntate
1179 1781 1478 1846 servientes,
1506 1782 1639 1835 sicut
1664 1781 1913 1851 Domino,
1942 1793 1988 1839 et
2012 1801 2113 1838 non

517 1867 831 1920 hominibus.
864 1868 979 1922 Non
1028 1885 1151 1923 cum
1195 1873 1646 1941 murmuratione,
1676 1890 1743 1929 ne
1770 1875 1911 1945 apud
1942 1875 2120 1932 homi-

518 1973 615 2015 nes
635 1962 829 2029 gratia,
862 1960 1004 2031 apud
1036 1962 1207 2017 Deum
1240 1964 1491 2020 mercede
1520 1967 1827 2036 privemini.

588 2050 828 2105 Scientes
850 2055 1095 2123 quoniam
1141 2058 1494 2127 unusquisque
1544 2056 1903 2129 quodcumque
1943 2062 2121 2130 fecerit

516 2142 730 2211 bonum,
761 2146 859 2199 hoc
879 2146 1088 2213 recipiet
1125 2164 1156 2200 a
1196 2147 1446 2215 Domino,
1474 2153 1580 2205 sive
1604 2168 1803 2219 servus,
1834 2155 1939 2207 sire
1970 2155 2115 2209 liber.

514 2236 787 2307 Quidquid
819 2247 1044 2309 propter
1080 2238 1365 2296 Dominum
1397 2241 1617 2312 feceris,
1653 2245 1879 2302 habebis
1911 2247 1977 2302 ab
2002 2248 2119 2316 ipso

516 2330 859 2399 mercedem,
906 2346 1005 2387 nec
1056 2342 1108 2387 te
1149 2333 1445 2405 desperare
1488 2336 1649 2391 faciat
1703 2338 1943 2394 conditio
1994 2354 2115 2395 ser-

512 2434 767 2562 mimis,
791 2496 1020 2564 Domini,
1041 2497 1218 2551 eadem
1237 2500 1394 2569 facite
1413 2499 1541 2555 illis.
1567 2500 1643 2555 Ne
1664 2502 1709 2556 si
1726 2502 1980 2573 fugerint,
2005 2512 2116 2561 tua:

519 2587 742 2643 malitiae
776 2588 1010 2658 incipias
1036 2589 1325 2659 deputare,
1357 2606 1463 2645 non
1506 2592 1633 2663 legi.
1670 2594 1782 2650 lloc
1810 2596 1977 2651 etiam
2022 2613 2115 2667 pa-

511 2693 686 2751 ganus
710 2680 949 2749 fecisset,
982 2682 1025 2736 si
1078 2682 1236 2737 aliter
1276 2691 1604 2740 tractaretur
1648 2700 2024 2759 prmeeptum:
2058 2698 2113 2746 et

503 2781 560 2829 tu
585 2772 775 2829 audire
806 2773 871 2829 de
896 2774 991 2830 illo
1024 2791 1131 2829 non
1163 2777 1265 2843 vis,
1298 2779 1439 2848 quod
1463 2778 1669 2848 justum
1696 2782 1814 2835 est?

578 2865 918 2921 Remittentes
940 2870 1130 2932 minas,
1163 2870 1380 2924 scientes
1410 2874 1531 2941 quia
1568 2882 1615 2925 et
1645 2874 1855 2928 illorum
1878 2884 1924 2930 et
1950 2884 2109 2932 uester

503 2954 759 3011 Dominus
788 2966 862 3010 est
890 2958 943 3011 in
972 2960 1111 3012 caelis
1136 2975 1153 3010 :
1182 2969 1231 3014 et
1262 2976 1602 3031 personarum
1632 2966 1862 3035 acceptio
1909 2984 2012 3021 non
2032 2977 2107 3022 est

500 3050 644 3121 apud
675 3048 863 3104 Deum.
893 3052 1172 3106 Minamini
1204 3064 1430 3124 propter
1471 3056 1853 3126 disciplinam;
1883 3061 1978 3115 sed
2012 3076 2101 3116 re-

499 3142 699 3198 mittite
736 3151 959 3212 pr0pter
990 3144 1446 3213 misericordiam,
1498 3156 1551 3202 et
1590 3158 1649 3202 ut
1679 3150 1836 3204 vobis
1860 3166 1889 3205 a
1918 3160 2097 3208 vestro
2124 3134 2171 3197 ο

503 3231 733 3289 Domino
773 3232 1103 3302 remittatur,
1137 3235 1278 3305 apud
1320 3252 1482 3307 quem
1514 3239 1703 3311 utique
1750 3258 1914 3298 unum
1943 3247 2093 3316 estis,

502 3333 561 3381 ut
590 3325 884 3382 hrereditas
915 3345 1037 3398 qua:
1069 3330 1338 3399 promissa
1362 3343 1444 3387 est
1469 3349 1573 3388 una
1601 3336 1673 3389 sit
1699 3336 1751 3390 in
1784 3338 1958 3409 vobis.

570 3416 650 3474 De
668 3430 853 3475 cratera
900 3422 1111 3492 fratres.
1144 3424 1483 3483 Generaliter
1512 3428 1797 3499 epistolam
1844 3432 2096 3490 exhorta-

510 3509 660 3567 tione
684 3512 985 3569 concludit.

567 3603 949 3674 Confortamini
979 3607 1031 3660 in
1061 3606 1307 3677 Domino,
1341 3620 1388 3665 et
1411 3613 1464 3667 in
1495 3616 1721 3684 potentia
1743 3618 1937 3674 virtutis
1959 3621 2088 3691 ejus.

517 3694 788 3768 Exemplo
819 3699 1031 3754 Domini
1062 3711 1117 3756 et
1150 3704 1376 3760 virtute.

564 3787 778 3845 Induite
805 3808 891 3846 vos
918 3806 1241 3848 armaturam
1273 3794 1390 3860 Dei,
1415 3807 1469 3851 ut
1509 3800 1713 3866 possitis
1740 3810 1878 3855 stare
1903 3804 2087 3859 adver-

492 3898 580 3936 sus
620 3882 837 3938 insidias
875 3884 1087 3939 diaboli.
1118 3884 1321 3941 Contra
1354 3888 1667 3959 spirituales
1694 3890 1879 3949 hostes
1930 3896 2089 3965 spiri-

493 3974 653 4030 tualia
684 3990 833 4031 arma
867 3978 1127 4032 sumenda
1158 3989 1304 4046 sunt,
1331 3991 1439 4035 uta
1466 3981 1907 4042 dissimilitudine
1929 3998 2087 4043 natu-

488 4082 564 4123 ra;
593 4067 793 4123 diaboli
815 4083 1087 4124 armorum
1114 4069 1433 4126 fortitudine
1456 4084 1791 4144 protegatur.

561 4160 821 4226 Quoniam
851 4178 952 4215 non
976 4171 1049 4215 est
1070 4162 1214 4217 nobis
1250 4164 1543 4219 colluctatio
1585 4167 1833 4223 adversus
1877 4186 2082 4226 carnem

486 4264 534 4309 et
560 4256 883 4326 sanguinem.
916 4252 1057 4311 Caro
1084 4266 1137 4311 et
1166 4257 1384 4328 sanguis
1417 4260 1580 4315 homo
1620 4261 1834 4317 dicitur.

558 4347 663 4401 Sed
689 4348 934 4402 adversus
967 4349 1228 4420 principes
1249 4358 1294 4402 et
1323 4360 1615 4420 potestates.
1644 4352 1743 4419 Qui
1785 4354 1885 4409 sibi
1930 4356 2080 4426 prin-

484 4434 723 4503 cipatum
754 4440 807 4492 in
836 4438 1000 4509 hujus
1023 4441 1206 4495 mundi
1245 4439 1495 4497 homines
1526 4456 1873 4514 usurparunt,
1903 4458 1957 4503 et
1984 4450 2074 4519 qui

486 4526 801 4596 ignorantes
828 4532 1037 4586 animas
1067 4547 1163 4603 per
1185 4541 1400 4603 peccata
1427 4534 1714 4590 seducunt.
2106 4527 2157 4588 D

556 4616 810 4673 Adversus
830 4624 1010 4675 mundi
1040 4634 1261 4680 rectores
1294 4628 1624 4681 tenebrarum
1643 4628 1848 4684 Irarum.
1873 4629 2075 4687 Contra

483 4710 789 4767 dremonuin
824 4725 1169 4785 potestatem,
1212 4721 1302 4790 qui
1333 4720 1435 4776 sibi
1485 4722 1537 4778 in
1589 4722 1837 4779 homines
1887 4727 2075 4782 mundi

482 4804 643 4875 hujus
690 4814 1015 4875 potestatem
1082 4811 1383 4880 capientes,
1426 4813 1748 4884 ignorantia:
1796 4816 2074 4872 erroribus

480 4905 816 4967 pra‘snmuut
849 4916 861 4949 :
904 4897 993 4966 qui
1052 4900 1291 4954 tenebris
1338 4915 1743 4973 comparantur,
1778 4907 1919 4961 sicut
1955 4908 2071 4978 ipse

480 4990 596 5045 ait:
631 4988 833 5045 Fuistis
874 4990 1019 5045 enim
1051 4990 1342 5062 aliquando
1389 4997 1650 5065 tenebrzu,
1699 5013 1842 5055 nunc
1892 5008 2070 5055 autem

482 5080 572 5138 lux
602 5085 653 5139 in
690 5084 935 5140 Domino.

556 5174 745 5229 Contra
770 5177 1066 5248 spiritualia
1099 5177 1340 5248 nequitia:
1364 5179 1417 5232 in
1466 5181 1769 5239 cazlestibus.
1801 5184 1937 5241 Sunt
1980 5202 2073 5243 au-

478 5274 586 5322 tem
616 5267 922 5336 Spiritnales
944 5272 1216 5329 bonitates
1244 5272 1296 5328 in
1336 5274 1670 5347 coelestibus,
1711 5280 1766 5334 in
1798 5295 1948 5348 aere,
1983 5282 2073 5338 ubi

478 5357 729 5414 volucres
758 5362 878 5415 caeli
906 5365 1267 5436 appellantur.

549 5448 837 5522 Propterea
858 5458 1071 5526 accipite
1096 5464 1423 5513 armaturam
1455 5457 1572 5514 Dei.
1619 5460 1753 5528 Quia
1808 5465 1941 5521 tales
1972 5467 2068 5523 ha-

479 5542 621 5600 betis
642 5542 909 5598 inimicos.

551 5635 619 5693 Ut
648 5636 852 5711 possitis
874 5638 1105 5693 resistere
1132 5640 1187 5695 in
1214 5643 1297 5697 die
1318 5644 1479 5699 malo.
1506 5643 1621 5699 Non
1653 5642 1754 5700 sibi
1786 5648 1961 5708 malus
1985 5662 2067 5709 cst

473 5728 611 5800 dies,
641 5730 735 5787 sed
766 5729 940 5802 nobis,
971 5731 1189 5804 quando
1215 5736 1592 5810 impugnamur
1622 5752 1649 5794 a
1685 5740 1847 5796 malo.

2227 483 2424 540 fectum
2474 487 2588 540 vult
2642 487 2942 553 hominem;
2976 489 3070 544 sed
3104 498 3161 543 et
3187 491 3292 547 hoc
3324 494 3652 564 notandum,
3686 497 3837 565 quod

2228 593 2419 634 omnes
2444 580 2509 634 ad
2543 580 2935 650 perfectionem
2961 583 3231 639 hortatur.

2300 673 2447 728 State
2466 690 2587 745 ergo
2613 676 2857 728 succincti
2884 677 3083 730 lumbos
3110 688 3324 733 uestros.
3364 677 3622 736 Perfecte
3662 692 3836 747 state,

2226 766 2429 821 lumbis
2467 769 2664 821 mentis
2711 769 2994 833 succincti,
3043 769 3149 826 hoc
3194 782 3299 838 est,
3352 772 3404 826 in
3453 773 3607 827 omni
3639 774 3837 845 prznlio

2228 860 2537 930 prmparati,
2569 869 2624 914 et
2654 859 2723 913 ab
2746 862 3000 917 omnibus
3027 864 3177 919 curis
3203 864 3389 919 saeculi
3417 866 3700 935 expediti.

2308 950 2376 1003 In
2403 954 2635 1006 reritate.
2660 950 2775 1006 Non
2802 955 3075 1024 hypocrisi
3106 974 3119 1008 :
3150 971 3310 1012 nemo
3331 958 3478 1013 enim
3499 968 3830 1029 coronatur,

2227 1044 2332 1098 nisi
2350 1044 2440 1113 qui
2466 1044 2703 1114 legitime
2726 1050 3039 1101 certaverit.

2301 1135 2368 1189 Et
2391 1137 2562 1190 induti
2602 1136 2816 1192 loricam
2832 1140 3079 1209 justitice.
3110 1140 3259 1196 Sicut
3305 1141 3470 1198 lorica
3502 1144 3699 1200 multis
3724 1146 3833 1201 cir-

2225 1228 2369 1284 culis
2402 1228 2484 1284 vel
2512 1230 2741 1284 armillis
2764 1230 3042 1297 intexitur,
3066 1234 3137 1286 ita
3161 1242 3214 1287 et
3232 1233 3435 1303 justitia
3458 1235 3699 1292 diversis
3723 1239 3836 1293 vir-

2227 1330 2402 1377 tutum
2450 1323 2795 1379 connectitur
2839 1325 3148 1392 speciebus.
3174 1325 3356 1381 Monet
3381 1337 3564 1383 autem
3599 1346 3713 1384 non
3744 1346 3832 1386 so-

2229 1416 2345 1471 lum
2398 1417 2704 1486 peccatoris
2745 1418 3160 1485 conscientiam,
3191 1420 3286 1474 sed
3314 1430 3371 1476 et
3399 1423 3611 1478 ventris
3644 1429 3830 1480 conti-

2238 1509 2483 1563 nentiam
2514 1526 2530 1566 :
2563 1524 2771 1564 necnon
2804 1522 2858 1565 et
2881 1511 2947 1565 ad
2992 1510 3257 1567 femorum
3282 1528 3452 1586 usque
3478 1519 3741 1588 pertingit
3770 1518 3831 1573 li-

2226 1603 2464 1659 bidinem
2489 1604 2868 1660 coercendam.

2304 1697 2371 1751 Et
2402 1697 2611 1752 calciati
2641 1700 2795 1769 pedes
2824 1700 2879 1752 in
2919 1704 3302 1771 prtrparatione
3328 1700 3596 1775 Evangelii
3642 1706 3825 1776 pacis.

2222 1793 2358 1848 Cum
2402 1791 2593 1847 ﬁducia
2622 1792 2953 1859 incedentes,
2984 1792 3257 1864 intrepide
3279 1795 3588 1864 prmdicate.

2296 1884 2363 1940 In
2395 1885 2624 1940 omnibus
2651 1895 2908 1942 sumentes
2937 1897 3141 1942 scutum
3171 1888 3318 1957 fidei,
3367 1890 3421 1944 in
3463 1907 3566 1959 quo
3609 1893 3826 1963 possitis

2224 1984 2395 2037 omnia
2422 1982 2521 2037 tela
2549 1984 2841 2053 nequissimi
2887 1985 3037 2054 ignea
3082 1986 3428 2055 exstinguere.
3458 1985 3514 2041 In
3564 1988 3822 2042 omnibus

2222 2074 2616 2131 certaminibus
2646 2075 2751 2129 ﬁde
2777 2076 3107 2130 muniantur.
3142 2077 3278 2143 Quia
3306 2077 3448 2132 sicut
3476 2088 3692 2133 scutum
3747 2081 3820 2149 ip-

2220 2185 2401 2226 sorum
2433 2186 2649 2241 quoque
2701 2186 2976 2225 armorum
3012 2170 3258 2226 defensio
3283 2180 3389 2237 est,
3446 2182 3502 2228 et
3550 2174 3677 2228 sine
3722 2174 3819 2229 hoc

2219 2266 2395 2320 omnis
2434 2274 2675 2321 armatus
2716 2264 2945 2320 inermis
2986 2276 3089 2333 cst,
3126 2266 3199 2320 ita
3231 2276 3285 2321 et
3317 2266 3401 2321 ἣτε
3434 2269 3667 2323 virtutes
3701 2268 3815 2324 sine

2224 2355 2331 2411 ﬁde
2357 2356 2575 2412 salvare
2601 2371 2710 2411 non
2743 2365 2992 2427 possunt.
3026 2355 3161 2411 Nam
3192 2357 3333 2412 sicut
3382 2368 3600 2413 scutum
3631 2361 3814 2414 omnia

2219 2448 2416 2519 injecta
2450 2449 2662 2519 repellit
2692 2458 2747 2505 et
2771 2449 2986 2516 recntit,
3019 2450 3088 2504 ita
3132 2458 3188 2505 et
3220 2450 3353 2506 ﬁdes
3380 2466 3583 2508 omnes
3607 2454 3811 2510 diaboli

2216 2542 2598 2611 persuasiones
2624 2542 2949 2613 exstinguit,
2978 2543 3228 2614 quamvis
3251 2544 3404 2615 quasi
3437 2545 3623 2602 lumen
3650 2548 3812 2603 ratio-

2216 2634 2298 2690 nis
2323 2635 2524 2691 habere
2538 2636 2689 2691 videa
2702 2646 2845 2691 ntur.

2287 2726 2357 2780 Et
2403 2728 2603 2799 galeam
2629 2728 2815 2781 salutis
2854 2728 3119 2782 assumite.
3179 2728 3315 2797 Quae
3367 2744 3560 2785 omnes
3614 2731 3809 2802 capitis

2212 2833 2407 2876 sensus
2437 2836 2466 2874 a
2496 2821 2681 2891 pravis
2711 2821 2908 2876 olticiis
2938 2830 3187 2893 protegat
3210 2832 3267 2878 et
3291 2822 3621 2879 abscondat.

2288 2912 2355 2967 Et
2386 2913 2621 2987 gladium
2652 2916 2887 2985 spiritus,
2917 2918 3055 2984 quod
3094 2925 3169 2971 est
3213 2917 3421 2971 verbum
3468 2917 3585 2972 Dei.
3635 2919 3807 2975 Nemo

2212 3004 2444 3060 militum
2491 3006 2654 3059 audet
2702 3005 2767 3060 ad
2799 3006 3001 3061 bellum
3032 3008 3151 3062 sine
3178 3008 3361 3078 gladio
3393 3008 3666 3079 proﬁcisci
3704 3030 3716 3064 :
3750 3026 3805 3067 se

2210 3096 2357 3152 enim
2383 3106 2674 3168 utcumque
2703 3100 2842 3154 tueri
2882 3110 3080 3169 potest,
3132 3100 3230 3156 sed
3277 3101 3493 3157 hostem
3523 3120 3634 3159 non
3662 3107 3805 3161 valet

2208 3187 2476 3244 occidere.
2499 3188 2915 3261 Nonnumquam
2934 3192 3098 3246 etiam
3128 3194 3196 3246 ab
3219 3194 3413 3249 audaci
3434 3194 3660 3252 inimico
3680 3211 3804 3267 per-

2204 3280 2406 3347 imitur,
2453 3291 2509 3336 et
2536 3283 2701 3337 armis
2738 3284 2993 3338 omnibus
3041 3284 3416 3355 exspoliatur:
3452 3288 3521 3344 ita
3548 3289 3663 3345 sine
3706 3291 3799 3346 Dei

2204 3371 2395 3438 verbo,
2422 3373 2631 3443 justitia
2656 3375 2834 3429 omnis
2858 3376 3033 3430 intuta
3060 3384 3165 3431 est.

2270 3464 2373 3520 Per
2416 3483 2616 3527 onmem
2662 3469 2943 3523 orationem
2986 3478 3033 3524 et
3079 3470 3506 3530 obsecrationem.
3564 3473 3793 3546 Semper

2210 3558 2356 3617 hunc
2377 3561 2617 3631 gladium
2648 3564 2939 3632 posmlate.

2271 3651 2492 3707 Orantes
2541 3655 2680 3709 omni
2709 3665 2936 3726 tempore
2977 3657 3030 3710 in
3060 3658 3268 3729 spiritu.
3322 3659 3441 3716 Non
3492 3662 3795 3732 impediaris

2194 3760 2355 3802 orare
2385 3762 2623 3817 semper,
2654 3759 2707 3803 et
2731 3764 2827 3817 pro
2860 3748 3025 3805 rebus
3055 3750 3436 3820 Spiritnalihus
3485 3754 3790 3826 deprecari.

2265 3837 2331 3890 Et
2361 3839 2415 3891 in
2441 3839 2552 3905 ipso
2583 3839 2851 3910 vigilantes
2881 3842 2931 3895 in
2962 3842 3102 3895 omni
3128 3842 3380 3898 instantia
3400 3854 3451 3898 et
3480 3846 3792 3901 obsecratio-

2194 3946 2277 3986 ne.
2311 3930 2455 3985 Nihil
2485 3930 2629 3985 enim
2660 3932 2886 4001 prodest
2912 3932 3233 3992 dormientis
3263 3952 3419 3993 more
3456 3938 3619 3994 latere
3664 3955 3795 3994 cor-

2193 4036 2341 4089 pore,
2367 4029 2421 4075 et
2446 4020 2627 4075 animo
2650 4025 2980 4093 prmgravari
3012 4043 3023 4077 :
3051 4026 3177 4080 dum
3206 4027 3260 4082 in
3283 4027 3387 4084 hac
3414 4031 3648 4085 vanitate
3682 4045 3791 4087 nec

2188 4112 2255 4168 ab
2284 4112 2503 4167 homine
2528 4113 2699 4181 possit
2723 4114 2930 4185 aliquid
2963 4116 3277 4187 impetrari.

2270 4201 2379 4258 Pro
2432 4204 2669 4259 omnibus
2721 4208 2932 4263 sanctis.
2978 4208 3163 4265 Sancti
3206 4219 3403 4283 estote,
3459 4223 3527 4287 ut
3570 4216 3791 4285 possitis

2185 4307 2343 4348 orare
2390 4309 2488 4364 pro
2511 4296 2734 4351 sanctis.

2256 4384 2322 4438 Et
2351 4403 2444 4456 pro
2492 4404 2592 4453 me,
2620 4398 2675 4441 ut
2707 4389 2856 4443 detur
2886 4391 3014 4444 mihi
3064 4407 3233 4447 sermo
3278 4394 3333 4448 in
3364 4396 3626 4467 apertione
3678 4394 3788 4448 oris

2182 4478 2281 4531 mei
2326 4495 2440 4532 cum
2488 4479 2686 4549 fiducia
2717 4492 2895 4537 notum
2925 4487 3093 4556 facere
3134 4489 3437 4558 mysterium
3488 4487 3782 4560 Erangelii.

2186 4567 2248 4625 Ut
2278 4571 2622 4628 abundanter
2654 4584 2707 4630 et
2738 4576 2855 4632 sine
2886 4586 3031 4632 metu
3074 4593 3341 4646 exponam
3373 4582 3789 4649 persecutiones

2182 4662 2263 4716 vel
2287 4662 2409 4716 odia
2437 4664 2768 4732 Judieorum,
2796 4670 2985 4723 muniti
3011 4671 3062 4724 in
3089 4668 3291 4727 Christi
3327 4674 3514 4744 populi
3541 4672 3782 4728 ratione.

2252 4762 2361 4818 Pro
2390 4783 2489 4836 quo
2542 4767 2795 4840 legatione
2833 4773 3020 4843 fungor
3064 4772 3117 4826 in
3166 4784 3347 4828 catena
3375 4778 3492 4839 ista,
3526 4776 3594 4829 ita
3629 4787 3693 4829 ut
3730 4778 3787 4831 in

2177 4854 2517 4926 ipsoaudeam
2535 4870 2688 4930 prout
2717 4870 2912 4932 oportet
2936 4879 3016 4916 me
3046 4864 3205 4933 loqui.
3235 4865 3429 4923 Omnis
3454 4870 3592 4924 enim
3619 4870 3789 4924 verbi

2180 4946 2383 5017 legator
2430 4951 2550 5005 talia
2608 4967 2835 5008 necesse
2862 4963 3023 5010 estut
3075 4956 3377 5023 sustineat;
3425 4960 3519 5017 sed
3547 4959 3786 5015 verbum

2181 5037 2275 5095 Dei
2308 5054 2411 5095 non
2438 5052 2612 5111 potest
2638 5044 2844 5114 alligari
2878 5065 2889 5098 :
2922 5056 3046 5102 tunc
3068 5048 3210 5103 enim
3243 5050 3417 5120 major
3446 5051 3632 5107 ﬁducia
3671 5054 3789 5107 erit

2178 5139 2223 5193 si
2255 5140 2647 5201 rationabiliter
2678 5146 2911 5215 dicatur,
2931 5158 2983 5203 et
3010 5148 3055 5203 si
3076 5148 3416 5207 abundanter
3438 5152 3789 5223 exprimatur

2176 5242 2411 5298 ratione.

2253 5344 2321 5398 Ut
2366 5354 2535 5399 autem
2588 5355 2636 5400 et
2681 5363 2770 5401 vos
2816 5350 2993 5405 sciatis
3036 5367 3151 5420 qua:
3172 5353 3311 5408 circa
3365 5370 3445 5410 me
3470 5362 3598 5418 sunt,
3636 5355 3785 5425 quid

2173 5459 2345 5514 agam,
2391 5447 2563 5500 omnia
2608 5448 2747 5501 vobis
2778 5458 2901 5503 nota
2941 5451 3092 5520 faciet
3138 5451 3390 5523 Tyclticus
3432 5454 3785 5510 charissima

2163 5555 2292 5613 ater,
2320 5556 2365 5599 et
2394 5547 2565 5615 ﬁdelts
2649 5550 2883 5604 minister
2912 5552 2965 5604 in
2996 5551 3247 5619 Domino,
3277 5573 3425 5626 quem
3452 5556 3557 5609 misi
3574 5556 3658 5607 ad
3686 5574 3784 5612 tos

2170 5646 2222 5698 in
2248 5646 2343 5700 hoc
2368 5646 2538 5716 ipsum
2569 5655 2623 5701 ut
2646 5653 2967 5721 cognoscatis
2992 5668 3105 5722 qua:
3132 5654 3269 5709 circa
3290 5672 3381 5711 nos
3408 5665 3535 5722 sunt,
3556 5665 3607 5707 et
3636 5674 3787 5713 con-

2176 5744 2371 5801 soletur
2399 5748 2558 5803 corda
2586 5759 2774 5805 vestra.
2796 5750 3036 5808 Sollicito
3065 5754 3196 5828 agit,
3226 5772 3333 5814 non
3360 5759 3523 5816 solum
3544 5765 3605 5812 ut
3634 5774 3787 5831 prc-
