3986 6294
517 353 624 411 843

1524 341 1582 398 S.
1626 338 2014 397 HIEROXYMI
2051 330 2338 395 OI’ERUM
2378 328 2741 391 MANTISSA.

3702 320 3809 379 ειι

519 469 646 525 dum
666 512 679 535 ,
706 464 855 537 quasi
883 463 1066 534 plures
1095 457 1397 527 discipulos
1428 454 1740 521 facientem,
1773 462 1828 508 et
1859 452 2106 507 doctrina

2249 484 2410 529 actum
2443 472 2511 526 de
2537 470 2715 524 fructu
2750 465 2871 521 lldei
2900 469 3126 527 vestrm,
3155 470 3207 516 et
3237 457 3490 530 gaudium
3525 457 3773 513 habeatis
3794 502 3808 524 ,

522 578 642 618 mea
669 571 835 615 totum
864 559 1048 611 orbem
1075 554 1303 624 implere
1326 559 1610 605 conantem
1640 565 1653 600 :
1686 554 1747 602 ut
1775 562 1842 602 ex
1872 546 1975 601 hoc
2004 545 2111 599 sal-

524 670 631 712 tem
656 653 827 721 major
858 650 990 706 mihi
1017 648 1324 704 cutnule'tnr
1348 643 1549 713 injuria
1577 684 1591 708 ,
1624 641 1710 695 vel
1735 653 2009 710 pressura.

593 747 731 815 Quid
761 744 940 799 enim?
972 741 1107 796 Dum
1138 739 1277 795 omni
1305 738 1489 805 modo,-
1518 736 1621 791 sive
1641 750 1731 807 per
1771 732 2107 787 occasionem.

521 840 638 897 Odii
662 882 675 904 ,
708 839 793 893 vel
818 837 1054 892 invidiae.
1422 876 1425 877 ν

594 935 712 990 Sive
739 949 828 1005 per
856 931 1138 986 veritatem.
1170 924 1475 994 Simplicis,
1528 920 1614 976 vel
1662 933 1812 990 purae
1848 915 2114 987 praedica-

525 1033 711 1090 timtis.

592 1123 826 1180 Christus
851 1118 1188 1175 annuntietur
1210 1131 1229 1170 :
1260 1124 1305 1170 et
1332 1114 1387 1168 in
1420 1113 1516 1167 hoc
1546 1109 1745 1185 gaudeo
1771 1149 1784 1174 ,
1811 1106 1901 1162 sed
1926 1114 1970 1160 et
1993 1120 2116 1177 gau-

520 1217 672 1271 debo.
720 1213 835 1268 Non
884 1211 1015 1266 mihi
1044 1224 1191 1264 cura:
1238 1217 1360 1270 est,
1400 1221 1503 1275 qua
1544 1201 1842 1273 praedicent
1888 1209 2068 1252 mente
2094 1238 2109 1263 ,

521 1307 816 1366 dummodo
859 1303 1025 1377 (quod
1056 1300 1236 1372 cupio)
1274 1300 1475 1355 Christi
1506 1312 1703 1352 nomen
1751 1294 1998 1348 omnibus
2032 1293 2115 1346 in-

520 1412 769 1460 notescat
790 1442 803 1465 ,
835 1410 889 1454 et
919 1415 949 1452 a
979 1397 1162 1451 multis
1190 1394 1468 1449 credatur.
1499 1392 1846 1460 Quapmpter
1870 1397 1921 1441 et
1952 1383 2114 1440 modo

518 1496 749 1569 gaudeo,
782 1504 836 1548 et
861 1493 912 1545 in
941 1490 1124 1544 futuro
1147 1486 1416 1558 gaudebo.

592 1587 715 1641 Scio
744 1584 877 1637 enim
908 1582 1031 1651 quia
1060 1579 1157 1632 hoc
1195 1578 1321 1631 mihi
1348 1575 1609 1647 proveniet
1646 1572 1713 1626 ad
1743 1571 1994 1636 salutem,
2023 1584 2115 1638 per

516 1690 737 1736 vestram
758 1677 1063 1731 orationem.
1097 1671 1255 1739 Quod
1286 1671 1417 1724 mihi
1451 1683 1655 1723 nocere
1691 1672 1911 1735 putant,
1944 1661 1998 1715 in
2022 1675 2114 1715 sa-

2213 567 2328 621 sive
2377 577 2433 618 ut
2481 561 2758 632 gaudeatis
2793 576 2807 612 :
2855 557 2978 629 quia
3019 563 3199 610 vestra
3240 567 3327 608 me
3362 551 3498 607 ﬁdes
3541 559 3601 607 et
3638 552 3813 606 oratio

2213 657 2579 716 conservavit.

2290 751 2359 807 Ut
2387 747 2667 823 gratulatio
2699 754 2865 802 vestra
2884 743 3111 797 abundet
3139 743 3191 795 in
3225 737 3432 795 Christo
3460 736 3591 791 Jesu
3613 737 3667 790 in
3696 748 3775 790 nte
3794 782 3808 805 ,

2215 861 2308 915 per
2348 859 2514 897 meum
2540 839 2821 894 adventum
2857 837 3045 890 iterum
3074 833 3142 887 ad
3170 848 3276 885 vos.
3308 829 3375 886 Ut
3414 838 3702 900 postquam
3734 828 3812 881 vi-

2214 937 2378 992 serim
2409 949 2534 999 vos,
2573 934 2768 988 iterum
2792 926 3155 985 abundantius
3184 922 3561 995 gratulemini.

2287 1026 2512 1081 Tantum
2539 1025 2693 1097 digne
2720 1020 3009 1092 Evangelia
3041 1017 3233 1072 Christi
3262 1012 3661 1069 conversemini.
3686 1012 3813 1065 0m-

2215 1121 2301 1176 nia
2333 1121 2457 1188 ejus
2498 1129 2768 1188 pratcepta
2798 1121 3113 1176 servantes,
3158 1110 3277 1166 sive
3323 1110 3485 1178 digne
3533 1105 3812 1173 Evangelii

2221 1212 2675 1285 praedicatoribus
2707 1221 3038 1263 conservare
3065 1203 3299 1258 debetis.

2291 1305 2360 1362 Ut
2382 1308 2488 1360 sive
2519 1319 2637 1357 cum
2661 1315 2850 1355 venero
2877 1310 2923 1352 et
2947 1296 3123 1351 videro
3145 1310 3249 1360 vos,
3279 1293 3382 1345 sive
3404 1290 3587 1344 absens
3610 1287 3815 1340 audiam

2216 1401 2280 1453 de
2310 1399 2453 1453 vobis
2484 1412 2501 1451 :
2529 1397 2651 1464 quia
2688 1393 2844 1448 statis
2874 1393 2927 1444 in
2975 1398 3081 1443 uno
3112 1387 3325 1457 spiritu.
3357 1385 3510 1438 Sicut
3542 1381 3771 1451 legimus
3798 1397 3811 1431 :

2215 1492 2341 1563 quia
2370 1498 2487 1545 erat
2508 1494 2588 1543 eis
2612 1502 2704 1541 cor
2734 1496 2900 1538 unum
2924 1495 2979 1537 et
3007 1482 3183 1535 anima
3215 1493 3318 1532 una
3348 1493 3362 1529 :
3398 1489 3501 1530 nec
3530 1473 3812 1542 quisquam

2214 1600 2372 1640 suum
2397 1582 2650 1648 dicebat,
2680 1578 2773 1634 sed
2804 1584 2961 1633 erant
2987 1576 3093 1630 illis
3122 1571 3301 1626 omnia
3331 1568 3680 1625 communia.

2294 1676 2575 1731 Unanimes
2609 1714 2623 1738 ,
2675 1669 3054 1725 collaborantes
3107 1666 3230 1736 fidei
3286 1661 3575 1733 Evangelii.
3637 1657 3816 1713 Omnis

521 1777 689 1829 lntem
737 1770 1024 1841 proveniet
1066 1783 1081 1820 :
1129 1764 1252 1835 quia
1288 1778 1394 1818 non
1440 1763 1612 1817 solum
1661 1774 1754 1828 per
1800 1757 2025 1813 verbum
2056 1762 2111 1808 et
2150 1818 2191 1841 ﬁ
2220 1783 2397 1839 pugna
2423 1762 2752 1819 unanimiter
2780 1774 3031 1832 aggressa
3059 1756 3346 1813 νίοιοι-ῖιιηι
3376 1754 3541 1825 parin

740 1818 1022 1841 ,-_--___--
1069 1818 1079 1820 _
1136 1818 1213 1835 τη
1663 1818 1673 1828 _

522 1868 833 1937 passionem
865 1876 1040 1916 meam
1073 1878 1085 1915 :
1117 1858 1213 1913 scd
1246 1859 1406 1913 etiam
1446 1871 1543 1927 per
1570 1854 1751 1909 odium
1786 1849 1984 1907 Christi
2014 1847 2116 1904 Ec-

2292 1858 2359 1912 Et
2388 1862 2443 1913 in
2486 1855 2633 1912 nullo
2662 1853 2958 1910 terreamiui
2987 1851 3051 1905 ab
3082 1848 3401 1903 adversariis
3419 1887 3434 1912 ,
3476 1861 3595 1915 qui:
3622 1852 3695 1898 est
3722 1842 3819 1895 illis

522 1959 686 2015 clesia
718 1963 1120 2025 angmentatur.

597 2051 662 2105 Et
689 2046 1217 2102 subministrationem
1243 2041 1454 2114 spiritus
1483 2037 1518 2092 Ι
1524 2055 1613 2093 esu
1640 2036 1853 2092 Christi.
1882 2033 2018 2102 Quia
2048 2031 2117 2087 ad

526 2158 702 2200 meam
738 2157 835 2211 per
859 2139 1043 2192 omnia
1075 2136 1305 2191 salutem
1338 2130 1647 2203 gubernati.

596 2234 896 2294 Secundum
934 2229 1365 2299 exspectationem
1399 2236 1443 2280 et
1471 2239 1613 2291 spem
1659 2236 1846 2275 meam.
1890 2216 2023 2286 Quia
2051 2214 2120 2271 de

524 2329 776 2383 omnibus
808 2325 891 2377 his
923 2330 1183 2389 exspecto
1208 2330 1260 2373 et
1292 2332 1454 2386 spero
1481 2312 1811 2369 mercedem.

599 2420 733 2485 Quia
763 2418 814 2470 in
841 2413 987 2469 nullo
1010 2411 1326 2482 confundor.
1357 2408 1541 2478 Neque
1572 2408 1623 2460 in
1653 2407 1765 2461 vita
1790 2447 1804 2473 ,
1853 2418 2027 2473 neque
2067 2402 2118 2456 in

524 2525 741 2580 morte,-
784 2524 964 2579 neqne
996 2508 1048 2560 in
1071 2503 1453 2567 contumeliis,
1489 2514 1666 2569 neque
1692 2499 1746 2552 in
1777 2495 2116 2567 Opprohriis,

526 2606 759 2672 denique
789 2603 844 2655 in
893 2600 1040 2654 nullo
1088 2597 1381 2665 Apostolus
1426 2589 1881 2649 confundebantur.
1923 2586 2036 2642 Nos
2066 2586 2119 2640 in

525 2696 780 2753 omnibus
809 2688 1181 2748 erubescimus
1206 2703 1221 2740 :
1250 2699 1301 2742 et
1334 2686 1387 2740 in
1417 2697 1527 2755 quo
1554 2683 1949 2752 vituperemur,
1980 2679 2118 2733 ultra

527 2805 633 2845 non
656 2788 885 2842 facimus
908 2829 921 2853 ,
954 2780 1206 2853 quamvis
1230 2776 1527 2833 secundum
1552 2775 1720 2830 Deum
1751 2772 2079 2842 eruperimus
2104 2788 2117 2825 :

525 2881 672 2937 unde
697 2876 1070 2940 ostendimus,
1105 2887 1212 2926 non
1259 2869 1547 2935 laudibus,
1593 2882 1698 2921 non
1738 2863 1955 2920 Christo
2000 2877 2118 2918 ser-

526 2976 662 3029 vire.
691 2969 984 3041 Apostolus
1015 2980 1125 3019 non
1171 2960 1603 3017 confundebatur
1651 2958 1705 3012 in
1739 2956 1949 3012 catenis
1978 2997 1992 3020 ,
2024 2967 2121 3010 nos

526 3062 909 3123 confundimur
941 3060 992 3113 in
1027 3055 1358 3125 Opprohriis.

601 3155 709 3213 Sed
730 3155 783 3209 in
812 3150 951 3207 omni
982 3148 1194 3218 ﬁducia,
1218 3147 1352 3200 sicut
1379 3159 1597 3215 semper.
1625 3140 1776 3195 Nulla
1801 3154 1888 3195 res
1912 3155 1998 3196 me
2021 3154 2117 3211 po-

529 3251 657 3308 terit
680 3248 988 3303 deterrere.

602 3341 669 3397 Et
716 3354 852 3396 nunc
900 3332 1315 3407 magniﬁcabitur
1361 3329 1593 3385 Christus
1634 3330 1688 3381 iu
1732 3342 1946 3398 corpore
1985 3340 2117 3378 meo.

527 3433 767 3494 Inimicis
790 3430 904 3486 suis
934 3429 1188 3493 insultat,
1217 3423 1361 3494 quod
1401 3421 1454 3478 ei
1500 3435 1699 3477 nocere
1732 3435 1838 3474 non
1879 3417 2117 3473 valeant.

528 3512 585 3585 Si
614 3527 758 3582 enim
799 3538 920 3577 eum
960 3518 1298 3581 occiderint,
1353 3514 1615 3586 martyrio
1660 3511 2034 3567 coronabitur.
2063 3509 2120 3565 Si

529 3616 870 3674 servaverint
906 3612 973 3665 ad
1011 3610 1285 3665 Christum
1329 3602 1791 3670 annnntiandum,
1825 3602 2121 3673 plurimum

531 3709 735 3765 facient
761 3705 1018 3761 fructum.

600 3801 722 3858 Sive
746 3816 834 3872 per
863 3797 1050 3862 vitam,
1082 3792 1186 3847 sive
1211 3808 1301 3862 per
1339 3800 1575 3845 mortem.
1621 3788 1691 3843 Et
1718 3787 1826 3843 vita
1854 3796 2041 3843 nostra
2070 3793 2127 3841 et

532 3907 679 3952 mors
704 3891 771 3945 ad
801 3885 1256 3958 magnificentiam
1290 3882 1526 3952 pertinet
1548 3879 1773 3934 Christi.

606 3985 740 4042 Mihi
770 3984 907 4038 enim
934 3980 1099 4034 virere
1126 3976 1365 4051 Christus
1392 3983 1487 4029 est.
1518 3973 1634 4028 Non
1659 3973 1762 4028 alia
1790 3987 1950 4029 causa
1978 3971 2124 4029 volui

534 4080 719 4137 vivere
742 4078 842 4132 nisi
873 4073 1073 4129 Christi
1101 4113 1118 4139 ,
1151 4080 1209 4124 ut
1243 4069 1361 4139 eius
1389 4083 1586 4139 corpus
1615 4067 1903 4123 aulilicem.

606 4170 676 4226 Et
700 4169 835 4224 mori
869 4166 1091 4219 lucrum.
1125 4161 1360 4216 Corona.

610 4263 759 4332 Quod
788 4261 832 4313 si
862 4259 1025 4312 vivere
1056 4256 1108 4307 in
1132 4269 1305 4316 carne,
1340 4250 1426 4305 hic
1449 4252 1578 4305 ntihi
1608 4251 1810 4322 fructus
1833 4249 2003 4321 operis
2028 4258 2123 4303 est.

536 4359 592 4415 Si
619 4358 806 4411 vivere
832 4352 885 4406 in
908 4362 1073 4405 carne
1097 4360 1183 4400 me
1202 4343 1499 4407 voluerint,
1525 4340 1735 4398 habebo
1761 4350 1971 4408 tempus
1999 4354 2131 4411 ope-

537 4447 715 4505 randi.

614 4538 679 4591 Et
700 4536 821 4606 quid
852 4533 1034 4603 eligam
1059 4572 1074 4597 ,
1122 4529 1304 4601 ignoro
1334 4542 1351 4581 .'
1384 4536 1617 4579 coarctor
1645 4534 1819 4580 autem
1846 4541 1872 4578 ε
1902 4521 2127 4578 duobus.

2221 1969 2380 2007 causa
2409 1952 2723 2023 perditioms
2744 1992 2759 2016 ,
2790 1948 2933 2002 vobis
2961 1954 3136 1999 autent
3160 1943 3363 1998 salutis.
3386 1941 3572 2007 Neque
3596 1938 3821 1994 versutis

2222 2043 2705 2116 disputationibus,
2742 2057 2841 2097 nee
2872 2038 3239 2110 passionibus,
3272 2033 3697 2105 opprobriisque
3718 2038 3818 2084 tur-

2226 2138 2448 2194 bemini.
2473 2138 2608 2204 Quia
2636 2136 2788 2191 Vobis
2813 2134 2986 2203 magis
2999 2132 3067 2187 ad
3092 2128 3397 2186 mercedem
3415 2136 3650 2198 possunt
3669 2125 3820 2195 prod-

2223 2246 2365 2287 esse.
2398 2231 2551 2285 Sicut
2588 2227 2818 2297 apostoli
2862 2227 3009 2281 ibant
3054 2223 3392 2295 gaudentes,
3425 2220 3553 2290 quia
3589 2234 3694 2288 pro
3720 2233 3821 2271 no-

2224 2327 2369 2380 mine
2395 2322 2604 2378 Domini
2630 2321 2780 2391 digni
2809 2319 2977 2373 habiti
3008 2326 3135 2372 sunt
3162 2312 3552 2369 contumeliam
3585 2312 3724 2381 pati.

2299 2414 2362 2469 Et
2392 2416 2486 2468 hoc
2525 2431 2558 2468 a
2587 2412 2718 2477 Deo,
2756 2412 2877 2481 quia
2904 2410 3047 2464 vobis
3078 2409 3328 2462 donatum
3355 2417 3428 2459 est
3469 2420 3565 2477 pro
3594 2403 3818 2457 Christo.

2229 2508 2364 2574 Quia
2390 2508 2504 2562 vult
2526 2521 2625 2561 vos
2653 2505 2904 2561 coronari
2935 2502 3230 2573 probatos:
3273 2501 3413 2578 sicut
3453 2498 3558 2555 Job
3604 2497 3821 2566 permit-

2228 2602 2357 2655 titur
2387 2601 2607 2655 tentari.
2640 2598 2777 2666 Quia
2825 2611 2925 2653 nec
2957 2596 3099 2649 vinci
3138 2592 3409 2656 habebat,
3448 2600 3507 2646 et
3548 2589 3673 2658 eius
3718 2590 3824 2665 glo-

2223 2691 2303 2747 ria
2372 2688 2677 2760 amplianda
2735 2699 2908 2754 erat,
2970 2684 3289 2742 adversario
3343 2694 3607 2753 snperato
3671 2691 3823 2749 atque

2224 2783 2474 2839 confuso.

2298 2875 2420 2929 Non
2449 2876 2621 2930 solum
2649 2884 2704 2929 ut
2734 2875 2787 2929 in
2812 2890 2929 2928 eum
2955 2872 3198 2943 credatis,
3219 2870 3308 2925 sed
3336 2878 3390 2923 ut
3421 2869 3578 2924 etiam
3618 2884 3717 2939 pro
3741 2866 3825 2920 illo

2222 2969 2510 3041 patiamini.
2536 2967 2763 3023 Occasio
2786 2966 2906 3021 ﬁdei
2931 2982 2960 3019 a
2988 2964 3102 3021 Deo
3124 2964 3321 3020 donata
3352 2972 3438 3017 est
3468 2963 3630 3031 :quia
3652 2964 3697 3014 si
3725 2966 3822 3015 non

2225 3064 2465 3117 venisset
2492 3060 2745 3117 Christus
2773 3069 2827 3114 ct
2862 3059 3172 3124 docuisset,
3204 3071 3311 3112 non
3340 3055 3531 3125 utique
3571 3053 3824 3109 credere-

2226 3170 2344 3209 mus
2378 3172 2390 3206 :
2422 3162 2680 3208 cartorum
2711 3162 2765 3207 et
2798 3151 2955 3207 iidem
2990 3149 3351 3206 voluntariam
3382 3150 3436 3203 in
3463 3147 3681 3202 actibus
3703 3147 3825 3216 legis

2149 3218 2197 3283 C
2229 3250 2480 3319 legimus.
2509 3245 2631 3303 Non
2664 3246 2839 3302 solum
2862 3261 2993 3315 ergo
3025 3245 3143 3299 vult
3182 3252 3240 3297 ut
3271 3243 3396 3297 lidei
3425 3242 3710 3303 meritum.
3734 3238 3825 3295 sed

2224 3342 2385 3397 etiam
2414 3349 2471 3394 ut
2500 3338 2747 3409 martyrii
2790 3337 3071 3408 praemium
3104 3332 3371 3401 habeatis,
3414 3333 3544 3387 dum
3573 3346 3674 3386 vos
3720 3342 3825 3387 ten-

2226 3434 2325 3487 tari
2358 3432 2501 3486 Deus
2535 3432 2757 3499 patitur,
2790 3440 2846 3484 ut
2874 3428 3123 3484 vincatis.

2297 3523 2444 3578 Idem
2474 3532 2731 3577 certamen
2760 3522 3023 3587 habentes,
3080 3518 3234 3589 quale
3262 3526 3310 3572 et
3359 3518 3563 3573 vidistis
3601 3519 3657 3570 in
3688 3524 3826 3569 meet

2224 3632 2360 3670 nunc
2386 3614 2608 3668 audistis
2629 3612 2694 3667 de
2718 3628 2819 3667 me.
2850 3610 2989 3666 Nihil
3024 3625 3223 3665 novum
3258 3596 3501 3678 patimini
3530 3625 3546 3662 :
3576 3608 3677 3662 sed
3732 3606 3826 3661 hoc

2226 3708 2368 3777 quod
2400 3713 2697 3776 praesentes
2724 3702 2939 3758 vidistis
2966 3703 3018 3757 in
3051 3717 3160 3766 me,
3198 3710 3255 3756 et
3286 3712 3434 3756 nunc
3483 3701 3740 3755 absentes
3764 3698 3825 3753 de

2228 3814 2315 3854 me
2345 3796 2595 3853 audistis.
2622 3796 2738 3851 Non
2767 3796 2836 3849 sit
2863 3810 2994 3864 ergo
3045 3793 3180 3849 illud
3211 3793 3364 3849 vobis
3418 3792 3726 3865 indignum,
3776 3792 3824 3847 in

2228 3906 2337 3962 quo
2367 3903 2477 3946 nos
2497 3886 2870 3959 conspexistis
2899 3886 3149 3956 gloriari.

2848 4030 3078 4099 CAPUT
3133 4040 3197 4098 u.

2304 4160 2493 4231 Siqua
2523 4175 2645 4232 ergo
2686 4161 2968 4214 consolatio
3006 4161 3057 4213 in
3084 4157 3307 4215 Christo.
3344 4158 3401 4216 Si
3445 4160 3497 4215 in
3541 4162 3691 4217 omni
3734 4160 3823 4216 tri—

2230 4250 2507 4307 bulatione
2536 4251 2604 4305 ab
2633 4252 2752 4322 ipso
2773 4252 2891 4306 solo
2939 4251 3320 4315 consulamini,
3377 4267 3485 4307 non
3531 4252 3605 4309 sit
3658 4264 3822 4309 vestra

2230 4346 2553 4409 consolatio,
2590 4345 2974 4415 patrimonium
3009 4354 3306 4401 terrenum.
3470 4402 3471 4405 η

2304 4437 2365 4493 Si
2394 4438 2532 4507 quod
2561 4439 2800 4493 solatium
2823 4435 3112 4493 charitatis.
3143 4435 3395 4494 Charitas
3449 4436 3683 4510 Christi,
3723 4448 3824 4496 Ion

2233 4546 2553 4587 amicorum.

540 4601 809 4688 lntant-nm
854 4601 983 4680 mibi
1019 4632 1246 4693 utraque
1276 4618 1649 4684 Conveniunt,
1685 4627 1742 4673 ut
1770 4617 1899 4688 quid
1931 4616 2127 4687 eligam
2156 4601 2212 4663 Ῑ)
2310 4623 2372 4677 Si
2420 4639 2524 4694 qua
2567 4625 2786 4679 societas
2828 4624 3067 4693 spiritus.
3117 4623 3528 4695 Spiritualium,
3573 4643 3684 4683 non
3711 4643 3823 4684 ω-

539 4726 615 4782 sci
625 4738 682 4777 re
710 4736 815 4775 non
851 4716 1075 4788 pOSsitn.

615 4810 937 4871 Desiderium
986 4806 1173 4861 habens
1222 4803 1433 4859 dissolvi
1483 4814 1528 4858 et
1572 4819 1681 4857 esse
1734 4819 1850 4857 cum
1899 4802 2124 4871 Christo,

537 4907 700 4967 multo
728 4902 894 4975 magis
938 4898 1122 4952 melius
1153 4914 1169 4951 :
1201 4911 1499 4967 permanere
1527 4903 1695 4949 autem
1722 4894 1777 4948 in
1803 4911 1959 4948 came
1983 4937 1996 4959 ,
2042 4910 2129 4950 ne-

536 5000 811 5059 crssarium
842 5000 1048 5065 propter
1072 5006 1180 5044 vos.
1229 4988 1365 5043 Illud
1410 4991 1601 5043 melius
1632 4988 1803 5056 mihi,
1844 4988 1985 5045 istud
2029 5006 2123 5046 ne-

537 5091 840 5150 cessarium
871 5085 1043 5140 vobis.
1081 5084 1143 5138 Et
1188 5091 1420 5138 mortem
1466 5081 1588 5137 illos
1628 5098 1734 5138 non
1769 5083 1997 5149 timere,
2031 5083 2127 5138 sed

540 5188 765 5255 diligere
797 5180 996 5235 debere
1028 5192 1121 5233 eos
1148 5218 1162 5244 ,
1196 5190 1293 5229 suo
1319 5174 1657 5231 demonstrat
1680 5176 1928 5246 exemplo
1955 5191 1969 5240 ;
1997 5185 2133 5232 etut

538 5293 648 5333 non
695 5274 1106 5337 contristentur,
1162 5282 1473 5323 mansurum
1524 5283 1585 5323 se
1631 5267 1683 5321 in
1724 5281 1888 5322 carne
1932 5267 2127 5338 spiritu

540 5366 861 5443 prapbetico
885 5363 1171 5434 promittit.

609 5458 677 5514 Et
728 5460 823 5511 hoc
862 5455 1127 5522 conﬁdens
1173 5453 1302 5518 scio,
1345 5453 1470 5524 quia
1512 5446 1749 5509 manebo.
1793 5452 1911 5511 Non
1952 5455 2128 5512 solum

536 5552 723 5618 credo,
755 5548 851 5605 sed
883 5547 1044 5603 etiam
1073 5545 1377 5601 certissime
1406 5546 1555 5601 novi.

608 5646 679 5701 Et
703 5641 1013 5717 permanebo
1036 5640 1274 5695 omnibus
1299 5640 1459 5695 vobis.
1490 5639 1607 5696 Non
1637 5640 1790 5711 mihi,
1814 5641 1867 5699 id
1889 5652 1993 5712 est,
2023 5658 2130 5700 non

535 5756 645 5799 met
672 5753 857 5795 causa.

611 5830 691 5891 Ad
732 5832 1015 5905 profectum
1046 5836 1308 5895 vestrum,
1351 5837 1397 5882 et
1439 5829 1685 5901 gaudium
1725 5831 1863 5903 ﬁdei.
1901 5833 1968 5892 Ut
2002 5849 2129 5907 pro-

2238 4714 2464 4770 nolium.

2310 4806 2492 4873 Siqua
2519 4806 2711 4862 viscera
2740 4808 3103 4864 miserationis.
3135 4807 3317 4864 Vestri
3370 4809 3709 4867 miseremini
3739 4825 3827 4882 po-

2234 4899 2366 4967 tius,
2416 4913 2575 4967 quam
2631 4909 2934 4967 parentum.

2313 4988 2529 5060 Implete
2549 4989 2794 5060 gaudium
2816 5006 3003 5045 meum.
3033 4990 3189 5057 Quod
3208 4990 3318 5061 jam
3343 4990 3520 5048 habeo
3541 5009 3611 5051 ex
3640 5001 3787 5063 parte
3809 5012 3819 5043 :

2240 5084 2292 5139 in
2336 5084 2531 5138 talibus
2560 5082 2704 5137 enim
2734 5082 2926 5138 doctor
2958 5083 3214 5138 exsultat.
3245 5083 3420 5139 Aliter
3448 5100 3462 5138 :
3488 5084 3546 5141 Si
3573 5102 3674 5155 qua
3703 5083 3823 5139 mihi

2239 5191 2269 5231 a
2299 5175 2451 5232 vobis
2474 5175 2779 5231 consolatio
2813 5174 3107 5231 exhibetur
3138 5178 3190 5230 in
3238 5175 3474 5243 Christo,
3510 5188 3567 5235 et
3598 5178 3644 5234 si
3689 5178 3822 5248 quod

2242 5270 2496 5325 solatium
2555 5269 2836 5325 charitatis
2869 5286 2882 5321 :
2914 5270 2959 5325 si
3013 5286 3118 5341 qua
3168 5284 3265 5327 vos
3319 5272 3558 5328 societas
3614 5274 3824 5345 spiritus

2156 5418 2163 5423 .
2240 5365 2539 5430 connectit,
2594 5373 2648 5421 et
2685 5363 2729 5420 si
2761 5379 2863 5435 qua
2911 5364 3021 5419 sint
3049 5363 3189 5433 apud
3218 5378 3316 5421 vos
3341 5364 3547 5422 viscera
3579 5364 3822 5436 pietatis:

2241 5457 2348 5512 hoc
2369 5458 2496 5512 mihi
2527 5463 2802 5526 praestate,
2829 5455 2970 5522 quod
3002 5470 3157 5527 rogo,
3200 5465 3258 5510 ut
3297 5455 3552 5527 gaudium
3585 5466 3823 5514 nostra

2242 5553 2464 5608 unitatis
2493 5560 2546 5605 et
2565 5550 2848 5606 electionis
2896 5549 3187 5620 impleatis.

2313 5644 2378 5700 Ut
2403 5644 2536 5697 idem
2558 5644 2793 5715 sapiatis,
2817 5644 3050 5698 eamdem
3072 5642 3375 5700 charitatem
3401 5643 3665 5711 habentes,
3696 5662 3823 5700 stus-

2242 5739 2403 5794 nimes
2432 5737 2655 5809 idipsum
2684 5737 2979 5794 sentientes.
3010 5736 3187 5795 Nolite
3211 5736 3529 5795 charitatetn
3552 5738 3817 5800 scindere,

2236 5829 2521 5890 sentiendo
2550 5829 2785 5888 diversa.
