3978 6286
111 322 205 385 845

645 322 1195 384 COMMENTARIUS
1235 322 1306 381 IN
1350 318 1744 383 EPISTOLAM
1782 321 1875 380 AD
1912 318 2422 383 PHILIPPENSES.
2463 325 2619 383 CAP.
2658 325 2726 382 ll.

3288 320 3396 382 846

170 446 321 503 Nihil
342 460 435 519 per
458 449 860 512 contentionem,
899 463 1061 516 neque
1091 462 1180 518 per
1206 445 1411 501 inanem
1452 445 1692 519 gloriam.
1722 440 1773 502 Α
1802 455 2116 513 sequamur,
2149 453 2202 497 et
2253 443 2534 497 Dominum
2576 442 2762 497 mitem
2793 437 2942 496 servi
2986 444 3395 497 contemnamus

108 542 173 596 Ne
226 541 455 612 aliquid,
514 556 619 596 non
664 540 762 595 Dei
812 540 1157 595 mmulatione
1213 538 1444 604 faciatis,
1495 535 1592 593 sed
1640 542 1697 591 ut

107 635 326 704 quisque
356 632 493 687 alius
524 632 790 688 videatur.

169 726 272 781 Sed
304 726 356 779 in
381 726 520 779 omni
542 725 834 780 humilitate
856 726 1145 795 superiores
1192 724 1285 779 sibi
1314 724 1530 779 invicem
1559 720 1699 775 arbi-

105 824 306 873 trantes.
350 818 409 874 Si
433 832 644 885 omnes,
677 832 706 872 a
734 819 928 888 quibus
958 819 1209 887 injuriam
1248 818 1504 889 patimur,
1532 830 1694 886 supe-

107 916 267 968 l‘lul’L‘S
290 927 413 969 esse
443 912 856 980 arbitraremus,
914 913 1067 969 facile
1099 913 1412 983 patientiam
1447 925 1696 967 servare-

107 1022 238 1060 mus.
271 1004 445 1061 Nemo
470 1006 614 1061 enim
641 1019 670 1059 a
703 1014 881 1076 patre,
915 1006 1000 1062 vel
1025 1022 1054 1063 a
1087 1006 1319 1062 Domino
1348 1020 1488 1075 aegre
1508 1004 1614 1060 fert
1639 1021 1697 1059 se

107 1099 352 1169 injuriam
385 1107 763 1153 consecutum.

172 1193 293 1247 Non
323 1208 440 1263 qua:
469 1208 563 1245 sua
583 1201 699 1246 sunt
723 1191 916 1261 singuli
944 1191 1349 1252 considerantes,
1373 1188 1463 1242 sed
1508 1204 1566 1241 ea
1583 1202 1699 1258 qum

108 1287 344 1340 aliorunt.
388 1285 504 1339 Non
552 1300 671 1355 quas
721 1283 877 1339 nobis
926 1284 1057 1339 solis
1089 1282 1405 1353 expediunt,
1437 1280 1533 1335 sed
1579 1295 1697 1350 qua:

106 1382 223 1436 aliis
257 1386 505 1450 prnSunt.

173 1472 290 1527 Hoc
317 1474 452 1527 enim
477 1472 661 1526 sentite
684 1473 737 1525 in
794 1472 930 1525 vobis
957 1472 1097 1541 quod
1138 1477 1186 1524 et
1208 1471 1262 1523 in
1293 1467 1500 1523 Christo
1549 1465 1695 1521 Iesu.

109 1570 225 1625 Vult
254 1569 548 1625 ostendere
571 1568 870 1631 Christum,
916 1581 1021 1621 non
1055 1581 1154 1636 pro
1199 1579 1282 1629 se,
1326 1563 1419 1618 sed
1454 1577 1550 1633 pro
1573 1562 1699 1616 aliis

109 1675 320 1732 passum
349 1679 361 1714 :
387 1660 522 1723 sive,
554 1669 660 1714 tam
691 1657 910 1713 humilis
936 1672 1129 1712 sensus
1157 1655 1225 1711 sit
1250 1658 1305 1711 in
1328 1656 1499 1718 vobis,
1536 1669 1698 1725 quam

104 1758 197 1809 luit
240 1756 297 1809 in
331 1753 573 1809 Christo.
629 1751 781 1806 Multi
816 1761 1079 1822 prmterea
1112 1749 1256 1803 hunc
1285 1750 1461 1804 locum
1518 1748 1585 1800 ita
1620 1747 1699 1801 in-

1800 535 2015 606 ingrati.

1873 630 2025 696 Quod
2054 637 2131 685 est
2159 646 2313 702 super
2341 645 2487 683 omne
2517 642 2722 683 nomen.
2750 624 2849 685 Cui
2880 625 3022 682 enim
3077 626 3394 697 angelorum

1799 722 1953 787 dixit,
1988 720 2159 777 Filius
2189 735 2343 778 nteus
2369 736 2429 778 es
2464 730 2538 776 tu.

1876 813 1945 869 Ut
1987 816 2040 868 in
2092 816 2294 869 nomine
2313 814 2440 869 Jesu
2480 829 2629 869 omne
2656 830 2790 888 genu
2815 816 3056 886 ﬂectatur
3093 812 3395 884 ccelestium,

1801 908 2134 963 terrestrium.
2193 908 2261 964 Ut
2286 924 2474 965 omnes
2501 908 2659 965 simul
2690 908 2961 965 hominem
3004 908 3237 964 adorent
3275 923 3399 964 cum

1802 1002 1981 1059 Verbo
2011 1011 2370 1075 assumptum.

1874 1097 1941 1150 Et
1970 1100 2312 1168 infernarum.
2340 1097 2439 1154 ilic
2462 1096 2796 1154 infernarum
2820 1097 3071 1152 custodes
3097 1095 3322 1153 inducit.

1876 1190 1941 1246 Et
1973 1193 2135 1246 omnis
2170 1193 2351 1263 lingua
2374 1193 2698 1261 conﬁteatur.
2731 1190 2985 1248 Omnium
3016 1192 3253 1264 gentium
3293 1194 3401 1249 sci-

1801 1282 1950 1339 licet.
2880 1294 2887 1299 '

1879 1378 2013 1441 Quia
2031 1376 2284 1431 Dominus
2303 1375 2339 1431 J
2343 1395 2457 1433 esus
2474 1376 2709 1432 Christus
2730 1378 2780 1431 in
2804 1377 2973 1449 gloria
2994 1386 3068 1429 est
3087 1375 3180 1431 Dei
3198 1374 3398 1433 Patris.

1806 1471 1919 1526 Hoc
1945 1484 2049 1539 εει,
2079 1471 2133 1526 in
2167 1485 2354 1527 natura
2389 1485 2438 1527 et
2470 1474 2640 1543 gloria
2687 1471 2931 1537 deitatis,
2977 1470 3104 1526 dum
3158 1471 3401 1541 ejusdem

1803 1572 1888 1619 est
1944 1565 2131 1635 gloriae
2156 1566 2309 1636 cujus
2343 1567 2523 1620 Pater.

1876 1658 2079 1731 Itaque,
2102 1661 2395 1715 charissimi
2416 1663 2683 1731 mei,sicut
2705 1678 2901 1732 semper
2922 1660 3187 1715 obedistis.
3211 1657 3406 1714 Exem-

1805 1752 1894 1820 plo
1924 1752 2063 1821 ejus,
2089 1752 2180 1822 qui
2211 1768 2380 1823 usque
2410 1754 2473 1808 ad
2499 1765 2730 1808 mortem
2766 1753 3027 1809 obedivit.

105 1848 376 1918 telligunt,
409 1846 550 1916 quod
584 1844 884 1899 secundum
927 1844 1260 1899 divinitatem
1291 1859 1347 1897 sc
1385 1841 1703 1896 humillave—
1732 1826 1782 1891 Β
1886 1843 2006 1898 Non
2024 1845 2075 1897 in
2108 1845 2384 1915 praesentia
2414 1847 2512 1899 mei
2543 1854 2758 1900 tantum.
2794 1846 2956 1914 Quasi
2989 1845 3132 1901 servi
3165 1843 3233 1900 ad
3275 1858 3406 1899 ocu-

102 1942 459 2007 ritChristus,
494 1940 795 1993 secundum
826 1938 1052 1991 turmam
1088 1935 1362 1999 videlicet,
1397 1933 1702 1989 secundum

100 2049 253 2104 quam
281 2047 497 2103 mquam
531 2030 897 2099 aequalitatem
962 2028 1076 2092 Dei,
1115 2044 1220 2081 non
1255 2026 1496 2097 rapinam
1543 2039 1705 2079 usur-

100 2126 327 2194 paverit,
349 2138 504 2192 quam
521 2121 836 2175 naturaliter
860 2119 1185 2189 possidebat.
1207 2119 1268 2173 Et
1291 2117 1587 2173 exinauivit
1620 2131 1700 2180 se,

100 2233 200 2271 non
245 2214 605 2270 substantiam
634 2226 928 2278 evacuans,
960 2210 1052 2265 sed
1093 2212 1352 2265 honorem
1375 2206 1658 2264 declinans
1691 2225 1703 2261 :

99 2310 324 2364 formam
358 2307 522 2375 servi,
557 2307 657 2362 hoc
677 2318 781 2370 est,
816 2315 1065 2358 naturam
1092 2303 1328 2359 hominis
1359 2301 1704 2357 inducenda:

95 2416 142 2458 et
206 2418 305 2472 per
349 2402 527 2454 omnia
582 2400 745 2452 homo
800 2396 1173 2452 tantunnnodo
1227 2407 1387 2467 atque
1437 2394 1709 2448 humilita-

103 2498 170 2549 tis
200 2512 317 2550 sua:
350 2492 701 2556 obedientiae,
746 2506 846 2548 nec
874 2491 1054 2544 crucis
1098 2500 1327 2544 mortem
1381 2485 1706 2542 recusando.

94 2588 246 2657 Quod
282 2592 339 2643 in
374 2586 594 2642 Christo
620 2585 771 2649 Jesu,
815 2583 1115 2639 secundum
1159 2583 1308 2653 quod
1365 2592 1563 2635 unctus
1592 2589 1705 2643 est,

98 2684 349 2738 Christus
374 2690 457 2736 est
485 2698 498 2734 :
527 2680 685 2736 Jesus
710 2693 907 2734 nomen
939 2677 1152 2753 accepit
1182 2675 1323 2732 :hoc
1358 2682 1462 2742 est,
1511 2687 1707 2728 secun-

92 2778 217 2831 dum
259 2775 570 2829 hominem.

165 2872 275 2938 Qui
307 2887 426 2924 cum
460 2871 515 2922 in
541 2869 711 2938 {arma
739 2865 833 2919 Dei
854 2873 1003 2919 esset.
1038 2861 1095 2918 In
1124 2877 1228 2934 qua
1251 2870 1393 2925 erat,
1426 2858 1541 2914 sive
1582 2858 1706 2928 quia

88 2964 299 3033 absque
330 2970 558 3032 peccato
589 2967 709 3015 erat
740 2975 752 3011 :
783 2957 848 3011 ad
879 2956 1170 3027 imaginem
1202 2955 1297 3009 Dei
1323 2952 1554 3008 scilicet.

165 3056 290 3110 Non
313 3056 560 3123 rapinam
588 3055 869 3107 arbitratus
896 3060 968 3104 est
1020 3066 1129 3104 esse
1155 3046 1405 3119 aequalem
1440 3045 1545 3099 Deo
1575 3058 1594 3097 :
1618 3043 1706 3097 sed

88 3156 429 3223 semetipsum
453 3149 752 3203 exinanirit.
781 3146 934 3215 Quod
954 3155 1095 3209 erat,
1125 3143 1427 3197 humilitate
1466 3137 1702 3195 celavit:

1810 1935 1917 1989 lum
1973 1935 2298 1989 servientes.

1884 2028 1989 2083 Sed
2010 2029 2172 2082 multa
2196 2028 2364 2099 magis
2389 2030 2599 2083 nuncin
2621 2029 2853 2084 absentia
2874 2046 3008 2084 mea.
3034 2030 3166 2097 Quia
3186 2029 3229 2083 si
3251 2026 3407 2100 quid,

1813 2135 1900 2175 me
1930 2132 2219 2190 praesente,
2274 2120 2498 2176 liberius
2528 2121 2789 2190 agebatis,
2817 2122 3091 2192 corrigere
3136 2128 3406 2192 poteram.

1882 2211 2011 2266 Cum
2033 2224 2169 2266 metu
2211 2223 2257 2267 et
2302 2220 2520 2267 tremore
2576 2224 2790 2267 vestram
2840 2213 3058 2268 salutem
3096 2212 3407 2281 operamini.

1809 2301 1929 2358 Non
1954 2319 2079 2359 cum
2109 2303 2462 2373 negligentia,
2488 2303 2583 2358 sed
2612 2305 2747 2358 sicut
2769 2304 2844 2357 ait
2864 2303 2965 2359 Job
2992 2321 3005 2357 :
3030 2302 3273 2358 Verebar
3294 2318 3411 2357 om-

1812 2398 1895 2451 nia
1932 2411 2094 2466 opera
2125 2410 2241 2449 mea
2274 2408 2494 2464 promer
2526 2395 2717 2460 Deum,
2749 2396 2932 2450 sciens
2960 2394 3104 2465 quod
3137 2408 3243 2449 non
3280 2409 3410 2463 par-

1808 2503 1962 2543 ceres
1991 2487 2352 2556 delinquenti.
2384 2487 2451 2540 Et
2479 2501 2645 2556 super
2671 2488 2950 2551 humilem,
2975 2495 3031 2541 et
3055 2488 3323 2557 quietum,
3353 2492 3410 2541 et

1810 2590 2130 2637 trementem
2165 2581 2327 2635 verba
2356 2581 2449 2636 Dei
2483 2581 2722 2650 Spiritus
2755 2594 2973 2635 sanetus
3022 2580 3338 2651 requiescit.

1882 2669 2024 2723 Deus
2054 2676 2129 2722 est
2152 2670 2289 2723 enim
2311 2670 2398 2739 qui
2427 2679 2676 2740 operatur
2710 2671 2763 2723 in
2794 2672 2935 2725 vobis
2959 2679 3009 2726 et
3033 2672 3181 2737 velle,
3222 2679 3269 2725 et
3296 2688 3413 2741 per-

1810 2763 1986 2833 ﬁcere.
2026 2761 2176 2819 Velle
2210 2774 2465 2833 operatur
2495 2765 2793 2830 suadendo,
2825 2774 2879 2819 et
2908 2766 3130 2835 praemia
3182 2766 3411 2837 promit-

1791 2845 1973 2909 tendo
2014 2875 2027 2909 :
2060 2856 2161 2923 Qui
2211 2858 2639 2925 perseveraverit
2685 2873 2853 2928 usque
2886 2858 2937 2913 in
2968 2857 3152 2926 ﬁnem,
3186 2860 3272 2915 hic
3302 2861 3412 2914 sal-

1810 2962 1908 3002 vus
1935 2948 2060 3004 erit.
2118 2948 2387 3004 Craterum
2438 2949 2701 3018 perﬁcere
2733 2960 2981 3006 nostrum
3032 2950 3276 3020 omnino,
3310 2968 3410 3007 nec

1811 3041 1949 3094 velle
2000 3041 2290 3111 quidquam
2338 3048 2422 3096 est
2455 3060 2466 3093 :
2504 3042 2629 3113 quia
2663 3053 2952 3114 utrumque
2998 3041 3242 3113 ejusdem
3300 3040 3407 3099 loci

1820 3133 2138 3188 delinitione
2162 3141 2396 3188 tenetur.

92 3244 231 3299 dans
260 3205 423 3299 tiuhis
444 3242 785 3311 eXemplum,
816 3255 883 3295 ne
912 3239 964 3293 in
1000 3241 1082 3292 his
1113 3237 1432 3308 gloriemur,
1459 3249 1577 3303 qua:
1604 3230 1713 3285 ior—
1740 3205 1785 3266 Ο
1893 3224 2002 3278 Pro
2031 3224 2161 3279 bona
2190 3226 2473 3280 voluntate.
2509 3226 2564 3282 Si
2598 3226 2649 3280 in
2691 3240 2752 3282 ea
2802 3228 3084 3283 maneatis.

85 3344 232 3394 sitan
270 3354 379 3394 non
425 3337 713 3392 habemus.

160 3428 425 3484 Formam
455 3428 590 3482 servi
621 3426 904 3497 accipiens.
955 3421 1035 3478 Ita
1066 3419 1315 3477 utetiam
1357 3414 1526 3489 pedes
1572 3416 1716 3471 lava-

84 3533 164 3580 ret
195 3521 627 3590 discipulorum.

162 3615 232 3669 In
280 3613 677 3668 similitudinem
705 3608 973 3664 hominum
996 3606 1187 3677 factus.
1215 3601 1488 3658 Interdum
1520 3596 1715 3653 simili-

86 3708 226 3764 tudo
255 3707 461 3776 recipit
488 3705 775 3760 veritatem
808 3720 823 3756 :
860 3718 982 3755 nam
1014 3700 1206 3771 genuit
1236 3695 1406 3751 Adam
1441 3693 1611 3747 ﬁlium
1630 3706 1716 3745 se-

82 3804 345 3858 CumliIm
375 3801 665 3867 imaginem
697 3807 751 3853 et
782 3794 1199 3851 similitudinem
1226 3806 1403 3854 suam,
1430 3798 1482 3842 et
1506 3785 1716 3841 vocavit

84 3911 304 3950 nomen
344 3894 464 3963 ejus
494 3886 723 3947 Setb.ln
745 3886 1105 3943 similitudine
1126 3883 1384 3951 humans,
1411 3877 1716 3934 humilitate

78 3986 425 4053 serviendo,
470 4001 593 4039 cum
618 3982 857 4037 omnium
894 3980 1157 4035 Dominus
1185 3985 1352 4032 esset.

159 4079 232 4135 Et
258 4079 449 4132 habitu
466 4077 703 4130 inventus
732 4080 787 4127 ut
817 4072 993 4125 homo.
1039 4070 1152 4125 Hoc
1184 4080 1243 4124 ut
1273 4079 1459 4121 verum
1487 4062 1579 4127 sit,
1607 4061 1715 4117 sic-

77 4183 141 4228 ut
174 4169 355 4242 quasi
386 4167 657 4239 unigeniti
689 4182 718 4220 a
750 4165 933 4229 Patre,
960 4166 1028 4217 ita
1059 4157 1495 4230 intelligendum.

156 4260 510 4318 Humiliavit
563 4258 895 4330 semetipsum
927 4257 1096 4327 factus
1142 4252 1381 4308 obediens
1441 4262 1598 4316 usque
1650 4245 1719 4298 ad

76 4367 356 4411 mortem.
404 4352 472 4409 Ut
522 4351 678 4406 nobis
719 4348 973 4421 perlecta:
1017 4345 1341 4402 obedientiae
1392 4346 1720 4396 monstraret

73 4448 451 4517 exemplum.

154 4542 415 4597 Mortem
442 4549 612 4595 autem
639 4538 825 4592 crucis.
854 4536 969 4605 Qua
1018 4534 1161 4590 nulla
1193 4547 1337 4587 mors
1377 4535 1560 4601 potest
1598 4540 1721 4582 esse

70 4636 383 4692 deterior.

150 4728 421 4797 PrOpter
449 4724 652 4796 quodet
673 4721 816 4779 Deus
846 4723 1089 4778 exultavit
1120 4722 1290 4785 illum,
1326 4728 1374 4775 et
1396 4722 1605 4776 donavit
1643 4721 1721 4776 illi

1894 3316 2086 3371 Omnia
2117 3329 2287 3373 autem
2333 3320 2488 3390 facite
2515 3319 2625 3374 sine
2665 3321 3178 3375 murmurationibus.
3230 3320 3415 3393 Ingra-

1819 3419 1905 3466 tus
1924 3420 2007 3465 est
2045 3426 2256 3477 servus,
2289 3414 2380 3480 qui
2411 3412 2596 3482 gravia
2644 3412 2849 3468 domini
2884 3413 2966 3469 sui
2998 3414 3241 3484 queritur
3292 3430 3414 3471 esse

1820 3512 2109 3573 praecepta.
2142 3502 2245 3571 Qui
2269 3502 2410 3558 enim
2445 3512 2750 3559 murmurat
2778 3506 2846 3561 de
2866 3508 3173 3577 praeceptis,
3202 3507 3412 3564 dubitat

1819 3596 1887 3650 de
1916 3596 2176 3666 prmmiis.
2204 3596 2301 3651 Hic
2327 3597 2487 3652 etiam
2520 3596 2566 3652 si
2596 3608 2874 3669 operatur,
2898 3614 3004 3656 non
3033 3610 3116 3657 est
3137 3602 3259 3656 sine
3282 3617 3416 3673 que-
3454 3635 3465 3642 -

1818 3687 1952 3743 rela.
1970 3686 2123 3743 Unde
2138 3688 2264 3744 alibi
2280 3690 2355 3744 ait
2371 3705 2384 3743 :
2401 3704 2497 3745 nec
2512 3693 3001 3759 murmuraveritis,
3015 3702 3069 3748 et
3083 3704 3302 3750 caetera.

1891 3777 1960 3833 Et
1983 3780 2414 3837 harsitationibus.
2439 3782 2517 3838 De
2549 3783 2800 3839 mercede
2824 3783 3026 3839 futura.

1898 3872 1965 3929 Ut
1998 3875 2110 3929 sitis
2137 3876 2250 3929 sine
2277 3874 2507 3946 querela,
2535 3886 2584 3929 et
2612 3877 2872 3945 simplices
2900 3875 3002 3946 ﬁlii
3046 3875 3141 3933 Dei
3178 3878 3289 3932 sine
3336 3894 3416 3932 re-

1820 3964 2180 4036 prehensione.
2215 3966 2369 4022 Sicut
2396 3966 2541 4021 Deus
2572 3982 2669 4021 vos
2702 3967 2844 4022 fecit.
2876 3967 3234 4023 Considerate
3260 3969 3416 4039 cujus

1821 4057 1916 4111 ﬁlii
1946 4059 2102 4112 sitis:
2135 4057 2231 4129 qui
2256 4072 2378 4113 cum
2404 4059 2455 4113 in
2480 4058 2734 4114 omnibus
2760 4069 2980 4115 sanctus
3010 4074 3073 4116 ac
3098 4076 3264 4132 purus
3315 4062 3417 4131 sit,

1820 4150 1963 4207 ﬁlios
1989 4166 2095 4206 non
2124 4159 2311 4221 potest
2335 4150 2544 4207 habere
2588 4151 2909 4222 degeneres.

1895 4243 1962 4298 In
1985 4244 2155 4299 medio
2186 4245 2411 4299 nationis
2456 4260 2628 4316 pravae
2662 4256 2812 4317 atque
2841 4262 3112 4319 perversae.
3143 4245 3274 4314 Quae
3301 4262 3420 4301 om-

1824 4351 1946 4393 nem
1964 4335 2302 4392 rationabilis
2319 4346 2524 4392 naturze
2540 4338 2802 4408 pervertit
2815 4336 3082 4401 ordinem,
3100 4348 3149 4393 et
3167 4337 3419 4408 perdidit.

1898 4429 2045 4485 Inter
2070 4446 2197 4501 quos
2228 4431 2406 4485 lucetis
2432 4432 2566 4485 sicut
2590 4432 2869 4485 luminaria
2890 4431 2943 4485 in
2970 4430 3188 4486 mundo.
3221 4430 3313 4487 Sic
3336 4431 3422 4487 lu-

1824 4530 1947 4579 ceat
1996 4524 2089 4579 Dei
2137 4538 2307 4592 genus
2364 4525 2415 4578 in
2475 4539 2674 4594 genere
2724 4524 2997 4593 humano,
3044 4525 3186 4581 sicut
3234 4525 3313 4580 sol
3366 4534 3422 4581 et

1747 4594 1802 4657 Ῑ)
1829 4616 1951 4671 luna
1999 4616 2307 4671 illuminant
2341 4617 2622 4671 mundum.

1906 4716 2127 4771 Verbum
2153 4718 2267 4771 vitae
2293 4720 2632 4773 continentes.
2661 4716 2730 4774 Ut
2758 4734 2857 4789 per
2886 4732 2982 4775 vos
3008 4719 3413 4791 illuminenlur,

68 4846 322 4885 nomen.
361 4828 498 4895 Quia
523 4842 582 4882 se
611 4834 919 4896 assumptus
946 4824 1108 4879 homo
1156 4823 1441 4877 humiliore
1469 4824 1720 4893 dignatus

62 4943 187 4999 est,
237 4929 520 4986 divinitas
550 4944 667 4998 qua:
693 4926 965 4981 humiliari
996 4942 1101 4979 non
1129 4932 1329 4995 potest,
1353 4940 1474 4979 eum
1502 4925 1591 4995 qui
1626 4923 1722 4979 hu-

64 5037 360 5093 miliatus
390 5032 586 5098 fuerat,
620 5030 899 5085 exultavit.
924 5027 1030 5083 Sed
1058 5039 1109 5081 et
1136 5026 1208 5080 illi
1227 5026 1483 5080 donatum
1517 5034 1600 5080 est
1628 5041 1722 5081 no-

60 5156 247 5203 men,
293 5132 429 5205 quia
461 5143 585 5186 ante
618 5147 722 5187 non
749 5130 937 5185 habuit
970 5128 1152 5185 :unde
1183 5129 1385 5183 rectius
1434 5129 1583 5185 locus
1633 5128 1722 5183 hic

60 5235 427 5298 secundum
451 5232 738 5289 bmnanam
756 5242 999 5287 naturam
1027 5229 1412 5301 intelligendus
1434 5240 1537 5298 est,
1562 5244 1720 5299 quam

56 5318 390 5397 divinam.
440 5335 497 5389 Si
528 5349 657 5404 ergo
706 5348 806 5388 nos
844 5348 911 5387 ex
938 5331 1050 5386 alto
1081 5330 1424 5400 respicimus,
1475 5332 1722 5399 exemplo

54 5439 327 5502 Christi
367 5435 626 5492 fratribus
654 5437 973 5490 serviamus.
1006 5433 1063 5489 Si
1086 5434 1231 5489 enim
1258 5433 1348 5487 ille
1382 5432 1642 5488 Dominus
1670 5443 1721 5487 et

56 5548 417 5619 iiiagismr,
470 5540 643 5595 servis
693 5546 748 5594 et
799 5536 1082 5607 discipulis
1129 5536 1727 5609 ministravit:quanto

54 5651 285 5721 magis
329 5657 435 5696 nos
458 5640 759 5711 turmalibus
797 5652 851 5695 et
876 5639 1171 5708 majoribus
1195 5641 1402 5694 servire
1448 5640 1729 5705 debemus,

50 5764 115 5810 ει
154 5753 316 5807 που
363 5752 417 5797 et
440 5743 644 5798 sanctis
676 5742 793 5812 ejus
820 5756 987 5812 usque
1015 5740 1080 5795 ad
1131 5750 1361 5795 mortem
1391 5743 1552 5796 etiam
1600 5744 1733 5797 obc-

46 5859 206 5916 dire
250 5852 269 5906 ε
320 5861 400 5901 ne
427 5846 743 5917 magistrum
774 5843 1032 5901 humilem
1080 5842 1298 5915 superbi
1327 5842 1577 5915 discipuli
1626 5858 1736 5900 nou

1825 4837 1879 4885 et
1902 4826 2154 4898 exemplo
2192 4826 2609 4883 conﬁrmentur.

1899 4929 1979 4984 Ad
2008 4928 2227 5001 gloriam
2261 4946 2444 4984 meam.
2489 4930 2672 4987 Gloria
2726 4930 2896 5002 patris
2938 4931 3172 4989 ﬁliorum
3202 4940 3316 5001 est,
3357 4940 3415 4987 ut

1827 5035 1903 5090 ait
1949 5033 2227 5088 Salomon.

1896 5132 1963 5186 In
1993 5133 2076 5188 die
2103 5131 2317 5188 Christi.
2366 5130 2423 5187 In
2464 5131 2552 5188 die
2594 5131 2808 5203 judicii.

1901 5235 2035 5302 Quia
2074 5250 2176 5289 non
2200 5234 2252 5286 in
2278 5249 2495 5288 vacuum
2523 5236 2748 5301 cucurri,
2780 5250 2944 5304 neque
2970 5235 3026 5288 in
3047 5250 3263 5289 vacuum
3284 5234 3429 5291 labo-

1822 5338 1952 5393 rari.
1979 5337 2081 5405 Qui
2114 5337 2273 5393 talem
2304 5336 2415 5392 Deo
2449 5337 2705 5406 populum
2733 5335 3011 5403 acquisivi.

1898 5436 2006 5494 Sed
2034 5439 2126 5491 etsi
2151 5438 2389 5491 immolor
2412 5453 2571 5508 supra
2590 5436 2903 5503 sacriﬁcium
2924 5444 2975 5490 et
2999 5434 3295 5507 obsequium
3313 5438 3434 5506 [idei

1826 5547 2026 5603 vestrm,
2073 5537 2269 5608 gaudeo
2297 5545 2345 5590 et
2374 5535 2704 5608 conqratulor
2730 5533 2963 5589 omnibus
2983 5535 3147 5590 vobis.
3192 5536 3365 5591 Etiam
3384 5538 3428 5591 si

1834 5636 2081 5693 occidat:
2114 5639 2238 5707 quia
2267 5636 2588 5692 sacriﬁcium
2608 5645 2662 5692 et
2682 5635 3002 5707 obsequium
3056 5636 3178 5692 ﬁdei
3233 5646 3430 5692 vestrae

1837 5739 2033 5795 obtulit
2062 5739 2210 5794 Deo:
2242 5740 2410 5793 vincit
2437 5737 2715 5809 prolectus
2766 5740 2937 5794 vestri
2978 5738 3227 5808 gaudium
3271 5739 3439 5795 tristi-

1844 5842 1977 5901 tiam
2022 5855 2219 5912 poente,
2249 5840 2335 5897 vel
2363 5840 2580 5899 mortis.
2613 5839 2739 5899 Sive
2763 5856 2782 5899 ι
2808 5838 2929 5898 iam
2960 5854 3067 5901 non
3095 5838 3262 5897 timeo
3308 5844 3452 5905 mori
