  <div class='ocr_page' id='page_1' title='image "/cluster/home/n/w/nwhite01/storage/ocr_20150623/30/hvd.32044096580535/433.png"; bbox 0 0 3978 6286; ppageno 0'>
   <div class='ocr_carea' id='block_1_1' title="bbox 607 324 713 385">
    <p class='ocr_par' dir='ltr' id='par_1_1' title="bbox 607 324 713 385">
     <span class='ocr_line' id='line_1_1' title="bbox 607 324 713 385; baseline -0.047 0"><span class='ocrx_word' id='word_1_1' title='bbox 607 324 713 385; x_wconf 68' lang='grc' dir='ltr'><strong>8ι7</strong></span> 
     </span>
    </p>
   </div>
   <div class='ocr_carea' id='block_1_2' title="bbox 1632 313 3829 379">
    <p class='ocr_par' dir='ltr' id='par_1_2' title="bbox 1632 313 3829 379">
     <span class='ocr_line' id='line_1_2' title="bbox 1632 313 3829 379; baseline -0.001 -2"><span class='ocrx_word' id='word_1_2' title='bbox 1632 319 1690 377; x_wconf 92' lang='lat' dir='ltr'><strong>S.</strong></span> <span class='ocrx_word' id='word_1_3' title='bbox 1733 314 2115 379; x_wconf 78' lang='lat' dir='ltr'><strong>lllERONYMl</strong></span> <span class='ocrx_word' id='word_1_4' title='bbox 2154 313 2438 376; x_wconf 74' lang='lat' dir='ltr'><strong>OPERUM</strong></span> <span class='ocrx_word' id='word_1_5' title='bbox 2481 316 2844 376; x_wconf 78' lang='lat' dir='ltr'><strong>MANTISSA.</strong></span> <span class='ocrx_word' id='word_1_6' title='bbox 3759 315 3829 374; x_wconf 66' lang='lat'><strong>818</strong></span> 
     </span>
    </p>
   </div>
   <div class='ocr_carea' id='block_1_3' title="bbox 604 429 3834 505">
    <p class='ocr_par' dir='ltr' id='par_1_3' title="bbox 604 429 3834 505">
     <span class='ocr_line' id='line_1_3' title="bbox 604 429 3834 505; baseline -0.003 -7"><span class='ocrx_word' id='word_1_7' title='bbox 604 440 875 499; x_wconf 82' lang='lat' dir='ltr'><strong>sacriﬁcio</strong></span> <span class='ocrx_word' id='word_1_8' title='bbox 906 439 1029 496; x_wconf 90' lang='lat' dir='ltr'><strong>ﬁdei</strong></span> <span class='ocrx_word' id='word_1_9' title='bbox 1057 445 1255 494; x_wconf 78' lang='lat' dir='ltr'><strong>vestrae</strong></span> <span class='ocrx_word' id='word_1_10' title='bbox 1285 442 1665 493; x_wconf 88' lang='lat' dir='ltr'><strong>consummato</strong></span> <span class='ocrx_word' id='word_1_11' title='bbox 1695 451 1709 488; x_wconf 87' lang='lat'><strong>:</strong></span> <span class='ocrx_word' id='word_1_12' title='bbox 1734 435 1848 491; x_wconf 90' lang='lat' dir='ltr'><strong>sive</strong></span> <span class='ocrx_word' id='word_1_13' title='bbox 1900 434 2028 505; x_wconf 91' lang='lat' dir='ltr'><strong>quia</strong></span> <span class='ocrx_word' id='word_1_14' title='bbox 2068 429 2191 487; x_wconf 91' lang='lat' dir='ltr'><strong>ﬁdei</strong></span> <span class='ocrx_word' id='word_1_15' title='bbox 2218 432 2268 494; x_wconf 80' lang='grc' dir='ltr'>Α</span> <span class='ocrx_word' id='word_1_16' title='bbox 2297 434 2386 504; x_wconf 88' lang='lat' dir='ltr'><strong>qui</strong></span> <span class='ocrx_word' id='word_1_17' title='bbox 2417 442 2602 490; x_wconf 88' lang='lat' dir='ltr'><strong>vester</strong></span> <span class='ocrx_word' id='word_1_18' title='bbox 2632 443 2717 490; x_wconf 90' lang='lat' dir='ltr'><strong>est</strong></span> <span class='ocrx_word' id='word_1_19' title='bbox 2743 433 2957 496; x_wconf 87' lang='lat' dir='ltr'><strong>doctor,</strong></span> <span class='ocrx_word' id='word_1_20' title='bbox 2988 430 3084 489; x_wconf 88' lang='lat' dir='ltr'><strong>sed</strong></span> <span class='ocrx_word' id='word_1_21' title='bbox 3105 438 3161 489; x_wconf 89' lang='lat' dir='ltr'><strong>et</strong></span> <span class='ocrx_word' id='word_1_22' title='bbox 3184 444 3398 501; x_wconf 85' lang='lat' dir='ltr'><strong>omnes,</strong></span> <span class='ocrx_word' id='word_1_23' title='bbox 3426 430 3519 504; x_wconf 86' lang='lat' dir='ltr'><strong>qui</strong></span> <span class='ocrx_word' id='word_1_24' title='bbox 3549 429 3665 488; x_wconf 84' lang='lat' dir='ltr'><strong>talis</strong></span> <span class='ocrx_word' id='word_1_25' title='bbox 3690 432 3834 503; x_wconf 75' lang='lat' dir='ltr'><strong>gratia</strong></span> 
     </span>
    </p>
   </div>
   <div class='ocr_carea' id='block_1_4' title="bbox 607 532 1170 591">
    <p class='ocr_par' dir='ltr' id='par_1_4' title="bbox 607 532 1170 591">
     <span class='ocr_line' id='line_1_4' title="bbox 607 532 1170 591; baseline -0.004 -4"><span class='ocrx_word' id='word_1_26' title='bbox 607 544 805 591; x_wconf 69' lang='lat' dir='ltr'><strong>vestra:</strong></span> <span class='ocrx_word' id='word_1_27' title='bbox 845 532 1170 587; x_wconf 89' lang='lat' dir='ltr'><strong>ministravi.</strong></span> 
     </span>
    </p>
   </div>
   <div class='ocr_carea' id='block_1_5' title="bbox 679 615 2201 696">
    <p class='ocr_par' dir='ltr' id='par_1_5' title="bbox 679 615 2201 696">
     <span class='ocr_line' id='line_1_5' title="bbox 679 615 2201 696; baseline -0.007 -17"><span class='ocrx_word' id='word_1_28' title='bbox 679 626 922 696; x_wconf 87' lang='lat' dir='ltr'><strong>Idipsum</strong></span> <span class='ocrx_word' id='word_1_29' title='bbox 958 633 1133 678; x_wconf 90' lang='lat' dir='ltr'><strong>autem</strong></span> <span class='ocrx_word' id='word_1_30' title='bbox 1162 633 1208 678; x_wconf 88' lang='lat' dir='ltr'><strong>et</strong></span> <span class='ocrx_word' id='word_1_31' title='bbox 1251 639 1338 677; x_wconf 85' lang='lat' dir='ltr'><strong>vos</strong></span> <span class='ocrx_word' id='word_1_32' title='bbox 1369 621 1608 693; x_wconf 86' lang='lat' dir='ltr'><strong>gaudete,</strong></span> <span class='ocrx_word' id='word_1_33' title='bbox 1655 630 1703 675; x_wconf 90' lang='lat' dir='ltr'><strong>et</strong></span> <span class='ocrx_word' id='word_1_34' title='bbox 1759 615 2201 689; x_wconf 87' lang='lat' dir='ltr'><strong>congratulamini</strong></span> 
     </span>
    </p>
   </div>
   <div class='ocr_carea' id='block_1_6' title="bbox 607 708 2202 785">
    <p class='ocr_par' dir='ltr' id='par_1_6' title="bbox 607 708 2202 785">
     <span class='ocr_line' id='line_1_6' title="bbox 607 708 2202 785; baseline -0.006 -13"><span class='ocrx_word' id='word_1_35' title='bbox 607 717 755 772; x_wconf 90' lang='lat' dir='ltr'><strong>mihi.</strong></span> <span class='ocrx_word' id='word_1_36' title='bbox 781 714 915 784; x_wconf 89' lang='lat' dir='ltr'><strong>Quia</strong></span> <span class='ocrx_word' id='word_1_37' title='bbox 944 715 1081 769; x_wconf 92' lang='lat' dir='ltr'><strong>mihi</strong></span> <span class='ocrx_word' id='word_1_38' title='bbox 1113 713 1319 785; x_wconf 80' lang='lat' dir='ltr'><strong>grande</strong></span> <span class='ocrx_word' id='word_1_39' title='bbox 1352 714 1634 783; x_wconf 76' lang='lat' dir='ltr'><strong>prmmium</strong></span> <span class='ocrx_word' id='word_1_40' title='bbox 1665 721 1749 767; x_wconf 89' lang='lat' dir='ltr'><strong>est</strong></span> <span class='ocrx_word' id='word_1_41' title='bbox 1794 726 1895 781; x_wconf 92' lang='lat' dir='ltr'><strong>pro</strong></span> <span class='ocrx_word' id='word_1_42' title='bbox 1924 708 2079 765; x_wconf 85' lang='lat' dir='ltr'><strong>vobis</strong></span> <span class='ocrx_word' id='word_1_43' title='bbox 2110 722 2202 763; x_wconf 88' lang='lat' dir='ltr'><strong>oc-</strong></span> 
     </span>
    </p>
   </div>
   <div class='ocr_carea' id='block_1_7' title="bbox 607 806 1664 879">
    <p class='ocr_par' dir='ltr' id='par_1_7' title="bbox 607 806 1664 879">
     <span class='ocr_line' id='line_1_7' title="bbox 607 806 1664 879; baseline -0.005 -14"><span class='ocrx_word' id='word_1_44' title='bbox 607 810 714 865; x_wconf 89' lang='lat' dir='ltr'><strong>cidi</strong></span> <span class='ocrx_word' id='word_1_45' title='bbox 745 828 756 863; x_wconf 92' lang='lat'>:</span> <span class='ocrx_word' id='word_1_46' title='bbox 791 810 905 865; x_wconf 86' lang='lat' dir='ltr'><strong>sive</strong></span> <span class='ocrx_word' id='word_1_47' title='bbox 926 808 1051 879; x_wconf 87' lang='lat' dir='ltr'><strong>quia</strong></span> <span class='ocrx_word' id='word_1_48' title='bbox 1088 806 1221 862; x_wconf 90' lang='lat' dir='ltr'><strong>mihi</strong></span> <span class='ocrx_word' id='word_1_49' title='bbox 1247 806 1471 874; x_wconf 85' lang='lat' dir='ltr'><strong>expedit</strong></span> <span class='ocrx_word' id='word_1_50' title='bbox 1497 806 1664 861; x_wconf 91' lang='lat' dir='ltr'><strong>solvi.</strong></span> 
     </span>
    </p>
   </div>
   <div class='ocr_carea' id='block_1_8' title="bbox 676 892 2201 971">
    <p class='ocr_par' dir='ltr' id='par_1_8' title="bbox 676 892 2201 971">
     <span class='ocr_line' id='line_1_8' title="bbox 676 892 2201 971; baseline -0.007 -15"><span class='ocrx_word' id='word_1_51' title='bbox 676 902 1041 971; x_wconf 88' lang='lat' dir='ltr'><strong>Speroautem</strong></span> <span class='ocrx_word' id='word_1_52' title='bbox 1080 900 1133 951; x_wconf 92' lang='lat' dir='ltr'><strong>in</strong></span> <span class='ocrx_word' id='word_1_53' title='bbox 1182 897 1411 952; x_wconf 89' lang='lat' dir='ltr'><strong>Domino</strong></span> <span class='ocrx_word' id='word_1_54' title='bbox 1441 895 1569 951; x_wconf 85' lang='lat' dir='ltr'><strong>Jesu</strong></span> <span class='ocrx_word' id='word_1_55' title='bbox 1599 894 1925 950; x_wconf 69' lang='lat' dir='ltr'><strong>Timothcurn</strong></span> <span class='ocrx_word' id='word_1_56' title='bbox 1975 909 2054 947; x_wconf 90' lang='lat' dir='ltr'><strong>me</strong></span> <span class='ocrx_word' id='word_1_57' title='bbox 2098 892 2201 947; x_wconf 91' lang='lat' dir='ltr'><strong>cito</strong></span> 
     </span>
    </p>
   </div>
   <div class='ocr_carea' id='block_1_9' title="bbox 606 982 2201 1057">
    <p class='ocr_par' dir='ltr' id='par_1_9' title="bbox 606 982 2201 1057">
     <span class='ocr_line' id='line_1_9' title="bbox 606 982 2201 1057; baseline -0.006 -10"><span class='ocrx_word' id='word_1_58' title='bbox 606 994 812 1048; x_wconf 76' lang='lat' dir='ltr'><strong>mittere</strong></span> <span class='ocrx_word' id='word_1_59' title='bbox 837 992 905 1045; x_wconf 89' lang='lat' dir='ltr'><strong>ad</strong></span> <span class='ocrx_word' id='word_1_60' title='bbox 938 1008 1045 1046; x_wconf 85' lang='lat' dir='ltr'><strong>vos.</strong></span> <span class='ocrx_word' id='word_1_61' title='bbox 1082 991 1185 1045; x_wconf 87' lang='lat' dir='ltr'><strong>Dat</strong></span> <span class='ocrx_word' id='word_1_62' title='bbox 1214 991 1527 1057; x_wconf 82' lang='lat' dir='ltr'><strong>exemplum</strong></span> <span class='ocrx_word' id='word_1_63' title='bbox 1565 1004 1670 1043; x_wconf 93' lang='lat' dir='ltr'><strong>non</strong></span> <span class='ocrx_word' id='word_1_64' title='bbox 1702 988 1894 1043; x_wconf 88' lang='lat' dir='ltr'><strong>timere</strong></span> <span class='ocrx_word' id='word_1_65' title='bbox 1942 983 2069 1056; x_wconf 91' lang='lat' dir='ltr'><strong>quid</strong></span> <span class='ocrx_word' id='word_1_66' title='bbox 2101 982 2201 1039; x_wconf 89' lang='lat' dir='ltr'><strong>de-</strong></span> 
     </span>
    </p>
   </div>
   <div class='ocr_carea' id='block_1_10' title="bbox 603 1077 1974 1151">
    <p class='ocr_par' dir='ltr' id='par_1_10' title="bbox 603 1077 1974 1151">
     <span class='ocr_line' id='line_1_10' title="bbox 603 1077 1974 1151; baseline -0.006 -11"><span class='ocrx_word' id='word_1_67' title='bbox 603 1085 856 1150; x_wconf 83' lang='lat' dir='ltr'><strong>ﬁniendi,</strong></span> <span class='ocrx_word' id='word_1_68' title='bbox 889 1083 983 1140; x_wconf 92' lang='lat' dir='ltr'><strong>sed</strong></span> <span class='ocrx_word' id='word_1_69' title='bbox 1007 1082 1189 1137; x_wconf 84' lang='lat' dir='ltr'><strong>omnia</strong></span> <span class='ocrx_word' id='word_1_70' title='bbox 1222 1097 1317 1151; x_wconf 90' lang='lat' dir='ltr'><strong>spe</strong></span> <span class='ocrx_word' id='word_1_71' title='bbox 1348 1080 1563 1135; x_wconf 89' lang='lat' dir='ltr'><strong>Domini</strong></span> <span class='ocrx_word' id='word_1_72' title='bbox 1596 1077 1974 1149; x_wconf 88' lang='lat' dir='ltr'><strong>promittendi.</strong></span> 
     </span>
    </p>
   </div>
   <div class='ocr_carea' id='block_1_11' title="bbox 685 1168 2203 1250">
    <p class='ocr_par' dir='ltr' id='par_1_11' title="bbox 685 1168 2203 1250">
     <span class='ocr_line' id='line_1_11' title="bbox 685 1168 2203 1250; baseline -0.008 -17"><span class='ocrx_word' id='word_1_73' title='bbox 685 1177 753 1233; x_wconf 85' lang='lat' dir='ltr'><strong>Ut</strong></span> <span class='ocrx_word' id='word_1_74' title='bbox 782 1185 827 1232; x_wconf 88' lang='lat' dir='ltr'><strong>et</strong></span> <span class='ocrx_word' id='word_1_75' title='bbox 854 1193 948 1250; x_wconf 86' lang='lat' dir='ltr'><strong>ego</strong></span> <span class='ocrx_word' id='word_1_76' title='bbox 988 1176 1120 1229; x_wconf 84' lang='lat' dir='ltr'><strong>bono</strong></span> <span class='ocrx_word' id='word_1_77' title='bbox 1152 1175 1327 1229; x_wconf 89' lang='lat' dir='ltr'><strong>animo</strong></span> <span class='ocrx_word' id='word_1_78' title='bbox 1356 1174 1477 1239; x_wconf 88' lang='lat' dir='ltr'><strong>sim,</strong></span> <span class='ocrx_word' id='word_1_79' title='bbox 1505 1173 1724 1245; x_wconf 89' lang='lat' dir='ltr'><strong>cognitis</strong></span> <span class='ocrx_word' id='word_1_80' title='bbox 1766 1186 1879 1241; x_wconf 77' lang='lat' dir='ltr'><strong>qtae</strong></span> <span class='ocrx_word' id='word_1_81' title='bbox 1929 1168 2067 1223; x_wconf 90' lang='lat' dir='ltr'><strong>circa</strong></span> <span class='ocrx_word' id='word_1_82' title='bbox 2113 1182 2203 1221; x_wconf 87' lang='lat' dir='ltr'><strong>vos</strong></span> 
     </span>
    </p>
   </div>
   <div class='ocr_carea' id='block_1_12' title="bbox 604 1261 2202 1340">
    <p class='ocr_par' dir='ltr' id='par_1_12' title="bbox 604 1261 2202 1340">
     <span class='ocr_line' id='line_1_12' title="bbox 604 1261 2202 1340; baseline -0.007 -12"><span class='ocrx_word' id='word_1_83' title='bbox 604 1282 749 1329; x_wconf 88' lang='lat' dir='ltr'><strong>sunt.</strong></span> <span class='ocrx_word' id='word_1_84' title='bbox 804 1271 875 1327; x_wconf 87' lang='lat' dir='ltr'><strong>Ut</strong></span> <span class='ocrx_word' id='word_1_85' title='bbox 916 1270 1123 1337; x_wconf 78' lang='lat' dir='ltr'><strong>sciatis,</strong></span> <span class='ocrx_word' id='word_1_86' title='bbox 1175 1269 1299 1340; x_wconf 83' lang='lat' dir='ltr'><strong>quia</strong></span> <span class='ocrx_word' id='word_1_87' title='bbox 1327 1283 1425 1325; x_wconf 90' lang='lat' dir='ltr'><strong>vos</strong></span> <span class='ocrx_word' id='word_1_88' title='bbox 1470 1282 1607 1323; x_wconf 70' lang='lat' dir='ltr'><strong>meae</strong></span> <span class='ocrx_word' id='word_1_89' title='bbox 1647 1265 1931 1337; x_wconf 84' lang='lat' dir='ltr'><strong>passiones</strong></span> <span class='ocrx_word' id='word_1_90' title='bbox 1976 1261 2202 1318; x_wconf 87' lang='lat' dir='ltr'><strong>minime</strong></span> 
     </span>
    </p>
   </div>
   <div class='ocr_carea' id='block_1_13' title="bbox 606 1376 940 1424">
    <p class='ocr_par' dir='ltr' id='par_1_13' title="bbox 606 1376 940 1424">
     <span class='ocr_line' id='line_1_13' title="bbox 606 1376 940 1424; baseline -0.009 0"><span class='ocrx_word' id='word_1_91' title='bbox 606 1376 940 1424; x_wconf 87' lang='lat' dir='ltr'><strong>terruerunt.</strong></span> 
     </span>
    </p>
   </div>
   <div class='ocr_carea' id='block_1_14' title="bbox 678 1449 2200 1522">
    <p class='ocr_par' dir='ltr' id='par_1_14' title="bbox 678 1449 2200 1522">
     <span class='ocr_line' id='line_1_14' title="bbox 678 1449 2200 1522; baseline -0.009 -9"><span class='ocrx_word' id='word_1_92' title='bbox 678 1459 955 1514; x_wconf 86' lang='lat' dir='ltr'><strong>Neminem</strong></span> <span class='ocrx_word' id='word_1_93' title='bbox 980 1460 1117 1513; x_wconf 85' lang='lat' dir='ltr'><strong>enim</strong></span> <span class='ocrx_word' id='word_1_94' title='bbox 1152 1456 1313 1511; x_wconf 94' lang='lat' dir='ltr'><strong>habeo</strong></span> <span class='ocrx_word' id='word_1_95' title='bbox 1341 1464 1446 1510; x_wconf 83' lang='lat' dir='ltr'><strong>tant</strong></span> <span class='ocrx_word' id='word_1_96' title='bbox 1486 1454 1812 1519; x_wconf 78' lang='lat' dir='ltr'><strong>unanimem,</strong></span> <span class='ocrx_word' id='word_1_97' title='bbox 1856 1450 1943 1522; x_wconf 86' lang='lat' dir='ltr'><strong>qui</strong></span> <span class='ocrx_word' id='word_1_98' title='bbox 1996 1449 2200 1503; x_wconf 81' lang='lat' dir='ltr'><strong>sincera</strong></span> 
     </span>
    </p>
   </div>
   <div class='ocr_carea' id='block_1_15' title="bbox 605 1546 2201 1624">
    <p class='ocr_par' dir='ltr' id='par_1_15' title="bbox 605 1546 2201 1624">
     <span class='ocr_line' id='line_1_15' title="bbox 605 1546 2201 1624; baseline -0.009 -14"><span class='ocrx_word' id='word_1_99' title='bbox 605 1556 881 1624; x_wconf 72' lang='lat' dir='ltr'><strong>affectione</strong></span> <span class='ocrx_word' id='word_1_100' title='bbox 924 1568 1017 1624; x_wconf 86' lang='lat' dir='ltr'><strong>pro</strong></span> <span class='ocrx_word' id='word_1_101' title='bbox 1046 1552 1189 1607; x_wconf 80' lang='lat' dir='ltr'><strong>vobis</strong></span> <span class='ocrx_word' id='word_1_102' title='bbox 1218 1550 1477 1605; x_wconf 89' lang='lat' dir='ltr'><strong>sollicitus</strong></span> <span class='ocrx_word' id='word_1_103' title='bbox 1498 1549 1585 1602; x_wconf 87' lang='lat' dir='ltr'><strong>sit.</strong></span> <span class='ocrx_word' id='word_1_104' title='bbox 1619 1546 1723 1614; x_wconf 86' lang='lat' dir='ltr'><strong>Qui</strong></span> <span class='ocrx_word' id='word_1_105' title='bbox 1754 1546 1826 1600; x_wconf 88' lang='lat' dir='ltr'><strong>ita</strong></span> <span class='ocrx_word' id='word_1_106' title='bbox 1859 1558 2072 1599; x_wconf 85' lang='lat' dir='ltr'><strong>mecum</strong></span> <span class='ocrx_word' id='word_1_107' title='bbox 2101 1555 2201 1613; x_wconf 92' lang='lat' dir='ltr'><strong>pro</strong></span> 
     </span>
    </p>
   </div>
   <div class='ocr_carea' id='block_1_16' title="bbox 606 1640 1765 1704">
    <p class='ocr_par' dir='ltr' id='par_1_16' title="bbox 606 1640 1765 1704">
     <span class='ocr_line' id='line_1_16' title="bbox 606 1640 1765 1704; baseline -0.011 0"><span class='ocrx_word' id='word_1_108' title='bbox 606 1647 849 1704; x_wconf 88' lang='lat' dir='ltr'><strong>omnium</strong></span> <span class='ocrx_word' id='word_1_109' title='bbox 882 1656 1127 1700; x_wconf 86' lang='lat' dir='ltr'><strong>vestrum</strong></span> <span class='ocrx_word' id='word_1_110' title='bbox 1169 1645 1345 1697; x_wconf 87' lang='lat' dir='ltr'><strong>salute</strong></span> <span class='ocrx_word' id='word_1_111' title='bbox 1373 1641 1644 1696; x_wconf 83' lang='lat' dir='ltr'><strong>sollicitus</strong></span> <span class='ocrx_word' id='word_1_112' title='bbox 1674 1640 1765 1692; x_wconf 89' lang='lat' dir='ltr'><strong>sit.</strong></span> 
     </span>
    </p>
   </div>
   <div class='ocr_carea' id='block_1_17' title="bbox 676 1724 2195 1805">
    <p class='ocr_par' dir='ltr' id='par_1_17' title="bbox 676 1724 2195 1805">
     <span class='ocr_line' id='line_1_17' title="bbox 676 1724 2195 1805; baseline -0.009 -12"><span class='ocrx_word' id='word_1_113' title='bbox 676 1739 867 1793; x_wconf 85' lang='lat' dir='ltr'><strong>Omnes</strong></span> <span class='ocrx_word' id='word_1_114' title='bbox 898 1738 1036 1791; x_wconf 88' lang='lat' dir='ltr'><strong>enim</strong></span> <span class='ocrx_word' id='word_1_115' title='bbox 1065 1751 1182 1805; x_wconf 78' lang='lat' dir='ltr'><strong>qua:</strong></span> <span class='ocrx_word' id='word_1_116' title='bbox 1206 1752 1300 1788; x_wconf 89' lang='lat' dir='ltr'><strong>sua</strong></span> <span class='ocrx_word' id='word_1_117' title='bbox 1329 1742 1469 1799; x_wconf 88' lang='lat' dir='ltr'><strong>sunt,</strong></span> <span class='ocrx_word' id='word_1_118' title='bbox 1502 1738 1767 1803; x_wconf 75' lang='lat' dir='ltr'><strong>qitwruut.</strong></span> <span class='ocrx_word' id='word_1_119' title='bbox 1814 1724 2195 1792; x_wconf 88' lang='lat' dir='ltr'><strong>Commodum,</strong></span> 
     </span>
    </p>
   </div>
   <div class='ocr_carea' id='block_1_18' title="bbox 604 1819 1923 1901">
    <p class='ocr_par' dir='ltr' id='par_1_18' title="bbox 604 1819 1923 1901">
     <span class='ocr_line' id='line_1_18' title="bbox 604 1819 1923 1901; baseline -0.011 -12"><span class='ocrx_word' id='word_1_120' title='bbox 604 1832 692 1889; x_wconf 85' lang='lat' dir='ltr'><strong>vel</strong></span> <span class='ocrx_word' id='word_1_121' title='bbox 719 1832 982 1901; x_wconf 81' lang='lat' dir='ltr'><strong>quietem,</strong></span> <span class='ocrx_word' id='word_1_122' title='bbox 1014 1829 1265 1882; x_wconf 88' lang='lat' dir='ltr'><strong>nolentes</strong></span> <span class='ocrx_word' id='word_1_123' title='bbox 1300 1842 1397 1895; x_wconf 89' lang='lat' dir='ltr'><strong>pro</strong></span> <span class='ocrx_word' id='word_1_124' title='bbox 1428 1823 1609 1879; x_wconf 88' lang='lat' dir='ltr'><strong>anima</strong></span> <span class='ocrx_word' id='word_1_125' title='bbox 1649 1819 1923 1877; x_wconf 87' lang='lat' dir='ltr'><strong>tribulari.</strong></span> 
     </span>
    </p>
   </div>
   <div class='ocr_carea' id='block_1_19' title="bbox 677 1911 2198 1992">
    <p class='ocr_par' dir='ltr' id='par_1_19' title="bbox 677 1911 2198 1992">
     <span class='ocr_line' id='line_1_19' title="bbox 677 1911 2198 1992; baseline -0.008 -16"><span class='ocrx_word' id='word_1_126' title='bbox 677 1921 803 1976; x_wconf 87' lang='lat' dir='ltr'><strong>Non</strong></span> <span class='ocrx_word' id='word_1_127' title='bbox 832 1936 949 1992; x_wconf 76' lang='lat' dir='ltr'><strong>qua:</strong></span> <span class='ocrx_word' id='word_1_128' title='bbox 979 1917 1105 1974; x_wconf 85' lang='lat' dir='ltr'><strong>Jesu</strong></span> <span class='ocrx_word' id='word_1_129' title='bbox 1148 1917 1362 1973; x_wconf 75' lang='lat' dir='ltr'><strong>Christi.</strong></span> <span class='ocrx_word' id='word_1_130' title='bbox 1415 1915 1533 1971; x_wconf 89' lang='lat' dir='ltr'><strong>Non</strong></span> <span class='ocrx_word' id='word_1_131' title='bbox 1564 1924 1819 1970; x_wconf 85' lang='lat' dir='ltr'><strong>curantes</strong></span> <span class='ocrx_word' id='word_1_132' title='bbox 1846 1911 1915 1969; x_wconf 91' lang='lat' dir='ltr'><strong>de</strong></span> <span class='ocrx_word' id='word_1_133' title='bbox 1946 1924 2198 1982; x_wconf 90' lang='lat' dir='ltr'><strong>corpore,</strong></span> 
     </span>
    </p>
   </div>
   <div class='ocr_carea' id='block_1_20' title="bbox 604 2002 2203 2083">
    <p class='ocr_par' dir='ltr' id='par_1_20' title="bbox 604 2002 2203 2083">
     <span class='ocr_line' id='line_1_20' title="bbox 604 2002 2203 2083; baseline -0.007 -15"><span class='ocrx_word' id='word_1_134' title='bbox 604 2016 691 2071; x_wconf 82' lang='lat' dir='ltr'><strong>vel</strong></span> <span class='ocrx_word' id='word_1_135' title='bbox 720 2013 975 2083; x_wconf 83' lang='lat' dir='ltr'><strong>exemplo</strong></span> <span class='ocrx_word' id='word_1_136' title='bbox 1001 2011 1230 2079; x_wconf 84' lang='lat' dir='ltr'><strong>Christi,</strong></span> <span class='ocrx_word' id='word_1_137' title='bbox 1269 2011 1362 2082; x_wconf 89' lang='lat' dir='ltr'><strong>qui</strong></span> <span class='ocrx_word' id='word_1_138' title='bbox 1397 2024 1496 2080; x_wconf 88' lang='lat' dir='ltr'><strong>pro</strong></span> <span class='ocrx_word' id='word_1_139' title='bbox 1538 2008 1785 2065; x_wconf 90' lang='lat' dir='ltr'><strong>omnium</strong></span> <span class='ocrx_word' id='word_1_140' title='bbox 1830 2005 2007 2063; x_wconf 90' lang='lat' dir='ltr'><strong>salute</strong></span> <span class='ocrx_word' id='word_1_141' title='bbox 2061 2002 2203 2059; x_wconf 87' lang='lat' dir='ltr'><strong>mori</strong></span> 
     </span>
    </p>
   </div>
   <div class='ocr_carea' id='block_1_21' title="bbox 606 2106 1153 2165">
    <p class='ocr_par' dir='ltr' id='par_1_21' title="bbox 606 2106 1153 2165">
     <span class='ocr_line' id='line_1_21' title="bbox 606 2106 1153 2165; baseline -0.013 0"><span class='ocrx_word' id='word_1_142' title='bbox 606 2109 831 2165; x_wconf 91' lang='lat' dir='ltr'><strong>minime</strong></span> <span class='ocrx_word' id='word_1_143' title='bbox 858 2106 1153 2163; x_wconf 81' lang='lat' dir='ltr'><strong>recusavit.</strong></span> 
     </span>
    </p>
   </div>
   <div class='ocr_carea' id='block_1_22' title="bbox 679 2185 2200 2273">
    <p class='ocr_par' dir='ltr' id='par_1_22' title="bbox 679 2185 2200 2273">
     <span class='ocr_line' id='line_1_22' title="bbox 679 2185 2200 2273; baseline -0.011 -16"><span class='ocrx_word' id='word_1_144' title='bbox 679 2201 1104 2273; x_wconf 73' lang='lat' dir='ltr'><strong>Experimentum</strong></span> <span class='ocrx_word' id='word_1_145' title='bbox 1146 2206 1319 2252; x_wconf 89' lang='lat' dir='ltr'><strong>autem</strong></span> <span class='ocrx_word' id='word_1_146' title='bbox 1369 2200 1485 2269; x_wconf 84' lang='lat' dir='ltr'><strong>ejus</strong></span> <span class='ocrx_word' id='word_1_147' title='bbox 1548 2193 1862 2267; x_wconf 82' lang='lat' dir='ltr'><strong>cognoscite.</strong></span> <span class='ocrx_word' id='word_1_148' title='bbox 1910 2189 1982 2247; x_wconf 89' lang='lat' dir='ltr'><strong>Ut</strong></span> <span class='ocrx_word' id='word_1_149' title='bbox 2023 2185 2200 2260; x_wconf 82' lang='lat' dir='ltr'><strong>qualis</strong></span> 
     </span>
    </p>
   </div>
   <div class='ocr_carea' id='block_1_23' title="bbox 608 2292 1016 2365">
    <p class='ocr_par' dir='ltr' id='par_1_23' title="bbox 608 2292 1016 2365">
     <span class='ocr_line' id='line_1_23' title="bbox 608 2292 1016 2365; baseline -0.01 -13"><span class='ocrx_word' id='word_1_150' title='bbox 608 2298 701 2365; x_wconf 87' lang='lat' dir='ltr'><strong>sit,</strong></span> <span class='ocrx_word' id='word_1_151' title='bbox 734 2292 1016 2350; x_wconf 88' lang='lat' dir='ltr'><strong>noveritis.</strong></span> 
     </span>
    </p>
   </div>
   <div class='ocr_carea' id='block_1_24' title="bbox 678 2377 2205 2457">
    <p class='ocr_par' dir='ltr' id='par_1_24' title="bbox 678 2377 2205 2457">
     <span class='ocr_line' id='line_1_24' title="bbox 678 2377 2205 2457; baseline -0.008 -14"><span class='ocrx_word' id='word_1_152' title='bbox 678 2390 941 2454; x_wconf 84' lang='lat' dir='ltr'><strong>Quoniam</strong></span> <span class='ocrx_word' id='word_1_153' title='bbox 962 2388 1095 2440; x_wconf 83' lang='lat' dir='ltr'><strong>sicut</strong></span> <span class='ocrx_word' id='word_1_154' title='bbox 1129 2384 1266 2457; x_wconf 84' lang='lat' dir='ltr'><strong>patri</strong></span> <span class='ocrx_word' id='word_1_155' title='bbox 1303 2384 1465 2453; x_wconf 89' lang='lat' dir='ltr'><strong>ﬁlius,</strong></span> <span class='ocrx_word' id='word_1_156' title='bbox 1494 2399 1695 2436; x_wconf 88' lang='lat' dir='ltr'><strong>mecum</strong></span> <span class='ocrx_word' id='word_1_157' title='bbox 1716 2380 1922 2436; x_wconf 81' lang='lat' dir='ltr'><strong>servivit</strong></span> <span class='ocrx_word' id='word_1_158' title='bbox 1950 2380 2004 2433; x_wconf 89' lang='lat' dir='ltr'><strong>in</strong></span> <span class='ocrx_word' id='word_1_159' title='bbox 2032 2377 2205 2432; x_wconf 85' lang='lat' dir='ltr'><strong>Eran-</strong></span> 
     </span>
    </p>
   </div>
   <div class='ocr_carea' id='block_1_25' title="bbox 604 2471 2204 2551">
    <p class='ocr_par' dir='ltr' id='par_1_25' title="bbox 604 2471 2204 2551">
     <span class='ocr_line' id='line_1_25' title="bbox 604 2471 2204 2551; baseline -0.008 -16"><span class='ocrx_word' id='word_1_160' title='bbox 604 2481 761 2551; x_wconf 79' lang='lat' dir='ltr'><strong>gclio.</strong></span> <span class='ocrx_word' id='word_1_161' title='bbox 815 2476 1127 2535; x_wconf 88' lang='lat' dir='ltr'><strong>Secundum</strong></span> <span class='ocrx_word' id='word_1_162' title='bbox 1158 2476 1461 2541; x_wconf 87' lang='lat' dir='ltr'><strong>hominem,</strong></span> <span class='ocrx_word' id='word_1_163' title='bbox 1495 2484 1714 2544; x_wconf 81' lang='lat' dir='ltr'><strong>propter</strong></span> <span class='ocrx_word' id='word_1_164' title='bbox 1746 2474 1997 2528; x_wconf 85' lang='lat' dir='ltr'><strong>homines</strong></span> <span class='ocrx_word' id='word_1_165' title='bbox 2028 2471 2204 2525; x_wconf 83' lang='lat' dir='ltr'><strong>lactus</strong></span> 
     </span>
    </p>
   </div>
   <div class='ocr_carea' id='block_1_26' title="bbox 608 2567 1452 2638">
    <p class='ocr_par' dir='ltr' id='par_1_26' title="bbox 608 2567 1452 2638">
     <span class='ocr_line' id='line_1_26' title="bbox 608 2567 1452 2638; baseline -0.008 -11"><span class='ocrx_word' id='word_1_166' title='bbox 608 2571 871 2627; x_wconf 90' lang='lat' dir='ltr'><strong>obediens</strong></span> <span class='ocrx_word' id='word_1_167' title='bbox 900 2585 1069 2638; x_wconf 86' lang='lat' dir='ltr'><strong>usque</strong></span> <span class='ocrx_word' id='word_1_168' title='bbox 1099 2567 1168 2621; x_wconf 88' lang='lat' dir='ltr'><strong>ad</strong></span> <span class='ocrx_word' id='word_1_169' title='bbox 1199 2575 1452 2621; x_wconf 84' lang='lat' dir='ltr'><strong>mortem.</strong></span> 
     </span>
    </p>
   </div>
   <div class='ocr_carea' id='block_1_27' title="bbox 677 2657 2200 2735">
    <p class='ocr_par' dir='ltr' id='par_1_27' title="bbox 677 2657 2200 2735">
     <span class='ocr_line' id='line_1_27' title="bbox 677 2657 2200 2735; baseline -0.004 -17"><span class='ocrx_word' id='word_1_170' title='bbox 677 2664 835 2718; x_wconf 86' lang='lat' dir='ltr'><strong>Hunc</strong></span> <span class='ocrx_word' id='word_1_171' title='bbox 856 2664 1017 2735; x_wconf 84' lang='lat' dir='ltr'><strong>igitur</strong></span> <span class='ocrx_word' id='word_1_172' title='bbox 1046 2678 1196 2734; x_wconf 80' lang='lat' dir='ltr'><strong>spero</strong></span> <span class='ocrx_word' id='word_1_173' title='bbox 1229 2678 1308 2715; x_wconf 89' lang='lat' dir='ltr'><strong>me</strong></span> <span class='ocrx_word' id='word_1_174' title='bbox 1340 2662 1539 2714; x_wconf 85' lang='lat' dir='ltr'><strong>mittere</strong></span> <span class='ocrx_word' id='word_1_175' title='bbox 1569 2660 1637 2714; x_wconf 91' lang='lat' dir='ltr'><strong>ad</strong></span> <span class='ocrx_word' id='word_1_176' title='bbox 1662 2676 1747 2715; x_wconf 77' lang='lat' dir='ltr'><strong>vos</strong></span> <span class='ocrx_word' id='word_1_177' title='bbox 1776 2675 1897 2713; x_wconf 81' lang='lat' dir='ltr'><strong>mea:</strong></span> <span class='ocrx_word' id='word_1_178' title='bbox 1918 2666 1974 2712; x_wconf 88' lang='lat' dir='ltr'><strong>ut</strong></span> <span class='ocrx_word' id='word_1_179' title='bbox 2003 2657 2200 2725; x_wconf 90' lang='lat' dir='ltr'><strong>videro,</strong></span> 
     </span>
    </p>
   </div>
   <div class='ocr_carea' id='block_1_28' title="bbox 606 2753 1987 2829">
    <p class='ocr_par' dir='ltr' id='par_1_28' title="bbox 606 2753 1987 2829">
     <span class='ocr_line' id='line_1_28' title="bbox 606 2753 1987 2829; baseline -0.004 -18"><span class='ocrx_word' id='word_1_180' title='bbox 606 2773 724 2829; x_wconf 77' lang='lat' dir='ltr'><strong>qua:</strong></span> <span class='ocrx_word' id='word_1_181' title='bbox 754 2757 893 2810; x_wconf 89' lang='lat' dir='ltr'><strong>circa</strong></span> <span class='ocrx_word' id='word_1_182' title='bbox 926 2772 1002 2810; x_wconf 90' lang='lat' dir='ltr'><strong>me</strong></span> <span class='ocrx_word' id='word_1_183' title='bbox 1029 2763 1172 2809; x_wconf 85' lang='lat' dir='ltr'><strong>sunt.</strong></span> <span class='ocrx_word' id='word_1_184' title='bbox 1204 2753 1363 2808; x_wconf 80' lang='lat' dir='ltr'><strong>Modo</strong></span> <span class='ocrx_word' id='word_1_185' title='bbox 1391 2755 1536 2809; x_wconf 88' lang='lat' dir='ltr'><strong>enim</strong></span> <span class='ocrx_word' id='word_1_186' title='bbox 1576 2757 1815 2809; x_wconf 89' lang='lat' dir='ltr'><strong>incertus</strong></span> <span class='ocrx_word' id='word_1_187' title='bbox 1844 2768 1987 2807; x_wconf 89' lang='lat' dir='ltr'><strong>sum.</strong></span> 
     </span>
    </p>
   </div>
   <div class='ocr_carea' id='block_1_29' title="bbox 686 2846 2205 2919">
    <p class='ocr_par' dir='ltr' id='par_1_29' title="bbox 686 2846 2205 2919">
     <span class='ocr_line' id='line_1_29' title="bbox 686 2846 2205 2919; baseline -0.005 -14"><span class='ocrx_word' id='word_1_188' title='bbox 686 2850 903 2919; x_wconf 83' lang='lat' dir='ltr'><strong>Conﬁdo</strong></span> <span class='ocrx_word' id='word_1_189' title='bbox 963 2858 1133 2903; x_wconf 86' lang='lat' dir='ltr'><strong>autem</strong></span> <span class='ocrx_word' id='word_1_190' title='bbox 1159 2849 1213 2902; x_wconf 91' lang='lat' dir='ltr'><strong>in</strong></span> <span class='ocrx_word' id='word_1_191' title='bbox 1245 2846 1488 2915; x_wconf 87' lang='lat' dir='ltr'><strong>Domino,</strong></span> <span class='ocrx_word' id='word_1_192' title='bbox 1516 2848 1767 2917; x_wconf 89' lang='lat' dir='ltr'><strong>quoniam</strong></span> <span class='ocrx_word' id='word_1_193' title='bbox 1793 2857 1841 2902; x_wconf 92' lang='lat' dir='ltr'><strong>et</strong></span> <span class='ocrx_word' id='word_1_194' title='bbox 1869 2847 1978 2917; x_wconf 84' lang='lat' dir='ltr'><strong>ipse</strong></span> <span class='ocrx_word' id='word_1_195' title='bbox 2002 2847 2205 2902; x_wconf 80' lang='lat' dir='ltr'><strong>veniam</strong></span> 
     </span>
    </p>
   </div>
   <div class='ocr_carea' id='block_1_30' title="bbox 608 2941 2204 3011">
    <p class='ocr_par' dir='ltr' id='par_1_30' title="bbox 608 2941 2204 3011">
     <span class='ocr_line' id='line_1_30' title="bbox 608 2941 2204 3011; baseline -0.003 -12"><span class='ocrx_word' id='word_1_196' title='bbox 608 2947 675 3000; x_wconf 86' lang='lat' dir='ltr'><strong>ad</strong></span> <span class='ocrx_word' id='word_1_197' title='bbox 704 2962 787 2998; x_wconf 83' lang='lat' dir='ltr'><strong>vos</strong></span> <span class='ocrx_word' id='word_1_198' title='bbox 817 2945 940 2997; x_wconf 90' lang='lat' dir='ltr'><strong>cito.</strong></span> <span class='ocrx_word' id='word_1_199' title='bbox 988 2943 1103 2996; x_wconf 77' lang='lat' dir='ltr'><strong>Non</strong></span> <span class='ocrx_word' id='word_1_200' title='bbox 1142 2941 1317 2996; x_wconf 83' lang='lat' dir='ltr'><strong>solum</strong></span> <span class='ocrx_word' id='word_1_201' title='bbox 1372 2942 1524 2996; x_wconf 91' lang='lat' dir='ltr'><strong>illum</strong></span> <span class='ocrx_word' id='word_1_202' title='bbox 1571 2943 1752 3008; x_wconf 89' lang='lat' dir='ltr'><strong>mitto,</strong></span> <span class='ocrx_word' id='word_1_203' title='bbox 1781 2956 1942 3011; x_wconf 89' lang='lat' dir='ltr'><strong>quem</strong></span> <span class='ocrx_word' id='word_1_204' title='bbox 1984 2941 2204 2996; x_wconf 89' lang='lat' dir='ltr'><strong>unicnm</strong></span> 
     </span>
    </p>
   </div>
   <div class='ocr_carea' id='block_1_31' title="bbox 606 3035 1089 3093">
    <p class='ocr_par' dir='ltr' id='par_1_31' title="bbox 606 3035 1089 3093">
     <span class='ocr_line' id='line_1_31' title="bbox 606 3035 1089 3093; baseline -0.01 0"><span class='ocrx_word' id='word_1_205' title='bbox 606 3038 782 3093; x_wconf 88' lang='lat' dir='ltr'><strong>habeo</strong></span> <span class='ocrx_word' id='word_1_206' title='bbox 814 3035 1089 3091; x_wconf 87' lang='lat' dir='ltr'><strong>solatium.</strong></span> 
     </span>
    </p>
   </div>
   <div class='ocr_carea' id='block_1_32' title="bbox 680 3126 2202 3199">
    <p class='ocr_par' dir='ltr' id='par_1_32' title="bbox 680 3126 2202 3199">
     <span class='ocr_line' id='line_1_32' title="bbox 680 3126 2202 3199; baseline -0.003 -14"><span class='ocrx_word' id='word_1_207' title='bbox 680 3129 1049 3185; x_wconf 80' lang='lat' dir='ltr'><strong>Necessarium</strong></span> <span class='ocrx_word' id='word_1_208' title='bbox 1085 3136 1259 3182; x_wconf 89' lang='lat' dir='ltr'><strong>autem</strong></span> <span class='ocrx_word' id='word_1_209' title='bbox 1311 3128 1599 3182; x_wconf 74' lang='lat' dir='ltr'><strong>existimavi</strong></span> <span class='ocrx_word' id='word_1_210' title='bbox 1634 3126 2059 3198; x_wconf 86' lang='lat' dir='ltr'><strong>Epaphroditum</strong></span> <span class='ocrx_word' id='word_1_211' title='bbox 2088 3129 2202 3199; x_wconf 77' lang='lat' dir='ltr'><strong>fra-</strong></span> 
     </span>
    </p>
   </div>
   <div class='ocr_carea' id='block_1_33' title="bbox 2304 527 2767 592">
    <p class='ocr_par' dir='ltr' id='par_1_33' title="bbox 2304 527 2767 592">
     <span class='ocr_line' id='line_1_33' title="bbox 2304 527 2767 592; baseline -0.004 -10"><span class='ocrx_word' id='word_1_212' title='bbox 2304 534 2451 592; x_wconf 84' lang='lat' dir='ltr'><strong>sunt,</strong></span> <span class='ocrx_word' id='word_1_213' title='bbox 2484 527 2767 582; x_wconf 85' lang='lat' dir='ltr'><strong>honorate.</strong></span> 
     </span>
    </p>
   </div>
   <div class='ocr_carea' id='block_1_34' title="bbox 2380 616 3836 691">
    <p class='ocr_par' dir='ltr' id='par_1_34' title="bbox 2380 616 3836 691">
     <span class='ocr_line' id='line_1_34' title="bbox 2380 616 3836 691; baseline 0.001 -18"><span class='ocrx_word' id='word_1_214' title='bbox 2380 620 2638 686; x_wconf 82' lang='lat' dir='ltr'><strong>Quoniam</strong></span> <span class='ocrx_word' id='word_1_215' title='bbox 2664 628 2876 691; x_wconf 86' lang='lat' dir='ltr'><strong>prapter</strong></span> <span class='ocrx_word' id='word_1_216' title='bbox 2897 635 3025 691; x_wconf 80' lang='lat' dir='ltr'><strong>Opus</strong></span> <span class='ocrx_word' id='word_1_217' title='bbox 3047 616 3241 673; x_wconf 83' lang='lat' dir='ltr'><strong>Christi</strong></span> <span class='ocrx_word' id='word_1_218' title='bbox 3261 634 3419 689; x_wconf 87' lang='lat' dir='ltr'><strong>usque</strong></span> <span class='ocrx_word' id='word_1_219' title='bbox 3455 618 3526 672; x_wconf 87' lang='lat' dir='ltr'><strong>ad</strong></span> <span class='ocrx_word' id='word_1_220' title='bbox 3563 627 3755 673; x_wconf 87' lang='lat' dir='ltr'><strong>mortem</strong></span> <span class='ocrx_word' id='word_1_221' title='bbox 3775 637 3836 674; x_wconf 82' lang='lat' dir='ltr'><strong>ac-</strong></span> 
     </span>
    </p>
   </div>
   <div class='ocr_carea' id='block_1_35' title="bbox 2304 711 3785 780">
    <p class='ocr_par' dir='ltr' id='par_1_35' title="bbox 2304 711 3785 780">
     <span class='ocr_line' id='line_1_35' title="bbox 2304 711 3785 780; baseline 0.001 -14"><span class='ocrx_word' id='word_1_222' title='bbox 2304 713 2473 769; x_wconf 84' lang='lat' dir='ltr'><strong>cessit.</strong></span> <span class='ocrx_word' id='word_1_223' title='bbox 2507 711 2610 780; x_wconf 89' lang='lat' dir='ltr'><strong>Qui</strong></span> <span class='ocrx_word' id='word_1_224' title='bbox 2642 712 2773 766; x_wconf 91' lang='lat' dir='ltr'><strong>mihi</strong></span> <span class='ocrx_word' id='word_1_225' title='bbox 2806 726 2909 767; x_wconf 91' lang='lat' dir='ltr'><strong>non</strong></span> <span class='ocrx_word' id='word_1_226' title='bbox 2944 711 3123 767; x_wconf 88' lang='lat' dir='ltr'><strong>timuit</strong></span> <span class='ocrx_word' id='word_1_227' title='bbox 3147 711 3200 765; x_wconf 92' lang='lat' dir='ltr'><strong>in</strong></span> <span class='ocrx_word' id='word_1_228' title='bbox 3231 726 3454 767; x_wconf 84' lang='lat' dir='ltr'><strong>carcere</strong></span> <span class='ocrx_word' id='word_1_229' title='bbox 3485 712 3785 768; x_wconf 88' lang='lat' dir='ltr'><strong>ministrare.</strong></span> 
     </span>
    </p>
   </div>
   <div class='ocr_carea' id='block_1_36' title="bbox 2377 803 3927 876">
    <p class='ocr_par' dir='ltr' id='par_1_36' title="bbox 2377 803 3927 876">
     <span class='ocr_line' id='line_1_36' title="bbox 2377 803 3927 876; baseline 0.001 -17"><span class='ocrx_word' id='word_1_230' title='bbox 2377 804 2604 859; x_wconf 85' lang='lat' dir='ltr'><strong>Tradens</strong></span> <span class='ocrx_word' id='word_1_231' title='bbox 2630 805 2858 859; x_wconf 87' lang='lat' dir='ltr'><strong>animam</strong></span> <span class='ocrx_word' id='word_1_232' title='bbox 2885 820 3053 859; x_wconf 88' lang='lat' dir='ltr'><strong>suam.</strong></span> <span class='ocrx_word' id='word_1_233' title='bbox 3080 803 3140 860; x_wconf 87' lang='lat' dir='ltr'><strong>In</strong></span> <span class='ocrx_word' id='word_1_234' title='bbox 3162 804 3707 876; x_wconf 75' lang='lat' dir='ltr'><strong>manusinimicorutn</strong></span> <span class='ocrx_word' id='word_1_235' title='bbox 3729 822 3741 861; x_wconf 94' lang='lat'>:</span> <span class='ocrx_word' id='word_1_236' title='bbox 3766 804 3838 860; x_wconf 75' lang='lat' dir='ltr'><strong>hcc</strong></span> <span class='ocrx_word' id='word_1_237' title='bbox 3926 810 3927 813; x_wconf 72' lang='lat'>‘</span> 
     </span>
    </p>
   </div>
   <div class='ocr_carea' id='block_1_37' title="bbox 2303 898 3005 970">
    <p class='ocr_par' dir='ltr' id='par_1_37' title="bbox 2303 898 3005 970">
     <span class='ocr_line' id='line_1_37' title="bbox 2303 898 3005 970; baseline -0.001 -15"><span class='ocrx_word' id='word_1_238' title='bbox 2303 908 2385 955; x_wconf 88' lang='lat' dir='ltr'><strong>est</strong></span> <span class='ocrx_word' id='word_1_239' title='bbox 2406 906 2627 970; x_wconf 90' lang='lat' dir='ltr'><strong>paratus</strong></span> <span class='ocrx_word' id='word_1_240' title='bbox 2653 898 2718 953; x_wconf 88' lang='lat' dir='ltr'><strong>ad</strong></span> <span class='ocrx_word' id='word_1_241' title='bbox 2752 908 3005 954; x_wconf 87' lang='lat' dir='ltr'><strong>mortem.</strong></span> 
     </span>
    </p>
   </div>
   <div class='ocr_carea' id='block_1_38' title="bbox 2380 992 3838 1063">
    <p class='ocr_par' dir='ltr' id='par_1_38' title="bbox 2380 992 3838 1063">
     <span class='ocr_line' id='line_1_38' title="bbox 2380 992 3838 1063; baseline 0 -16"><span class='ocrx_word' id='word_1_242' title='bbox 2380 992 2447 1047; x_wconf 92' lang='lat' dir='ltr'><strong>Ut</strong></span> <span class='ocrx_word' id='word_1_243' title='bbox 2470 992 2706 1063; x_wconf 78' lang='lat' dir='ltr'><strong>impleret</strong></span> <span class='ocrx_word' id='word_1_244' title='bbox 2731 993 2788 1046; x_wconf 88' lang='lat' dir='ltr'><strong>id</strong></span> <span class='ocrx_word' id='word_1_245' title='bbox 2815 992 2954 1062; x_wconf 80' lang='lat' dir='ltr'><strong>quod</strong></span> <span class='ocrx_word' id='word_1_246' title='bbox 2974 1009 3038 1049; x_wconf 82' lang='lat' dir='ltr'><strong>ea:</strong></span> <span class='ocrx_word' id='word_1_247' title='bbox 3057 993 3197 1048; x_wconf 82' lang='lat' dir='ltr'><strong>vobis</strong></span> <span class='ocrx_word' id='word_1_248' title='bbox 3217 993 3389 1048; x_wconf 86' lang='lat' dir='ltr'><strong>deerat</strong></span> <span class='ocrx_word' id='word_1_249' title='bbox 3409 1009 3529 1063; x_wconf 88' lang='lat' dir='ltr'><strong>erga</strong></span> <span class='ocrx_word' id='word_1_250' title='bbox 3555 1008 3712 1047; x_wconf 76' lang='lat' dir='ltr'><strong>meum</strong></span> <span class='ocrx_word' id='word_1_251' title='bbox 3728 993 3838 1047; x_wconf 78' lang='lat' dir='ltr'><strong>obse-</strong></span> 
     </span>
    </p>
   </div>
   <div class='ocr_carea' id='block_1_39' title="bbox 2303 1084 3841 1158">
    <p class='ocr_par' dir='ltr' id='par_1_39' title="bbox 2303 1084 3841 1158">
     <span class='ocr_line' id='line_1_39' title="bbox 2303 1084 3841 1158; baseline 0.002 -20"><span class='ocrx_word' id='word_1_252' title='bbox 2303 1085 2502 1157; x_wconf 85' lang='lat' dir='ltr'><strong>quium.</strong></span> <span class='ocrx_word' id='word_1_253' title='bbox 2536 1085 2607 1141; x_wconf 89' lang='lat' dir='ltr'><strong>Ut</strong></span> <span class='ocrx_word' id='word_1_254' title='bbox 2638 1086 2900 1158; x_wconf 89' lang='lat' dir='ltr'><strong>reliquum</strong></span> <span class='ocrx_word' id='word_1_255' title='bbox 2943 1096 3178 1143; x_wconf 88' lang='lat' dir='ltr'><strong>vestrum</strong></span> <span class='ocrx_word' id='word_1_256' title='bbox 3202 1101 3327 1157; x_wconf 85' lang='lat' dir='ltr'><strong>erga</strong></span> <span class='ocrx_word' id='word_1_257' title='bbox 3357 1100 3441 1143; x_wconf 88' lang='lat' dir='ltr'><strong>me</strong></span> <span class='ocrx_word' id='word_1_258' title='bbox 3467 1084 3619 1142; x_wconf 87' lang='lat' dir='ltr'><strong>solus</strong></span> <span class='ocrx_word' id='word_1_259' title='bbox 3644 1085 3841 1157; x_wconf 82' lang='lat' dir='ltr'><strong>impleret</strong></span> 
     </span>
    </p>
   </div>
   <div class='ocr_carea' id='block_1_40' title="bbox 2304 1176 3259 1305">
    <p class='ocr_par' dir='ltr' id='par_1_40' title="bbox 2304 1176 3259 1305">
     <span class='ocr_line' id='line_1_40' title="bbox 2304 1176 3259 1305; baseline 0.002 -74"><span class='ocrx_word' id='word_1_260' title='bbox 2304 1176 2647 1248; x_wconf 86' lang='lat' dir='ltr'><strong>obsequium.</strong></span> <span class='ocrx_word' id='word_1_261' title='bbox 2920 1246 3151 1305; x_wconf 64' lang='lat' dir='ltr'><strong>CAPUT</strong></span> <span class='ocrx_word' id='word_1_262' title='bbox 3190 1248 3259 1305; x_wconf 69' lang='grc' dir='ltr'><strong>ΠΙ</strong></span> 
     </span>
    </p>
   </div>
   <div class='ocr_carea' id='block_1_41' title="bbox 2376 1359 3654 1435">
    <p class='ocr_par' dir='ltr' id='par_1_41' title="bbox 2376 1359 3654 1435">
     <span class='ocr_line' id='line_1_41' title="bbox 2376 1359 3654 1435; baseline 0.002 -20"><span class='ocrx_word' id='word_1_263' title='bbox 2376 1359 2455 1415; x_wconf 88' lang='lat' dir='ltr'><strong>De</strong></span> <span class='ocrx_word' id='word_1_264' title='bbox 2475 1370 2679 1427; x_wconf 76' lang='lat' dir='ltr'><strong>cwtero,</strong></span> <span class='ocrx_word' id='word_1_265' title='bbox 2713 1362 2902 1434; x_wconf 80' lang='lat' dir='ltr'><strong>fratres</strong></span> <span class='ocrx_word' id='word_1_266' title='bbox 2926 1362 3049 1427; x_wconf 89' lang='lat' dir='ltr'><strong>mei,</strong></span> <span class='ocrx_word' id='word_1_267' title='bbox 3078 1363 3299 1435; x_wconf 86' lang='lat' dir='ltr'><strong>gaudete</strong></span> <span class='ocrx_word' id='word_1_268' title='bbox 3325 1363 3380 1417; x_wconf 87' lang='lat' dir='ltr'><strong>in</strong></span> <span class='ocrx_word' id='word_1_269' title='bbox 3409 1360 3654 1418; x_wconf 86' lang='lat' dir='ltr'><strong>Domino.</strong></span> 
     </span>
    </p>
   </div>
   <div class='ocr_carea' id='block_1_42' title="bbox 2375 1453 3839 1530">
    <p class='ocr_par' dir='ltr' id='par_1_42' title="bbox 2375 1453 3839 1530">
     <span class='ocr_line' id='line_1_42' title="bbox 2375 1453 3839 1530; baseline 0.004 -21"><span class='ocrx_word' id='word_1_270' title='bbox 2375 1453 2490 1509; x_wconf 81' lang='lat' dir='ltr'><strong>Non</strong></span> <span class='ocrx_word' id='word_1_271' title='bbox 2519 1454 2572 1509; x_wconf 93' lang='lat' dir='ltr'><strong>in</strong></span> <span class='ocrx_word' id='word_1_272' title='bbox 2603 1454 2766 1510; x_wconf 89' lang='lat' dir='ltr'><strong>rebus</strong></span> <span class='ocrx_word' id='word_1_273' title='bbox 2795 1456 3075 1523; x_wconf 88' lang='lat' dir='ltr'><strong>humanis,</strong></span> <span class='ocrx_word' id='word_1_274' title='bbox 3121 1456 3207 1513; x_wconf 86' lang='lat' dir='ltr'><strong>vel</strong></span> <span class='ocrx_word' id='word_1_275' title='bbox 3240 1458 3293 1513; x_wconf 91' lang='lat' dir='ltr'><strong>in</strong></span> <span class='ocrx_word' id='word_1_276' title='bbox 3319 1456 3501 1529; x_wconf 90' lang='lat' dir='ltr'><strong>aliquo</strong></span> <span class='ocrx_word' id='word_1_277' title='bbox 3528 1466 3839 1530; x_wconf 63' lang='lat' dir='ltr'><strong>praeterquam</strong></span> 
     </span>
    </p>
   </div>
   <div class='ocr_carea' id='block_1_43' title="bbox 2305 1548 2952 1620">
    <p class='ocr_par' dir='ltr' id='par_1_43' title="bbox 2305 1548 2952 1620">
     <span class='ocr_line' id='line_1_43' title="bbox 2305 1548 2952 1620; baseline 0.003 -17"><span class='ocrx_word' id='word_1_278' title='bbox 2305 1548 2358 1603; x_wconf 93' lang='lat' dir='ltr'><strong>in</strong></span> <span class='ocrx_word' id='word_1_279' title='bbox 2394 1549 2623 1604; x_wconf 85' lang='lat' dir='ltr'><strong>Domino</strong></span> <span class='ocrx_word' id='word_1_280' title='bbox 2648 1549 2952 1620; x_wconf 79' lang='lat' dir='ltr'><strong>gaudeatis.</strong></span> 
     </span>
    </p>
   </div>
   <div class='ocr_carea' id='block_1_44' title="bbox 2377 1639 3839 1719">
    <p class='ocr_par' dir='ltr' id='par_1_44' title="bbox 2377 1639 3839 1719">
     <span class='ocr_line' id='line_1_44' title="bbox 2377 1639 3839 1719; baseline 0.003 -24"><span class='ocrx_word' id='word_1_281' title='bbox 2377 1639 2577 1696; x_wconf 87' lang='lat' dir='ltr'><strong>Eadem</strong></span> <span class='ocrx_word' id='word_1_282' title='bbox 2606 1643 2746 1697; x_wconf 84' lang='lat' dir='ltr'><strong>vobis</strong></span> <span class='ocrx_word' id='word_1_283' title='bbox 2767 1644 2990 1700; x_wconf 84' lang='lat' dir='ltr'><strong>scribere</strong></span> <span class='ocrx_word' id='word_1_284' title='bbox 3014 1644 3144 1699; x_wconf 89' lang='lat' dir='ltr'><strong>mihi</strong></span> <span class='ocrx_word' id='word_1_285' title='bbox 3176 1646 3381 1716; x_wconf 85' lang='lat' dir='ltr'><strong>quidem</strong></span> <span class='ocrx_word' id='word_1_286' title='bbox 3407 1663 3508 1701; x_wconf 86' lang='lat' dir='ltr'><strong>non</strong></span> <span class='ocrx_word' id='word_1_287' title='bbox 3535 1646 3747 1719; x_wconf 72' lang='lat' dir='ltr'><strong>pigrum.</strong></span> <span class='ocrx_word' id='word_1_288' title='bbox 3765 1644 3839 1701; x_wconf 77' lang='lat' dir='ltr'><strong>Ea-</strong></span> 
     </span>
    </p>
   </div>
   <div class='ocr_carea' id='block_1_45' title="bbox 2302 1734 3427 1808">
    <p class='ocr_par' dir='ltr' id='par_1_45' title="bbox 2302 1734 3427 1808">
     <span class='ocr_line' id='line_1_45' title="bbox 2302 1734 3427 1808; baseline 0.004 -17"><span class='ocrx_word' id='word_1_289' title='bbox 2302 1734 2424 1791; x_wconf 91' lang='lat' dir='ltr'><strong>dem</strong></span> <span class='ocrx_word' id='word_1_290' title='bbox 2454 1745 2726 1807; x_wconf 88' lang='lat' dir='ltr'><strong>repetere,</strong></span> <span class='ocrx_word' id='word_1_291' title='bbox 2759 1752 2877 1808; x_wconf 76' lang='lat' dir='ltr'><strong>qua:</strong></span> <span class='ocrx_word' id='word_1_292' title='bbox 2903 1752 3143 1807; x_wconf 68' lang='lat' dir='ltr'><strong>praesens</strong></span> <span class='ocrx_word' id='word_1_293' title='bbox 3163 1738 3427 1796; x_wconf 83' lang='lat' dir='ltr'><strong>dixeram.</strong></span> 
     </span>
    </p>
   </div>
   <div class='ocr_carea' id='block_1_46' title="bbox 2227 1826 3844 1889">
    <p class='ocr_par' dir='ltr' id='par_1_46' title="bbox 2227 1826 3844 1889">
     <span class='ocr_line' id='line_1_46' title="bbox 2227 1826 3844 1889; baseline 0.002 -8"><span class='ocrx_word' id='word_1_294' title='bbox 2227 1828 2277 1889; x_wconf 85' lang='grc' dir='ltr'><strong>Β</strong></span> <span class='ocrx_word' id='word_1_295' title='bbox 2378 1826 2534 1882; x_wconf 85' lang='lat' dir='ltr'><strong>Vobis</strong></span> <span class='ocrx_word' id='word_1_296' title='bbox 2560 1838 2733 1883; x_wconf 88' lang='lat' dir='ltr'><strong>autem</strong></span> <span class='ocrx_word' id='word_1_297' title='bbox 2768 1830 3132 1886; x_wconf 84' lang='lat' dir='ltr'><strong>necessarium.</strong></span> <span class='ocrx_word' id='word_1_298' title='bbox 3167 1829 3321 1887; x_wconf 84' lang='lat' dir='ltr'><strong>Sicut</strong></span> <span class='ocrx_word' id='word_1_299' title='bbox 3362 1831 3520 1888; x_wconf 81' lang='lat' dir='ltr'><strong>horto</strong></span> <span class='ocrx_word' id='word_1_300' title='bbox 3546 1829 3771 1888; x_wconf 81' lang='lat' dir='ltr'><strong>crebrius</strong></span> <span class='ocrx_word' id='word_1_301' title='bbox 3791 1830 3844 1885; x_wconf 50' lang='lat' dir='ltr'><strong>ir‘</strong></span> 
     </span>
    </p>
   </div>
   <div class='ocr_carea' id='block_1_47' title="bbox 2305 1936 2492 1992">
    <p class='ocr_par' dir='ltr' id='par_1_47' title="bbox 2305 1936 2492 1992">
     <span class='ocr_line' id='line_1_47' title="bbox 2305 1936 2492 1992; baseline 0.011 -16"><span class='ocrx_word' id='word_1_302' title='bbox 2305 1936 2492 1992; x_wconf 81' lang='lat' dir='ltr'><strong>rigari.</strong></span> 
     </span>
    </p>
   </div>
   <div class='ocr_carea' id='block_1_48' title="bbox 2384 2013 3843 2089">
    <p class='ocr_par' dir='ltr' id='par_1_48' title="bbox 2384 2013 3843 2089">
     <span class='ocr_line' id='line_1_48' title="bbox 2384 2013 3843 2089; baseline 0.003 -21"><span class='ocrx_word' id='word_1_303' title='bbox 2384 2013 2567 2068; x_wconf 81' lang='lat' dir='ltr'><strong>Videte</strong></span> <span class='ocrx_word' id='word_1_304' title='bbox 2586 2030 2760 2070; x_wconf 90' lang='lat' dir='ltr'><strong>canes.</strong></span> <span class='ocrx_word' id='word_1_305' title='bbox 2788 2014 2890 2072; x_wconf 84' lang='lat' dir='ltr'><strong>Hic</strong></span> <span class='ocrx_word' id='word_1_306' title='bbox 2912 2024 3099 2073; x_wconf 91' lang='lat' dir='ltr'><strong>contra</strong></span> <span class='ocrx_word' id='word_1_307' title='bbox 3125 2015 3572 2089; x_wconf 84' lang='lat' dir='ltr'><strong>pseudoapstolos</strong></span> <span class='ocrx_word' id='word_1_308' title='bbox 3598 2017 3675 2073; x_wconf 84' lang='lat' dir='ltr'><strong>ait</strong></span> <span class='ocrx_word' id='word_1_309' title='bbox 3692 2014 3843 2073; x_wconf 85' lang='lat' dir='ltr'><strong>Christi</strong></span> 
     </span>
    </p>
   </div>
   <div class='ocr_carea' id='block_1_49' title="bbox 2306 2104 3009 2177">
    <p class='ocr_par' dir='ltr' id='par_1_49' title="bbox 2306 2104 3009 2177">
     <span class='ocr_line' id='line_1_49' title="bbox 2306 2104 3009 2177; baseline 0.003 -16"><span class='ocrx_word' id='word_1_310' title='bbox 2306 2104 2659 2177; x_wconf 83' lang='lat' dir='ltr'><strong>Evangelium</strong></span> <span class='ocrx_word' id='word_1_311' title='bbox 2684 2108 3009 2165; x_wconf 87' lang='lat' dir='ltr'><strong>lacerantes.</strong></span> 
     </span>
    </p>
   </div>
   <div class='ocr_carea' id='block_1_50' title="bbox 2384 2198 3843 2271">
    <p class='ocr_par' dir='ltr' id='par_1_50' title="bbox 2384 2198 3843 2271">
     <span class='ocr_line' id='line_1_50' title="bbox 2384 2198 3843 2271; baseline 0.001 -18"><span class='ocrx_word' id='word_1_312' title='bbox 2384 2198 2565 2254; x_wconf 84' lang='lat' dir='ltr'><strong>Videte</strong></span> <span class='ocrx_word' id='word_1_313' title='bbox 2591 2198 2755 2254; x_wconf 88' lang='lat' dir='ltr'><strong>malos</strong></span> <span class='ocrx_word' id='word_1_314' title='bbox 2786 2202 3073 2267; x_wconf 85' lang='lat' dir='ltr'><strong>aperarios.</strong></span> <span class='ocrx_word' id='word_1_315' title='bbox 3107 2199 3209 2268; x_wconf 86' lang='lat' dir='ltr'><strong>Qui</strong></span> <span class='ocrx_word' id='word_1_316' title='bbox 3252 2200 3397 2271; x_wconf 90' lang='lat' dir='ltr'><strong>quod</strong></span> <span class='ocrx_word' id='word_1_317' title='bbox 3436 2213 3532 2256; x_wconf 87' lang='lat' dir='ltr'><strong>nos</strong></span> <span class='ocrx_word' id='word_1_318' title='bbox 3578 2199 3713 2256; x_wconf 87' lang='lat' dir='ltr'><strong>bene</strong></span> <span class='ocrx_word' id='word_1_319' title='bbox 3744 2214 3843 2254; x_wconf 78' lang='lat' dir='ltr'><strong>ton-</strong></span> 
     </span>
    </p>
   </div>
   <div class='ocr_carea' id='block_1_51' title="bbox 2306 2290 3258 2357">
    <p class='ocr_par' dir='ltr' id='par_1_51' title="bbox 2306 2290 3258 2357">
     <span class='ocr_line' id='line_1_51' title="bbox 2306 2290 3258 2357; baseline -0.001 -11"><span class='ocrx_word' id='word_1_320' title='bbox 2306 2291 2624 2357; x_wconf 80' lang='lat' dir='ltr'><strong>struximus,</strong></span> <span class='ocrx_word' id='word_1_321' title='bbox 2657 2290 2941 2347; x_wconf 88' lang='lat' dir='ltr'><strong>destruere</strong></span> <span class='ocrx_word' id='word_1_322' title='bbox 2968 2302 3258 2347; x_wconf 89' lang='lat' dir='ltr'><strong>conantur.</strong></span> 
     </span>
    </p>
   </div>
   <div class='ocr_carea' id='block_1_52' title="bbox 2384 2384 3844 2456">
    <p class='ocr_par' dir='ltr' id='par_1_52' title="bbox 2384 2384 3844 2456">
     <span class='ocr_line' id='line_1_52' title="bbox 2384 2384 3844 2456; baseline 0 -19"><span class='ocrx_word' id='word_1_323' title='bbox 2384 2384 2564 2438; x_wconf 86' lang='lat' dir='ltr'><strong>Videte</strong></span> <span class='ocrx_word' id='word_1_324' title='bbox 2607 2385 2976 2440; x_wconf 85' lang='lat' dir='ltr'><strong>concisionem.</strong></span> <span class='ocrx_word' id='word_1_325' title='bbox 3008 2384 3263 2441; x_wconf 84' lang='lat' dir='ltr'><strong>Concisio</strong></span> <span class='ocrx_word' id='word_1_326' title='bbox 3294 2385 3442 2440; x_wconf 85' lang='lat' dir='ltr'><strong>enim</strong></span> <span class='ocrx_word' id='word_1_327' title='bbox 3484 2385 3683 2456; x_wconf 85' lang='lat' dir='ltr'><strong>potius,</strong></span> <span class='ocrx_word' id='word_1_328' title='bbox 3723 2397 3844 2455; x_wconf 80' lang='lat' dir='ltr'><strong>quam</strong></span> 
     </span>
    </p>
   </div>
   <div class='ocr_carea' id='block_1_53' title="bbox 2306 2476 3070 2535">
    <p class='ocr_par' dir='ltr' id='par_1_53' title="bbox 2306 2476 3070 2535">
     <span class='ocr_line' id='line_1_53' title="bbox 2306 2476 3070 2535; baseline -0.004 0"><span class='ocrx_word' id='word_1_329' title='bbox 2306 2476 2649 2535; x_wconf 81' lang='lat' dir='ltr'><strong>circumcisio</strong></span> <span class='ocrx_word' id='word_1_330' title='bbox 2679 2486 2808 2532; x_wconf 89' lang='lat' dir='ltr'><strong>sunt</strong></span> <span class='ocrx_word' id='word_1_331' title='bbox 2834 2477 3070 2533; x_wconf 89' lang='lat' dir='ltr'><strong>dicendi.</strong></span> 
     </span>
    </p>
   </div>
   <div class='ocr_carea' id='block_1_54' title="bbox 2381 2568 3850 2642">
    <p class='ocr_par' dir='ltr' id='par_1_54' title="bbox 2381 2568 3850 2642">
     <span class='ocr_line' id='line_1_54' title="bbox 2381 2568 3850 2642; baseline -0.003 -16"><span class='ocrx_word' id='word_1_332' title='bbox 2381 2568 2494 2626; x_wconf 82' lang='lat' dir='ltr'><strong>Nos</strong></span> <span class='ocrx_word' id='word_1_333' title='bbox 2523 2571 2661 2625; x_wconf 87' lang='lat' dir='ltr'><strong>enim</strong></span> <span class='ocrx_word' id='word_1_334' title='bbox 2702 2586 2882 2625; x_wconf 90' lang='lat' dir='ltr'><strong>sumus</strong></span> <span class='ocrx_word' id='word_1_335' title='bbox 2926 2571 3265 2639; x_wconf 85' lang='lat' dir='ltr'><strong>circumcisio,</strong></span> <span class='ocrx_word' id='word_1_336' title='bbox 3301 2573 3390 2642; x_wconf 89' lang='lat' dir='ltr'><strong>qui</strong></span> <span class='ocrx_word' id='word_1_337' title='bbox 3428 2570 3617 2641; x_wconf 80' lang='lat' dir='ltr'><strong>spiritu</strong></span> <span class='ocrx_word' id='word_1_338' title='bbox 3651 2568 3850 2624; x_wconf 69' lang='lat' dir='ltr'><strong>servimus</strong></span> 
     </span>
    </p>
   </div>
   <div class='ocr_carea' id='block_1_55' title="bbox 2310 2660 3849 2737">
    <p class='ocr_par' dir='ltr' id='par_1_55' title="bbox 2310 2660 3849 2737">
     <span class='ocr_line' id='line_1_55' title="bbox 2310 2660 3849 2737; baseline -0.003 -17"><span class='ocrx_word' id='word_1_339' title='bbox 2310 2666 2438 2720; x_wconf 91' lang='lat' dir='ltr'><strong>Deo.</strong></span> <span class='ocrx_word' id='word_1_340' title='bbox 2471 2664 2580 2720; x_wconf 85' lang='lat' dir='ltr'><strong>Nos</strong></span> <span class='ocrx_word' id='word_1_341' title='bbox 2610 2680 2801 2719; x_wconf 85' lang='lat' dir='ltr'><strong>smnus</strong></span> <span class='ocrx_word' id='word_1_342' title='bbox 2840 2665 2943 2719; x_wconf 87' lang='lat' dir='ltr'><strong>viri</strong></span> <span class='ocrx_word' id='word_1_343' title='bbox 2987 2664 3182 2728; x_wconf 65' lang='lat' dir='ltr'><strong>Judaei,</strong></span> <span class='ocrx_word' id='word_1_344' title='bbox 3215 2666 3306 2737; x_wconf 91' lang='lat' dir='ltr'><strong>qui</strong></span> <span class='ocrx_word' id='word_1_345' title='bbox 3342 2680 3450 2720; x_wconf 89' lang='lat' dir='ltr'><strong>non</strong></span> <span class='ocrx_word' id='word_1_346' title='bbox 3481 2665 3640 2720; x_wconf 90' lang='lat' dir='ltr'><strong>unius</strong></span> <span class='ocrx_word' id='word_1_347' title='bbox 3669 2660 3849 2719; x_wconf 76' lang='lat' dir='ltr'><strong>membri</strong></span> 
     </span>
    </p>
   </div>
   <div class='ocr_carea' id='block_1_56' title="bbox 2308 2756 3853 2829">
    <p class='ocr_par' dir='ltr' id='par_1_56' title="bbox 2308 2756 3853 2829">
     <span class='ocr_line' id='line_1_56' title="bbox 2308 2756 3853 2829; baseline -0.002 -16"><span class='ocrx_word' id='word_1_348' title='bbox 2308 2758 2526 2827; x_wconf 82' lang='lat' dir='ltr'><strong>pellem,</strong></span> <span class='ocrx_word' id='word_1_349' title='bbox 2558 2756 2652 2812; x_wconf 87' lang='lat' dir='ltr'><strong>sed</strong></span> <span class='ocrx_word' id='word_1_350' title='bbox 2687 2757 2851 2812; x_wconf 90' lang='lat' dir='ltr'><strong>totius</strong></span> <span class='ocrx_word' id='word_1_351' title='bbox 2876 2758 3060 2813; x_wconf 88' lang='lat' dir='ltr'><strong>carnis</strong></span> <span class='ocrx_word' id='word_1_352' title='bbox 3088 2757 3213 2813; x_wconf 86' lang='lat' dir='ltr'><strong>vitia</strong></span> <span class='ocrx_word' id='word_1_353' title='bbox 3242 2766 3608 2829; x_wconf 84' lang='lat' dir='ltr'><strong>amputamus,</strong></span> <span class='ocrx_word' id='word_1_354' title='bbox 3645 2757 3853 2828; x_wconf 73' lang='lat' dir='ltr'><strong>spiritua-</strong></span> 
     </span>
    </p>
   </div>
   <div class='ocr_carea' id='block_1_57' title="bbox 2308 2848 3017 2903">
    <p class='ocr_par' dir='ltr' id='par_1_57' title="bbox 2308 2848 3017 2903">
     <span class='ocr_line' id='line_1_57' title="bbox 2308 2848 3017 2903; baseline 0 0"><span class='ocrx_word' id='word_1_355' title='bbox 2308 2848 2433 2903; x_wconf 88' lang='lat' dir='ltr'><strong>liter</strong></span> <span class='ocrx_word' id='word_1_356' title='bbox 2456 2848 2665 2903; x_wconf 88' lang='lat' dir='ltr'><strong>scilicet</strong></span> <span class='ocrx_word' id='word_1_357' title='bbox 2687 2849 3017 2903; x_wconf 88' lang='lat' dir='ltr'><strong>circumcisi.</strong></span> 
     </span>
    </p>
   </div>
   <div class='ocr_carea' id='block_1_58' title="bbox 2381 2938 3854 3010">
    <p class='ocr_par' dir='ltr' id='par_1_58' title="bbox 2381 2938 3854 3010">
     <span class='ocr_line' id='line_1_58' title="bbox 2381 2938 3854 3010; baseline -0.001 -18"><span class='ocrx_word' id='word_1_358' title='bbox 2381 2938 2447 2993; x_wconf 88' lang='lat' dir='ltr'><strong>Et</strong></span> <span class='ocrx_word' id='word_1_359' title='bbox 2477 2939 2763 3010; x_wconf 80' lang='lat' dir='ltr'><strong>gloriantur</strong></span> <span class='ocrx_word' id='word_1_360' title='bbox 2792 2941 2844 2992; x_wconf 87' lang='lat' dir='ltr'><strong>in</strong></span> <span class='ocrx_word' id='word_1_361' title='bbox 2868 2938 3077 2995; x_wconf 82' lang='lat' dir='ltr'><strong>Christo</strong></span> <span class='ocrx_word' id='word_1_362' title='bbox 3103 2940 3231 2995; x_wconf 82' lang='lat' dir='ltr'><strong>Jesu</strong></span> <span class='ocrx_word' id='word_1_363' title='bbox 3254 2956 3273 2995; x_wconf 92' lang='lat'><strong><em>:</em></strong></span> <span class='ocrx_word' id='word_1_364' title='bbox 3302 2949 3351 2995; x_wconf 87' lang='lat' dir='ltr'><strong>et</strong></span> <span class='ocrx_word' id='word_1_365' title='bbox 3373 2956 3475 2995; x_wconf 86' lang='lat' dir='ltr'><strong>non</strong></span> <span class='ocrx_word' id='word_1_366' title='bbox 3502 2941 3555 2995; x_wconf 88' lang='lat' dir='ltr'><strong>in</strong></span> <span class='ocrx_word' id='word_1_367' title='bbox 3576 2956 3723 2994; x_wconf 84' lang='lat' dir='ltr'><strong>carne</strong></span> <span class='ocrx_word' id='word_1_368' title='bbox 3747 2939 3854 3008; x_wconf 76' lang='lat' dir='ltr'><strong>ﬁdu-</strong></span> 
     </span>
    </p>
   </div>
   <div class='ocr_carea' id='block_1_59' title="bbox 2307 3030 3837 3098">
    <p class='ocr_par' dir='ltr' id='par_1_59' title="bbox 2307 3030 3837 3098">
     <span class='ocr_line' id='line_1_59' title="bbox 2307 3030 3837 3098; baseline -0.001 -12"><span class='ocrx_word' id='word_1_369' title='bbox 2307 3032 2441 3086; x_wconf 82' lang='lat' dir='ltr'><strong>ciam</strong></span> <span class='ocrx_word' id='word_1_370' title='bbox 2471 3031 2731 3085; x_wconf 86' lang='lat' dir='ltr'><strong>habentes.</strong></span> <span class='ocrx_word' id='word_1_371' title='bbox 2776 3030 2835 3085; x_wconf 88' lang='lat' dir='ltr'><strong>ln</strong></span> <span class='ocrx_word' id='word_1_372' title='bbox 2861 3031 2977 3086; x_wconf 89' lang='lat' dir='ltr'><strong>sola</strong></span> <span class='ocrx_word' id='word_1_373' title='bbox 3005 3031 3112 3088; x_wconf 87' lang='lat' dir='ltr'><strong>ﬁde</strong></span> <span class='ocrx_word' id='word_1_374' title='bbox 3132 3032 3359 3098; x_wconf 83' lang='lat' dir='ltr'><strong>Christi,</strong></span> <span class='ocrx_word' id='word_1_375' title='bbox 3395 3048 3501 3088; x_wconf 89' lang='lat' dir='ltr'><strong>non</strong></span> <span class='ocrx_word' id='word_1_376' title='bbox 3530 3034 3586 3088; x_wconf 92' lang='lat' dir='ltr'><strong>in</strong></span> <span class='ocrx_word' id='word_1_377' title='bbox 3617 3033 3837 3090; x_wconf 87' lang='lat' dir='ltr'><strong>circumci</strong></span> 
     </span>
    </p>
   </div>
   <div class='ocr_carea' id='block_1_60' title="bbox 2306 3123 2715 3177">
    <p class='ocr_par' dir='ltr' id='par_1_60' title="bbox 2306 3123 2715 3177">
     <span class='ocr_line' id='line_1_60' title="bbox 2306 3123 2715 3177; baseline -0.005 0"><span class='ocrx_word' id='word_1_378' title='bbox 2306 3123 2458 3177; x_wconf 87' lang='lat' dir='ltr'><strong>sione</strong></span> <span class='ocrx_word' id='word_1_379' title='bbox 2487 3124 2715 3177; x_wconf 85' lang='lat' dir='ltr'><strong>carnali.</strong></span> 
     </span>
    </p>
   </div>
   <div class='ocr_carea' id='block_1_61' title="bbox 605 3216 3855 3293">
    <p class='ocr_par' dir='ltr' id='par_1_61' title="bbox 605 3216 3855 3293">
     <span class='ocr_line' id='line_1_61' title="bbox 605 3216 3855 3293; baseline 0.001 -16"><span class='ocrx_word' id='word_1_380' title='bbox 605 3234 754 3289; x_wconf 86' lang='lat' dir='ltr'><strong>trem,</strong></span> <span class='ocrx_word' id='word_1_381' title='bbox 798 3234 844 3277; x_wconf 88' lang='lat' dir='ltr'><strong>et</strong></span> <span class='ocrx_word' id='word_1_382' title='bbox 891 3231 1303 3293; x_wconf 79' lang='lat' dir='ltr'><strong>coaperatorcm.</strong></span> <span class='ocrx_word' id='word_1_383' title='bbox 1347 3220 1728 3276; x_wconf 87' lang='lat' dir='ltr'><strong>Necessarium</strong></span> <span class='ocrx_word' id='word_1_384' title='bbox 1762 3223 1915 3279; x_wconf 87' lang='lat' dir='ltr'><strong>vobis</strong></span> <span class='ocrx_word' id='word_1_385' title='bbox 1967 3233 2025 3278; x_wconf 89' lang='lat' dir='ltr'><strong>et</strong></span> <span class='ocrx_word' id='word_1_386' title='bbox 2071 3238 2200 3279; x_wconf 83' lang='lat' dir='ltr'><strong>coo—</strong></span> <span class='ocrx_word' id='word_1_387' title='bbox 2227 3216 2271 3277; x_wconf 95' lang='lat' dir='ltr'><strong>C</strong></span> <span class='ocrx_word' id='word_1_388' title='bbox 2381 3218 2709 3286; x_wconf 79' lang='lat' dir='ltr'><strong>Quamquam</strong></span> <span class='ocrx_word' id='word_1_389' title='bbox 2740 3226 2787 3272; x_wconf 76' lang='grc' dir='ltr'><strong>ει</strong></span> <span class='ocrx_word' id='word_1_390' title='bbox 2824 3233 2918 3292; x_wconf 81' lang='lat' dir='ltr'><strong>ego</strong></span> <span class='ocrx_word' id='word_1_391' title='bbox 2948 3216 3163 3272; x_wconf 73' lang='lat' dir='ltr'><strong>habeam</strong></span> <span class='ocrx_word' id='word_1_392' title='bbox 3215 3218 3582 3289; x_wconf 74' lang='lat' dir='ltr'><strong>conﬁdentiam</strong></span> <span class='ocrx_word' id='word_1_393' title='bbox 3630 3218 3680 3273; x_wconf 78' lang='lat' dir='ltr'><strong>in</strong></span> <span class='ocrx_word' id='word_1_394' title='bbox 3717 3232 3855 3272; x_wconf 72' lang='lat' dir='ltr'><strong>cam-</strong></span> 
     </span>
    </p>
   </div>
   <div class='ocr_carea' id='block_1_62' title="bbox 605 3314 1697 3388">
    <p class='ocr_par' dir='ltr' id='par_1_62' title="bbox 605 3314 1697 3388">
     <span class='ocr_line' id='line_1_62' title="bbox 605 3314 1697 3388; baseline -0.001 -16"><span class='ocrx_word' id='word_1_395' title='bbox 605 3324 916 3388; x_wconf 88' lang='lat' dir='ltr'><strong>peratorem</strong></span> <span class='ocrx_word' id='word_1_396' title='bbox 952 3326 1173 3386; x_wconf 84' lang='lat' dir='ltr'><strong>propter</strong></span> <span class='ocrx_word' id='word_1_397' title='bbox 1220 3314 1508 3385; x_wconf 78' lang='lat' dir='ltr'><strong>Evangelii</strong></span> <span class='ocrx_word' id='word_1_398' title='bbox 1539 3331 1697 3384; x_wconf 88' lang='lat' dir='ltr'><strong>opus.</strong></span> 
     </span>
    </p>
   </div>
   <div class='ocr_carea' id='block_1_63' title="bbox 680 3409 2206 3483">
    <p class='ocr_par' dir='ltr' id='par_1_63' title="bbox 680 3409 2206 3483">
     <span class='ocr_line' id='line_1_63' title="bbox 680 3409 2206 3483; baseline 0.002 -20"><span class='ocrx_word' id='word_1_399' title='bbox 680 3409 751 3465; x_wconf 85' lang='lat' dir='ltr'><strong>Et</strong></span> <span class='ocrx_word' id='word_1_400' title='bbox 796 3409 1204 3463; x_wconf 84' lang='lat' dir='ltr'><strong>commilitonem</strong></span> <span class='ocrx_word' id='word_1_401' title='bbox 1244 3424 1435 3473; x_wconf 88' lang='lat' dir='ltr'><strong>meum,</strong></span> <span class='ocrx_word' id='word_1_402' title='bbox 1500 3416 1726 3464; x_wconf 83' lang='lat' dir='ltr'><strong>vestrum</strong></span> <span class='ocrx_word' id='word_1_403' title='bbox 1774 3420 1949 3464; x_wconf 90' lang='lat' dir='ltr'><strong>autem</strong></span> <span class='ocrx_word' id='word_1_404' title='bbox 2000 3419 2206 3483; x_wconf 84' lang='lat' dir='ltr'><strong>aposto-</strong></span> 
     </span>
    </p>
   </div>
   <div class='ocr_carea' id='block_1_64' title="bbox 607 3501 2205 3576">
    <p class='ocr_par' dir='ltr' id='par_1_64' title="bbox 607 3501 2205 3576">
     <span class='ocr_line' id='line_1_64' title="bbox 607 3501 2205 3576; baseline 0.003 -20"><span class='ocrx_word' id='word_1_405' title='bbox 607 3504 739 3558; x_wconf 87' lang='lat' dir='ltr'><strong>lum.</strong></span> <span class='ocrx_word' id='word_1_406' title='bbox 792 3501 1102 3556; x_wconf 89' lang='lat' dir='ltr'><strong>Commilito</strong></span> <span class='ocrx_word' id='word_1_407' title='bbox 1150 3508 1376 3569; x_wconf 89' lang='lat' dir='ltr'><strong>propter</strong></span> <span class='ocrx_word' id='word_1_408' title='bbox 1422 3501 1683 3557; x_wconf 90' lang='lat' dir='ltr'><strong>honorem</strong></span> <span class='ocrx_word' id='word_1_409' title='bbox 1735 3520 1747 3555; x_wconf 89' lang='lat'><strong>:</strong></span> <span class='ocrx_word' id='word_1_410' title='bbox 1806 3503 1935 3574; x_wconf 88' lang='lat' dir='ltr'><strong>quia</strong></span> <span class='ocrx_word' id='word_1_411' title='bbox 1983 3513 2039 3560; x_wconf 91' lang='lat' dir='ltr'><strong>et</strong></span> <span class='ocrx_word' id='word_1_412' title='bbox 2087 3504 2205 3576; x_wconf 89' lang='lat' dir='ltr'><strong>ipse</strong></span> 
     </span>
    </p>
   </div>
   <div class='ocr_carea' id='block_1_65' title="bbox 608 3592 1775 3663">
    <p class='ocr_par' dir='ltr' id='par_1_65' title="bbox 608 3592 1775 3663">
     <span class='ocr_line' id='line_1_65' title="bbox 608 3592 1775 3663; baseline 0.002 -16"><span class='ocrx_word' id='word_1_413' title='bbox 608 3602 896 3663; x_wconf 89' lang='lat' dir='ltr'><strong>acceperat</strong></span> <span class='ocrx_word' id='word_1_414' title='bbox 923 3593 976 3647; x_wconf 92' lang='lat' dir='ltr'><strong>in</strong></span> <span class='ocrx_word' id='word_1_415' title='bbox 1007 3592 1112 3645; x_wconf 90' lang='lat' dir='ltr'><strong>illis</strong></span> <span class='ocrx_word' id='word_1_416' title='bbox 1143 3592 1482 3661; x_wconf 83' lang='lat' dir='ltr'><strong>apostolatus</strong></span> <span class='ocrx_word' id='word_1_417' title='bbox 1512 3593 1775 3649; x_wconf 82' lang='lat' dir='ltr'><strong>ofﬁcium.</strong></span> 
     </span>
    </p>
   </div>
   <div class='ocr_carea' id='block_1_66' title="bbox 682 3683 2203 3743">
    <p class='ocr_par' dir='ltr' id='par_1_66' title="bbox 682 3683 2203 3743">
     <span class='ocr_line' id='line_1_66' title="bbox 682 3683 2203 3743; baseline 0.004 -6"><span class='ocrx_word' id='word_1_418' title='bbox 682 3683 749 3737; x_wconf 88' lang='lat' dir='ltr'><strong>Et</strong></span> <span class='ocrx_word' id='word_1_419' title='bbox 810 3684 1103 3737; x_wconf 87' lang='lat' dir='ltr'><strong>ministrum</strong></span> <span class='ocrx_word' id='word_1_420' title='bbox 1150 3683 1469 3736; x_wconf 78' lang='lat' dir='ltr'><strong>necessitatis</strong></span> <span class='ocrx_word' id='word_1_421' title='bbox 1516 3700 1643 3738; x_wconf 70' lang='lat' dir='ltr'><strong>mea:</strong></span> <span class='ocrx_word' id='word_1_422' title='bbox 1699 3688 1903 3741; x_wconf 88' lang='lat' dir='ltr'><strong>mittere</strong></span> <span class='ocrx_word' id='word_1_423' title='bbox 1971 3689 2040 3742; x_wconf 88' lang='lat' dir='ltr'><strong>ad</strong></span> <span class='ocrx_word' id='word_1_424' title='bbox 2096 3705 2203 3743; x_wconf 80' lang='lat' dir='ltr'><strong>vos.</strong></span> 
     </span>
    </p>
   </div>
   <div class='ocr_carea' id='block_1_67' title="bbox 612 3775 2114 3849">
    <p class='ocr_par' dir='ltr' id='par_1_67' title="bbox 612 3775 2114 3849">
     <span class='ocr_line' id='line_1_67' title="bbox 612 3775 2114 3849; baseline 0.001 -17"><span class='ocrx_word' id='word_1_425' title='bbox 612 3777 747 3846; x_wconf 85' lang='lat' dir='ltr'><strong>Quia</strong></span> <span class='ocrx_word' id='word_1_426' title='bbox 780 3776 923 3831; x_wconf 87' lang='lat' dir='ltr'><strong>venit</strong></span> <span class='ocrx_word' id='word_1_427' title='bbox 957 3790 1089 3829; x_wconf 63' lang='lat' dir='ltr'><strong>mem</strong></span> <span class='ocrx_word' id='word_1_428' title='bbox 1121 3775 1435 3829; x_wconf 86' lang='lat' dir='ltr'><strong>necessitati</strong></span> <span class='ocrx_word' id='word_1_429' title='bbox 1473 3775 1786 3832; x_wconf 87' lang='lat' dir='ltr'><strong>ministrare</strong></span> <span class='ocrx_word' id='word_1_430' title='bbox 1814 3793 1914 3849; x_wconf 91' lang='lat' dir='ltr'><strong>pro</strong></span> <span class='ocrx_word' id='word_1_431' title='bbox 1936 3778 2114 3835; x_wconf 87' lang='lat' dir='ltr'><strong>vobis.</strong></span> 
     </span>
    </p>
   </div>
   <div class='ocr_carea' id='block_1_68' title="bbox 685 3868 2207 3937">
    <p class='ocr_par' dir='ltr' id='par_1_68' title="bbox 685 3868 2207 3937">
     <span class='ocr_line' id='line_1_68' title="bbox 685 3868 2207 3937; baseline 0.001 -14"><span class='ocrx_word' id='word_1_432' title='bbox 685 3871 943 3937; x_wconf 77' lang='lat' dir='ltr'><strong>Quoniam</strong></span> <span class='ocrx_word' id='word_1_433' title='bbox 982 3868 1191 3936; x_wconf 85' lang='lat' dir='ltr'><strong>quidem</strong></span> <span class='ocrx_word' id='word_1_434' title='bbox 1226 3883 1399 3920; x_wconf 87' lang='lat' dir='ltr'><strong>omnes</strong></span> <span class='ocrx_word' id='word_1_435' title='bbox 1448 3884 1535 3922; x_wconf 89' lang='lat' dir='ltr'><strong>vos</strong></span> <span class='ocrx_word' id='word_1_436' title='bbox 1566 3868 1920 3924; x_wconf 82' lang='lat' dir='ltr'><strong>desiderabat.</strong></span> <span class='ocrx_word' id='word_1_437' title='bbox 1956 3868 2207 3927; x_wconf 85' lang='lat' dir='ltr'><strong>Charita-</strong></span> 
     </span>
    </p>
   </div>
   <div class='ocr_carea' id='block_1_69' title="bbox 614 3960 2209 4032">
    <p class='ocr_par' dir='ltr' id='par_1_69' title="bbox 614 3960 2209 4032">
     <span class='ocr_line' id='line_1_69' title="bbox 614 3960 2209 4032; baseline -0.001 -11"><span class='ocrx_word' id='word_1_438' title='bbox 614 3974 721 4021; x_wconf 91' lang='lat' dir='ltr'><strong>tem</strong></span> <span class='ocrx_word' id='word_1_439' title='bbox 766 3963 888 4032; x_wconf 83' lang='lat' dir='ltr'><strong>ejus</strong></span> <span class='ocrx_word' id='word_1_440' title='bbox 932 3960 1073 4016; x_wconf 90' lang='lat' dir='ltr'><strong>circa</strong></span> <span class='ocrx_word' id='word_1_441' title='bbox 1127 3960 1250 4015; x_wconf 86' lang='lat' dir='ltr'><strong>illos</strong></span> <span class='ocrx_word' id='word_1_442' title='bbox 1301 3960 1589 4016; x_wconf 90' lang='lat' dir='ltr'><strong>sollicitam</strong></span> <span class='ocrx_word' id='word_1_443' title='bbox 1638 3962 2012 4032; x_wconf 86' lang='lat' dir='ltr'><strong>commendat,</strong></span> <span class='ocrx_word' id='word_1_444' title='bbox 2054 3971 2115 4020; x_wconf 93' lang='lat' dir='ltr'><strong>ut</strong></span> <span class='ocrx_word' id='word_1_445' title='bbox 2153 3973 2209 4020; x_wconf 86' lang='lat' dir='ltr'><strong>et</strong></span> 
     </span>
    </p>
   </div>
   <div class='ocr_carea' id='block_1_70' title="bbox 615 4051 1506 4127">
    <p class='ocr_par' dir='ltr' id='par_1_70' title="bbox 615 4051 1506 4127">
     <span class='ocr_line' id='line_1_70' title="bbox 615 4051 1506 4127; baseline -0.007 -16"><span class='ocrx_word' id='word_1_446' title='bbox 615 4058 733 4127; x_wconf 86' lang='lat' dir='ltr'><strong>ipse</strong></span> <span class='ocrx_word' id='word_1_447' title='bbox 761 4054 827 4109; x_wconf 92' lang='lat' dir='ltr'><strong>ab</strong></span> <span class='ocrx_word' id='word_1_448' title='bbox 856 4053 937 4108; x_wconf 89' lang='lat' dir='ltr'><strong>cis</strong></span> <span class='ocrx_word' id='word_1_449' title='bbox 963 4052 1197 4120; x_wconf 90' lang='lat' dir='ltr'><strong>amplius</strong></span> <span class='ocrx_word' id='word_1_450' title='bbox 1228 4051 1506 4121; x_wconf 83' lang='lat' dir='ltr'><strong>diligatur.</strong></span> 
     </span>
    </p>
   </div>
   <div class='ocr_carea' id='block_1_71' title="bbox 686 4146 2206 4214">
    <p class='ocr_par' dir='ltr' id='par_1_71' title="bbox 686 4146 2206 4214">
     <span class='ocr_line' id='line_1_71' title="bbox 686 4146 2206 4214; baseline 0.001 -14"><span class='ocrx_word' id='word_1_451' title='bbox 686 4146 752 4200; x_wconf 88' lang='lat' dir='ltr'><strong>Et</strong></span> <span class='ocrx_word' id='word_1_452' title='bbox 793 4152 1007 4197; x_wconf 69' lang='lat' dir='ltr'><strong>maestus</strong></span> <span class='ocrx_word' id='word_1_453' title='bbox 1058 4152 1190 4208; x_wconf 80' lang='lat' dir='ltr'><strong>erat,</strong></span> <span class='ocrx_word' id='word_1_454' title='bbox 1239 4151 1511 4212; x_wconf 82' lang='lat' dir='ltr'><strong>prOpterea</strong></span> <span class='ocrx_word' id='word_1_455' title='bbox 1556 4146 1696 4214; x_wconf 86' lang='lat' dir='ltr'><strong>quod</strong></span> <span class='ocrx_word' id='word_1_456' title='bbox 1734 4146 2019 4203; x_wconf 87' lang='lat' dir='ltr'><strong>audieratis</strong></span> <span class='ocrx_word' id='word_1_457' title='bbox 2056 4147 2206 4203; x_wconf 87' lang='lat' dir='ltr'><strong>illum</strong></span> 
     </span>
    </p>
   </div>
   <div class='ocr_carea' id='block_1_72' title="bbox 613 4234 2203 4309">
    <p class='ocr_par' dir='ltr' id='par_1_72' title="bbox 613 4234 2203 4309">
     <span class='ocr_line' id='line_1_72' title="bbox 613 4234 2203 4309; baseline 0.001 -16"><span class='ocrx_word' id='word_1_458' title='bbox 613 4239 959 4309; x_wconf 81' lang='lat' dir='ltr'><strong>inﬁrmatam.</strong></span> <span class='ocrx_word' id='word_1_459' title='bbox 1016 4234 1279 4289; x_wconf 73' lang='lat' dir='ltr'><strong>Tristitia:</strong></span> <span class='ocrx_word' id='word_1_460' title='bbox 1322 4244 1521 4290; x_wconf 78' lang='lat' dir='ltr'><strong>vestra:</strong></span> <span class='ocrx_word' id='word_1_461' title='bbox 1571 4252 1736 4291; x_wconf 88' lang='lat' dir='ltr'><strong>causa</strong></span> <span class='ocrx_word' id='word_1_462' title='bbox 1791 4250 2021 4294; x_wconf 73' lang='lat' dir='ltr'><strong>tumstus</strong></span> <span class='ocrx_word' id='word_1_463' title='bbox 2063 4251 2203 4309; x_wconf 84' lang='lat' dir='ltr'><strong>erat,</strong></span> 
     </span>
    </p>
   </div>
   <div class='ocr_carea' id='block_1_73' title="bbox 614 4326 2208 4402">
    <p class='ocr_par' dir='ltr' id='par_1_73' title="bbox 614 4326 2208 4402">
     <span class='ocr_line' id='line_1_73' title="bbox 614 4326 2208 4402; baseline 0.001 -16"><span class='ocrx_word' id='word_1_464' title='bbox 614 4348 679 4387; x_wconf 90' lang='lat' dir='ltr'><strong>eo</strong></span> <span class='ocrx_word' id='word_1_465' title='bbox 702 4329 845 4402; x_wconf 91' lang='lat' dir='ltr'><strong>quod</strong></span> <span class='ocrx_word' id='word_1_466' title='bbox 890 4344 987 4384; x_wconf 93' lang='lat' dir='ltr'><strong>vos</strong></span> <span class='ocrx_word' id='word_1_467' title='bbox 1033 4342 1129 4398; x_wconf 89' lang='lat' dir='ltr'><strong>per</strong></span> <span class='ocrx_word' id='word_1_468' title='bbox 1162 4326 1494 4382; x_wconf 86' lang='lat' dir='ltr'><strong>inﬁrmitatis</strong></span> <span class='ocrx_word' id='word_1_469' title='bbox 1543 4344 1657 4384; x_wconf 64' lang='lat' dir='ltr'><strong>suae</strong></span> <span class='ocrx_word' id='word_1_470' title='bbox 1688 4329 1938 4385; x_wconf 89' lang='lat' dir='ltr'><strong>nuntium</strong></span> <span class='ocrx_word' id='word_1_471' title='bbox 1982 4341 2208 4401; x_wconf 88' lang='lat' dir='ltr'><strong>paveret</strong></span> 
     </span>
    </p>
   </div>
   <div class='ocr_carea' id='block_1_74' title="bbox 613 4421 1261 4498">
    <p class='ocr_par' dir='ltr' id='par_1_74' title="bbox 613 4421 1261 4498">
     <span class='ocr_line' id='line_1_74' title="bbox 613 4421 1261 4498; baseline -0.006 -20"><span class='ocrx_word' id='word_1_472' title='bbox 613 4424 837 4479; x_wconf 89' lang='lat' dir='ltr'><strong>nimium</strong></span> <span class='ocrx_word' id='word_1_473' title='bbox 865 4421 1261 4498; x_wconf 62' lang='lat' dir='ltr'><strong>contristatos.</strong></span> 
     </span>
    </p>
   </div>
   <div class='ocr_carea' id='block_1_75' title="bbox 688 4515 2206 4588">
    <p class='ocr_par' dir='ltr' id='par_1_75' title="bbox 688 4515 2206 4588">
     <span class='ocr_line' id='line_1_75' title="bbox 688 4515 2206 4588; baseline 0.005 -20"><span class='ocrx_word' id='word_1_474' title='bbox 688 4515 829 4569; x_wconf 83' lang='lat' dir='ltr'><strong>Nam</strong></span> <span class='ocrx_word' id='word_1_475' title='bbox 855 4527 900 4569; x_wconf 89' lang='lat' dir='ltr'><strong>et</strong></span> <span class='ocrx_word' id='word_1_476' title='bbox 934 4516 1228 4585; x_wconf 85' lang='lat' dir='ltr'><strong>inﬁrmatus</strong></span> <span class='ocrx_word' id='word_1_477' title='bbox 1267 4524 1342 4570; x_wconf 88' lang='lat' dir='ltr'><strong>est</strong></span> <span class='ocrx_word' id='word_1_478' title='bbox 1383 4533 1543 4588; x_wconf 84' lang='lat' dir='ltr'><strong>usque</strong></span> <span class='ocrx_word' id='word_1_479' title='bbox 1570 4517 1638 4573; x_wconf 92' lang='lat' dir='ltr'><strong>ad</strong></span> <span class='ocrx_word' id='word_1_480' title='bbox 1665 4527 1901 4587; x_wconf 88' lang='lat' dir='ltr'><strong>ntortem,</strong></span> <span class='ocrx_word' id='word_1_481' title='bbox 1948 4520 2037 4575; x_wconf 87' lang='lat' dir='ltr'><strong>sed</strong></span> <span class='ocrx_word' id='word_1_482' title='bbox 2062 4518 2206 4576; x_wconf 80' lang='lat' dir='ltr'><strong>Deus</strong></span> 
     </span>
    </p>
   </div>
   <div class='ocr_carea' id='block_1_76' title="bbox 2306 3308 3858 3382">
    <p class='ocr_par' dir='ltr' id='par_1_76' title="bbox 2306 3308 3858 3382">
     <span class='ocr_line' id='line_1_76' title="bbox 2306 3308 3858 3382; baseline -0.001 -19"><span class='ocrx_word' id='word_1_483' title='bbox 2306 3309 2382 3363; x_wconf 85' lang='lat' dir='ltr'><strong>Ne</strong></span> <span class='ocrx_word' id='word_1_484' title='bbox 2411 3310 2529 3379; x_wconf 89' lang='lat' dir='ltr'><strong>quis</strong></span> <span class='ocrx_word' id='word_1_485' title='bbox 2552 3319 2705 3379; x_wconf 87' lang='lat' dir='ltr'><strong>putet</strong></span> <span class='ocrx_word' id='word_1_486' title='bbox 2731 3326 2816 3364; x_wconf 91' lang='lat' dir='ltr'><strong>me</strong></span> <span class='ocrx_word' id='word_1_487' title='bbox 2846 3311 2947 3366; x_wconf 92' lang='lat' dir='ltr'><strong>hoc</strong></span> <span class='ocrx_word' id='word_1_488' title='bbox 2972 3310 3096 3365; x_wconf 91' lang='lat' dir='ltr'><strong>ideo</strong></span> <span class='ocrx_word' id='word_1_489' title='bbox 3126 3309 3331 3377; x_wconf 90' lang='lat' dir='ltr'><strong>dicere,</strong></span> <span class='ocrx_word' id='word_1_490' title='bbox 3361 3310 3484 3381; x_wconf 84' lang='lat' dir='ltr'><strong>quia</strong></span> <span class='ocrx_word' id='word_1_491' title='bbox 3507 3326 3611 3381; x_wconf 84' lang='lat' dir='ltr'><strong>ego</strong></span> <span class='ocrx_word' id='word_1_492' title='bbox 3631 3308 3858 3382; x_wconf 77' lang='lat' dir='ltr'><strong>gloriandi</strong></span> 
     </span>
    </p>
   </div>
   <div class='ocr_carea' id='block_1_77' title="bbox 2306 3403 3655 3475">
    <p class='ocr_par' dir='ltr' id='par_1_77' title="bbox 2306 3403 3655 3475">
     <span class='ocr_line' id='line_1_77' title="bbox 2306 3403 3655 3475; baseline 0.001 -18"><span class='ocrx_word' id='word_1_493' title='bbox 2306 3417 2522 3458; x_wconf 87' lang='lat' dir='ltr'><strong>causam</strong></span> <span class='ocrx_word' id='word_1_494' title='bbox 2556 3418 2661 3458; x_wconf 93' lang='lat' dir='ltr'><strong>non</strong></span> <span class='ocrx_word' id='word_1_495' title='bbox 2694 3403 2945 3471; x_wconf 89' lang='lat' dir='ltr'><strong>habeam,</strong></span> <span class='ocrx_word' id='word_1_496' title='bbox 2978 3412 3032 3458; x_wconf 92' lang='lat' dir='ltr'><strong>et</strong></span> <span class='ocrx_word' id='word_1_497' title='bbox 3062 3404 3268 3458; x_wconf 90' lang='lat' dir='ltr'><strong>idcirco</strong></span> <span class='ocrx_word' id='word_1_498' title='bbox 3301 3419 3406 3458; x_wconf 91' lang='lat' dir='ltr'><strong>non</strong></span> <span class='ocrx_word' id='word_1_499' title='bbox 3433 3405 3655 3475; x_wconf 82' lang='lat' dir='ltr'><strong>glorier.</strong></span> 
     </span>
    </p>
   </div>
   <div class='ocr_carea' id='block_1_78' title="bbox 2381 3492 3862 3566">
    <p class='ocr_par' dir='ltr' id='par_1_78' title="bbox 2381 3492 3862 3566">
     <span class='ocr_line' id='line_1_78' title="bbox 2381 3492 3862 3566; baseline -0.003 -18"><span class='ocrx_word' id='word_1_500' title='bbox 2381 3494 2439 3548; x_wconf 88' lang='lat' dir='ltr'><strong>Si</strong></span> <span class='ocrx_word' id='word_1_501' title='bbox 2469 3495 2585 3565; x_wconf 87' lang='lat' dir='ltr'><strong>quis</strong></span> <span class='ocrx_word' id='word_1_502' title='bbox 2613 3495 2748 3548; x_wconf 82' lang='lat' dir='ltr'><strong>alius</strong></span> <span class='ocrx_word' id='word_1_503' title='bbox 2788 3496 2992 3548; x_wconf 86' lang='lat' dir='ltr'><strong>videtur</strong></span> <span class='ocrx_word' id='word_1_504' title='bbox 3019 3495 3280 3561; x_wconf 88' lang='lat' dir='ltr'><strong>conﬁdere</strong></span> <span class='ocrx_word' id='word_1_505' title='bbox 3308 3496 3361 3548; x_wconf 87' lang='lat' dir='ltr'><strong>in</strong></span> <span class='ocrx_word' id='word_1_506' title='bbox 3403 3511 3576 3562; x_wconf 86' lang='lat' dir='ltr'><strong>carne,</strong></span> <span class='ocrx_word' id='word_1_507' title='bbox 3620 3511 3708 3566; x_wconf 82' lang='lat' dir='ltr'><strong>ego</strong></span> <span class='ocrx_word' id='word_1_508' title='bbox 3732 3492 3862 3564; x_wconf 77' lang='lat' dir='ltr'><strong>magis</strong></span> 
     </span>
    </p>
   </div>
   <div class='ocr_carea' id='block_1_79' title="bbox 2307 3585 3861 3659">
    <p class='ocr_par' dir='ltr' id='par_1_79' title="bbox 2307 3585 3861 3659">
     <span class='ocr_line' id='line_1_79' title="bbox 2307 3585 3861 3659; baseline -0.003 -18"><span class='ocrx_word' id='word_1_509' title='bbox 2307 3587 2639 3641; x_wconf 84' lang='lat' dir='ltr'><strong>circumcisus</strong></span> <span class='ocrx_word' id='word_1_510' title='bbox 2673 3597 2850 3641; x_wconf 85' lang='lat' dir='ltr'><strong>octavo</strong></span> <span class='ocrx_word' id='word_1_511' title='bbox 2894 3588 2998 3653; x_wconf 87' lang='lat' dir='ltr'><strong>die,</strong></span> <span class='ocrx_word' id='word_1_512' title='bbox 3033 3598 3080 3641; x_wconf 90' lang='lat' dir='ltr'><strong>et</strong></span> <span class='ocrx_word' id='word_1_513' title='bbox 3124 3603 3188 3641; x_wconf 78' lang='lat' dir='ltr'><strong>ea:</strong></span> <span class='ocrx_word' id='word_1_514' title='bbox 3225 3604 3410 3659; x_wconf 85' lang='lat' dir='ltr'><strong>genere</strong></span> <span class='ocrx_word' id='word_1_515' title='bbox 3437 3585 3632 3643; x_wconf 85' lang='lat' dir='ltr'><strong>Israel.</strong></span> <span class='ocrx_word' id='word_1_516' title='bbox 3667 3587 3787 3653; x_wconf 82' lang='lat' dir='ltr'><strong>Quia</strong></span> <span class='ocrx_word' id='word_1_517' title='bbox 3811 3600 3861 3638; x_wconf 83' lang='lat' dir='ltr'><strong>ex</strong></span> 
     </span>
    </p>
   </div>
   <div class='ocr_carea' id='block_1_80' title="bbox 2309 3680 3864 3753">
    <p class='ocr_par' dir='ltr' id='par_1_80' title="bbox 2309 3680 3864 3753">
     <span class='ocr_line' id='line_1_80' title="bbox 2309 3680 3864 3753; baseline 0.001 -20"><span class='ocrx_word' id='word_1_518' title='bbox 2309 3680 2416 3735; x_wconf 88' lang='lat' dir='ltr'><strong>illis</strong></span> <span class='ocrx_word' id='word_1_519' title='bbox 2450 3680 2588 3735; x_wconf 80' lang='lat' dir='ltr'><strong>forte</strong></span> <span class='ocrx_word' id='word_1_520' title='bbox 2619 3680 2783 3751; x_wconf 88' lang='lat' dir='ltr'><strong>aliqui</strong></span> <span class='ocrx_word' id='word_1_521' title='bbox 2813 3690 2970 3735; x_wconf 86' lang='lat' dir='ltr'><strong>erant</strong></span> <span class='ocrx_word' id='word_1_522' title='bbox 3017 3680 3311 3752; x_wconf 87' lang='lat' dir='ltr'><strong>proselyti:</strong></span> <span class='ocrx_word' id='word_1_523' title='bbox 3344 3696 3447 3753; x_wconf 89' lang='lat' dir='ltr'><strong>ego</strong></span> <span class='ocrx_word' id='word_1_524' title='bbox 3476 3682 3760 3737; x_wconf 89' lang='lat' dir='ltr'><strong>secundum</strong></span> <span class='ocrx_word' id='word_1_525' title='bbox 3794 3692 3864 3749; x_wconf 77' lang='lat' dir='ltr'><strong>ge-</strong></span> 
     </span>
    </p>
   </div>
   <div class='ocr_carea' id='block_1_81' title="bbox 2310 3772 3565 3843">
    <p class='ocr_par' dir='ltr' id='par_1_81' title="bbox 2310 3772 3565 3843">
     <span class='ocr_line' id='line_1_81' title="bbox 2310 3772 3565 3843; baseline 0.002 -18"><span class='ocrx_word' id='word_1_526' title='bbox 2310 3786 2431 3836; x_wconf 92' lang='lat' dir='ltr'><strong>nus,</strong></span> <span class='ocrx_word' id='word_1_527' title='bbox 2462 3787 2569 3826; x_wconf 93' lang='lat' dir='ltr'><strong>nou</strong></span> <span class='ocrx_word' id='word_1_528' title='bbox 2604 3781 2724 3841; x_wconf 86' lang='lat' dir='ltr'><strong>post</strong></span> <span class='ocrx_word' id='word_1_529' title='bbox 2752 3787 2947 3837; x_wconf 90' lang='lat' dir='ltr'><strong>annos,</strong></span> <span class='ocrx_word' id='word_1_530' title='bbox 2980 3782 3041 3826; x_wconf 90' lang='lat' dir='ltr'><strong>ut</strong></span> <span class='ocrx_word' id='word_1_531' title='bbox 3068 3772 3232 3842; x_wconf 92' lang='lat' dir='ltr'><strong>aliqui</strong></span> <span class='ocrx_word' id='word_1_532' title='bbox 3267 3774 3565 3843; x_wconf 80' lang='lat' dir='ltr'><strong>peregrini.</strong></span> 
     </span>
    </p>
   </div>
   <div class='ocr_carea' id='block_1_82' title="bbox 2381 3864 3865 3938">
    <p class='ocr_par' dir='ltr' id='par_1_82' title="bbox 2381 3864 3865 3938">
     <span class='ocr_line' id='line_1_82' title="bbox 2381 3864 3865 3938; baseline 0 -21"><span class='ocrx_word' id='word_1_533' title='bbox 2381 3864 2460 3918; x_wconf 91' lang='lat' dir='ltr'><strong>De</strong></span> <span class='ocrx_word' id='word_1_534' title='bbox 2490 3866 2622 3919; x_wconf 86' lang='lat' dir='ltr'><strong>tribu</strong></span> <span class='ocrx_word' id='word_1_535' title='bbox 2652 3864 2948 3938; x_wconf 83' lang='lat' dir='ltr'><strong>Benjamin.</strong></span> <span class='ocrx_word' id='word_1_536' title='bbox 2967 3867 3098 3933; x_wconf 64' lang='lat' dir='ltr'><strong>Quae</strong></span> <span class='ocrx_word' id='word_1_537' title='bbox 3129 3880 3347 3937; x_wconf 89' lang='lat' dir='ltr'><strong>semper</strong></span> <span class='ocrx_word' id='word_1_538' title='bbox 3375 3882 3497 3921; x_wconf 89' lang='lat' dir='ltr'><strong>cum</strong></span> <span class='ocrx_word' id='word_1_539' title='bbox 3519 3866 3654 3923; x_wconf 80' lang='lat' dir='ltr'><strong>Juda</strong></span> <span class='ocrx_word' id='word_1_540' title='bbox 3681 3864 3865 3935; x_wconf 65' lang='lat' dir='ltr'><strong>conjnn«</strong></span> 
     </span>
    </p>
   </div>
   <div class='ocr_carea' id='block_1_83' title="bbox 2310 3957 2545 4013">
    <p class='ocr_par' dir='ltr' id='par_1_83' title="bbox 2310 3957 2545 4013">
     <span class='ocr_line' id='line_1_83' title="bbox 2310 3957 2545 4013; baseline -0.013 0"><span class='ocrx_word' id='word_1_541' title='bbox 2310 3967 2394 4013; x_wconf 88' lang='lat' dir='ltr'><strong>cla</strong></span> <span class='ocrx_word' id='word_1_542' title='bbox 2428 3957 2545 4011; x_wconf 73' lang='lat' dir='ltr'><strong>fuit.</strong></span> 
     </span>
    </p>
   </div>
   <div class='ocr_carea' id='block_1_84' title="bbox 2383 4052 3869 4127">
    <p class='ocr_par' dir='ltr' id='par_1_84' title="bbox 2383 4052 3869 4127">
     <span class='ocr_line' id='line_1_84' title="bbox 2383 4052 3869 4127; baseline -0.001 -21"><span class='ocrx_word' id='word_1_543' title='bbox 2383 4052 2637 4109; x_wconf 79' lang='lat' dir='ltr'><strong>llebrteus</strong></span> <span class='ocrx_word' id='word_1_544' title='bbox 2666 4071 2729 4110; x_wconf 78' lang='lat' dir='ltr'><strong>ex</strong></span> <span class='ocrx_word' id='word_1_545' title='bbox 2758 4055 3011 4111; x_wconf 65' lang='lat' dir='ltr'><strong>Hebraeis.</strong></span> <span class='ocrx_word' id='word_1_546' title='bbox 3045 4055 3167 4111; x_wconf 88' lang='lat' dir='ltr'><strong>Non</strong></span> <span class='ocrx_word' id='word_1_547' title='bbox 3190 4071 3253 4110; x_wconf 85' lang='lat' dir='ltr'><strong>ex</strong></span> <span class='ocrx_word' id='word_1_548' title='bbox 3286 4056 3536 4126; x_wconf 81' lang='lat' dir='ltr'><strong>gentibus</strong></span> <span class='ocrx_word' id='word_1_549' title='bbox 3576 4055 3869 4127; x_wconf 82' lang='lat' dir='ltr'><strong>proselytus.</strong></span> 
     </span>
    </p>
   </div>
   <div class='ocr_carea' id='block_1_85' title="bbox 2384 4145 3873 4221">
    <p class='ocr_par' dir='ltr' id='par_1_85' title="bbox 2384 4145 3873 4221">
     <span class='ocr_line' id='line_1_85' title="bbox 2384 4145 3873 4221; baseline -0.003 -20"><span class='ocrx_word' id='word_1_550' title='bbox 2384 4145 2685 4201; x_wconf 86' lang='lat' dir='ltr'><strong>Secundum</strong></span> <span class='ocrx_word' id='word_1_551' title='bbox 2712 4148 2875 4221; x_wconf 88' lang='lat' dir='ltr'><strong>legem</strong></span> <span class='ocrx_word' id='word_1_552' title='bbox 2897 4147 3204 4220; x_wconf 64' lang='lat' dir='ltr'><strong>pharisaeus.</strong></span> <span class='ocrx_word' id='word_1_553' title='bbox 3230 4147 3630 4219; x_wconf 82' lang='lat' dir='ltr'><strong>chisperitus,</strong></span> <span class='ocrx_word' id='word_1_554' title='bbox 3658 4147 3739 4202; x_wconf 77' lang='lat' dir='ltr'><strong>vel</strong></span> <span class='ocrx_word' id='word_1_555' title='bbox 3760 4146 3873 4200; x_wconf 80' lang='lat' dir='ltr'><strong>diri-</strong></span> 
     </span>
    </p>
   </div>
   <div class='ocr_carea' id='block_1_86' title="bbox 2311 4239 3873 4311">
    <p class='ocr_par' dir='ltr' id='par_1_86' title="bbox 2311 4239 3873 4311">
     <span class='ocr_line' id='line_1_86' title="bbox 2311 4239 3873 4311; baseline -0.001 -20"><span class='ocrx_word' id='word_1_556' title='bbox 2311 4250 2405 4291; x_wconf 90' lang='lat' dir='ltr'><strong>sus</strong></span> <span class='ocrx_word' id='word_1_557' title='bbox 2427 4252 2457 4291; x_wconf 90' lang='lat' dir='ltr'><strong>a</strong></span> <span class='ocrx_word' id='word_1_558' title='bbox 2487 4239 2665 4308; x_wconf 89' lang='lat' dir='ltr'><strong>turba,</strong></span> <span class='ocrx_word' id='word_1_559' title='bbox 2703 4240 2795 4308; x_wconf 88' lang='lat' dir='ltr'><strong>qui</strong></span> <span class='ocrx_word' id='word_1_560' title='bbox 2828 4256 2934 4295; x_wconf 88' lang='lat' dir='ltr'><strong>non</strong></span> <span class='ocrx_word' id='word_1_561' title='bbox 2982 4255 3199 4311; x_wconf 91' lang='lat' dir='ltr'><strong>possem</strong></span> <span class='ocrx_word' id='word_1_562' title='bbox 3231 4255 3391 4310; x_wconf 89' lang='lat' dir='ltr'><strong>posse</strong></span> <span class='ocrx_word' id='word_1_563' title='bbox 3418 4241 3563 4311; x_wconf 89' lang='lat' dir='ltr'><strong>quod</strong></span> <span class='ocrx_word' id='word_1_564' title='bbox 3596 4240 3873 4311; x_wconf 77' lang='lat' dir='ltr'><strong>probarem.</strong></span> 
     </span>
    </p>
   </div>
   <div class='ocr_carea' id='block_1_87' title="bbox 2384 4328 3878 4404">
    <p class='ocr_par' dir='ltr' id='par_1_87' title="bbox 2384 4328 3878 4404">
     <span class='ocr_line' id='line_1_87' title="bbox 2384 4328 3878 4404; baseline -0.001 -20"><span class='ocrx_word' id='word_1_565' title='bbox 2384 4328 2681 4384; x_wconf 89' lang='lat' dir='ltr'><strong>Secundum</strong></span> <span class='ocrx_word' id='word_1_566' title='bbox 2709 4333 3085 4386; x_wconf 65' lang='lat' dir='ltr'><strong>inmutationem</strong></span> <span class='ocrx_word' id='word_1_567' title='bbox 3112 4348 3417 4404; x_wconf 86' lang='lat' dir='ltr'><strong>persequens</strong></span> <span class='ocrx_word' id='word_1_568' title='bbox 3447 4329 3741 4387; x_wconf 77' lang='lat' dir='ltr'><strong>Ecclesium</strong></span> <span class='ocrx_word' id='word_1_569' title='bbox 3778 4328 3878 4383; x_wconf 82' lang='lat' dir='ltr'><strong>Dei.</strong></span> 
     </span>
    </p>
   </div>
   <div class='ocr_carea' id='block_1_88' title="bbox 2312 4420 3879 4494">
    <p class='ocr_par' dir='ltr' id='par_1_88' title="bbox 2312 4420 3879 4494">
     <span class='ocr_line' id='line_1_88' title="bbox 2312 4420 3879 4494; baseline -0.001 -18"><span class='ocrx_word' id='word_1_570' title='bbox 2312 4420 2540 4476; x_wconf 83' lang='lat' dir='ltr'><strong>Tantam</strong></span> <span class='ocrx_word' id='word_1_571' title='bbox 2567 4422 2728 4478; x_wconf 84' lang='lat' dir='ltr'><strong>habui</strong></span> <span class='ocrx_word' id='word_1_572' title='bbox 2752 4425 3177 4494; x_wconf 63' lang='lat' dir='ltr'><strong>inundationem,</strong></span> <span class='ocrx_word' id='word_1_573' title='bbox 3203 4435 3260 4480; x_wconf 92' lang='lat' dir='ltr'><strong>ut</strong></span> <span class='ocrx_word' id='word_1_574' title='bbox 3288 4426 3505 4481; x_wconf 88' lang='lat' dir='ltr'><strong>nescius</strong></span> <span class='ocrx_word' id='word_1_575' title='bbox 3535 4427 3699 4482; x_wconf 85' lang='lat' dir='ltr'><strong>etiam</strong></span> <span class='ocrx_word' id='word_1_576' title='bbox 3719 4421 3879 4477; x_wconf 77' lang='lat' dir='ltr'><strong>Eccle-</strong></span> 
     </span>
    </p>
   </div>
   <div class='ocr_carea' id='block_1_89' title="bbox 2311 4514 2805 4572">
    <p class='ocr_par' dir='ltr' id='par_1_89' title="bbox 2311 4514 2805 4572">
     <span class='ocr_line' id='line_1_89' title="bbox 2311 4514 2805 4572; baseline 0.008 -5"><span class='ocrx_word' id='word_1_577' title='bbox 2311 4514 2444 4568; x_wconf 87' lang='lat' dir='ltr'><strong>siam</strong></span> <span class='ocrx_word' id='word_1_578' title='bbox 2474 4514 2805 4572; x_wconf 87' lang='lat' dir='ltr'><strong>insectarer.</strong></span> 
     </span>
    </p>
   </div>
   <div class='ocr_carea' id='block_1_90' title="bbox 617 4598 3879 4684">
    <p class='ocr_par' dir='ltr' id='par_1_90' title="bbox 617 4598 3879 4684">
     <span class='ocr_line' id='line_1_90' title="bbox 617 4598 3879 4684; baseline 0 -25"><span class='ocrx_word' id='word_1_579' title='bbox 617 4605 857 4659; x_wconf 83' lang='lat' dir='ltr'><strong>misertus</strong></span> <span class='ocrx_word' id='word_1_580' title='bbox 905 4616 979 4659; x_wconf 89' lang='lat' dir='ltr'><strong>est</strong></span> <span class='ocrx_word' id='word_1_581' title='bbox 1030 4612 1164 4680; x_wconf 84' lang='lat' dir='ltr'><strong>ejus.</strong></span> <span class='ocrx_word' id='word_1_582' title='bbox 1225 4606 1296 4663; x_wconf 93' lang='lat' dir='ltr'><strong>Ut</strong></span> <span class='ocrx_word' id='word_1_583' title='bbox 1346 4609 1608 4680; x_wconf 81' lang='lat' dir='ltr'><strong>majorem</strong></span> <span class='ocrx_word' id='word_1_584' title='bbox 1680 4610 1931 4667; x_wconf 82' lang='lat' dir='ltr'><strong>docendo</strong></span> <span class='ocrx_word' id='word_1_585' title='bbox 1990 4598 2288 4684; x_wconf 71' lang='lat' dir='ltr'><strong>colligati)</strong></span> <span class='ocrx_word' id='word_1_586' title='bbox 2387 4606 2685 4662; x_wconf 86' lang='lat' dir='ltr'><strong>Secundum</strong></span> <span class='ocrx_word' id='word_1_587' title='bbox 2704 4610 2984 4680; x_wconf 87' lang='lat' dir='ltr'><strong>justitiam,</strong></span> <span class='ocrx_word' id='word_1_588' title='bbox 3015 4627 3133 4682; x_wconf 69' lang='lat' dir='ltr'><strong>quin</strong></span> <span class='ocrx_word' id='word_1_589' title='bbox 3176 4611 3229 4665; x_wconf 91' lang='lat' dir='ltr'><strong>in</strong></span> <span class='ocrx_word' id='word_1_590' title='bbox 3255 4611 3366 4682; x_wconf 84' lang='lat' dir='ltr'><strong>lege</strong></span> <span class='ocrx_word' id='word_1_591' title='bbox 3396 4620 3492 4666; x_wconf 83' lang='lat' dir='ltr'><strong>est.</strong></span> <span class='ocrx_word' id='word_1_592' title='bbox 3519 4609 3733 4666; x_wconf 82' lang='lat' dir='ltr'><strong>Primus</strong></span> <span class='ocrx_word' id='word_1_593' title='bbox 3752 4607 3815 4662; x_wconf 82' lang='lat' dir='ltr'><strong>iui</strong></span> <span class='ocrx_word' id='word_1_594' title='bbox 3838 4606 3879 4659; x_wconf 88' lang='lat' dir='ltr'><strong>in</strong></span> 
     </span>
    </p>
   </div>
   <div class='ocr_carea' id='block_1_91' title="bbox 618 4697 878 4753">
    <p class='ocr_par' dir='ltr' id='par_1_91' title="bbox 618 4697 878 4753">
     <span class='ocr_line' id='line_1_91' title="bbox 618 4697 878 4753; baseline -0.015 0"><span class='ocrx_word' id='word_1_595' title='bbox 618 4697 878 4753; x_wconf 82' lang='lat' dir='ltr'><strong>fruetum.</strong></span> 
     </span>
    </p>
   </div>
   <div class='ocr_carea' id='block_1_92' title="bbox 690 4793 2215 4874">
    <p class='ocr_par' dir='ltr' id='par_1_92' title="bbox 690 4793 2215 4874">
     <span class='ocr_line' id='line_1_92' title="bbox 690 4793 2215 4874; baseline 0.009 -24"><span class='ocrx_word' id='word_1_596' title='bbox 690 4794 814 4850; x_wconf 85' lang='lat' dir='ltr'><strong>Non</strong></span> <span class='ocrx_word' id='word_1_597' title='bbox 843 4793 1011 4848; x_wconf 89' lang='lat' dir='ltr'><strong>solum</strong></span> <span class='ocrx_word' id='word_1_598' title='bbox 1062 4805 1233 4848; x_wconf 81' lang='lat' dir='ltr'><strong>autem</strong></span> <span class='ocrx_word' id='word_1_599' title='bbox 1279 4800 1414 4870; x_wconf 84' lang='lat' dir='ltr'><strong>ejus,</strong></span> <span class='ocrx_word' id='word_1_600' title='bbox 1464 4818 1643 4856; x_wconf 87' lang='lat' dir='ltr'><strong>verum</strong></span> <span class='ocrx_word' id='word_1_601' title='bbox 1691 4803 1844 4858; x_wconf 88' lang='lat' dir='ltr'><strong>etiam</strong></span> <span class='ocrx_word' id='word_1_602' title='bbox 1884 4814 1931 4858; x_wconf 86' lang='lat' dir='ltr'><strong>et</strong></span> <span class='ocrx_word' id='word_1_603' title='bbox 1977 4806 2098 4874; x_wconf 87' lang='lat' dir='ltr'><strong>mei,</strong></span> <span class='ocrx_word' id='word_1_604' title='bbox 2151 4825 2215 4864; x_wconf 89' lang='lat' dir='ltr'><strong>ne</strong></span> 
     </span>
    </p>
   </div>
   <div class='ocr_carea' id='block_1_93' title="bbox 614 4898 2211 4966">
    <p class='ocr_par' dir='ltr' id='par_1_93' title="bbox 614 4898 2211 4966">
     <span class='ocr_line' id='line_1_93' title="bbox 614 4898 2211 4966; baseline 0.007 -11"><span class='ocrx_word' id='word_1_605' title='bbox 614 4898 879 4955; x_wconf 84' lang='lat' dir='ltr'><strong>tristitiam</strong></span> <span class='ocrx_word' id='word_1_606' title='bbox 952 4911 1110 4962; x_wconf 82' lang='lat' dir='ltr'><strong>super</strong></span> <span class='ocrx_word' id='word_1_607' title='bbox 1167 4898 1431 4953; x_wconf 87' lang='lat' dir='ltr'><strong>tristitiam</strong></span> <span class='ocrx_word' id='word_1_608' title='bbox 1492 4903 1755 4959; x_wconf 85' lang='lat' dir='ltr'><strong>haberem.</strong></span> <span class='ocrx_word' id='word_1_609' title='bbox 1804 4906 1881 4963; x_wconf 78' lang='lat' dir='ltr'><strong>Ne</strong></span> <span class='ocrx_word' id='word_1_610' title='bbox 1933 4910 2211 4966; x_wconf 86' lang='lat' dir='ltr'><strong>tristitiam</strong></span> 
     </span>
    </p>
   </div>
   <div class='ocr_carea' id='block_1_94' title="bbox 619 4993 1764 5075">
    <p class='ocr_par' dir='ltr' id='par_1_94' title="bbox 619 4993 1764 5075">
     <span class='ocr_line' id='line_1_94' title="bbox 619 4993 1764 5075; baseline 0.003 -17"><span class='ocrx_word' id='word_1_611' title='bbox 619 4999 861 5059; x_wconf 90' lang='lat' dir='ltr'><strong>carceris</strong></span> <span class='ocrx_word' id='word_1_612' title='bbox 891 4993 1115 5051; x_wconf 88' lang='lat' dir='ltr'><strong>tristitia</strong></span> <span class='ocrx_word' id='word_1_613' title='bbox 1149 4994 1502 5056; x_wconf 83' lang='lat' dir='ltr'><strong>desolationis</strong></span> <span class='ocrx_word' id='word_1_614' title='bbox 1525 5016 1764 5075; x_wconf 86' lang='lat' dir='ltr'><strong>augeret.</strong></span> 
     </span>
    </p>
   </div>
   <div class='ocr_carea' id='block_1_95' title="bbox 691 5099 2215 5177">
    <p class='ocr_par' dir='ltr' id='par_1_95' title="bbox 691 5099 2215 5177">
     <span class='ocr_line' id='line_1_95' title="bbox 691 5099 2215 5177; baseline 0.005 -20"><span class='ocrx_word' id='word_1_615' title='bbox 691 5099 1052 5157; x_wconf 82' lang='lat' dir='ltr'><strong>Festinantius</strong></span> <span class='ocrx_word' id='word_1_616' title='bbox 1103 5113 1225 5169; x_wconf 81' lang='lat' dir='ltr'><strong>ergo</strong></span> <span class='ocrx_word' id='word_1_617' title='bbox 1270 5099 1390 5153; x_wconf 85' lang='lat' dir='ltr'><strong>misi</strong></span> <span class='ocrx_word' id='word_1_618' title='bbox 1411 5100 1582 5169; x_wconf 86' lang='lat' dir='ltr'><strong>illum,</strong></span> <span class='ocrx_word' id='word_1_619' title='bbox 1621 5116 1675 5159; x_wconf 87' lang='lat' dir='ltr'><strong>ut</strong></span> <span class='ocrx_word' id='word_1_620' title='bbox 1704 5109 1810 5161; x_wconf 89' lang='lat' dir='ltr'><strong>viso</strong></span> <span class='ocrx_word' id='word_1_621' title='bbox 1860 5112 1974 5177; x_wconf 85' lang='lat' dir='ltr'><strong>illo,</strong></span> <span class='ocrx_word' id='word_1_622' title='bbox 2028 5114 2215 5169; x_wconf 74' lang='lat' dir='ltr'><strong>iterum</strong></span> 
     </span>
    </p>
   </div>
   <div class='ocr_carea' id='block_1_96' title="bbox 620 5200 2174 5279">
    <p class='ocr_par' dir='ltr' id='par_1_96' title="bbox 620 5200 2174 5279">
     <span class='ocr_line' id='line_1_96' title="bbox 620 5200 2174 5279; baseline 0.007 -19"><span class='ocrx_word' id='word_1_623' title='bbox 620 5206 912 5279; x_wconf 87' lang='lat' dir='ltr'><strong>gaudeatis.</strong></span> <span class='ocrx_word' id='word_1_624' title='bbox 970 5203 1075 5259; x_wconf 85' lang='lat' dir='ltr'><strong>Pro</strong></span> <span class='ocrx_word' id='word_1_625' title='bbox 1101 5200 1256 5269; x_wconf 87' lang='lat' dir='ltr'><strong>cujus</strong></span> <span class='ocrx_word' id='word_1_626' title='bbox 1286 5200 1529 5256; x_wconf 89' lang='lat' dir='ltr'><strong>absentia</strong></span> <span class='ocrx_word' id='word_1_627' title='bbox 1558 5205 1681 5259; x_wconf 84' lang='lat' dir='ltr'><strong>novi</strong></span> <span class='ocrx_word' id='word_1_628' title='bbox 1711 5223 1809 5261; x_wconf 90' lang='lat' dir='ltr'><strong>vos</strong></span> <span class='ocrx_word' id='word_1_629' title='bbox 1838 5214 2174 5271; x_wconf 87' lang='lat' dir='ltr'><strong>contristari.</strong></span> 
     </span>
    </p>
   </div>
   <div class='ocr_carea' id='block_1_97' title="bbox 688 5302 2217 5379">
    <p class='ocr_par' dir='ltr' id='par_1_97' title="bbox 688 5302 2217 5379">
     <span class='ocr_line' id='line_1_97' title="bbox 688 5302 2217 5379; baseline 0.009 -19"><span class='ocrx_word' id='word_1_630' title='bbox 688 5307 758 5360; x_wconf 90' lang='lat' dir='ltr'><strong>Et</strong></span> <span class='ocrx_word' id='word_1_631' title='bbox 785 5325 879 5379; x_wconf 88' lang='lat' dir='ltr'><strong>ego</strong></span> <span class='ocrx_word' id='word_1_632' title='bbox 910 5308 1019 5361; x_wconf 88' lang='lat' dir='ltr'><strong>sine</strong></span> <span class='ocrx_word' id='word_1_633' title='bbox 1048 5302 1257 5360; x_wconf 88' lang='lat' dir='ltr'><strong>tristitia</strong></span> <span class='ocrx_word' id='word_1_634' title='bbox 1284 5302 1401 5357; x_wconf 89' lang='lat' dir='ltr'><strong>sim.</strong></span> <span class='ocrx_word' id='word_1_635' title='bbox 1427 5303 1599 5370; x_wconf 84' lang='lat' dir='ltr'><strong>Quam</strong></span> <span class='ocrx_word' id='word_1_636' title='bbox 1625 5307 1755 5363; x_wconf 90' lang='lat' dir='ltr'><strong>mihi</strong></span> <span class='ocrx_word' id='word_1_637' title='bbox 1786 5320 1966 5367; x_wconf 86' lang='lat' dir='ltr'><strong>vestra</strong></span> <span class='ocrx_word' id='word_1_638' title='bbox 1997 5316 2217 5373; x_wconf 86' lang='lat' dir='ltr'><strong>tristitia</strong></span> 
     </span>
    </p>
   </div>
   <div class='ocr_carea' id='block_1_98' title="bbox 614 5420 861 5483">
    <p class='ocr_par' dir='ltr' id='par_1_98' title="bbox 614 5420 861 5483">
     <span class='ocr_line' id='line_1_98' title="bbox 614 5420 861 5483; baseline -0.024 -16"><span class='ocrx_word' id='word_1_639' title='bbox 614 5420 861 5483; x_wconf 87' lang='lat' dir='ltr'><strong>generat.</strong></span> 
     </span>
    </p>
   </div>
   <div class='ocr_carea' id='block_1_99' title="bbox 686 5512 2204 5584">
    <p class='ocr_par' dir='ltr' id='par_1_99' title="bbox 686 5512 2204 5584">
     <span class='ocr_line' id='line_1_99' title="bbox 686 5512 2204 5584; baseline 0.007 -17"><span class='ocrx_word' id='word_1_640' title='bbox 686 5512 929 5581; x_wconf 78' lang='lat' dir='ltr'><strong>Excipite</strong></span> <span class='ocrx_word' id='word_1_641' title='bbox 948 5512 1120 5583; x_wconf 88' lang='lat' dir='ltr'><strong>itaque</strong></span> <span class='ocrx_word' id='word_1_642' title='bbox 1146 5513 1296 5567; x_wconf 89' lang='lat' dir='ltr'><strong>illum</strong></span> <span class='ocrx_word' id='word_1_643' title='bbox 1317 5528 1431 5565; x_wconf 87' lang='lat' dir='ltr'><strong>cum</strong></span> <span class='ocrx_word' id='word_1_644' title='bbox 1453 5513 1806 5584; x_wconf 86' lang='lat' dir='ltr'><strong>omnigaudio</strong></span> <span class='ocrx_word' id='word_1_645' title='bbox 1858 5517 1910 5571; x_wconf 88' lang='lat' dir='ltr'><strong>in</strong></span> <span class='ocrx_word' id='word_1_646' title='bbox 1958 5516 2204 5576; x_wconf 87' lang='lat' dir='ltr'><strong>Domino.</strong></span> 
     </span>
    </p>
   </div>
   <div class='ocr_carea' id='block_1_100' title="bbox 612 5613 2207 5687">
    <p class='ocr_par' dir='ltr' id='par_1_100' title="bbox 612 5613 2207 5687">
     <span class='ocr_line' id='line_1_100' title="bbox 612 5613 2207 5687; baseline 0.006 -16"><span class='ocrx_word' id='word_1_647' title='bbox 612 5615 935 5681; x_wconf 87' lang='lat' dir='ltr'><strong>Solventes,</strong></span> <span class='ocrx_word' id='word_1_648' title='bbox 965 5613 1007 5667; x_wconf 91' lang='lat' dir='ltr'><strong>si</strong></span> <span class='ocrx_word' id='word_1_649' title='bbox 1034 5628 1195 5683; x_wconf 88' lang='lat' dir='ltr'><strong>quem</strong></span> <span class='ocrx_word' id='word_1_650' title='bbox 1219 5614 1529 5687; x_wconf 88' lang='lat' dir='ltr'><strong>scrupulum</strong></span> <span class='ocrx_word' id='word_1_651' title='bbox 1558 5614 1628 5671; x_wconf 88' lang='lat' dir='ltr'><strong>de</strong></span> <span class='ocrx_word' id='word_1_652' title='bbox 1652 5615 1771 5686; x_wconf 85' lang='lat' dir='ltr'><strong>ejus</strong></span> <span class='ocrx_word' id='word_1_653' title='bbox 1802 5617 2057 5679; x_wconf 89' lang='lat' dir='ltr'><strong>tarditate</strong></span> <span class='ocrx_word' id='word_1_654' title='bbox 2084 5625 2207 5679; x_wconf 88' lang='lat' dir='ltr'><strong>ani-</strong></span> 
     </span>
    </p>
   </div>
   <div class='ocr_carea' id='block_1_101' title="bbox 610 5716 1260 5784">
    <p class='ocr_par' dir='ltr' id='par_1_101' title="bbox 610 5716 1260 5784">
     <span class='ocr_line' id='line_1_101' title="bbox 610 5716 1260 5784; baseline -0.003 -11"><span class='ocrx_word' id='word_1_655' title='bbox 610 5734 732 5774; x_wconf 90' lang='lat' dir='ltr'><strong>mus</strong></span> <span class='ocrx_word' id='word_1_656' title='bbox 761 5716 897 5773; x_wconf 85' lang='lat' dir='ltr'><strong>forte</strong></span> <span class='ocrx_word' id='word_1_657' title='bbox 923 5725 1260 5784; x_wconf 81' lang='lat' dir='ltr'><strong>susceperat.</strong></span> 
     </span>
    </p>
   </div>
   <div class='ocr_carea' id='block_1_102' title="bbox 680 5808 2206 5894">
    <p class='ocr_par' dir='ltr' id='par_1_102' title="bbox 680 5808 2206 5894">
     <span class='ocr_line' id='line_1_102' title="bbox 680 5808 2206 5894; baseline 0.009 -30"><span class='ocrx_word' id='word_1_658' title='bbox 680 5810 747 5866; x_wconf 85' lang='lat' dir='ltr'><strong>Et</strong></span> <span class='ocrx_word' id='word_1_659' title='bbox 768 5809 1021 5883; x_wconf 81' lang='lat' dir='ltr'><strong>ejusmodi</strong></span> <span class='ocrx_word' id='word_1_660' title='bbox 1051 5825 1165 5894; x_wconf 66' lang='lat' dir='ltr'><strong>cum</strong></span> <span class='ocrx_word' id='word_1_661' title='bbox 1195 5808 1386 5869; x_wconf 79' lang='lat' dir='ltr'><strong>honore</strong></span> <span class='ocrx_word' id='word_1_662' title='bbox 1418 5811 1668 5873; x_wconf 88' lang='lat' dir='ltr'><strong>habetote.</strong></span> <span class='ocrx_word' id='word_1_663' title='bbox 1696 5810 1811 5871; x_wconf 86' lang='lat' dir='ltr'><strong>Non</strong></span> <span class='ocrx_word' id='word_1_664' title='bbox 1839 5813 2013 5874; x_wconf 81' lang='lat' dir='ltr'><strong>solum</strong></span> <span class='ocrx_word' id='word_1_665' title='bbox 2040 5814 2206 5891; x_wconf 87' lang='lat' dir='ltr'><strong>hunc,</strong></span> 
     </span>
    </p>
   </div>
   <div class='ocr_carea' id='block_1_103' title="bbox 2317 4700 3882 4775">
    <p class='ocr_par' dir='ltr' id='par_1_103' title="bbox 2317 4700 3882 4775">
     <span class='ocr_line' id='line_1_103' title="bbox 2317 4700 3882 4775; baseline 0.004 -22"><span class='ocrx_word' id='word_1_666' title='bbox 2317 4700 2589 4769; x_wconf 92' lang='lat' dir='ltr'><strong>omnibus,</strong></span> <span class='ocrx_word' id='word_1_667' title='bbox 2642 4703 2695 4757; x_wconf 95' lang='lat' dir='ltr'><strong>in</strong></span> <span class='ocrx_word' id='word_1_668' title='bbox 2743 4704 2937 4774; x_wconf 90' lang='lat' dir='ltr'><strong>quibus</strong></span> <span class='ocrx_word' id='word_1_669' title='bbox 2966 4704 3041 4759; x_wconf 91' lang='lat' dir='ltr'><strong>illi</strong></span> <span class='ocrx_word' id='word_1_670' title='bbox 3073 4705 3209 4760; x_wconf 81' lang='lat' dir='ltr'><strong>falso</strong></span> <span class='ocrx_word' id='word_1_671' title='bbox 3248 4705 3602 4775; x_wconf 88' lang='lat' dir='ltr'><strong>gloriantur:</strong></span> <span class='ocrx_word' id='word_1_672' title='bbox 3647 4703 3740 4760; x_wconf 85' lang='lat' dir='ltr'><strong>sed</strong></span> <span class='ocrx_word' id='word_1_673' title='bbox 3783 4701 3882 4769; x_wconf 65' lang='lat' dir='ltr'><strong>qui:</strong></span> 
     </span>
    </p>
   </div>
   <div class='ocr_carea' id='block_1_104' title="bbox 2318 4795 3885 4869">
    <p class='ocr_par' dir='ltr' id='par_1_104' title="bbox 2318 4795 3885 4869">
     <span class='ocr_line' id='line_1_104' title="bbox 2318 4795 3885 4869; baseline -0.001 -22"><span class='ocrx_word' id='word_1_674' title='bbox 2318 4795 2422 4848; x_wconf 93' lang='lat' dir='ltr'><strong>hoc</strong></span> <span class='ocrx_word' id='word_1_675' title='bbox 2448 4803 2691 4864; x_wconf 91' lang='lat' dir='ltr'><strong>tempore</strong></span> <span class='ocrx_word' id='word_1_676' title='bbox 2720 4797 2809 4851; x_wconf 88' lang='lat' dir='ltr'><strong>illa</strong></span> <span class='ocrx_word' id='word_1_677' title='bbox 2834 4813 2940 4853; x_wconf 91' lang='lat' dir='ltr'><strong>non</strong></span> <span class='ocrx_word' id='word_1_678' title='bbox 2964 4800 3146 4853; x_wconf 86' lang='lat' dir='ltr'><strong>valere</strong></span> <span class='ocrx_word' id='word_1_679' title='bbox 3171 4798 3424 4869; x_wconf 86' lang='lat' dir='ltr'><strong>cognovi,</strong></span> <span class='ocrx_word' id='word_1_680' title='bbox 3452 4798 3573 4854; x_wconf 91' lang='lat' dir='ltr'><strong>ideo</strong></span> <span class='ocrx_word' id='word_1_681' title='bbox 3602 4798 3694 4853; x_wconf 88' lang='lat' dir='ltr'><strong>illa</strong></span> <span class='ocrx_word' id='word_1_682' title='bbox 3719 4795 3885 4851; x_wconf 83' lang='lat' dir='ltr'><strong>nullius</strong></span> 
     </span>
    </p>
   </div>
   <div class='ocr_carea' id='block_1_105' title="bbox 2318 4888 3886 4964">
    <p class='ocr_par' dir='ltr' id='par_1_105' title="bbox 2318 4888 3886 4964">
     <span class='ocr_line' id='line_1_105' title="bbox 2318 4888 3886 4964; baseline 0.004 -19"><span class='ocrx_word' id='word_1_683' title='bbox 2318 4890 2455 4945; x_wconf 92' lang='lat' dir='ltr'><strong>duco</strong></span> <span class='ocrx_word' id='word_1_684' title='bbox 2487 4891 2767 4957; x_wconf 85' lang='lat' dir='ltr'><strong>momenti,</strong></span> <span class='ocrx_word' id='word_1_685' title='bbox 2799 4900 2855 4947; x_wconf 91' lang='lat' dir='ltr'><strong>et</strong></span> <span class='ocrx_word' id='word_1_686' title='bbox 2899 4903 3169 4963; x_wconf 88' lang='lat' dir='ltr'><strong>tamquam</strong></span> <span class='ocrx_word' id='word_1_687' title='bbox 3228 4892 3618 4963; x_wconf 84' lang='lat' dir='ltr'><strong>impedimenta</strong></span> <span class='ocrx_word' id='word_1_688' title='bbox 3660 4888 3886 4964; x_wconf 61' lang='lat' dir='ltr'><strong>proiicit).</strong></span> 
     </span>
    </p>
   </div>
   <div class='ocr_carea' id='block_1_106' title="bbox 2318 4984 3633 5057">
    <p class='ocr_par' dir='ltr' id='par_1_106' title="bbox 2318 4984 3633 5057">
     <span class='ocr_line' id='line_1_106' title="bbox 2318 4984 3633 5057; baseline 0.004 -20"><span class='ocrx_word' id='word_1_689' title='bbox 2318 4984 2511 5055; x_wconf 89' lang='lat' dir='ltr'><strong>quibus</strong></span> <span class='ocrx_word' id='word_1_690' title='bbox 2543 5000 2628 5038; x_wconf 93' lang='lat' dir='ltr'><strong>mc</strong></span> <span class='ocrx_word' id='word_1_691' title='bbox 2659 4986 2821 5040; x_wconf 88' lang='lat' dir='ltr'><strong>vitam</strong></span> <span class='ocrx_word' id='word_1_692' title='bbox 2850 4987 3137 5057; x_wconf 86' lang='lat' dir='ltr'><strong>acquirere</strong></span> <span class='ocrx_word' id='word_1_693' title='bbox 3168 5002 3325 5056; x_wconf 85' lang='lat' dir='ltr'><strong>posse</strong></span> <span class='ocrx_word' id='word_1_694' title='bbox 3349 4988 3633 5057; x_wconf 83' lang='lat' dir='ltr'><strong>putabam.</strong></span> 
     </span>
    </p>
   </div>
   <div class='ocr_carea' id='block_1_107' title="bbox 2392 5074 3887 5149">
    <p class='ocr_par' dir='ltr' id='par_1_107' title="bbox 2392 5074 3887 5149">
     <span class='ocr_line' id='line_1_107' title="bbox 2392 5074 3887 5149; baseline 0 -20"><span class='ocrx_word' id='word_1_695' title='bbox 2392 5074 2732 5131; x_wconf 79' lang='lat' dir='ltr'><strong>Conversatus</strong></span> <span class='ocrx_word' id='word_1_696' title='bbox 2762 5079 2872 5132; x_wconf 89' lang='lat' dir='ltr'><strong>sine</strong></span> <span class='ocrx_word' id='word_1_697' title='bbox 2897 5080 3126 5148; x_wconf 84' lang='lat' dir='ltr'><strong>querela.</strong></span> <span class='ocrx_word' id='word_1_698' title='bbox 3153 5078 3405 5133; x_wconf 91' lang='lat' dir='ltr'><strong>Omnium</strong></span> <span class='ocrx_word' id='word_1_699' title='bbox 3437 5078 3887 5149; x_wconf 81' lang='lat' dir='ltr'><strong>justiticationutu,</strong></span> 
     </span>
    </p>
   </div>
   <div class='ocr_carea' id='block_1_108' title="bbox 2318 5168 3888 5239">
    <p class='ocr_par' dir='ltr' id='par_1_108' title="bbox 2318 5168 3888 5239">
     <span class='ocr_line' id='line_1_108' title="bbox 2318 5168 3888 5239; baseline 0.001 -18"><span class='ocrx_word' id='word_1_700' title='bbox 2318 5174 2375 5221; x_wconf 91' lang='lat' dir='ltr'><strong>et</strong></span> <span class='ocrx_word' id='word_1_701' title='bbox 2403 5168 2851 5223; x_wconf 61' lang='lat' dir='ltr'><strong>caeremoniarum</strong></span> <span class='ocrx_word' id='word_1_702' title='bbox 2895 5170 3351 5239; x_wconf 86' lang='lat' dir='ltr'><strong>puriﬁcationem,</strong></span> <span class='ocrx_word' id='word_1_703' title='bbox 3384 5178 3439 5226; x_wconf 88' lang='lat' dir='ltr'><strong>et</strong></span> <span class='ocrx_word' id='word_1_704' title='bbox 3468 5172 3726 5225; x_wconf 82' lang='lat' dir='ltr'><strong>mandata</strong></span> <span class='ocrx_word' id='word_1_705' title='bbox 3768 5183 3888 5224; x_wconf 78' lang='lat' dir='ltr'><strong>com-</strong></span> 
     </span>
    </p>
   </div>
   <div class='ocr_carea' id='block_1_109' title="bbox 2317 5258 3889 5332">
    <p class='ocr_par' dir='ltr' id='par_1_109' title="bbox 2317 5258 3889 5332">
     <span class='ocr_line' id='line_1_109' title="bbox 2317 5258 3889 5332; baseline 0.002 -20"><span class='ocrx_word' id='word_1_706' title='bbox 2317 5258 2531 5329; x_wconf 90' lang='lat' dir='ltr'><strong>plebam</strong></span> <span class='ocrx_word' id='word_1_707' title='bbox 2559 5278 2569 5311; x_wconf 93' lang='lat'>:</span> <span class='ocrx_word' id='word_1_708' title='bbox 2599 5259 2695 5316; x_wconf 91' lang='lat' dir='ltr'><strong>sed</strong></span> <span class='ocrx_word' id='word_1_709' title='bbox 2727 5260 2841 5316; x_wconf 64' lang='lat' dir='ltr'><strong>haec</strong></span> <span class='ocrx_word' id='word_1_710' title='bbox 2872 5262 3019 5317; x_wconf 90' lang='lat' dir='ltr'><strong>nulla</strong></span> <span class='ocrx_word' id='word_1_711' title='bbox 3049 5263 3255 5332; x_wconf 86' lang='lat' dir='ltr'><strong>putavi,</strong></span> <span class='ocrx_word' id='word_1_712' title='bbox 3287 5262 3414 5319; x_wconf 90' lang='lat' dir='ltr'><strong>dum</strong></span> <span class='ocrx_word' id='word_1_713' title='bbox 3447 5263 3739 5322; x_wconf 87' lang='lat' dir='ltr'><strong>crederem</strong></span> <span class='ocrx_word' id='word_1_714' title='bbox 3762 5258 3889 5319; x_wconf 71' lang='grc' dir='ltr'><strong>ειπὶ·</strong></span> 
     </span>
    </p>
   </div>
   <div class='ocr_carea' id='block_1_110' title="bbox 2314 5353 3199 5425">
    <p class='ocr_par' dir='ltr' id='par_1_110' title="bbox 2314 5353 3199 5425">
     <span class='ocr_line' id='line_1_110' title="bbox 2314 5353 3199 5425; baseline 0.003 -16"><span class='ocrx_word' id='word_1_715' title='bbox 2314 5362 2424 5422; x_wconf 85' lang='lat' dir='ltr'><strong>sto,</strong></span> <span class='ocrx_word' id='word_1_716' title='bbox 2458 5370 2577 5425; x_wconf 74' lang='lat' dir='ltr'><strong>qua:</strong></span> <span class='ocrx_word' id='word_1_717' title='bbox 2600 5353 2685 5409; x_wconf 81' lang='lat' dir='ltr'><strong>lex</strong></span> <span class='ocrx_word' id='word_1_718' title='bbox 2719 5356 2830 5423; x_wconf 81' lang='lat' dir='ltr'><strong>ipsa</strong></span> <span class='ocrx_word' id='word_1_719' title='bbox 2856 5356 3199 5425; x_wconf 88' lang='lat' dir='ltr'><strong>promiserat.</strong></span> 
     </span>
    </p>
   </div>
   <div class='ocr_carea' id='block_1_111' title="bbox 2390 5446 3891 5517">
    <p class='ocr_par' dir='ltr' id='par_1_111' title="bbox 2390 5446 3891 5517">
     <span class='ocr_line' id='line_1_111' title="bbox 2390 5446 3891 5517; baseline 0.001 -17"><span class='ocrx_word' id='word_1_720' title='bbox 2390 5446 2499 5500; x_wconf 87' lang='lat' dir='ltr'><strong>Sed</strong></span> <span class='ocrx_word' id='word_1_721' title='bbox 2534 5462 2652 5516; x_wconf 81' lang='lat' dir='ltr'><strong>qua:</strong></span> <span class='ocrx_word' id='word_1_722' title='bbox 2696 5446 2825 5500; x_wconf 89' lang='lat' dir='ltr'><strong>mihi</strong></span> <span class='ocrx_word' id='word_1_723' title='bbox 2864 5451 3073 5517; x_wconf 79' lang='lat' dir='ltr'><strong>fuerunt</strong></span> <span class='ocrx_word' id='word_1_724' title='bbox 3114 5449 3279 5515; x_wconf 88' lang='lat' dir='ltr'><strong>lucra,</strong></span> <span class='ocrx_word' id='word_1_725' title='bbox 3324 5450 3435 5505; x_wconf 75' lang='lat' dir='ltr'><strong>lucc</strong></span> <span class='ocrx_word' id='word_1_726' title='bbox 3475 5449 3772 5504; x_wconf 75' lang='lat' dir='ltr'><strong>arbitratus</strong></span> <span class='ocrx_word' id='word_1_727' title='bbox 3803 5460 3891 5501; x_wconf 64' lang='lat' dir='ltr'><strong>sum</strong></span> 
     </span>
    </p>
   </div>
   <div class='ocr_carea' id='block_1_112' title="bbox 2318 5538 3894 5611">
    <p class='ocr_par' dir='ltr' id='par_1_112' title="bbox 2318 5538 3894 5611">
     <span class='ocr_line' id='line_1_112' title="bbox 2318 5538 3894 5611; baseline 0.004 -21"><span class='ocrx_word' id='word_1_728' title='bbox 2318 5548 2531 5610; x_wconf 79' lang='lat' dir='ltr'><strong>propter</strong></span> <span class='ocrx_word' id='word_1_729' title='bbox 2550 5538 2811 5594; x_wconf 86' lang='lat' dir='ltr'><strong>Christum</strong></span> <span class='ocrx_word' id='word_1_730' title='bbox 2850 5539 3171 5596; x_wconf 86' lang='lat' dir='ltr'><strong>detrimenta.</strong></span> <span class='ocrx_word' id='word_1_731' title='bbox 3210 5540 3293 5596; x_wconf 83' lang='lat' dir='ltr'><strong>Ad</strong></span> <span class='ocrx_word' id='word_1_732' title='bbox 3320 5542 3793 5611; x_wconf 85' lang='lat' dir='ltr'><strong>comparationem</strong></span> <span class='ocrx_word' id='word_1_733' title='bbox 3826 5538 3894 5591; x_wconf 78' lang='lat' dir='ltr'><strong>ill-</strong></span> 
     </span>
    </p>
   </div>
   <div class='ocr_carea' id='block_1_113' title="bbox 2317 5627 3893 5705">
    <p class='ocr_par' dir='ltr' id='par_1_113' title="bbox 2317 5627 3893 5705">
     <span class='ocr_line' id='line_1_113' title="bbox 2317 5627 3893 5705; baseline 0.003 -23"><span class='ocrx_word' id='word_1_734' title='bbox 2317 5628 2469 5684; x_wconf 85' lang='lat' dir='ltr'><strong>venti</strong></span> <span class='ocrx_word' id='word_1_735' title='bbox 2516 5631 2659 5698; x_wconf 90' lang='lat' dir='ltr'><strong>auri,</strong></span> <span class='ocrx_word' id='word_1_736' title='bbox 2708 5631 3072 5688; x_wconf 89' lang='lat' dir='ltr'><strong>contemnitur</strong></span> <span class='ocrx_word' id='word_1_737' title='bbox 3118 5642 3494 5702; x_wconf 73' lang='lat' dir='ltr'><strong>mramentum,</strong></span> <span class='ocrx_word' id='word_1_738' title='bbox 3543 5633 3805 5705; x_wconf 79' lang='lat' dir='ltr'><strong>quamvis</strong></span> <span class='ocrx_word' id='word_1_739' title='bbox 3840 5627 3893 5682; x_wconf 75' lang='lat' dir='ltr'><strong>ab</strong></span> 
     </span>
    </p>
   </div>
   <div class='ocr_carea' id='block_1_114' title="bbox 2316 5723 3898 5802">
    <p class='ocr_par' dir='ltr' id='par_1_114' title="bbox 2316 5723 3898 5802">
     <span class='ocr_line' id='line_1_114' title="bbox 2316 5723 3898 5802; baseline 0.006 -28"><span class='ocrx_word' id='word_1_740' title='bbox 2316 5736 2425 5776; x_wconf 88' lang='lat' dir='ltr'><strong>uno</strong></span> <span class='ocrx_word' id='word_1_741' title='bbox 2451 5723 2524 5778; x_wconf 89' lang='lat' dir='ltr'><strong>sit</strong></span> <span class='ocrx_word' id='word_1_742' title='bbox 2550 5725 2852 5796; x_wconf 88' lang='lat' dir='ltr'><strong>conditum,</strong></span> <span class='ocrx_word' id='word_1_743' title='bbox 2899 5736 2953 5782; x_wconf 90' lang='lat' dir='ltr'><strong>et</strong></span> <span class='ocrx_word' id='word_1_744' title='bbox 2995 5742 3093 5799; x_wconf 86' lang='lat' dir='ltr'><strong>pro</strong></span> <span class='ocrx_word' id='word_1_745' title='bbox 3136 5728 3397 5801; x_wconf 90' lang='lat' dir='ltr'><strong>temporis</strong></span> <span class='ocrx_word' id='word_1_746' title='bbox 3425 5728 3699 5802; x_wconf 87' lang='lat' dir='ltr'><strong>qualitate</strong></span> <span class='ocrx_word' id='word_1_747' title='bbox 3730 5738 3898 5786; x_wconf 82' lang='lat' dir='ltr'><strong>neces-</strong></span> 
     </span>
    </p>
   </div>
   <div class='ocr_carea' id='block_1_115' title="bbox 2318 5828 2544 5873">
    <p class='ocr_par' dir='ltr' id='par_1_115' title="bbox 2318 5828 2544 5873">
     <span class='ocr_line' id='line_1_115' title="bbox 2318 5828 2544 5873; baseline 0.009 -2"><span class='ocrx_word' id='word_1_748' title='bbox 2318 5828 2544 5873; x_wconf 81' lang='lat' dir='ltr'><strong>sartum.</strong></span> 
     </span>
    </p>
   </div>
  </div>
