3978 6286
117 360 224 421 849

737 348 1281 411 COMMENTARIUS
1320 347 1387 406 IN
1424 340 1816 406 EPISTOLAM
1855 345 1948 403 AD
1986 339 2495 401 PHILIPPENSES.
2530 341 2682 398 CAP.
2715 340 2805 397 IV.

3313 336 3420 394 850

192 472 561 534 Verumtamen
583 472 821 529 existimo
841 473 1014 526 omnia
1043 468 1409 525 detrimentum
1430 482 1562 533 esse,
1595 479 1717 535 pro-
1747 466 1803 525 Α
1900 460 1968 517 Ut
1998 461 2136 515 idem
2176 460 2461 532 sapiamus.
2499 458 2646 515 Idem
2682 459 2753 515 sit
2785 476 2797 513 :
2827 456 2988 514 aliter
3032 454 3245 513 scilicet
3282 456 3420 512 alter

120 582 230 648 pter
272 572 580 628 eminentem
623 567 892 623 scientiam
928 564 1056 620 Iesu
1106 563 1295 618 Christi
1339 559 1553 616 Domini
1596 559 1720 627 mei,

120 676 335 741 prapter
373 681 523 736 quem
569 662 743 717 omnia
793 660 1159 714 detrimentum
1185 655 1310 729 feci,
1342 662 1388 708 et
1416 653 1637 707 arbitror
1667 657 1723 704 ut

119 734 650 816 vstercoraCStercora
676 753 925 811 ciborum
976 758 1103 806 sunt
1129 747 1402 820 reliquiae,
1448 755 1505 802 et
1547 734 1721 815 quon-

121 854 247 910 dam
272 866 455 908 rerum
479 848 691 904 utilium
716 852 1102 917 purgamenta.

194 946 265 1003 Ut
288 943 555 1001 Christum
582 940 930 1011 lucrifaciam,
971 945 1027 991 ut
1070 946 1117 991 et
1162 933 1397 989 inveniar
1423 929 1617 986 inillo.
1656 928 1727 985 Ut

122 1044 399 1101 Christum
428 1040 656 1097 habeam
678 1042 866 1107 caput,
888 1042 944 1089 et
964 1032 1085 1102 ejus
1117 1019 1375 1085 inveniar
1399 1026 1724 1082 membrum.

191 1137 320 1193 Non
362 1136 554 1190 habens
586 1146 754 1187 meam
791 1127 1079 1204 justitiam,
1107 1138 1225 1196 quae
1248 1138 1311 1178 ea:
1338 1120 1449 1192 lege
1488 1128 1583 1173 est.
1614 1115 1727 1171 Hoc

124 1241 229 1298 est,
266 1246 340 1288 ex
369 1243 493 1285 meo
521 1227 712 1283 labore
732 1222 1042 1296 quaesitam.

193 1324 305 1380 Sed
326 1322 475 1376 illam
498 1334 613 1390 qua:
635 1334 699 1373 ea:
725 1316 831 1387 ﬁde
871 1322 946 1369 est
973 1310 1163 1368 Christi
1183 1308 1333 1376 Jesu,
1364 1322 1479 1378 qua:
1516 1322 1579 1360 ex
1620 1303 1727 1359 Deo

127 1425 197 1471 est
217 1415 436 1487 justitia
464 1414 518 1466 in
546 1412 669 1482 ﬁde.
704 1407 811 1466 Sed
842 1406 990 1461 illam
1022 1420 1143 1477 quae
1187 1420 1218 1459 a
1261 1403 1373 1459 Deo
1400 1400 1641 1473 proprie,
1674 1405 1729 1454 et

127 1506 242 1563 sola
277 1506 387 1561 ﬁde
416 1503 611 1560 collata
640 1509 725 1559 est
749 1498 1103 1555 Christianis.

196 1599 281 1655 Ad
327 1594 736 1669 cognoscendum
778 1592 949 1647 illum.
994 1588 1062 1646 Ut
1100 1584 1425 1645 beneﬁcium
1459 1584 1578 1654 ejus
1609 1598 1729 1655 per-

127 1693 270 1749 lecte
296 1701 652 1761 cognoscam.

198 1785 267 1841 Et
297 1785 539 1840 virtutem
565 1775 959 1835 resurrectionis
994 1774 1125 1844 ejus.
1155 1771 1294 1840 Quia
1319 1770 1445 1825 idco
1471 1767 1728 1835 surrexit,

1824 571 1932 611 non
1960 564 2192 611 astruat.

1895 648 1964 704 Et
1987 650 2042 704 in
2067 647 2250 703 eadem
2288 662 2678 718 permaneamus
2725 648 2929 719 regula.
2960 645 3078 702 Non
3102 644 3247 702 enim
3278 642 3421 700 scire

1824 742 2024 800 sufficit
2048 741 2168 799 sine
2196 741 2360 797 facto.

1900 835 2194 891 lmitatorcs
2216 834 2317 889 mei
2344 841 2520 902 estote,
2568 834 2776 905 fratres.
2820 832 2905 892 Me
2942 830 3250 904 sequimini,
3306 843 3413 887 non

1826 930 1992 985 falsos
2020 929 2317 999 apostolos.

1899 1022 1966 1076 Et
1988 1022 2252 1077 observate
2278 1037 2364 1076 eos
2384 1021 2505 1091 quia
2532 1021 2607 1074 ita
2635 1019 2922 1083 ambulant,
2944 1018 3075 1072 sicut
3098 1017 3293 1073 habetis
3315 1019 3425 1090 for-

1827 1133 1967 1171 mam
2013 1124 2264 1171 nostram.
2322 1114 2617 1184 Dupliciter
2644 1113 2842 1168 dicitur
2888 1113 3202 1181 observare,
3236 1112 3320 1166 vel
3352 1110 3422 1165 ad

1829 1209 2178 1275 imitandum,
2222 1217 2283 1263 ut
2324 1206 2445 1263 hic:
2481 1207 2569 1262 vel
2596 1206 2663 1261 ad
2694 1204 3017 1271 cavendum,
3050 1204 3187 1259 sicut
3219 1203 3285 1258 ad
3318 1203 3427 1257 Rn-

1830 1316 2019 1357 manos
2047 1302 2162 1356 ait:
2198 1300 2493 1355 Observato
2522 1313 2620 1354 eos
2644 1298 2733 1369 qui
2767 1295 3137 1352 dissensiones
3162 1305 3217 1352 et
3246 1295 3423 1351 olfen-

1830 1393 2012 1450 dicula
2044 1392 2281 1447 faciunt;
3315 1456 3325 1461 ν

1904 1485 2061 1540 Multi
2090 1486 2228 1541 enim
2256 1482 2546 1547 ambulant,
2574 1495 2705 1550 quos
2733 1495 2873 1552 saepe
2904 1478 3135 1533 dicebam
3163 1478 3321 1532 vobis.
3354 1476 3433 1533 De

1833 1578 1918 1633 his
1945 1577 2100 1643 dicit,
2128 1577 2217 1646 qui
2244 1588 2398 1646 spem
2430 1571 2703 1643 passionis
2730 1571 2955 1642 Christi,
2984 1586 3090 1642 per
3106 1584 3267 1641 quam
3300 1582 3430 1638 pec-

1833 1680 1951 1727 cata
1992 1669 2218 1725 dimissa
2258 1676 2407 1733 sunt,
2449 1665 2785 1730 auferentes,
2817 1666 2870 1720 in
2917 1666 3038 1737 lege
3072 1663 3433 1719 caeremonias

1834 1762 2203 1819 collocabant.
2258 1761 2445 1815 Potest
2484 1767 2539 1815 et
2575 1758 2642 1813 de
2689 1758 2962 1813 Joviniani
3002 1757 3198 1813 studiis
3241 1756 3437 1826 accipi,

129 1890 187 1937 ut
215 1895 321 1938 nos
353 1878 604 1935 similiter
633 1884 999 1942 resurgamus.
1026 1868 1127 1936 Qui
1157 1874 1337 1921 autem
1362 1864 1465 1919 hoc
1490 1852 1731 1934 vereco-
1758 1856 1807 1918 B
1833 1856 1926 1928 qui
1951 1855 2289 1925 jejuniorum
2335 1851 2663 1907 afﬂictiones
2692 1860 2747 1906 et
2781 1866 2999 1906 omnem
3028 1849 3280 1920 corporis
3309 1863 3438 1905 cru-

129 1974 368 2048 gnoscit,
391 1972 525 2028 satis
556 1970 689 2042 agit,
722 1966 768 2023 si
790 1964 1015 2021 omnino
1043 1976 1150 2016 non
1178 1969 1387 2031 peccet.

197 2068 271 2123 Et
313 2067 608 2123 societatem
650 2060 907 2136 passionis
952 2057 1096 2111 illius
1133 2072 1153 2121 ;
1196 2054 1548 2125 conﬁguratus
1582 2050 1735 2107 morti

129 2166 263 2235 eius.
296 2161 357 2217 Si
385 2159 530 2215 enim
557 2153 943 2226 compatimur,
975 2160 1029 2205 et
1057 2147 1428 2204 convivemus.

204 2252 269 2311 Si
295 2250 559 2324 quomodo
589 2260 856 2302 occurram
876 2243 942 2297 ad
963 2242 1405 2304 resurrectionem,
1432 2251 1548 2308 qua:
1576 2243 1735 2290 estea:

135 2344 380 2399 mortuis.
411 2340 493 2398 Ad
521 2339 667 2395 illam
696 2350 817 2407 quae
844 2332 1210 2405 perlectorum
1239 2336 1323 2385 est
1351 2328 1590 2399 proprie,
1624 2342 1734 2383 non

133 2435 197 2491 ad
232 2435 405 2499 illam,
437 2446 599 2502 quant
625 2429 790 2485 etiam
820 2425 1020 2482 invitos
1043 2422 1244 2488 habere
1274 2434 1497 2477 necesse
1521 2429 1627 2476 est.

204 2533 334 2589 Non
356 2531 494 2603 quod
511 2534 629 2604 jam
650 2526 960 2597 acceperim.
979 2523 1114 2592 Quia
1141 2520 1325 2576 mundi
1349 2519 1588 2576 nondum
1612 2517 1736 2575 linis

135 2627 393 2683 advenit:
428 2624 526 2681 sed
556 2624 609 2679 in
655 2636 753 2693 spe
782 2630 888 2686 est,
920 2617 1064 2690 quod
1092 2615 1388 2679 credimus,
1426 2629 1533 2669 non
1565 2614 1617 2667 in
1650 2627 1731 2668 re.

202 2730 313 2786 Aut
340 2730 446 2794 iam
469 2726 728 2798 perfectus
756 2723 873 2777 sim.
907 2719 1102 2775 Adhuc
1127 2717 1205 2773 ait
1224 2731 1285 2772 se
1308 2715 1378 2771 de
1404 2714 1737 2787 perfectione

137 2824 264 2891 hac,
293 2830 353 2877 et
378 2820 450 2877 de
479 2817 572 2873 tali
605 2812 1007 2872 resurrectione
1036 2822 1389 2879 suspensum.

205 2926 415 2996 Sequor
440 2930 612 2978 autem
632 2919 678 2975 si
699 2914 959 2989 quomodo
993 2909 1446 2983 comprehendam,
1475 2907 1530 2961 in
1558 2922 1660 2978 quo
1692 2915 1739 2962 et

135 3018 538 3091 comprehensus
567 3030 682 3070 sum
721 3028 753 3065 a
790 3008 999 3064 Christo
1020 3005 1169 3061 Iesu.
1194 3003 1251 3060 Si
1276 2999 1738 3072 comprehendam

136 3089 399 3168 meritum
429 3104 790 3179 apostolatus,
832 3099 889 3156 in
934 3112 1044 3171 quo
1091 3095 1398 3168 apostolatu
1442 3107 1473 3147 a
1522 3089 1738 3148 Christo

137 3218 259 3260 sum
282 3199 681 3273 reprehensus.

206 3294 454 3360 Fratres,
494 3309 587 3367 ego
629 3306 710 3345 me
758 3304 864 3343 non
909 3286 1135 3340 arbitror
1163 3278 1630 3351 comprehendisse.
1668 3276 1740 3331 Se

136 3384 503 3453 humiliando,
528 3381 781 3439 omnibus
803 3377 1031 3451 gloriam
1058 3375 1214 3443 tollit,
1237 3382 1292 3430 et
1313 3374 1593 3427 universos
1614 3383 1741 3439 pro-

135 3487 302 3535 vocat
328 3477 396 3532 ad
419 3475 835 3548 perfectionem.

212 3570 394 3626 Unum
416 3578 609 3630 autem,
637 3581 755 3639 quae
777 3564 982 3636 quidem
1003 3570 1141 3615 retro
1166 3566 1286 3613 sunt
1312 3556 1614 3612 obliviscens
1634 3568 1651 3609 :
1673 3554 1742 3608 ad

136 3681 196 3719 ea
216 3678 344 3719 vero
371 3677 488 3735 quia
514 3668 632 3716 sunt
677 3660 854 3730 priora
883 3654 1159 3711 extendens
1190 3652 1465 3723 meipsum.
1496 3648 1613 3704 lloc
1647 3663 1739 3703 so-

137 3756 251 3811 lum
278 3754 423 3821 scio,
452 3753 577 3824 quia
607 3750 854 3823 quotidie
894 3746 1125 3820 proﬁcio
1152 3761 1167 3802 :
1207 3755 1263 3800 et
1303 3742 1635 3815 prteteritum
1664 3741 1745 3795 la-

135 3848 338 3903 borem
386 3851 731 3915 computans,
783 3840 851 3896 ad
896 3838 1077 3909 priora
1127 3834 1369 3891 festino:
1415 3833 1539 3888 sive
1587 3831 1744 3902 chis

134 3939 510 4008 obliviscens,
573 3936 643 3993 ad
699 3933 941 4008 perfecta
1006 3928 1291 4003 Evangelii
1342 3938 1613 4000 prmccpta
1658 3939 1745 3980 me

136 4044 329 4091 teneo.

207 4127 298 4183 Ad
331 4125 649 4180 destinatum
673 4136 949 4193 persequor
981 4118 1211 4174 bravium
1245 4129 1482 4184 superna:
1510 4113 1743 4168 vocatio-

134 4222 218 4275 nis
251 4218 355 4274 Dei
379 4218 435 4271 in
463 4216 671 4273 Christo
715 4214 864 4269 Jesn.
893 4211 1047 4281 Quod
1081 4206 1340 4281 perlectis
1368 4207 1511 4261 Deus
1538 4204 1745 4276 promi-

131 4313 208 4369 sit
243 4313 301 4368 in
333 4307 557 4367 Christo
586 4307 640 4363 in
667 4307 822 4363 uelis
853 4324 866 4361 :
895 4303 1041 4377 quod
1079 4318 1187 4358 non
1217 4298 1322 4355 nisi
1350 4299 1630 4354 vincentes
1650 4312 1747 4354 ac-

134 4404 377 4476 cipient.

211 4503 548 4573 Quicumque
567 4515 688 4571 ergo
710 4498 922 4570 perfecti
941 4511 1140 4565 sumus,
1169 4494 1266 4548 hoc
1285 4490 1585 4548 sentiamus.
1603 4489 1750 4557 Quo-

132 4596 312 4655 modo
340 4600 503 4664 negat
531 4607 593 4648 se
620 4605 744 4648 esse
774 4591 1093 4662 perlectum,
1126 4585 1174 4642 si
1195 4584 1287 4639 alii
1317 4591 1444 4639 sunt
1471 4598 1487 4639 :
1516 4583 1618 4639 nisi
1648 4581 1747 4637 hu-
1770 4625 1826 4687 Β

133 4689 401 4748 militatis
450 4686 625 4759 gratia
680 4684 784 4740 hoc
828 4684 1030 4739 dictum
1080 4677 1360 4749 accipias?
1407 4675 1747 4747 Quicumque

133 4785 428 4855 perlectus
473 4787 578 4844 est,
624 4777 728 4833 hoc
773 4777 1012 4832 sentiat:
1062 4782 1247 4830 vetera
1297 4772 1503 4828 scilicet
1554 4771 1747 4826 oblivi-

131 4876 378 4940 scenda,
421 4887 557 4928 nova
604 4870 885 4927 sectando.
932 4870 1067 4938 Quia
1116 4866 1335 4938 perfecti
1377 4864 1579 4920 debent
1622 4877 1749 4919 esse

133 4966 410 5039 discipuli
440 4964 673 5029 Christi;
708 4964 837 5019 licet
864 4962 1112 5032 superius
1134 4960 1201 5015 de
1234 4958 1565 5029 perfectione
1606 4972 1747 5027 pree-

135 5063 240 5117 mii
276 5078 291 5113 :
326 5058 419 5114 hic
447 5072 576 5113 vero
598 5056 664 5111 de
693 5056 923 5111 scientia
951 5055 1019 5109 sit
1044 5054 1277 5108 loculus.

218 5152 297 5209 Et
325 5153 371 5207 si
399 5152 526 5221 quid
552 5151 703 5205 aliter
732 5149 932 5219 sapitis,
960 5156 1008 5200 et
1031 5147 1127 5201 hoc
1147 5146 1288 5201 vobis
1315 5141 1555 5197 reuelabit
1587 5139 1750 5195 Deus.

136 5249 202 5305 Si
228 5247 373 5318 quid
394 5245 486 5300 alii
514 5244 656 5301 Deus
676 5244 959 5300 revelavit.
984 5240 1183 5305 Aliter,
1209 5238 1401 5310 inquit,
1434 5251 1542 5291 non
1565 5233 1713 5290 aliud
1739 5253 1751 5289 :

132 5343 255 5399 hoc
286 5349 394 5405 est,
424 5339 529 5394 alia
557 5336 887 5401 assertione,
919 5350 1027 5391 non
1058 5334 1184 5389 lidc.

220 5436 608 5493 Verumtamen
628 5434 696 5488 ad
711 5431 850 5505 quod
877 5430 1225 5505 pervenimus.
1258 5426 1342 5485 Ad
1372 5423 1757 5498 perfectionem

128 5529 281 5589 novi
305 5528 669 5585 Testamenti.

218 5743 251 5770 ι
292 5729 447 5787 Haud
478 5728 641 5802 igitur
663 5728 804 5785 bene
829 5726 1092 5802 sentiunt,
1122 5722 1213 5795 qui
1258 5719 1539 5802 Sqntichen
1596 5718 1769 5802 virum

135 5804 337 5861 fuisse
373 5790 714 5858 cont'éndunt
755 5816 768 5852 :
809 5815 944 5869 quos
984 5790 1257 5869 inter'et_
1284 5790 1625 5869 Martianteus
1667 5798 1768 5844 est.

141 5875 389 5951 Optime
434 5874 486 5931 in
517 5871 689 5931 nostri
712 5862 992 5932 domestici
1025 5866 1259 5925 Musa-Oli
1287 5862 1631 5938 inscriptione
1670 5876 1767 5916 an-

1834 1950 2059 2015 ciatum,
2088 1948 2142 2002 in
2172 1947 2443 2003 luxuriam
2477 1953 2532 1999 et
2561 1943 2753 2014 epulas
2780 1943 3135 1999 converterit.

1910 2042 2064 2098 Nunc
2113 2049 2285 2095 autem
2315 2046 2365 2092 et
2389 2039 2522 2109 [lens
2548 2036 2696 2104 dico,
2743 2036 2979 2090 inimicos
3023 2037 3191 2091 crucis
3218 2034 3438 2092 Christi.
3494 2070 3497 2073 -

1834 2135 2139 2193 Notandum
2160 2132 2301 2205 quod
2323 2146 2458 2187 vero
2488 2130 2709 2197 allecto,
2741 2131 2987 2184 omnium
3017 2129 3247 2185 salutem
3279 2138 3437 2199 opta-

1835 2231 1995 2297 verit,
2041 2227 2135 2300 qui
2181 2227 2348 2283 etiam
2395 2222 2650 2280 inimicos
2691 2224 2869 2280 crucis
2918 2222 3125 2280 Christi
3174 2222 3436 2291 deﬂebat,

1836 2323 1981 2379 ultro
2008 2321 2062 2376 in
2088 2320 2370 2375 interitum
2401 2324 2780 2387 properantes.

1912 2412 2290 2483 Quorumﬁnis
2320 2410 2581 2464 interitus.
2626 2408 2762 2475 Quia
2790 2405 2844 2462 in
2873 2405 3223 2479 corruptione
3266 2404 3431 2461 semi-

1836 2516 1972 2564 nant
2003 2505 2205 2562 carnis.

1912 2600 2145 2667 Quorum
2172 2596 2314 2652 Deus
2342 2604 2513 2651 venter
2542 2603 2636 2650 est.
2669 2595 2770 2664 Qui
2800 2609 2859 2651 se
2890 2594 2943 2650 in
2974 2594 3079 2650 hoc
3106 2601 3298 2664 putant
3327 2594 3440 2650 Deo

1838 2694 2066 2759 servire,
2094 2691 2140 2747 si
2183 2689 2494 2756 comedant,
2536 2701 2645 2743 non
2682 2686 2967 2743 audientes
2993 2686 3323 2756 Prophetam
3354 2684 3439 2740 di-

1838 2791 2051 2842 centem
2081 2799 2095 2836 :
2129 2780 2188 2837 Si
2216 2778 2681 2835 manducaveritis
2721 2785 2779 2833 et
2820 2776 3093 2845 biberitis,
3131 2790 3315 2831 nonne
3342 2789 3443 2830 vos

1780 2867 1784 2871 ’
1840 2872 2182 2931 manducatis
2210 2878 2267 2926 et
2293 2868 2516 2926 bibitis?

1913 2969 1980 3024 Et
1999 2966 2169 3041 gloria
2191 2965 2245 3019 in
2271 2963 2575 3034 confusione
2595 2963 2849 3032 ipsorum,
2871 2961 2960 3031 qui
2985 2970 3189 3017 terrena
3209 2961 3439 3033 sapiunt.

1839 3062 1897 3119 In
1920 3058 2339 3119 circumcisione
2367 3055 2662 3112 verecundi
2693 3055 2942 3111 membri.

1918 3152 2117 3209 Nostra
2137 3159 2308 3205 autem
2338 3148 2657 3204 conversatio
2688 3148 2741 3201 in
2772 3146 2915 3202 cmlis
2940 3155 3034 3201 est.
3068 3145 3184 3203 Hoc
3210 3161 3319 3202 non
3348 3160 3445 3217 po-

1767 3233 1813 3297 C
1844 3254 1951 3302 test
1978 3244 2166 3299 dicere
2187 3240 2427 3297 terrenis
2454 3237 2602 3292 vitiis
2628 3239 2991 3309 mancipatus.

1919 3335 2069 3392 Unde
2088 3334 2251 3389 etiam
2279 3331 2604 3388 Salvatorem
2630 3338 3006 3402 exspectamus,
3034 3327 3319 3384 Dominum
3350 3345 3447 3385 no-

1840 3439 2009 3484 strum
2036 3425 2218 3482 Jesum
2246 3423 2524 3478 Christum.
2554 3422 2657 3488 Qui
2683 3428 2847 3491 caput
2874 3429 2959 3477 est
2987 3432 3258 3477 nostrum.

1918 3519 2023 3587 Qui
2044 3514 2341 3587 reformabit
2373 3529 2560 3585 corpus
2603 3512 2913 3566 humilitatis
2956 3522 3167 3579 nostrae,
3202 3512 3445 3583 conﬁgu-

1843 3623 2015 3668 ratum
2069 3608 2277 3681 corpori
2330 3606 2586 3661 claritatis
2631 3621 2760 3660 sate.
2815 3605 2969 3662 Sicut
3016 3606 3341 3662 monstravit
3388 3605 3445 3662 in

1845 3710 2052 3770 monte,
2084 3715 2207 3755 cum
2240 3713 2405 3753 unum
2432 3712 2502 3753 ex
2538 3696 2866 3764 viventibus,
2898 3705 2955 3753 et
2994 3713 3161 3754 unum
3190 3713 3257 3753 ex
3296 3712 3447 3753 mor-

1847 3796 1975 3862 tuis,
2022 3791 2290 3849 claritatis
2329 3804 2444 3845 suze
2488 3790 2705 3860 corpori
2752 3788 3095 3860 conﬁgurat:
3129 3791 3447 3859 exemplum

1847 3884 2264 3944 resurrectionis
2292 3880 2614 3946 ostendens,
2643 3890 2698 3936 et
2722 3880 2777 3935 in
2804 3882 3057 3948 mortuis,
3089 3889 3144 3937 et
3173 3880 3230 3935 in
3258 3880 3447 3936 viven-

1846 3982 2009 4037 tibus.

1920 4074 2219 4131 Secundum
2240 4071 2591 4142 operationem
2614 4070 2818 4125 virtutis
2846 4085 2953 4127 suae
2976 4087 2995 4125 :
3016 4085 3117 4141 qua
3143 4069 3299 4124 etiam
3328 4086 3449 4141 pos-

1847 4168 1915 4223 sit
1938 4166 2192 4235 subiicere
2218 4164 2317 4220 sibi
2346 4163 2540 4217 omnia.
2568 4162 2703 4231 Quia
2735 4177 2842 4218 non
2872 4162 3049 4219 solum
3081 4161 3454 4220 conformavit

1850 4275 1970 4326 nos,
1999 4257 2095 4314 sed
2118 4257 2279 4312 etiam
2301 4255 2519 4326 corpori
2547 4269 2648 4311 suo
2671 4256 2854 4311 omnia
2877 4254 3004 4311 fecit
3024 4269 3148 4311 esse
3169 4254 3447 4323 subjecta:

1850 4352 1966 4407 sive
1990 4348 2287 4406 secundum
2315 4348 2668 4415 sententiam,
2700 4362 2804 4418 qua
2834 4346 2938 4403 sibi
2968 4355 3167 4404 cuncta
3195 4345 3450 4416 subjecit,

1852 4444 2018 4501 etiam
2053 4441 2157 4498 hoc
2180 4441 2261 4497 illi
2288 4439 2547 4512 possibile
2576 4449 2682 4496 est.

2475 4598 2703 4659 CAPUT
2732 4601 2821 4658 IV.

1928 4740 2146 4814 Itaque,
2198 4740 2389 4811 fratres
2439 4739 2541 4793 mei
2587 4738 2876 4795 charissimi
2914 4747 2963 4795 et
3005 4738 3451 4796 desideratissimi.

1854 4834 1988 4904 Quia
2022 4831 2399 4903 perfectiores.

1930 4924 2197 4980 Gaudium
2252 4939 2440 4990 meum,
2492 4930 2540 4977 et
2580 4938 2769 4977 corona
2809 4938 2941 4977 mea.
2976 4924 3079 4980 Per
3107 4937 3208 4978 vos
3239 4923 3291 4978 in
3316 4936 3455 4994 pra:-

1857 5022 1997 5079 senti
2028 5020 2297 5084 laetiﬁcor,
2331 5029 2387 5074 et
2415 5018 2467 5073 in
2500 5018 2685 5073 futuro
2710 5018 3036 5074 coronabor.

1933 5116 2025 5173 Sic
2051 5123 2183 5170 state
2206 5114 2259 5167 in
2286 5112 2854 5181 Domino,charissimi.
2881 5112 2939 5166 In
2959 5110 3073 5165 sola
3100 5107 3303 5164 Christi
3325 5106 3455 5174 fide,

1862 5217 1921 5265 ut
1950 5208 2203 5279 superius
2230 5188 2822 5276 comprehendifspem
2846 5211 3137 5276 ponentes,
3160 5212 3215 5258 et
3242 5203 3297 5259 in
3327 5214 3461 5258 con-

1862 5302 2176 5359 versatione
2196 5299 2429 5356 caelesti.

1933 5403 2191 5459 Evodiam
2218 5418 2369 5474 rago,
2401 5410 2448 5455 et
2472 5408 2495 5437 ⁸
2521 5398 2809 5471 Syntichen
2841 5396 3089 5468 deprecor
3108 5396 3340 5471 idipsum
3366 5414 3459 5451 sa-

1862 5512 1985 5568 pere
2011 5497 2065 5550 in
2098 5494 2339 5548 Domino.
2374 5490 2529 5559 Quod
2555 5492 2715 5556 dicit,
2743 5490 2797 5546 id
2824 5499 2948 5547 est:
2980 5488 3098 5547 Una
3131 5503 3347 5547 mecum
3374 5487 3463 5543 ha:

2674 5702 2784 5761 ΕΤ.
2828 5704 3063 5762 MATR].
3120 5703 3281 5761 DEV.
3346 5702 3463 5762 DD.
