3978 6286
533 310 635 369 851

1583 307 1643 365 8.
1682 305 2068 369 HIERONYHI
2104 305 2391 367 OPERUM
2429 307 2800 366 MANTISSA.

3741 303 3839 362 852

536 423 797 479 mulieres
825 422 1063 479 scientes
1091 429 1247 481 erant
1274 420 1450 493 legis:
1483 420 1609 491 quia
1635 417 1890 481 similiter
1921 427 1980 475 ut
2008 419 2140 474 istas
2165 421 2220 485 Α
2248 419 2315 475 ho
2328 421 2380 477 ni
2411 422 2593 491 operis
2619 421 2928 491 recepistis,
2963 421 3055 491 qui
3083 421 3187 479 mei
3212 422 3581 486 immemores.
3603 434 3840 489 occupa-

539 517 726 571 eadem
759 517 962 571 sentire
990 523 1388 569 commemorat
1417 523 1469 568 et
1500 512 1778 567 hortatur.

616 606 793 660 Etiam
827 622 954 679 rogo
979 615 1025 660 et
1067 617 1134 671 te,
1166 604 1423 667 Germane
1450 621 1683 673 compar.
1716 603 2022 663 Germanus
2059 599 2143 655 di-

541 710 662 754 ctus
691 708 771 752 est
801 699 1042 766 nomine,
1072 698 1161 767 qui
1191 706 1309 754 eral.
1337 713 1564 766 compar
1593 695 1782 755 ofﬁcii.

611 790 655 843 Α
676 792 821 862 ljuva
849 790 988 859 illas,
1030 807 1147 860 qua
1185 806 1384 849 mecum
1417 790 1780 851 laboraverunt
1814 791 1868 845 in
1900 789 2138 859 Euange-

541 885 633 939 lio.
682 886 797 940 Non
841 889 1014 949 viros.
1060 887 1153 942 sed
1203 886 1457 952 feminas,
1487 901 1606 957 quae
1639 895 1795 953 erant
1834 885 2140 947 docentes:

543 996 651 1034 non
686 981 736 1033 in
769 980 1051 1048 Ecclesia,
1083 981 1177 1036 sed
1212 982 1265 1037 in
1296 980 1483 1041 domo.

613 1071 738 1126 Cum
766 1072 1023 1135 Clemente
1051 1083 1097 1129 et
1121 1075 1316 1128 cwteris
1344 1070 1673 1145 adjutoribus
1704 1071 1850 1126 meis.
1887 1068 2143 1129 Clemens

543 1183 607 1224 ex
641 1165 963 1235 philosopho
993 1179 1208 1235 magna
1246 1164 1518 1225 doctrina:
1542 1162 1650 1230 vir,
1680 1162 1770 1232 qui
1816 1159 2003 1217 Roma:
2031 1160 2143 1231 epi-

541 1275 744 1330 scopus
775 1258 901 1319 fuit,

615 1353 848 1420 Quorum
878 1352 1087 1406 nomina
1112 1362 1233 1405 sunt
1264 1352 1317 1404 in
1340 1350 1472 1403 libro
1502 1350 1640 1403 vitaz.
1672 1346 1749 1403 Ne
1777 1346 2003 1409 moleste
2034 1346 2143 1407 fer-

542 1454 666 1500 rent
702 1460 796 1503 sna
831 1444 1052 1505 nomine
1083 1443 1136 1505 in
1160 1442 1262 1505 hac
1288 1441 1533 1511 Epistula
1559 1439 1981 1511 comprehensa.
2010 1440 2147 1493 scri-

544 1545 633 1603 pta
680 1549 800 1589 esse
841 1533 974 1597 dicit
1007 1534 1058 1603 in
1089 1534 1264 1591 caelis.
1302 1532 1472 1603 liuius
1501 1530 1624 1595 libri
1654 1531 1815 1587 etiam
1846 1530 2062 1603 Moyses
2092 1538 2147 1585 et

547 1627 715 1682 David
749 1626 1017 1692 meminit,
1051 1636 1107 1685 et
1130 1628 1388 1691 Dominus
1412 1626 1466 1683 in
1503 1625 1820 1694 Evangelia.

618 1718 852 1773 Gaudete
890 1722 943 1773 in
986 1719 1210 1787 Domino
1252 1735 1470 1791 semper.
1504 1718 1637 1786 Qute
1668 1716 1856 1779 saeculi
1882 1716 2142 1788 gaudium

551 1829 658 1871 non
693 1813 927 1871 habetis.

619 1905 819 1959 Iterum
850 1905 968 1963 dico
994 1907 1230 1978 gaudete.
1283 1903 1521 1975 Repetit,
1552 1914 1613 1960 ut
1659 1904 1829 1975 magis
1863 1920 1928 1959 ac
1979 1905 2149 1973 magis

559 1999 814 2070 gaudium
842 2000 1215 2063 conﬁrmetur.

620 2089 676 2144 Μ
682 2092 879 2145 odestia
891 2100 1060 2145 vestra
1076 2099 1197 2144 nota
1211 2090 1275 2144 sit
1293 2089 1528 2147 omnibus
1543 2088 1859 2148 hominibus.
1876 2089 1903 2145 J
1912 2087 2077 2147 odaris
2096 2098 2151 2143 et

548 2182 797 2253 gentibus
824 2182 1096 2246 omnibus,
1122 2179 1211 2252 qui
1259 2196 1355 2241 vos
1375 2182 1635 2241 tribulant
1661 2191 1714 2239 ct
1733 2189 2150 2252 persequuntur.

621 2275 876 2329 Dominus
916 2275 1052 2327 cnim
1088 2290 1247 2346 prope
1274 2286 1371 2329 est.
1409 2274 1522 2329 Scit
1555 2273 1684 2345 quid
1715 2290 1852 2344 opus
1891 2273 1965 2328 sit
2008 2283 2155 2337 auter

549 2382 708 2437 quam
750 2366 947 2435 petatis
973 2365 1041 2421 ab
1069 2380 1134 2420 eo
1168 2381 1183 2429 ;
1214 2365 1330 2418 sive
1372 2365 1437 2425 de
1466 2364 1897 2435 congruentibus
1940 2366 2152 2435 cogita-

553 2462 792 2514 tionibus
819 2459 1241 2513 Sollicitudinem
1274 2459 1448 2528 gerite
1480 2476 1492 2511 :
1522 2474 1681 2527 quam
1713 2460 1857 2512 enim
1890 2458 2155 2514 Dominus

548 2552 711 2607 nobis
759 2568 925 2625 prope
969 2551 1063 2617 sit,
1120 2552 1328 2622 optime
1378 2550 1611 2613 novistis
1641 2550 1937 2605 secundum
1966 2551 2148 2606 illud:

549 2647 708 2713 Juxta
742 2654 825 2703 cst
854 2643 1112 2711 Dominus
1144 2644 1225 2699 his
1249 2644 1345 2715 qui
1376 2644 1633 2711 triltulato
1654 2657 1779 2705 sunt
1808 2645 1996 2697 corde.

627 2737 777 2794 Nihil
805 2737 1017 2797 solliciti
1045 2737 1177 2803 sitis.
1202 2736 1379 2793 Nolite
1412 2738 1673 2806 cogitare,
1707 2736 1835 2807 quid
1865 2735 2156 2801 manduce-

553 2829 643 2894 tis,
668 2839 759 2882 ant
779 2827 905 2898 quid
931 2827 1255 2882 induamini.
1291 2828 1416 2882 Hrec
1434 2828 1613 2893 omnia
1634 2839 1826 2898 gentes
1850 2828 2150 2897 inquirunt.

623 2923 731 2991 Sed
760 2923 811 2976 in
836 2924 976 2983 omni
1004 2924 1235 2985 oratione
1262 2931 1307 2976 et
1339 2922 1691 2976 obsecratione
1721 2940 1836 2975 cum
1864 2922 2153 2992 gratiarum

556 3018 779 3084 actione,
806 3017 1076 3084 petitiones
1104 3028 1286 3073 uestra:
1313 3015 1635 3071 innotescant
1657 3016 1801 3085 apud
1823 3013 2011 3069 Deum.
2039 3015 2153 3075 Non

557 3123 680 3163 cum
720 3107 1173 3173 murmuratione,
1204 3114 1298 3169 aut
1329 3107 1547 3160 tristitia
1574 3127 1585 3158 :
1621 3116 1747 3169 tum:
1777 3114 1958 3174 potest
1979 3107 2155 3175 oratio

558 3211 735 3256 vestra
762 3200 921 3269 digna
949 3213 1072 3255 esse
1098 3198 1317 3261 auribus
1336 3197 1656 3266 Salvatoris,
1679 3198 1723 3253 si
1751 3213 1851 3268 pro
1881 3200 2152 3266 omnibus,
2181 3191 2227 3257 C

557 3310 675 3365 quae
691 3294 955 3362 patimini,
974 3294 1173 3364 gratias
1190 3290 1605 3359 referatis,sicut
1619 3293 1845 3361 apostoli
1862 3292 2154 3354 iaciebant,

629 3381 700 3437 Et
730 3400 835 3456 pas
869 3382 996 3452 Dei,
1027 3399 1142 3454 gare
1179 3391 1455 3451 exsuperat
1488 3400 1691 3439 onmem
1721 3400 1958 3451 sensum,
1989 3395 2159 3439 custo-

558 3476 667 3530 diat
713 3477 878 3541 corda
922 3488 1090 3531 vestra
1108 3517 1125 3543 ,
1176 3488 1224 3541 et
1252 3478 1623 3548 intelligentia:
1647 3486 1838 3541 vestras
1867 3480 1921 3532 in
1952 3478 2158 3533 Christo

558 3568 713 3623 Jesu.
760 3568 873 3634 Qua
908 3568 1083 3635 malos
1111 3569 1343 3624 Stlslittet
1373 3576 1429 3623 et
1470 3568 1741 3639 ingratos.
1781 3568 1992 3631 Christi
2026 3586 2154 3637 pax,

564 3674 666 3731 qua
702 3672 798 3727 pro
836 3658 952 3721 suis
984 3659 1428 3727 persecutoribus
1467 3659 1755 3721 exorabat,
1796 3661 1842 3715 si
1883 3660 2153 3730 recogite-

557 3767 703 3821 mus,
738 3764 957 3821 omnem
986 3758 1223 3813 mentem
1251 3760 1474 3819 superat
1496 3760 1551 3804 et
1580 3750 1826 3813 inclinat.
1872 3751 1994 3805 llaec
2023 3765 2155 3820 ergo

558 3859 663 3917 pax
692 3842 855 3909 corda
884 3852 945 3913 et
989 3843 1384 3913 intelligentiae.
1419 3852 1630 3909 vestras
1662 3843 1917 3913 exetuplo
1950 3844 2153 3901 Christi

561 3938 865 3993 CUslmlial.

631 4030 707 4085 De
736 4042 920 4097 cauere
947 4030 1156 4098 [ra/res.
1200 4030 1280 4101 Ad
1310 4040 1644 4099 extremum,
1677 4040 1732 4107 ut
1764 4032 1943 4097 omnia
1976 4032 2155 4089 brevi-

563 4136 650 4197 ter
680 4124 1163 4195 comprehendam.

636 4220 982 4291 Quazcumque
1006 4228 1129 4273 sunt
1151 4234 1292 4273 uera.
1324 4218 1725 4283 Permanenda.

636 4318 976 4384 Quacumque
1005 4313 1214 4386 pudica,
1252 4330 1586 4385 quotcumque
1609 4319 1789 4385 jttsla,
1824 4330 2156 4387 quacumque

563 4418 763 4473 sancta,
795 4424 1126 4478 quwcuiiiqne
1146 4406 1416 4473 amabilia,
1442 4423 1773 4480 qua’cumqtte
1800 4408 1948 4466 bona:
1977 4411 2150 4479 fumat.

563 4498 698 4565 Quia
740 4502 917 4553 omnis
949 4512 1139 4554 natura
1176 4499 1409 4554 humana
1454 4500 1603 4554 novit
1648 4500 1939 4570 diligenter
1965 4517 2152 4557 amare

564 4590 711 4657 quod
746 4591 944 4644 bonum
974 4604 1079 4646 est.

638 4682 701 4735 Si
726 4698 830 4753 qua
859 4684 1039 4757 uirtus,
1071 4685 1114 4738 si
1139 4700 1239 4755 qua
1266 4685 1383 4751 laus
1411 4686 1701 4765 disciplina:
1727 4702 1742 4739 :
1778 4686 1885 4759 (caeo
1911 4687 2151 4759 cogitate,

562 4794 675 4846 qua:
697 4785 742 4829 et
771 4775 1027 4830 didicistis
1047 4817 1061 4840 ,
1109 4786 1156 4829 et
1182 4779 1475 4848 accepistis,
1510 4788 1558 4833 et
1595 4779 1845 4847 audistis,
1874 4788 1923 4839 et
1954 4780 2154 4834 ridistis

564 4872 613 4927 in
640 4887 754 4926 me:
792 4869 974 4941 Virtus
1006 4868 1349 4943 lt'lﬂralltite,
1391 4873 1510 4929 sive
1544 4872 1658 4929 laus
1688 4872 2151 4937 conversationis,

562 4974 617 5020 et
647 4963 851 5032 reliqua
886 4962 1052 5026 bona,
1085 4976 1207 5030 quae
1233 4972 1285 5031 et
1318 4963 1588 5018 didicistis
1621 4965 1810 5030 verbo,
1844 4973 1897 5019 et
1925 4966 2152 5032 accepi-

564 5061 661 5112 stis
691 5056 964 5133 exemplo,
994 5065 1047 5125 et
1078 5052 1309 5107 audistis
1341 5055 1586 5119 auribus,
1616 5065 1672 5111 et
1704 5050 1912 5112 vidistis
1942 5057 2146 5119 oculis:

568 5150 685 5204 lucc
720 5147 1095 5221 tantummodo
1124 5145 1375 5214 Cogitate.

640 5241 767 5295 IItrc
790 5244 947 5313 agite.
972 5238 1089 5296 Non
1126 5240 1268 5293 enim
1294 5235 1405 5290 sola
1435 5237 1552 5291 sine
1582 5246 1702 5292 actu
1728 5239 1927 5295 snftieit
1948 5240 2151 5311 cogita-

568 5335 660 5389 tio.
705 5334 828 5405 llac
856 5334 1158 5404 posteriora
1179 5374 1192 5397 ,
1224 5328 1311 5384 illa
1344 5329 1639 5415 eitplanant
1665 5333 1967 5409 superiora.

642 5426 708 5499 Et
735 5426 873 5480 Deus
904 5429 1048 5507 pacis
1074 5429 1169 5501 erit
1195 5425 1475 5481 vobiscum.
1508 5424 1564 5479 Si
1593 5427 1707 5497 bare
1739 5442 1844 5482 non
1876 5426 2039 5499 modo
2062 5442 2152 5497 co-

562 5524 765 5598 gitetis,
796 5521 892 5575 sed
924 5520 1085 5575 etiam
1115 5520 1345 5576 faciatis.

627 5616 850 5673 Gavisus
872 5628 986 5666 sum
1006 5622 1178 5666 autem
1198 5616 1251 5667 in
1275 5614 1497 5669 Domino
1528 5612 1842 5668 rehementer
1860 5629 1879 5668 :
1903 5614 2150 5684 quoniam

560 5709 764 5763 tandem
799 5690 1078 5775 aliquando
1120 5708 1431 5775 reﬂoruistis
1470 5722 1563 5779 pro
1591 5720 1669 5765 me
1691 5704 1903 5777 sentire,
1944 5706 2073 5760 sicut
2100 5714 2148 5760 et

550 5800 867 5857 sentiebatis.
926 5796 1177 5869 Occupati
1225 5805 1396 5852 autem
1450 5801 1627 5856 eratis.
1692 5797 1898 5855 lterum
1951 5797 2143 5853 ﬂorent

2246 511 2416 579 tione,
2449 530 2555 568 non
2589 515 2865 573 voluntate
2895 514 3127 571 arefacti
3160 516 3390 571 fueratis
3418 513 3615 569 eliciti.

2319 606 2439 662 Non
2485 610 2633 678 quasi
2678 620 2890 679 propter
2938 609 3215 679 penuriam
3262 610 3396 665 dico.
3466 608 3582 662 Non
3613 619 3838 685 propter

2245 717 2419 757 meam
2462 704 2699 775 inopiam
2725 742 2741 769 ,
2773 703 2868 758 sed
2907 712 3131 774 propter
3157 713 3396 763 vestrum
3430 701 3663 761 fructum
3693 702 3835 770 diro,

2245 810 2329 848 me
2352 808 2472 850 esse
2502 801 2767 866 gavisuni.

2322 887 2430 958 Ego
2467 890 2600 943 enim
2644 888 2805 943 didici
2842 890 2897 943 in
2954 889 3140 958 quibus
3177 904 3289 941 sum
3320 887 3570 957 sufﬁciens
3600 904 3739 942 esse.
3797 887 3833 941 Α

2244 980 2461 1035 Christo
2490 984 2670 1038 omnia
2698 983 3075 1051 aequanimiter
3106 980 3248 1035 ferre
3272 994 3389 1033 sum
3422 978 3667 1034 edoctus.

2318 1073 2442 1128 Scio
2472 1084 2519 1128 et
2544 1074 2859 1133 humiliari;
2892 1076 2997 1128 scio
3046 1082 3096 1131 et
3138 1055 3427 1129 abundare:
3470 1072 3671 1143 Ubique
3715 1082 3766 1126 et
3789 1075 3832 1126 in

2246 1166 2479 1219 omnibus
2509 1167 2772 1220 institutus
2798 1184 2911 1220 sum
2938 1182 2956 1222 :
2988 1176 3033 1218 et
3054 1166 3262 1233 satiari,
3292 1175 3339 1219 et
3353 1167 3563 1233 esurire,
3590 1174 3636 1218 et
3666 1166 3834 1217 abun-

2246 1260 2393 1325 dare,
2428 1270 2473 1315 et
2500 1262 2771 1328 penuriam
2802 1261 2935 1332 pati.
2991 1259 3054 1317 Ut
3092 1275 3190 1317 nec
3220 1259 3547 1319 abundantia
3578 1260 3829 1325 extollar,

2247 1367 2347 1406 nec
2377 1351 2594 1423 frangor
2626 1353 2837 1423 inepia.

2322 1446 2512 1500 Omnia
2538 1464 2750 1519 possum
2777 1448 2831 1501 in
2869 1464 2927 1502 eo
2950 1448 3037 1515 qui
3067 1462 3147 1500 me
3167 1445 3463 1523 confortat.‘
3493 1445 3638 1501 Daus
3676 1443 3833 1499 intel-

2246 1539 2557 1611 ligentiam,
2589 1540 2677 1593 vel
2706 1554 2801 1594 sua
2825 1539 3074 1595 doctrina
3102 1539 3406 1595 continuat.

2333 1632 2696 1686 Verumtamen
2740 1632 2863 1685 bene
2896 1633 3122 1703 fecistis,
3155 1628 3588 1683 communicantes
3620 1628 3834 1682 tribula—

2251 1725 2381 1779 tioui
2410 1739 2556 1777 mere.
2587 1722 2703 1779 Non
2728 1723 2872 1778 enim
2907 1722 3096 1779 debuit
3125 1735 3245 1777 mea
3278 1722 3454 1790 inapia
3478 1730 3723 1774 vesnain
3748 1720 3833 1781 im-

2174 1808 2220 1875 Β
2250 1818 2439 1889 pedire
2465 1816 2797 1873 merci-dem.

2329 1909 2485 1965 Scitis
2513 1918 2687 1963 autem
2714 1921 2760 1964 et
2789 1926 2896 1974 vos,
2922 1907 3307 1980 Philippenses,
3331 1904 3470 1975 quod
3497 1905 3552 1957 in
3581 1904 3835 1976 principio

2258 1997 2562 2070 Evangelii,
2588 1997 2793 2070 quando
2824 1998 3085 2067 profectus
3115 2012 3230 2051 sum
3260 2013 3290 2051 a
3318 1994 3627 2049 Macedonia
3652 2034 3668 2058 ,
3702 1993 3834 2046 nulla

2256 2092 2378 2144 milii
2408 2090 2644 2144 Ecclesia
2671 2090 3084 2143 communicarit.
3139 2086 3368 2156 Quando
3401 2084 3677 2156 profectus
3704 2101 3829 2146 sunt,

2255 2182 2410 2237 scitis
2436 2199 2449 2235 :
2485 2183 2606 2251 quia
2629 2196 2725 2235 vos
2758 2181 2931 2245 solos,
2958 2197 2985 2232 a
3012 2178 3208 2250 quibus
3229 2186 3478 2248 sumptus
3505 2178 3831 2255 accepimus,

2255 2276 2542 2345 elegimus,
2577 2273 2855 2328 fideliores
2885 2288 2983 2326 vos
3014 2272 3270 2327 omnibus
3294 2271 3628 2340 iudicantes.

2330 2368 2396 2421 In
2423 2368 2623 2421 ratione
2659 2366 2766 2419 dati
2794 2375 2837 2420 et
2869 2366 3085 2437 accepti,
3114 2365 3214 2418 nisi
3236 2380 3322 2417 vos
3347 2360 3465 2416 soli.
3505 2362 3704 2415 Dantes
3731 2374 3836 2413 car.

2259 2462 2427 2529 nalia,
2462 2460 2769 2531 Spiritnalia
2801 2461 3113 2527 accepistis.

2332 2555 2468 2622 Quia
2499 2564 2546 2608 et
2580 2552 2999 2608 Thessalonicam
3031 2550 3188 2606 semel
3211 2593 3224 2615 ,
3272 2558 3318 2611 et
3349 2548 3424 2603 bis
3454 2550 3507 2602 in
3542 2564 3695 2601 usum
3726 2546 3837 2596 mihi

2258 2647 2470 2701 misistis
2501 2662 2518 2699 :
2550 2661 2651 2697 non
2680 2646 2800 2715 quia
2831 2660 3003 2712 quer
3029 2645 3206 2695 dafum
3228 2683 3240 2701 .
3277 2642 3366 2693 scd
3391 2641 3598 2710 requiro
3625 2643 3840 2708 fructum

2259 2738 2610 2791 abundantem
2636 2735 2689 2788 in
2722 2736 2922 2787 ratione
2948 2748 3134 2786 vestra.
3172 2731 3468 2786 Abundans
3501 2731 3710 2782 fructus
3732 2743 3843 2781 ora»

2262 2834 2425 2885 tionis
2447 2840 2525 2883 est
2544 2870 2558 2893 ,
2583 2843 2704 2883 eum
2730 2830 2933 2882 sanctis
2955 2826 3121 2881 etiam
3146 2824 3466 2878 absentibus
3491 2822 3840 2875 minisu-atur.

2332 2922 2514 2978 Habeo
2546 2930 2720 2973 autem
2749 2920 2923 2973 omnia
2946 2962 2957 2983 ,
2994 2928 3041 2971 et
3080 2917 3306 2970 abundo.
3344 2913 3594 2983 Repletns
3625 2929 3739 2966 sum
3764 2928 3846 2965 c1-

2259 3020 2415 3087 ceptis
2461 3018 2523 3069 ab
2574 3013 2963 3087 Epaphrodito,
3009 3029 3123 3084 qum
3172 3010 3407 3064 misistis.
3462 3008 3733 3061 Provecat
3758 3018 3844 3060 eos

2261 3110 2531 3164 laudando
2552 3116 2607 3162 et
2635 3110 2834 3177 gratias
2869 3104 3174 3160 referendo.

2334 3202 2399 3257 In
2439 3203 2650 3257 odorem
2693 3201 2981 3255 suavitatis.
3036 3199 3182 3253 Odor
3212 3196 3533 3259 suatitalis,
3568 3209 3675 3247 non
3706 3193 3759 3245 in
3794 3208 3847 3245 re

2261 3299 2466 3365 oblata,
2500 3296 2592 3350 sed
2633 3296 2685 3350 in
2723 3295 2919 3348 mentis
2951 3292 3240 3347 devotione
3275 3289 3559 3344 eonsiSIit:
3594 3289 3735 3338 sicut
3763 3300 3841 3338 sa-

2260 3393 2523 3449 crificium
2558 3388 2669 3444 Noe
2700 3387 2843 3441 Deus
2874 3386 3204 3440 describitur
3236 3381 3523 3443 odoratus,
3568 3395 3693 3433 cum
3730 3379 3839 3447 ipse

2259 3487 2447 3550 dieat,
2498 3499 2597 3537 nec
2646 3481 2940 3547 carnibus,
2993 3493 3091 3533 nec
3136 3475 3455 3531 animalium
3502 3473 3765 3544 sanguine
3793 3486 3847 3524 se

2260 3577 2539 3643 delectari.

2337 3667 2573 3723 Hostiam
2596 3674 2882 3738 acceptam,
2919 3662 3202 3736 placentem
3224 3658 3353 3714 Deo.
3379 3655 3683 3714 Notandum
3710 3655 3843 3725 quod

2259 3763 2606 3830 eleemosyna
2648 3758 2822 3825 hostia
2862 3754 3209 3825 appellatur:
3244 3768 3362 3821 quire
3394 3754 3530 3804 sicut
3574 3764 3603 3802 a
3642 3749 3844 3803 sanctis

2259 3853 2465 3916 oblata,
2496 3860 2717 3919 accepta
2741 3851 2859 3902 e'st:
2893 3849 2963 3900 ita
2993 3860 3184 3901 eorum
3217 3844 3310 3913 qui
3342 3843 3395 3898 in
3429 3841 3663 3911 peccatis
3692 3839 3849 3893 dura-

2260 3945 2454 4007 verint,
2494 3941 2840 4009 reprol‘atur.

2334 4039 2470 4091 Deus
2492 4046 2663 4090 autem
2691 4051 2832 4087 meus
2854 4032 3065 4105 impleat
3098 4046 3246 4083 omne
3267 4026 3583 4080 desiderium
3604 4034 3846 4083 uestrum,

2258 4133 2536 4187 sernndunt
2562 4128 2765 4189 divitias
2792 4143 2915 4181 suas
2946 4127 2995 4177 in
3025 4123 3200 4197 gloria
3225 4121 3279 4175 in
3302 4117 3508 4185 Christo
3532 4117 3687 4171 Iesu.
3743 4113 3851 4169 Dro

2256 4233 2432 4279 autem
2475 4232 2522 4276 et
2569 4221 2716 4275 Patri
2766 4230 2945 4273 nostro
2996 4217 3164 4290 gloria
3195 4218 3247 4275 in
3278 4217 3470 4270 sa’cula
3495 4213 3849 4270 sceculorum:

2259 4319 2441 4371 Amen.
2496 4315 2627 4381 Quia
2681 4321 2738 4366 ut
2780 4310 3003 4381 perfecti
3053 4311 3157 4362 alia
3198 4306 3518 4363 desiderare
3556 4322 3663 4360 non
3697 4319 3853 4377 pote-

2257 4418 2403 4473 rant,
2434 4408 2536 4462 nisi
2568 4421 2687 4477 qnte
2712 4413 2836 4458 sunt
2864 4401 3163 4458 secundum
3197 4401 3411 4453 divitias
3436 4398 3533 4453 Dei
3556 4440 3570 4462 ,
3605 4413 3715 4451 non
3752 4412 3853 4449 επε-

2244 4496 2388 4565 Ὼυιῑ,
2422 4510 2475 4555 et
2506 4515 2624 4570 qum
2656 4500 2721 4553 ad
2752 4498 2981 4569 gloriam
3018 4495 3289 4565 pertinent
3317 4493 3542 4547 Christi.

2183 4578 2233 4639 Ῑ)
2333 4591 2570 4645 Salutate
2597 4594 2798 4642 bnincm
2824 4597 3056 4642 sanctum
3087 4587 3139 4639 in
3168 4584 3375 4640 Christo
3398 4581 3545 4637 Iesu.
3595 4581 3851 4637 Salutant

2257 4701 2345 4737 ros
2372 4683 2459 4755 qui
2487 4698 2684 4734 mecum
2722 4690 2841 4733 sunt
2870 4680 3077 4750 fratres.
3133 4677 3299 4731 Erant
3328 4676 3474 4731 enim
3507 4688 3701 4728 omnes
3726 4689 3850 4727 sau-

2257 4778 2352 4839 eti,
2382 4789 2519 4844 quos
2548 4775 2758 4828 salvere
2782 4772 2933 4844 jubet
2955 4813 2969 4837 ,
2998 4781 3051 4826 et
3076 4785 3265 4825 omnes
3295 4770 3550 4839 przccepit
3576 4767 3808 4821 salutari
3838 4784 3849 4817 :

2258 4872 2401 4926 sicut
2429 4880 2482 4924 et
2523 4870 2575 4923 in
2612 4866 2872 4922 omnibus
2905 4864 3166 4935 Epistolis
3200 4863 3361 4918 facit:
3407 4872 3461 4917 et
3490 4859 3854 4931 proculdubio

2255 4974 2446 5020 verum
2489 4962 2698 5016 dixisse
2739 4959 3044 5016 credendos
3075 4967 3179 5013 est.
3213 4956 3269 5011 Si
3299 4970 3427 5009 vere
3453 4954 3629 5008 saneti
3664 4960 3851 5014 erant,

2262 5064 2576 5128 peccatores
2614 5054 2802 5120 utique
2843 5066 2948 5104 non
2986 5057 3181 5113 erant;
3216 5046 3414 5117 ctquia
3444 5062 3550 5100 non
3584 5054 3852 5113 peccato-

2260 5166 2384 5217 res,
2442 5148 2536 5203 sed
2582 5148 2755 5201 sancti
2805 5154 3001 5200 erant:
3053 5154 3160 5197 tam
3212 5152 3460 5213 poterant
3511 5152 3673 5207 esse,
3706 5138 3854 5210 quod

2260 5253 2436 5305 erant,
2467 5256 2624 5313 quam
2658 5247 2909 5309 poterant
2938 5252 3045 5291 non
3079 5252 3199 5289 csse
3227 5232 3368 5304 quod
3400 5248 3503 5287 non
3533 5239 3720 5285 erant.
3757 5230 3853 5297 lgi-

2260 5348 2347 5393 tur
2372 5344 2590 5392 sanctos
2628 5332 2883 5387 homines
2920 5330 3019 5383 hac
3054 5329 3262 5383 ratione
3299 5340 3420 5381 esse
3452 5322 3721 5394 possibile
3750 5331 3852 5376 est.

2332 5429 2573 5485 Salutant
2597 5442 2681 5481 vos
2710 5440 2882 5477 omnes
2905 5424 3086 5486 sancti,
3111 5421 3335 5474 maxime
3361 5428 3527 5471 autem
3547 5416 3637 5483 qui
3659 5414 3856 5469 de

2256 5522 2391 5575 saris
2433 5521 2586 5573 domo
2624 5525 2762 5570 sunt.
2816 5514 2917 5583 Qui
2950 5523 3075 5569 sunt
3103 5528 3275 5583 nuper
3302 5511 3367 5565 de
3408 5508 3638 5565 Caesaris
3686 5507 3857 5561 domo

2254 5613 2527 5669 conversi.

2325 5704 2506 5759 Gratia
2554 5702 2765 5769 Domini
2810 5700 2968 5758 nostri
2999 5698 3128 5754 Jesu
3169 5698 3367 5754 Christi
3394 5712 3507 5750 cum
3537 5693 3738 5764 spiritu
3772 5710 3855 5749 u-

2250 5809 2357 5857 stro
2386 5811 2401 5853 :
2425 5796 2607 5853 Amen.
2730 5861 2733 5864 ν
3022 5844 3090 5865 ω,
3454 5829 3519 5861 α
