3978 6286
236 288 345 347 855

864 287 1407 347 COMMENTARIUS
1446 290 1513 346 ΙΝ
1555 287 1948 347 EPISTOLAM
1986 286 2079 344 AD
2114 286 2618 351 COLOSSENSES.
2661 288 2813 345 CAP.
2854 288 2897 345 Ι.

3416 292 3525 357 εει

2336 405 3508 430 —_______________

904 555 1025 639 IN
1077 551 1739 638 EPISTOLAM
1791 550 1948 634 AD
2004 549 2822 637 COLOSSENSES.

755 923 986 982 CAPUT
1023 924 1312 981 PRIMUM.

306 1014 514 1071 Paulus
537 1016 804 1088 apostolus
833 1017 963 1072 Iesu
996 1017 1189 1072 Christi
1208 1058 1223 1083 ,
1257 1032 1346 1086 per
1375 1013 1687 1069 voluntatem
1709 1008 1825 1076 Dei,

230 1117 278 1163 et
311 1107 619 1163 Timotheus
669 1112 848 1182 frater,
893 1111 971 1164 his
1010 1111 1098 1178 qui
1140 1118 1263 1165 sunt
1303 1108 1531 1163 Colossis
1561 1105 1756 1159 sanctis
1782 1112 1830 1156 et

227 1197 478 1266 ﬁdelibus
505 1200 755 1270 fratribus
791 1202 845 1255 in
881 1202 1085 1256 Christo
1113 1200 1240 1254 Jesu
1265 1216 1281 1253 :
1314 1198 1496 1254 Gratia
1524 1198 1663 1251 vobis
1683 1236 1697 1260 ,
1728 1210 1832 1266 pax

231 1306 264 1341 a
291 1288 404 1343 Deo
433 1288 593 1345 Patre
618 1302 816 1345 nostro.
845 1292 914 1346 Et
944 1292 1163 1347 Christo
1194 1290 1325 1346 Jesu
1357 1290 1587 1344 Domino
1620 1296 1825 1342 nostro.

303 1380 517 1436 Gratias
546 1384 750 1455 agimus
775 1381 883 1438 Deo
907 1426 920 1449 ,
976 1394 1025 1438 et
1073 1381 1220 1437 Patri
1256 1380 1472 1435 Domini
1498 1381 1658 1434 nostri
1698 1377 1829 1432 Iesu

228 1470 431 1527 Christi
474 1489 675 1547 semper
698 1492 793 1548 pro
815 1475 954 1532 vobis
976 1486 1181 1531 orantes
1206 1519 1219 1539 ,
1249 1476 1521 1529 audientes
1552 1472 1711 1542 ﬁdem
1742 1486 1825 1523 ve-

226 1574 395 1623 stram
446 1566 501 1621 in
543 1565 749 1623 Christo
797 1566 963 1639 Jesu,
1008 1577 1055 1623 et
1094 1568 1424 1623 dilectionem
1450 1579 1605 1637 quant
1634 1561 1829 1617 habetis

230 1656 286 1708 iu
316 1666 524 1711 sanctos
553 1672 747 1712 omnes.
801 1659 931 1713 Sine
960 1661 1279 1728 exceptione
1311 1669 1668 1727 personarum
1698 1695 1713 1718 ,
1744 1652 1827 1708 vel

228 1746 474 1815 notitias,
508 1747 680 1803 solam
710 1748 934 1821 diligitis
967 1750 1018 1805 in
1049 1749 1303 1806 omnibus
1330 1749 1693 1804 sanctitatem.

301 1839 530 1911 Propter
557 1857 719 1912 spem,
740 1858 853 1914 qua
879 1844 1108 1915 reposita
1137 1854 1210 1899 est
1233 1843 1377 1898 nobis
1395 1842 1449 1897 in
1464 1837 1605 1895 cielt's
1629 1853 1646 1893 :
1675 1851 1830 1908 quam

225 1933 453 1988 audistis
488 1933 543 1987 in
568 1933 721 1989 verba
743 1935 970 1993 veritatis
996 1934 1302 2011 Evangelii,
1334 1935 1473 2006 quod
1501 1933 1729 2008 pervenit
1760 1931 1830 1985 ad

227 2043 341 2082 eos.
372 2026 486 2083 Non
515 2035 734 2098 propter
755 2027 1037 2085 hominum
1068 2028 1321 2096 laudem,
1367 2027 1464 2084 sed
1495 2034 1717 2099 propter
1744 2023 1830 2079 vi-

236 2130 349 2175 tam
374 2130 656 2187 retentam,
689 2137 812 2192 qua:
843 2121 898 2178 in
924 2120 1143 2178 Christo
1171 2132 1275 2179 est.

301 2210 455 2269 Sicut
482 2221 529 2267 et
551 2213 605 2267 in
632 2214 871 2269 universo
895 2212 1093 2268 mundo
1114 2222 1220 2280 est,
1251 2223 1299 2269 et
1330 2210 1632 2285 fructiﬁcat.
1666 2206 1828 2265 Aliud

1854 914 1984 977 Ain
2013 924 2212 985 partem
2262 916 2418 970 sortis
2468 926 2771 971 sanctorum
2812 919 2863 971 in
2894 918 3107 973 lumine.
3166 915 3295 973 Plus
3318 922 3530 975 vocatio

1933 1007 2209 1070 lzetiﬁcet,
2255 1024 2413 1077 quam
2458 1007 2664 1077 afﬂigat
2691 1009 2901 1063 tri~titia
2928 1011 3263 1079 passionum.
3310 1011 3528 1083 Cogno-

1934 1101 2102 1154 minat
2130 1111 2335 1155 sortem
2359 1111 2704 1170 sanctorum,
2737 1098 2937 1156 sortem
2970 1102 3303 1158 lncreditatis
3330 1148 3343 1169 ,
3380 1107 3522 1161 sicut

1932 1192 2093 1247 etiam
2137 1192 2424 1263 Scriptura
2476 1202 2912 1250 commemorat:
2960 1197 3080 1267 quia
3125 1196 3282 1252 Jesus
3316 1207 3519 1254 terram

1932 1286 2121 1342 divisit
2147 1288 2199 1341 in
2226 1297 2399 1342 sorte.

2007 1379 2109 1443 Qui
2140 1379 2325 1451 eripuit
2371 1397 2464 1436 nos
2496 1380 2557 1435 de
2585 1390 2836 1454 potestate
2868 1381 3220 1437 tenebrarum.
3268 1383 3351 1439 Ab
3378 1384 3532 1455 igno-

1938 1468 2139 1535 rantia,
2171 1472 2252 1525 vel
2282 1486 2491 1528 errore.

2004 1560 2074 1616 Et
2105 1564 2371 1617 transtulit
2397 1566 2449 1617 in
2482 1579 2693 1636 regnum
2719 1564 2816 1634 ﬁlii
2848 1564 3142 1621 dilectionis
3166 1582 3290 1622 sum.
3338 1566 3415 1621 De
3446 1582 3530 1622 re-

1933 1668 2038 1726 gno
2060 1656 2266 1711 erroris
2289 1661 2345 1711 et
2372 1658 2581 1723 mortis,
2608 1671 2716 1727 quo
2762 1669 2811 1712 et
2849 1656 3035 1713 dilecti
3059 1668 3111 1713 et
3133 1657 3226 1713 ﬁlii
3253 1658 3526 1714 heremus.

2002 1746 2070 1804 In
2097 1764 2195 1819 quo
2223 1746 2470 1804 habemus
2498 1748 2905 1819 redemptionem
2936 1761 2983 1807 et
3020 1751 3373 1806 remissionem
3409 1767 3529 1824 pec-

1932 1850 2189 1896 calorum.
2237 1841 2713 1914 Redemptishﬁde
2742 1885 2755 1910 ,
2804 1857 2900 1915 per
2940 1843 3269 1915 baptismum
3310 1854 3531 1917 peccata

1931 1934 2156 1990 dimisit.
3232 1956 3235 1957 ν

2005 2026 2106 2095 Qui
2132 2036 2207 2084 est
2234 2027 2408 2100 imago
2435 2028 2535 2084 Dei
2560 2029 2854 2085 invisibilis.
2886 2028 3197 2087 Secundum
3228 2030 3525 2100 Epistolam

1932 2116 1999 2173 ad
2031 2118 2309 2173 Hebraeos.

2008 2208 2397 2283 Primogenitus
2420 2211 2582 2266 omnis
2603 2219 2873 2267 creaturae.
2897 2211 3299 2285 Primngenitns
3328 2225 3528 2267 secun-

230 2303 588 2369 tricesimutn,
621 2304 769 2359 aliud
796 2306 1235 2377 sexagesimum,
1266 2304 1409 2360 aliud
1438 2303 1822 2370 centesimum,
1858 2306 1906 2368 Β
1932 2298 2059 2355 dum
2117 2301 2376 2371 assumpti
2427 2302 2663 2357 hominis
2695 2301 2948 2371 formam,
2990 2320 3099 2359 non
3132 2313 3397 2373 tempore,
3428 2301 3527 2357 sed

236 2397 543 2452 secundum
568 2399 881 2468 parabolam
912 2399 1257 2454 seminantis.

304 2491 375 2545 Et
404 2494 606 2546 crescit.
643 2493 699 2548 In
732 2509 987 2563 numero,
1021 2495 1104 2549 vel
1135 2495 1356 2549 virtute.

305 2583 458 2637 Sicut
500 2586 551 2637 in
578 2585 718 2639 vobis
746 2601 810 2639 ea:
851 2601 911 2640 ea
941 2588 1023 2639 die
1050 2603 1157 2657 qua
1192 2584 1414 2640 audistis
1443 2591 1491 2637 et
1522 2582 1829 2653 cognovistis

227 2677 462 2749 gratiam
508 2678 605 2732 Dei
658 2680 713 2733 in
754 2681 986 2734 veritate.
1048 2681 1151 2747 Qui
1194 2680 1311 2749 ejus
1358 2675 1621 2733 beneﬁcia
1668 2675 1827 2729 malis

229 2768 448 2823 actibus
479 2784 586 2824 non
619 2780 909 2825 evacuant.
1790 2825 1794 2829 .

307 2860 463 2915 Sicut
485 2861 743 2916 didicistis
778 2863 842 2916 ab
868 2860 1120 2935 Epaphra
1145 2860 1448 2915 charissimo
1472 2872 1717 2913 conservo
1738 2872 1830 2910 no-

227 2960 346 3008 stro
369 2993 386 3020 ,
432 2954 519 3021 qui
562 2962 639 3008 est
687 2953 858 3025 ﬁdelis
899 2972 992 3026 pro
1022 2954 1159 3008 vobis
1196 2954 1427 3007 minister
1453 2951 1652 3006 Christi
1675 2949 1826 3005 Iesu.

230 3046 503 3101 Fidelitcr
536 3062 632 3116 pro
660 3048 817 3103 vobis
850 3049 903 3103 in
932 3048 1179 3103 oratione
1213 3047 1549 3113 incumbens,
1584 3047 1830 3101 ministe-

232 3138 379 3191 rium
410 3136 618 3192 Christi
646 3138 866 3194 exhibet
890 3139 1188 3195 voluntate.
1323 3146 1327 3150 '
1516 3146 1520 3153 ‘

309 3228 415 3293 Qui
441 3230 595 3283 etiam
624 3232 967 3302 manifestavit
1000 3232 1145 3285 nobis
1172 3232 1499 3285 dilectionem
1530 3237 1749 3283 vestram
1775 3228 1828 3282 in

228 3321 449 3391 spiritu.
479 3320 651 3388 Quam
683 3321 895 3378 habetis
932 3324 982 3376 in
1018 3321 1390 3393 spiritttalibns
1416 3321 1765 3376 charitatem.

304 3409 440 3465 Ideo
466 3420 515 3465 et
539 3428 633 3466 nos
655 3428 719 3466 ea:
742 3429 845 3483 qua
872 3413 955 3466 die
976 3414 1290 3476 audivimus,
1324 3429 1425 3464 non
1448 3427 1706 3465 cessamus
1736 3426 1829 3479 pro

231 3504 377 3558 vobis
416 3516 623 3558 orantes
663 3514 707 3558 et
751 3507 1072 3574 postulantes
1095 3549 1110 3574 ,
1142 3516 1197 3559 ut
1227 3505 1545 3574 impleanini
1571 3504 1831 3574 agnitione

232 3598 521 3651 voluntatis
537 3601 651 3671 ejus
673 3601 726 3652 in
750 3601 890 3653 omni
911 3600 1164 3671 rapientia
1180 3608 1226 3652 et
1251 3600 1515 3652 intellectu
1546 3595 1825 3668 spirituali.

1932 2392 2161 2460 honore,
2192 2394 2342 2463 juxta
2367 2394 2531 2449 illud:
2557 2394 2730 2451 Filius
2750 2397 3312 2467 meusprimogenitus
3335 2395 3525 2450 Israel.

2008 2485 2265 2552 Quoniam
2294 2488 2347 2540 in
2375 2477 2488 2555 ipso
2508 2488 2715 2542 condita
2743 2499 2862 2543 sunt
2888 2490 3125 2543 universa
3152 2490 3207 2543 in
3235 2489 3373 2543 cmlis
3397 2496 3441 2541 et
3472 2488 3527 2540 in

1932 2586 2069 2631 terra
2093 2620 2107 2643 ,
2147 2577 2370 2632 visibilia
2420 2589 2467 2632 et
2511 2580 2789 2634 invisibilia
2814 2597 2831 2635 .'
2858 2581 2961 2635 sive
2984 2579 3180 2648 throni,
3228 2581 3332 2634 sive
3360 2580 3530 2634 domi-

1933 2671 2170 2724 nationes
2190 2716 2204 2739 ,
2238 2672 2342 2724 sive
2373 2671 2696 2742 principatus
2723 2714 2735 2736 ,
2765 2674 2868 2727 sive
2898 2681 3197 2745 potestates.
3253 2672 3308 2727 ιιι
3339 2681 3527 2727 contra

1935 2762 2267 2818 Matticlta'os
2299 2763 2447 2819 facit.

2008 2853 2196 2907 Omnia
2222 2869 2313 2923 per
2340 2855 2511 2924 ipsum
2546 2865 2593 2909 et
2629 2856 2683 2910 in
2728 2856 2843 2926 ipso
2874 2866 3048 2912 creata
3075 2866 3213 2913 sunt.
3263 2856 3318 2912 In
3352 2858 3525 2927 ipsius

1932 2955 2119 3001 creata
2152 2956 2281 3000 sunt
2306 2955 2598 3017 potestate.

2003 3035 2074 3090 Et
2105 3038 2215 3107 ipse
2242 3048 2315 3091 est
2354 3047 2474 3092 ante
2514 3056 2690 3093 omnes
2716 3080 2729 3102 ,
2770 3049 2819 3094 et
2844 3040 3015 3095 omnia
3038 3041 3091 3094 in
3124 3044 3238 3112 ipso
3265 3053 3525 3100 constant.

1932 3128 2068 3183 Dum
2094 3144 2191 3199 per
2214 3131 2389 3199 ipsum
2418 3131 2739 3187 subsistunt.

2008 3224 2077 3278 Et
2123 3227 2233 3297 ipse
2278 3235 2352 3280 est
2398 3237 2551 3299 caput
2602 3228 2837 3296 corporis
2876 3225 3139 3284 Ecclesite.
3168 3228 3305 3298 Quia
3334 3244 3525 3287 omnes

1932 3316 2224 3371 credentes
2253 3317 2368 3385 ejus
2400 3318 2639 3372 membra
2670 3327 2815 3372 sunt.

2010 3409 2113 3475 Qui
2138 3418 2211 3462 est
2249 3410 2563 3480 principium
2586 3410 2954 3482 primogenitus
2979 3426 3043 3465 ex
3062 3412 3301 3466 mortuis.
3340 3411 3526 3467 lucor—

1932 3501 2205 3569 ruptihilis
2232 3502 2438 3570 glerias.

2010 3593 2077 3649 Ut
2104 3597 2168 3648 sit
2190 3595 2244 3649 in
2272 3595 2510 3649 omnibus
2529 3596 2640 3664 ipse
2670 3596 2947 3669 primatum
2975 3605 3167 3652 tenens.
3199 3598 3329 3653 Tam
3363 3600 3415 3655 in
3444 3600 3525 3655 vi-

230 3691 370 3757 Qnia
418 3706 537 3745 eam
590 3693 751 3747 aliter
806 3694 984 3749 lacere
1032 3709 1138 3747 non
1187 3692 1450 3761 potestis:
1500 3688 1643 3760 quod
1694 3689 1824 3744 Pro.
1853 3686 1897 3747 C
1930 3688 2215 3755 sihilibus,
2245 3705 2404 3759 quam
2436 3690 2486 3743 in
2515 3689 2876 3745 invisibilibus
2905 3695 3191 3747 creaturis.

232 3782 400 3851 pheta
429 3783 739 3852 intelligens
768 3784 984 3839 dicebat
1010 3785 1074 3837 ad
1109 3782 1278 3837 Deum
1312 3801 1324 3835 :
1359 3783 1500 3836 Doce
1538 3796 1622 3835 me
1648 3780 1829 3837 facere

234 3873 581 3928 voluntatem
614 3884 757 3927 tuam
790 3915 804 3939 ,
839 3876 963 3944 quia
996 3874 1140 3929 Deus
1170 3888 1323 3928 meus
1353 3888 1413 3928 es
1440 3881 1517 3926 ιιι.

309 3965 384 4021 Ut
436 3966 707 4021 antbnletis
752 3967 905 4038 digne
948 3968 1058 4021 Deo
1105 3984 1195 4039 per
1232 3968 1409 4020 omnia
1453 3966 1710 4035 placentes
1735 4006 1749 4030 ,
1776 3965 1831 4017 in

230 4061 379 4112 omni
412 4076 562 4133 apere
588 4060 717 4113 bono
746 4063 903 4130 fructi
910 4062 1125 4128 ﬁcantrs
1148 4077 1166 4114 :
1198 4068 1247 4114 et
1276 4068 1557 4113 crescentes
1589 4060 1641 4111 in
1665 4058 1831 4111 scien-

232 4152 310 4205 tia
348 4152 462 4203 I‘ei.
514 4152 659 4207 Bene
707 4153 799 4207 ille
829 4154 940 4206 Deo
982 4152 1265 4216 ambulat,
1313 4153 1403 4222 qui
1444 4152 1491 4205 ei
1530 4165 1625 4220 per
1647 4152 1827 4203 omnia

236 4243 422 4312 placet
446 4258 460 4297 :
488 4242 591 4297 hoc
619 4252 723 4310 est,
758 4252 818 4298 ttt
845 4244 900 4298 itt
929 4258 1097 4313 opere
1126 4243 1269 4298 bono
1296 4258 1417 4297 cum
1451 4241 1675 4297 scientia
1708 4241 1823 4295 Dei.

232 4335 553 4391 lructilicet.
599 4336 771 4392 Simul
809 4338 1057 4406 exposuit
1090 4337 1233 4407 quod
1265 4338 1579 4406 frequenter
1600 4334 1832 4391 obscure

223 4416 499 4485 dicebat:
530 4430 630 4486 hoc
652 4440 735 4486 est
758 4472 773 4497 ,
816 4431 1090 4502 quomodo
1125 4433 1266 4487 Dens
1293 4432 1386 4486 det
1412 4432 1579 4495 velle,
1616 4432 1701 4487 vel
1732 4432 1829 4485 ad-

227 4523 416 4593 juvet,
442 4532 497 4578 et
516 4524 837 4579 conﬁrmet:
871 4524 1118 4579 docendo
1140 4524 1348 4579 scilicet
1382 4525 1700 4594 sapientiam
1729 4566 1743 4590 ,
1778 4534 1833 4580 et

232 4616 585 4672 intellectum
640 4618 936 4687 gratiarum
989 4616 1317 4683 tribuendo,
1368 4634 1472 4671 non
1524 4618 1829 4672 libertatem

232 4710 456 4765 arbitrii
486 4709 785 4766 auferendo
810 4752 825 4777 ,
878 4713 1019 4766 sicut
1050 4713 1213 4766 etiam
1247 4713 1297 4765 in
1325 4711 1579 4781 praesenti
1601 4722 1744 4777 orat,
1775 4721 1833 4766 ut

236 4804 577 4871 impleantur
624 4805 899 4875 agnitione
931 4804 1223 4857 voluntatis
1252 4804 1373 4873 ejus
1400 4846 1413 4870 ,
1460 4804 1514 4858 in
1565 4806 1710 4859 omni
1741 4821 1833 4859 sa-

233 4896 449 4966 pientia
494 4903 548 4950 et
598 4896 877 4952 intellectu
921 4896 1230 4967 spirituali:
1269 4912 1377 4967 quo
1419 4899 1628 4967 possint
1672 4898 1835 4970 digne

235 4975 358 5045 Deo
386 5003 485 5056 per
504 4989 687 5044 omnia
717 4989 1012 5045 ambulare.

2007 3783 2145 3849 Quia
2175 3784 2227 3836 in
2248 3783 2362 3855 ipso
2384 3786 2695 3856 complacuit
2740 3801 2940 3839 onmem
2974 3785 3343 3853 plenitudinem
3393 3787 3525 3840 divi-

1934 3874 2111 3927 uitatis
2150 3874 2459 3931 inhabitare.
2509 3875 2565 3928 In
2600 3876 2720 3928 aliis
2750 3918 2764 3942 ,
2817 3874 2921 3929 hoc
2956 3884 3074 3937 est.
3118 3876 3171 3930 in
3209 3878 3469 3946 apostolis
3500 3918 3516 3941 .

1934 3964 2253 4034 patriarchis
2280 4007 2294 4031 ,
2328 3967 2412 4022 vel
2458 3967 2736 4037 prOphetis
2764 4008 2778 4031 ,
2820 3967 2990 4036 gratia
3032 3966 3131 4021 fuit
3162 3982 3225 4022 es
3258 3978 3429 4038 parte.
3464 3970 3519 4025 ln

1931 4058 2147 4115 Christo
2168 4069 2346 4115 autem
2373 4070 2481 4115 tota
2513 4062 2766 4116 divinitas
2814 4060 3079 4116 habitavit
3118 4064 3472 4138 corporaliter
3503 4109 3518 4133 ,

1933 4153 2084 4222 quasi
2116 4154 2159 4208 si
2188 4155 2334 4208 dicas
2364 4154 2724 4210 sumtnaliter.

2011 4248 2075 4303 Et
2106 4265 2193 4320 per
2215 4265 2335 4302 eum
2365 4249 2690 4305 reconciliari
2712 4252 2885 4306 omnia
2916 4252 2969 4304 in
2992 4250 3160 4320 ipsum
3184 4292 3198 4317 ,
3240 4251 3523 4321 paciﬁcans

1932 4356 2023 4413 per
2058 4343 2360 4411 sanguinem
2395 4344 2560 4397 crucis
2600 4348 2732 4418 ejus.
2767 4344 2869 4400 Per
2904 4360 3064 4415 quem
3108 4352 3233 4398 sunt
3274 4344 3526 4399 homines

1934 4434 2233 4489 emundati.

2008 4528 2128 4582 Sive
2151 4545 2267 4599 qua:
2298 4529 2348 4583 in
2380 4530 2536 4595 caelis,
2571 4532 2674 4584 sive
2694 4548 2807 4598 quia
2840 4531 2889 4584 in
2922 4531 3072 4586 terris
3113 4543 3250 4587 sunt.
3284 4533 3529 4589 Terrena

1935 4622 2275 4687 coelestibus,
2307 4638 2425 4691 quae
2452 4623 2518 4676 ab
2545 4624 2623 4679 eis
2650 4639 2744 4693 per
2771 4626 3210 4682 contrarietatem
3243 4629 3365 4681 vita:
3408 4628 3525 4683 luc-

1938 4721 2348 4779 rantseparata.
2389 4714 2537 4770 Unde
2563 4731 2719 4771 orare
2749 4716 3038 4784 docemur,
3073 4731 3129 4773 ut
3155 4720 3404 4775 voluntas
3433 4720 3529 4775 Dei

1938 4805 2390 4875 quemadmodum
2442 4806 2749 4863 celebratur
2790 4811 2841 4865 in
2884 4810 3038 4867 caelis
3064 4856 3077 4880 ,
3132 4812 3204 4866 ita
3244 4812 3334 4866 llat
3372 4823 3425 4867 et
3474 4813 3528 4867 in

1941 4897 2121 4951 terris.
2686 4920 2691 4925 ·

2016 4989 2079 5042 Et
2128 5007 2213 5044 vos
2252 5007 2368 5044 cunt
2418 4993 2592 5046 essetis
2635 4994 2919 5064 aliquando
2959 4994 3194 5062 alienati,
3239 5002 3285 5046 et
3331 4994 3531 5049 inimici

318 5079 389 5134 In
416 5082 555 5134 omni
591 5082 779 5136 virtute
806 5083 1106 5153 confertati.
1140 5082 1326 5137 Virtus
1358 5097 1548 5154 magna
1580 5091 1663 5139 est
1696 5085 1839 5141 inve-
1865 5075 1919 5136 D
1943 5100 2095 5138 sensu
2122 5086 2359 5157 aperibus
2382 5086 2532 5140 malis
2552 5102 2571 5140 :
2592 5104 2727 5141 nunc
2766 5099 2937 5142 autent
2968 5086 3313 5141 reconciliavit
3342 5089 3394 5141 in
3418 5104 3535 5141 cor—

240 5184 487 5230 teratum
518 5175 737 5231 vincere
758 5175 1015 5229 vitiorum
1043 5193 1055 5230 :
1092 5176 1179 5231 vel
1212 5178 1261 5230 in
1289 5175 1629 5247 passionibus
1656 5178 1839 5235 carnis

237 5266 616 5323 inﬁrmitatem
648 5281 928 5337 superare.

322 5356 634 5415 Secundum
680 5361 965 5430 potentiam
991 5358 1401 5431 claritatiszejus.
1435 5358 1501 5416 Ut
1530 5369 1585 5417 et
1615 5375 1712 5417 vos
1736 5362 1845 5419 sic-

251 5463 321 5509 ut
352 5462 401 5507 et
428 5452 520 5507 ille
551 5452 825 5523 patienter
847 5456 1030 5509 omnia
1061 5452 1351 5509 sttﬂeratis.

322 5544 389 5600 In
422 5547 561 5602 omni
592 5551 843 5616 patientia
870 5560 919 5604 et
948 5550 1344 5623 longanimitate
1372 5569 1489 5605 cum
1510 5552 1743 5624 gaudio.‘
1764 5551 1840 5606 lbi

240 5648 336 5697 est
361 5654 495 5695 vera
524 5640 905 5713 longanimitas
934 5653 987 5698 et
1020 5645 1276 5715 patientia
1300 5684 1317 5711 ,
1361 5645 1451 5699 ubi
1490 5644 1685 5715 aliquis
1711 5659 1842 5716 gau-

241 5732 345 5786 det
372 5732 535 5785 etiam
578 5735 852 5789 sustinere
882 5735 1023 5806 quod
1057 5738 1277 5806 patitur.

329 5823 540 5880 Gratias
567 5836 774 5898 agentes
802 5827 946 5898 Deo,
983 5838 1028 5884 et
1060 5829 1234 5901 patri,
1259 5828 1347 5901 qui
1384 5827 1567 5900 dignos
1598 5845 1688 5885 nos
1721 5830 1841 5902 fecit

1945 5194 2068 5250 pore
2094 5178 2264 5231 carnis
2289 5182 2400 5251 ejus
2422 5194 2513 5248 per
2536 5187 2771 5233 mortem.
2804 5177 2935 5245 Qum
2963 5176 3162 5231 fuerint
3192 5176 3487 5232 inimicitiae
3516 5220 3532 5245 ,

1944 5268 2351 5326 evidentissime
2379 5268 2695 5325 declaravit.

2016 5360 2272 5416 Exhibere
2304 5377 2390 5414 vos
2423 5370 2649 5414 sanctos.
2688 5360 2763 5415 Ne
2805 5359 2921 5429 ejus
2962 5358 3282 5415 beneficium
3325 5362 3536 5416 irritum

1945 5453 2236 5517 iacientes.
2266 5452 2386 5508 sitis
2412 5455 2604 5508 iterum
2636 5452 2856 5507 inimici.

2026 5547 2089 5601 Et
2134 5546 2491 5601 immaculatos
2518 5588 2533 5612 ,
2576 5558 2621 5601 et
2666 5546 3137 5612 irreprehensibiles
3182 5561 3352 5599 coram
3399 5546 3536 5610 ipso.

1954 5643 2083 5698 Vide
2114 5643 2158 5697 si
2193 5642 2397 5697 sciebat
2428 5657 2486 5697 se
2517 5641 2869 5706 impossibilia
2898 5641 3237 5711 prmcepisse.

2023 5734 2084 5791 Si
2117 5745 2283 5789 tamen
2315 5734 2622 5802 permanetis
2648 5738 2696 5787 in
2723 5735 2825 5802 ﬁde
2855 5733 3092 5805 fundati,
3126 5741 3172 5786 et
3215 5728 3419 5785 stabiles
3446 5772 3461 5797 ,
3490 5740 3542 5787 et

1950 5828 2251 5884 immobiles.
2281 5826 2436 5886 'l‘unc
2466 5827 2710 5903 poteritis
2745 5824 3072 5889 immaculati
3102 5837 3256 5895 esse,
3284 5823 3330 5880 si
3357 5823 3538 5879 homi-
