3978 6286
478 308 588 368 855
1525 298 1584 355 S.
1624 294 2005 354 HIERONYMI
2040 290 2331 351 OPERUM
2368 292 2730 350 HANTISSA.
3661 291 3758 351 856

491 438 620 477 num
651 435 746 475 vos
771 418 1019 488 exempla
1055 414 1276 471 minime
1306 413 1605 486 decipiant,
1624 412 1722 468 sed
1744 411 1969 467 ﬁrmiter
1998 409 2084 465 fu-
2117 411 2163 472 Α
2193 410 2551 481 philosophia:
2575 454 2590 477 ,
2622 425 2742 481 qum
2771 417 2961 464 contra
2993 409 3142 466 illum
3173 416 3257 466 est
3281 456 3294 481 ,
3328 423 3436 466 non
3465 409 3634 466 solum
3662 426 3757 465 non

494 528 609 573 tura
643 514 894 569 credatis.
2188 506 2448 569 timeatis,
2485 505 2581 560 sed
2612 506 2779 561 etiam
2812 505 3060 561 stultitia:
3089 505 3379 576 deputetis.
3760 496 3763 497 ⁷

563 610 608 663 Α
657 622 747 675 spe
802 602 1070 673 Evangelii
1117 601 1256 673 quod
1305 600 1541 653 audistis.
1586 594 1754 667 Spem
1803 596 2081 667 Evangelii
2260 597 2399 651 Nam
2422 608 2472 652 et
2498 602 2542 652 si
2575 614 2790 671 corpore
2817 599 2995 653 absens
3026 592 3167 666 sum,
3197 599 3285 654 sed
3310 600 3493 670 spiritu
3517 598 3760 653 vobiscum

494 709 683 758 contra
717 696 1067 767 Evangelium
1095 698 1342 749 viventes
1370 707 1590 761 sperare
1619 706 1727 745 non
1769 700 2018 760 possunt.
2185 705 2303 743 sum
2328 690 2564 762 gaudens
2584 702 2631 745 et
2661 692 2836 745 ridens
2865 691 3097 745 ordinem
3125 702 3345 748 vestrum
3366 736 3380 759 ,
3413 703 3460 746 et
3479 692 3761 763 ﬁrmamen-

564 794 716 861 Quod
750 789 1086 863 praedicatum
1121 802 1195 843 est
1226 789 1278 842 in
1304 788 1541 841 universa
1565 795 1821 842 creatura.
1853 800 1967 853 qua
1991 783 2083 837 sub
2186 792 2297 834 tum
2327 787 2436 855 ejus
2463 824 2478 848 ,
2505 799 2620 853 qua:
2642 784 2693 836 in
2718 782 2923 836 Christo
2956 793 3027 838 est
3054 824 3068 847 ,
3103 784 3228 853 fidei
3258 794 3455 838 vestrte.
3497 784 3765 839 Habebam

491 888 616 942 carlo
646 894 739 939 est.
788 882 1118 938 Rationabili
1174 880 1401 937 scilicet.
1453 877 1761 933 Notandum
1792 892 1927 931 sane
1952 891 2087 945 quo-
2189 874 2331 931 banc
2374 877 2604 946 gratiam
2648 875 2926 945 apostoli,
2977 884 3037 930 ut
3084 877 3213 932 alibi
3241 879 3401 948 posui
3429 922 3443 947 ,
3478 876 3609 948 quid
3651 878 3762 933 alibi

489 978 657 1035 modo
681 989 899 1031 omnem
927 982 1234 1030 creaturam
1261 1014 1274 1035 ,
1302 971 1555 1026 homines
1582 968 1729 1024 solos
1758 967 2080 1022 nominavit.
2188 979 2475 1039 ageretur,
2535 978 2930 1040 agnoscerent:
2964 970 3108 1024 sicut
3147 970 3351 1039 {Elismi
3387 971 3614 1042 spiritus
3659 986 3764 1026 cum

566 1070 724 1144 Cujus
764 1069 932 1138 [actus
977 1082 1092 1121 sum
1125 1081 1220 1136 ego
1266 1062 1469 1117 Paulus
1512 1062 1744 1115 minister
1774 1103 1788 1127 ,
1827 1062 1917 1131 qui
1948 1077 2087 1115 nunc
2189 1062 2338 1118 Giezi
2377 1063 2566 1117 fuitin
2596 1064 2705 1117 via.
2758 1062 3030 1133 Supplens
3069 1062 3119 1116 id
3164 1063 3305 1133 quod
3350 1071 3433 1119 est
3457 1064 3524 1120 de
3553 1064 3766 1118 utilitate

489 1165 690 1240 gaudeo
717 1165 768 1217 in
810 1159 1137 1233 passionibus
1185 1174 1280 1229 pro
1308 1158 1467 1211 vobis.
1507 1156 1613 1229 _Pro
1658 1154 1780 1209 aliis
1829 1154 2084 1225 patitur:
2190 1166 2390 1213 vestra:
2436 1157 2598 1213 ﬁdei:
2629 1158 2716 1213 vel
2765 1158 3009 1229 impleo,
3055 1157 3199 1227 quod
3236 1160 3525 1229 praesentia
3560 1158 3765 1227 implere

493 1260 621 1333 quia
653 1274 750 1328 pro
782 1257 901 1327 ipso
925 1264 1049 1308 ante
1071 1268 1264 1323 passus
1294 1264 1379 1307 est
1400 1250 1670 1307 Christus.
2192 1264 2301 1305 non
2334 1265 2577 1321 possum.

567 1352 635 1406 Et
678 1348 936 1419 adimpleo
978 1364 1039 1399 ea
1069 1362 1184 1416 quia
1226 1345 1412 1399 desunt
1458 1345 1759 1416 passionum
1795 1344 1992 1401 Christi
2036 1344 2089 1396 in
2267 1344 2417 1400 Sicut
2434 1361 2555 1416 ergo
2583 1346 2855 1414 accepistis
2879 1344 3060 1399 Iesum
3088 1343 3344 1400 Christum
3373 1341 3649 1397 Dominum
3687 1359 3766 1395 no-

497 1460 652 1501 carne
676 1458 788 1495 mea
807 1456 902 1510 pro
923 1455 1138 1507 corpore
1166 1439 1278 1507 ejus
1302 1478 1318 1501 ,
1362 1437 1503 1506 quod
1532 1448 1607 1491 est
1639 1437 1895 1492 Ecclesia.
1925 1436 2089 1510 Cujus
2197 1448 2394 1504 stram,
2424 1440 2477 1492 in
2512 1440 2626 1509 ipso
2655 1438 2933 1493 ambulate.
2970 1437 3291 1508 Exemplum
3322 1436 3525 1491 Christi
3557 1436 3613 1491 in
3638 1436 3767 1490 vobis

496 1540 664 1610 factus
684 1551 801 1589 sum
823 1550 915 1605 ego
938 1532 1191 1585 minister.
1223 1530 1403 1600 Usque
1425 1529 1564 1584 adeo
1588 1530 1952 1599 praesentibus
1983 1542 2092 1583 non
2194 1531 2402 1587 sufﬁcit
2449 1532 2518 1586 ad
2565 1533 2732 1587 vitam
2760 1573 2776 1600 ,
2828 1532 3041 1588 etiamsi
3092 1530 3297 1603 aliquid
3345 1529 3560 1584 interim
3618 1528 3768 1584 minus

498 1638 707 1684 terreor
751 1622 1260 1695 persecutionibus,
1305 1630 1361 1674 ut
1402 1620 1532 1673 mihi
1583 1635 1807 1690 parvum
1857 1635 1979 1675 esse
2009 1620 2091 1675 vi-
2199 1628 2445 1682 scientia:
2473 1626 2707 1683 habetis,

500 1720 693 1775 deatur
722 1716 865 1788 quod
900 1716 1076 1786 patior
1100 1755 1115 1779 ,
1166 1712 1519 1783 quoadusque
1558 1713 1615 1766 in
1661 1728 1749 1768 me
1778 1712 1960 1784 passio
1989 1712 2094 1767 im-

2271 1722 2515 1778 Radicati
2543 1732 2589 1777 et
2616 1720 3024 1793 superaediﬁcati
3049 1721 3105 1773 in
3132 1720 3276 1789 ipso.
3299 1716 3611 1774 Secundum
3630 1714 3773 1771 robur

506 1814 741 1886 pleatur‘,
775 1811 915 1865 sicut
950 1808 1018 1863 ad
1050 1807 1305 1862 Hebraeos
1331 1806 1505 1861 dicit:
1538 1806 1607 1862 Ut
1643 1822 1750 1861 non
1795 1805 2097 1876 fatigemini
2132 1805 2175 1864 Β
2203 1813 2578 1883 fundamenti,
2612 1815 2847 1869 validum
2881 1812 3247 1884 supercrescit
3277 1810 3593 1866 aediﬁcium.

497 1905 700 1959 animis
742 1904 938 1959 vestris
979 1902 1330 1956 deﬁcientes:
1364 1900 1606 1955 nondum
1650 1901 1795 1957 enim
1825 1915 1998 1972 usque
2019 1898 2088 1955 ad
2277 1906 2345 1959 Et
2370 1907 2663 1975 conﬁrmati
2692 1910 2746 1960 in
2772 1907 2874 1975 ﬁde
2897 1923 2917 1962 :
2947 1908 3079 1961 sicut
3106 1915 3155 1959 et
3179 1904 3455 1969 didicistis,
3478 1902 3774 1957 abundantes

498 1998 818 2068 sanguinem
852 1995 1153 2049 restitistis.
2204 1998 2257 2051 in
2298 1996 2393 2051 illo
2444 1999 2497 2051 in
2536 2000 2825 2070 gratiarum
2868 1999 3085 2051 actione.
3130 1997 3362 2067 Semper
3399 2006 3705 2050 crescentes
3728 1994 3770 2048 in

573 2089 875 2146 Secundum
919 2088 1355 2160 dispensationem
1390 2086 1517 2156 Dei,
1568 2102 1684 2157 qum
1721 2087 1845 2139 data
1876 2094 1949 2139 est
1974 2084 2103 2137 mihi

2250 2093 2301 2147 lo
2321 2102 2411 2148 uel
2431 2109 2530 2163 pro
2552 2093 2803 2147 omnibus
2822 2092 3099 2147 beneticiis
3115 2092 3231 2160 ejus
3253 2091 3455 2160 gratias
3470 2087 3772 2143 referentes.

501 2186 555 2238 in
593 2182 735 2237 vobis
768 2199 787 2236 :
818 2191 873 2235 ut
913 2181 1159 2249 impleam
1196 2182 1405 2236 verbum
1444 2179 1587 2244 Dei,
1627 2181 1930 2248 mysterium
1965 2176 2103 2246 quod

2286 2184 2466 2238 Videte
2505 2201 2567 2238 ne
2609 2185 2724 2254 quis
2764 2201 2848 2237 vos
2889 2184 3111 2251 decipiat
3142 2199 3233 2253 per
3273 2181 3649 2252 philosophiam
3672 2224 3685 2246 ,
3730 2187 3767 2232 et

504 2274 861 2329 absconditum
891 2274 990 2339 fuit
1022 2288 1054 2325 a
1089 2273 1296 2325 saeculis
1336 2282 1383 2326 et
1421 2270 1857 2343 generationibus.
1882 2267 2104 2324 Doctri-

2246 2293 2423 2331 nanem
2467 2275 2735 2349 fallaciam
2780 2277 3063 2330 secundum
3109 2274 3437 2329 traditionem
3485 2272 3776 2326 hominum:

472 2382 593 2437 ,ηπ
631 2362 1005 2433 Ενηηεειίρω.
1052 2378 1213 2433 quam
1259 2362 1416 2417 VObiS
1455 2361 1707 2432 Sentibus
1756 2360 1945 2430 jussus
1984 2374 2104 2414 sum
2210 2369 2491 2423 secundum
2532 2370 2781 2423 elementa
2833 2371 3050 2432 mundi,
3097 2378 3146 2423 et
3196 2384 3296 2421 non
3331 2368 3616 2423 secundum
3655 2364 3780 2418 Chri-

476 2504 477 2507 η
509 2470 756 2526 εΐοῧξπθ·
2211 2471 2367 2517 stum.
2402 2462 2604 2518 Contra
2643 2464 2991 2534 pltilOSOphos
3029 2464 3142 2529 ait,
3190 2476 3419 2533 quorum
3464 2459 3641 2515 omnis
3666 2471 3780 2529 pene

582 2544 740 2598 Nunc
783 2550 954 2597 autem
986 2542 1319 2611 manifestata
1340 2558 1371 2593 n
1400 2550 1472 2595 est
1510 2541 1707 2595 sanctis
1736 2542 1848 2611 ejus
1874 2581 1889 2608 ,
1920 2539 2107 2611 quibus

2250 2555 2505 2625 isputatio
2534 2555 2601 2610 de
2643 2556 2928 2611 elementis
2958 2564 3040 2610 est
3064 2597 3078 2619 ,
3108 2564 3163 2610 et
3194 2555 3264 2609 de
3302 2553 3609 2608 visibilibus
3635 2566 3773 2606 erea-

508 2635 673 2691 voluit
705 2634 867 2688 Deus.
898 2633 1166 2705 Tempore
1195 2648 1301 2703 quo
1321 2633 1493 2687 voluit
1516 2643 1706 2703 gentes
1732 2646 1959 2699 vocare,
1984 2631 2106 2702 qui-

2246 2647 2348 2701 uris
2370 2690 2386 2715 ,
2421 2656 2475 2701 et
2504 2662 2569 2702 ex
2600 2647 2761 2702 rebus
2812 2647 3149 2702 naturalibus
3191 2648 3447 2701 virtutem
3490 2644 3779 2700 existimant

511 2727 613 2783 bus
644 2726 819 2781 voluit
844 2726 1048 2781 sanctis
1076 2726 1291 2793 aperuit
1316 2734 1741 2780 sacramentum.

2246 2738 2309 2791 Dei
2343 2756 2354 2789 :
2383 2736 2647 2802 dicentes,
2674 2753 2739 2792 ex
2767 2736 2938 2792 nihilo
2965 2737 3080 2792 ﬁeri
3100 2736 3227 2792 nihil
3246 2752 3405 2807 posse
3428 2754 3441 2790 :
3465 2744 3516 2791 et
3542 2736 3775 2796 animam,

589 2820 756 2875 Notas
795 2823 963 2891 facere
1012 2820 1215 2873 divitias
1270 2819 1450 2889 gloria:
1496 2819 1807 2875 sacramenti
1854 2819 2012 2892 hujus
2056 2818 2111 2871 in

522 2912 776 2984 gentibus.
825 2912 962 2979 Quia
1010 2912 1150 2967 idem
1198 2911 1461 2966 Dominus
1508 2912 1785 2980 omnium,
1837 2911 1989 2966 dives
2057 2910 2111 2965 in

520 3019 713 3061 omnes
739 3004 832 3074 qui
862 3005 1116 3057 invocant
1144 3003 1319 3057 illum.

480 3082 485 3087 ’
591 3094 742 3162 Quod
790 3103 862 3148 est
901 3092 1134 3148 Christus
1174 3095 1229 3147 in
1267 3093 1404 3148 vobis
1435 3109 1548 3166 spes
1580 3094 1797 3165 gloriae,
1840 3109 1993 3166 quem
2020 3111 2113 3151 nos

2216 2840 2310 2885 aut
2340 2831 2549 2886 initium
2578 2846 2685 2886 non
2716 2830 2937 2898 habere,
2965 2839 3058 2885 aut
3082 2845 3204 2886 esse
3232 2830 3549 2891 mortalem;
3575 2836 3629 2882 et
3644 2825 3784 2895 virgi-

2218 2940 2343 2980 nem
2377 2939 2567 2996 parere
2593 2924 2814 2981 omnino
2842 2941 2948 2980 non
2981 2940 3172 2995 posse,
3218 2923 3312 2980 sed
3335 2935 3390 2980 et
3420 2924 3588 2978 Deum
3616 2938 3675 2976 ex
3700 2920 3784 2975 ho-

2219 3017 2366 3072 mine
2407 3017 2587 3084 nasci,
2629 3018 2803 3084 mori,
2853 3027 3014 3086 atque
3054 3030 3339 3085 resurgere
3363 3056 3378 3080 ,
3410 3015 3632 3070 stultum
3662 3025 3782 3065 esse.

2295 3107 2428 3175 Quia
2469 3108 2523 3161 in
2568 3108 2684 3176 ipso
2727 3108 2982 3162 inhabitat
3031 3108 3198 3161 omnis
3238 3106 3501 3177 plenitudo
3528 3104 3787 3158 divinitatis

479 3244 485 3267 ρ
517 3189 906 3256 annuntiamus,
936 3188 1266 3261 corripientes
1288 3205 1490 3242 omnem
1519 3187 1779 3243 hominem
1799 3230 1813 3255 ,
1845 3199 1893 3243 et
1922 3189 2115 3243 docen-
2142 3190 2189 3254 Ο
2219 3200 2575 3269 corporaliter.
2606 3199 2793 3255 omnis
2827 3199 3109 3269 plenitudo
3137 3199 3337 3255 dmum
3368 3208 3574 3253 nam”,
3615 3197 3665 3251 in
3686 3210 3786 3250 cor.

521 3299 595 3343 tes
622 3288 676 3340 in
704 3284 844 3338 omni
878 3284 1156 3353 sapientia.
1190 3282 1440 3338 Judaeum
1478 3293 1533 3337 et
1576 3282 1823 3338 Grazcum
1847 3326 1862 3351 ,
1894 3298 2111 3341 servum
2220 3305 2355 3361 pore
2374 3291 2493 3360 ejus
2516 3291 2802 3346 inhabitat.

508 3388 575 3435 et
619 3378 872 3433 liberum.
924 3375 1096 3431 Simul
1147 3374 1367 3431 attende
1392 3419 1407 3444 ,
1458 3375 1601 3445 quod
1642 3390 1838 3431 omnes
1888 3377 2112 3447 sapien-
2293 3382 2360 3436 Et
2403 3384 2527 3436 estis
2571 3383 2623 3435 in
2647 3383 2739 3436 illo
2778 3383 3002 3453 repleti,
3034 3385 3121 3454 qui
3151 3390 3225 3437 est
3251 3391 3409 3454 caput
3428 3384 3593 3436 omnis
3619 3378 3787 3453 princi-

522 3470 652 3524 tiam
683 3468 897 3523 doceat.
2220 3485 2373 3546 palus
2414 3484 2463 3529 et
2510 3479 2794 3546 potestatis.
2838 3476 2892 3530 Si
2924 3476 3067 3530 illius
3113 3475 3347 3530 scientia
3378 3476 3647 3530 docemini
3673 3520 3687 3543 ,
3714 3476 3788 3542 qui

546 3616 549 3625 ,
598 3560 668 3615 Ut
688 3559 1017 3614 exhibeamus
1038 3575 1237 3613 omnem
1258 3558 1519 3612 hominem
1532 3564 1813 3631 perfectum
1835 3561 1889 3615 in
1914 3558 2116 3615 Christo

2246 3567 2459 3624 ll'Odidll
2481 3568 2688 3622 initium
2717 3567 2969 3622 invisibili
3000 3576 3268 3623 creaturae
3296 3583 3311 3621 :
3343 3567 3474 3639 quid
3496 3567 3650 3623 vobis
3676 3580 3788 3621 con-

521 3650 647 3707 Jesu
672 3668 689 3706 :
718 3652 771 3704 in
802 3667 903 3722 quo
933 3660 978 3703 et
1008 3650 1183 3704 laboro
1209 3694 1223 3717 ,
1263 3651 1505 3704 certando
1539 3653 1823 3705 secundum
1853 3656 2119 3721 operatio-

2246 3666 2418 3729 erent,
2442 3664 2531 3734 qui
2550 3662 2682 3717 nihil
2710 3662 2827 3732 plus
2854 3662 3179 3733 intelligunt,
3206 3677 3368 3733 quam
3392 3661 3530 3731 quod
3572 3657 3776 3716 vident?

482 3813 491 3820 .
525 3760 641 3799 nent
692 3746 840 3815 ejus,
892 3759 1047 3812 quant
1090 3751 1331 3812 cperatur
1369 3742 1421 3795 in
1462 3759 1539 3795 me
1568 3743 1772 3798 virtute.
1810 3742 2117 3801 Nomadum
2221 3776 2236 3819 ς
2294 3752 2361 3807 1η
2388 3770 2488 3825 quo
2518 3765 2565 3807 et
2605 3754 2893 3807 circumcisi
2932 3754 3051 3807 estis
3075 3753 3463 3808 circumcisione
3491 3768 3596 3806 non
3617 3766 3787 3805 manu-

528 3836 671 3908 quod
701 3848 893 3893 omnes
917 3845 1144 3891 conetur
1170 3834 1429 3889 exhibere
1460 3835 1758 3906 perfectos.

1152 3972 1380 4028 CAPUT
1430 3972 1494 4028 ΙΙ.

608 4112 736 4168 Volo
768 4111 904 4165 enim
935 4126 1022 4164 vos
1068 4109 1201 4163 scire
1222 4108 1431 4179 qualent
1464 4109 1873 4165 sollicitudinem
1902 4110 2122 4167 habeam

530 4224 622 4279 pro
653 4205 792 4259 vobis
809 4243 825 4271 ,
859 4212 905 4256 et
933 4218 1025 4274 pro
1054 4200 1133 4254 his
1152 4202 1239 4269 qui
1259 4189 1381 4253 sunt
1412 4200 1681 4256 Laodicea:
1704 4219 1721 4256 :
1745 4214 1789 4256 et
1814 4205 2124 4275 quicumque

532 4298 891 4352 uon'viderunt
932 4295 1112 4364 facient
1154 4309 1321 4346 mmm
1367 4293 1419 4346 in
1464 4310 1616 4346 carne
1646 4310 1664 4348 :
1696 4305 1748 4347 ut
1795 4297 2122 4352 consolentur

532 4391 691 4443 corda
718 4384 945 4457 ipsorum
969 4432 983 4455 ,
1012 4386 1247 4441 instructi
1276 4386 1328 4439 in
1357 4385 1609 4439 charitate
1627 4428 1642 4452 ,
1671 4396 1719 4441 et
1754 4393 1808 4440 in
1837 4404 2009 4442 omnes
2037 4391 2123 4443 di-

534 4482 681 4533 vitias
710 4479 1045 4547 plenitudinis
1067 4478 1355 4532 intellectus
1377 4478 1429 4531 in
1454 4479 1716 4549 agnitione
1757 4481 1987 4550 mysterii
2027 4481 2125 4535 Dei

2224 3847 2361 3915 facta
2408 3845 2461 3898 in
2499 3842 2869 3915 exspoliatione
2905 3843 3132 3913 corporis
3172 3844 3366 3896 carnis.
3401 3843 3496 3897 llic
3515 3842 3629 3911 jam
3655 3854 3791 3911 pseu-

2223 3936 2573 4007 donpostolos
2604 3945 2775 4001 taxat,
2808 3950 2876 3991 ne
2896 3936 2963 3991 ab
2990 3937 3119 4006 ipsis
3147 3935 3366 4007 quidam
3397 3935 3736 3991 seducantur.

2276 4029 2404 4089 Sed
2433 4028 2483 4081 in
2513 4028 2900 4081 circumcisione
2918 4025 3049 4081 Iesu
3080 4026 3315 4094 Christi,
3364 4025 3651 4090 consepulti
3684 4024 3723 4078 ei
3749 4021 3792 4075 ia

2227 4122 2497 4193 baptismo.
2530 4121 2635 4176 Per
2662 4136 2820 4191 quam
2852 4130 3020 4175 totum
3049 4120 3325 4176 hominem
3355 4118 3721 4188 eaSpoliastis.

2300 4215 2366 4270 In
2391 4232 2494 4287 quo
2534 4225 2581 4269 et
2614 4215 2964 4270 rosuri-existis
3004 4232 3092 4285 per
3137 4215 3292 4285 ﬁdem
3332 4214 3644 4285 Operationis
3680 4204 3759 4263 Dei
3780 4248 3793 4273 ,

2227 4313 2315 4382 qui
2357 4311 2617 4365 suscitavit
2657 4310 2804 4364 illum
2841 4326 2874 4363 a
2916 4310 3151 4363 mortuis.
3191 4307 3514 4363 Surrexistis
3541 4306 3600 4360 in
3628 4316 3795 4359 novam

2228 4406 2392 4461 vitam
2419 4446 2434 4471 ,
2461 4404 2744 4459 credentes
2770 4418 2893 4458 eum
2919 4402 3080 4458 etiam
3111 4411 3327 4472 propter
3357 4400 3459 4455 hoc
3482 4396 3795 4454 surrexisse.

2306 4498 2370 4552 Et
2418 4514 2505 4553 vos
2547 4514 2662 4552 cum
2704 4496 2892 4551 mortui
2927 4497 3102 4550 essetis
3128 4498 3182 4549 in
3208 4494 3410 4549 delictis
3435 4535 3453 4563 ,
3483 4502 3530 4548 et
3563 4489 3799 4563 prcputio

537 4566 714 4628 Patris
735 4583 779 4625 et
811 4570 1005 4625 Christi
1043 4572 1188 4629 Jesu.
1220 4574 1318 4641 Qui
1355 4574 1401 4628 si
1434 4588 1521 4627 tne
1548 4572 1816 4627 vidissent
1844 4616 1858 4638 ,
1891 4585 1958 4637 vet
1991 4575 2121 4629 cha-
2153 4579 2203 4641 D
2229 4591 2402 4646 cumis
2429 4599 2627 4645 ιεεδινω,
2661 4589 2797 4657 Quia
2828 4603 2937 4643 non
2976 4589 3149 4643 solum
3181 4595 3506 4657 peccantes,
3539 4583 3638 4640 sed
3658 4582 3800 4638 etiam

536 4669 752 4725 ritalem
799 4680 970 4719 meam
1001 4682 1123 4736 erga
1152 4684 1237 4733 se,
1270 4677 1324 4721 et
1368 4668 1585 4722 divitias
1622 4669 1864 4738 mysterii
1912 4670 2125 4738 plenius

536 4765 958 4840 cognovissent,
1016 4761 1277 4829 majorem
1327 4763 1703 4832 praestitissent
1742 4762 2026 4834 aﬁ‘ectum,
2072 4778 2126 4823 et

538 4857 922 4921 abundantiam
962 4854 1186 4909 rationis
1216 4872 1244 4907 ει
1284 4870 1407 4921 me,
1455 4873 1612 4926 quam
1651 4858 1719 4911 ab
1759 4858 1878 4927 ipso
1908 4860 2124 4917 Christo

545 4940 708 5021 didici
734 5001 749 5026 ,
783 4956 1114 5012 docerentur
1140 4966 1152 5001 :
1182 4960 1235 5005 et
1271 4964 1366 5019 per
1397 4950 1512 5007 lucc
1535 4952 1963 5009 consolationem
1994 4955 2125 5011 luis-

539 5066 665 5114 scnt
690 5048 984 5111 consecuti.

611 5146 678 5199 In
699 5162 797 5215 quo
819 5152 939 5198 sunt
963 5153 1133 5194 outnes
1158 5136 1385 5191 thesauri
1405 5138 1677 5206 sapientia:
1695 5148 1741 5191 et
1758 5140 2130 5209 scientim'Qui

540 5239 779 5293 latebant
804 5236 856 5288 in
891 5234 1089 5288 litteris
1118 5230 1277 5301 Legis
1301 5271 1315 5296 ,
1347 5229 1488 5283 sicut
1538 5228 1703 5285 Isaias
1741 5231 1819 5293 ait
1851 5248 1862 5283 :
1898 5231 1953 5286 In
2010 5236 2131 5289 the-

524 5328 716 5388 sauris
746 5327 890 5381 salus
922 5339 1102 5382 nostra
1137 5325 1303 5381 venit.

612 5423 929 5479 Absconditi.
962 5424 1063 5488 Qui
1096 5420 1268 5494 Moysi
1293 5427 1448 5476 erant
1477 5418 1745 5476 velamine
1768 5422 2023 5477 contecti.

614 5520 730 5574 Hoc
751 5526 921 5570 autem
950 5517 1094 5580 dico,
1121 5529 1173 5570 ut
1204 5534 1352 5572 nemo
1376 5532 1463 5569 vos
1487 5514 1710 5585 decipiat
1736 5516 1787 5568 in
1814 5514 2136 5571 sublimitate

543 5626 853 5669 sermonum.
886 5610 1091 5665 Idcirco
1134 5612 1327 5667 melius
1368 5611 1594 5675 luisset,
1644 5617 1700 5661 ut
1741 5622 1841 5677 ego
1890 5623 2131 5678 praesens

541 5706 864 5761 instruerem
894 5720 907 5758 :
940 5702 1037 5759 sed
1066 5710 1243 5757 tamen
1276 5704 1513 5761 breviter
1538 5717 1763 5759 omnem
1803 5701 2128 5771 sapientiam

541 5798 597 5859 in
624 5798 739 5870 ipso
768 5813 888 5859 esse
928 5796 1261 5875 complexam
1294 5837 1309 5866 ,
1344 5808 1402 5856 ut
1432 5813 1653 5863 sensum
1690 5797 1779 5869 vel
1817 5808 2125 5862 sermonem

2232 4698 2337 4737 non
2366 4683 2668 4738 circumcisi
2715 4684 2765 4736 in
2810 4682 2951 4752 Lege
2993 4682 3195 4752 pariter
3221 4679 3643 4735 damnabantur.
3684 4674 3800 4731 Cum

2232 4790 2363 4846 ergo
2394 4774 2684 4843 dupliciter
2728 4772 2935 4844 indigni
2982 4771 3206 4843 essetis,
3250 4770 3487 4828 ﬁliorum
3535 4776 3803 4826 consortes

2232 4867 2411 4924 effecti
2440 4867 2594 4923 estis.

2306 4961 2685 5030 (.‘onviviﬁcavit
2714 4976 2830 5013 cum
2858 4958 2950 5013 illo
2968 5000 2982 5025 ,
3019 4958 3218 5014 donans
3243 4958 3386 5014 vobis
3417 4955 3590 5012 omnia
3614 4954 3801 5011 delicta.

2236 5052 2548 5110 Auferendo
2569 5065 2758 5107 causas
2786 5050 3005 5116 mortis,
3051 5050 3102 5104 id
3134 5058 3218 5105 est
3240 5092 3257 5119 ,
3297 5058 3537 5121 peccata.

2303 5147 2489 5202 Delens
2531 5146 2668 5216 quod
2708 5144 2950 5199 adversus
2989 5161 3079 5199 nos
3120 5154 3227 5199 erat
3271 5143 3671 5214 chirographum
3716 5140 3796 5192 de-

2232 5243 2390 5308 creti,
2434 5240 2571 5312 quod
2619 5246 2728 5292 erat
2770 5238 3084 5291 contrarium
3121 5236 3287 5291 nobis.
3316 5235 3385 5289 Et
3421 5238 3589 5305 ipsum
3614 5232 3729 5287 tulit
3750 5230 3803 5283 de

2237 5335 2444 5402 medio,
2495 5333 2700 5404 a/ﬁgens
2745 5328 2880 5383 illud
2921 5330 3079 5383 cruci.
3126 5328 3551 5399 Chirographum
3582 5368 3599 5394 ,
3654 5324 3804 5378 male-

2234 5426 2433 5481 dictum
2464 5423 2623 5495 chis
2653 5431 2753 5477 est.
2779 5419 2933 5477 Unde
2959 5420 3082 5476 alibi
3106 5419 3181 5474 ait
3208 5436 3222 5473 :
3246 5419 3492 5475 Christus
3518 5432 3617 5472 nos
3664 5412 3806 5471 rede-

2237 5520 2334 5576 mit
2361 5518 2427 5575 de
2460 5515 2747 5574 uitaledicto
2770 5514 2951 5585 Legis.
2984 5516 3105 5583 quia
3134 5514 3186 5568 in
3216 5527 3281 5569 eo
3316 5512 3621 5568 continetur
3653 5528 3665 5561 :
3712 5508 3806 5561 Ma-

2236 5612 2466 5667 ledictus
2496 5610 2688 5667 omnis
2718 5607 2807 5677 qui
2842 5621 2949 5661 non
2998 5606 3359 5676 permanserit
3389 5605 3441 5657 in
3472 5602 3603 5656 libro
3635 5599 3804 5669 Legis,

2234 5711 2295 5759 ut
2318 5702 2480 5758 faciat
2520 5717 2604 5758 ea.
2628 5696 2857 5770 Quidam
2880 5713 3013 5754 vero
3036 5696 3453 5767 chirographum
3475 5692 3658 5748 dicunt
3678 5702 3800 5751 esse,

2232 5796 2387 5877 quasi
2436 5797 2693 5873 scriptam
2752 5791 3038 5870 quamdam
3092 5789 3234 5867 apud
3285 5788 3454 5847 Deum
3505 5784 3802 5846 memoriam
