3978 6286
235 359 341 416 857
840 357 1387 419 COMMENTARIUS
1424 361 1491 420 IN
1529 360 1919 420 EPISTOLAM
1959 362 2052 418 AD
2087 362 2588 429 COLOSSENSES.
2628 366 2783 427 CAP.
2826 371 2916 429 ΙΙΙ.
3421 375 3527 434 858

231 484 569 548 pacatorum.
623 475 781 534 Unde
832 478 947 549 ipse
1020 480 1073 535 in
1122 481 1349 538 canticis
1406 482 1579 538 dicit:
1613 482 1814 539 Nonne
1858 485 2078 555 Aquod
2128 487 2361 544 mundus
2406 498 2555 545 esset
2602 490 2895 562 aliquando
2935 488 3235 547 solvendus
3273 498 3371 548 :et
3405 492 3528 550 ideo

234 571 354 627 haec
395 582 721 643 congregata
761 581 891 628 sunt
917 573 1059 645 apud
1101 589 1189 631 me
1220 616 1235 639 ,
1277 584 1331 631 et
1372 576 1589 646 signata
1626 577 1679 632 in
1717 577 1836 635 the-
1940 578 2134 647 Deum,
2164 594 2325 648 quem
2348 582 2521 637 solum
2551 592 2816 640 mternum
2846 583 3253 653 intellexerunt,
3283 584 3413 640 licet
3440 600 3531 641 su-

241 665 421 720 sauris
477 665 658 721 meis?
696 664 765 721 Et
811 665 1077 723 Jeremias
1121 668 1243 723 ait:
1270 669 1561 725 Peccatum
1591 668 1743 726 Judae
1770 671 1831 727 in

235 773 419 828 ungue
443 757 812 814 adamantino.
846 759 1026 815 Etiam
1065 759 1181 816 haec
1209 760 1385 817 deleta
1416 769 1501 818 est
1538 762 1591 817 in
1628 777 1793 819 cruce
1817 805 1832 831 ,

232 852 363 908 dum
387 851 629 908 dimissis
649 854 914 924 peccatis,
937 852 1100 910 etiam
1133 854 1396 911 memoria
1424 854 1592 911 oblita
1617 862 1703 911 est
1730 855 1833 912 de-

238 946 516 1002 lictorum.

306 1037 379 1093 Et
408 1039 709 1109 exspolians
730 1038 1054 1113 principatus
1076 1050 1125 1095 et
1154 1048 1451 1113 potestates.
1482 1040 1547 1098 Ut
1566 1055 1661 1112 per
1683 1056 1834 1099 mor-

236 1140 345 1187 tem
379 1131 693 1189 destrueret
711 1148 835 1188 eum
858 1174 874 1200 ,
906 1134 995 1204 qui
1026 1132 1261 1189 habebat
1290 1134 1479 1190 mortis
1504 1134 1795 1205 imperium
1814 1178 1831 1205 ,

232 1241 295 1281 se
324 1225 611 1282 offerendo
643 1242 743 1297 pro
774 1226 874 1281 eis.

308 1317 573 1376 Traduxit
634 1318 953 1388 conﬁdenter
1007 1319 1184 1391 palam
1248 1320 1568 1385 triumphans
1616 1320 1733 1376 illos
1780 1322 1834 1375 in

231 1415 426 1481 seipse.
488 1414 695 1470 Devicit
740 1415 916 1484 palam
962 1413 1285 1479 crucitixus,
1330 1414 1648 1470 confusione
1690 1430 1828 1470 con-

232 1516 438 1578 tempta
471 1547 489 1574 ,
545 1504 899 1577 triumphavit
946 1523 961 1561 :
1010 1521 1118 1560 non
1178 1506 1518 1574 occidendo,
1578 1507 1677 1564 sed
1718 1522 1835 1562 mo-

232 1599 426 1654 riendo
454 1617 469 1655 :
502 1607 561 1654 ut
606 1600 764 1656 nobis
790 1644 805 1669 ,
852 1597 1129 1655 confracta
1175 1601 1326 1656 omni
1354 1601 1607 1672 superbia
1632 1643 1647 1670 ,
1680 1616 1837 1658 mon-

232 1703 439 1748 strarct
467 1694 803 1765 exemplum.

304 1784 480 1841 Nemo
504 1803 626 1859 ergo
653 1804 741 1843 vos
758 1788 959 1860 judicet
984 1787 1038 1841 in
1064 1787 1176 1843 cibo
1203 1829 1217 1853 ,
1248 1797 1338 1841 aut
1363 1790 1417 1843 in
1447 1799 1570 1859 potu
1592 1832 1607 1857 ,
1652 1799 1739 1845 aut
1778 1791 1833 1845 in

1939 673 2285 741 perstitiose,
2324 683 2504 730 tamen
2544 675 2821 732 humiliter
2847 676 3090 733 venerati
3130 684 3258 733 sunt
3290 696 3303 731 :
3334 687 3391 733 et
3418 694 3527 735 non

1938 765 2267 837 parcendum
2296 766 2567 822 duxerunt
2608 768 2828 839 corpori
2854 787 2868 821 :
2893 782 2994 823 nec
3033 782 3252 823 carnem
3283 768 3336 824 in
3370 778 3526 825 satu—

1937 860 2101 914 ritate
2155 846 2565 929 honorandam,
2637 868 2828 931 utpote
2893 862 3236 916 morituram.
3313 862 3523 920 Aliter:

1936 952 2053 1008 Non
2082 968 2182 1009 vos
2228 954 2452 1010 seducat
2495 954 2838 1027 philosophia
2882 954 2949 1010 ad
2987 955 3280 1011 humanam
3320 955 3527 1012 doctri-

1937 1064 2084 1114 nam,
2115 1063 2237 1119 qua:
2266 1048 2545 1119 sapientiae
2568 1058 2624 1106 et
2648 1048 2998 1105 abstinentiae
3036 1051 3222 1120 specie
3247 1050 3526 1106 suborna-

1937 1150 2044 1197 tur.
2068 1141 2124 1197 In
2151 1158 2251 1212 qua
2276 1151 2385 1197 tam
2407 1158 2545 1198 vana
2574 1152 2659 1198 est
2689 1142 2932 1213 corporis
2953 1144 3199 1208 afﬂictio,
3233 1153 3339 1198 tam
3360 1145 3526 1199 stulta

1936 1236 2303 1292 meditationis
2326 1237 2556 1292 intentio
2588 1237 2779 1307 :cnjns
2810 1237 3012 1292 bonum
3055 1235 3121 1290 ad
3144 1236 3438 1306 capiendas
3465 1243 3519 1291 et

1934 1330 2287 1386 inﬁrmandas
2338 1339 2550 1386 mentes
2588 1330 2739 1400 quasi
2781 1329 3003 1400 quidam
3037 1328 3265 1400 laqueus
3305 1328 3527 1383 diabolo

1935 1433 2269 1492 aucupante,
2304 1422 2663 1493 praetenditur
2697 1440 2710 1476 :
2745 1438 2854 1495 quo
2876 1421 3091 1478 facilius
3128 1422 3329 1477 malum
3355 1435 3514 1477 suum

1937 1531 2169 1589 sequens
2191 1517 2428 1573 inducat.

2540 1606 2768 1663 CAPUT
2808 1604 2896 1689 ut.

2009 1784 2183 1858 Igitur
2225 1785 2270 1839 si
2298 1786 2696 1840 consurrexistis
2734 1800 2851 1838 cum
2881 1782 3120 1847 Christo,
3171 1798 3287 1850 qua
3326 1798 3531 1837 sursum

229 1887 380 1947 parte
406 1877 509 1931 diei
534 1878 656 1948 [esti
679 1921 695 1947 ,
737 1888 825 1932 aut
855 1880 1157 1945 neomeniw,
1206 1888 1293 1933 aut
1324 1879 1673 1935 sabbatorum.
1706 1881 1837 1936 Nul-
1865 1880 1912 1941 B
1938 1890 2058 1934 sunt
2086 1880 2298 1951 qurerite
2331 1896 2348 1933 :
2386 1880 2476 1934 ubi
2501 1879 2741 1937 Christus
2766 1887 2839 1935 est
2868 1880 2920 1933 in
2949 1878 3168 1934 dextera
3198 1878 3298 1934 Dei
3324 1879 3530 1933 sedens.

233 1971 347 2024 lum
372 1985 505 2038 ergo
536 1971 588 2025 in
619 1970 1003 2041 hocjudicium
1030 1980 1153 2035 est,
1195 1971 1337 2042 quod
1374 1982 1459 2028 est
1488 1973 1680 2030 umbra
1709 2018 1723 2039 ,
1777 1985 1833 2031 et

230 2062 511 2129 cessavit,
551 2077 786 2133 corpore
806 2063 1101 2119 veniente:
1136 2064 1259 2133 quia
1288 2064 1524 2136 imagine
1556 2080 1697 2136 opus
1728 2083 1835 2123 non

231 2161 320 2209 est
344 2195 357 2216 ,
388 2153 618 2209 veritate
647 2161 941 2225 praesente.

307 2246 589 2312 Quasunt
624 2246 807 2301 umbra
851 2247 1178 2318 futurorum,
1208 2263 1394 2320 corpus
1423 2254 1595 2302 autem
1620 2246 1833 2303 Christi.

232 2337 387 2392 Tunc
415 2334 560 2392 enim
593 2337 773 2393 futura
803 2347 988 2404 erant,
1017 2355 1137 2410 qum
1162 2340 1322 2393 modo
1346 2350 1494 2395 sunt.

306 2428 479 2484 Nemo
510 2444 596 2483 eos
614 2429 846 2494 seducat,
882 2431 1075 2496 volens,
1106 2431 1159 2484 in
1192 2431 1487 2487 humilitate
1510 2441 1558 2487 et
1587 2433 1837 2507 religione

230 2522 567 2593 angelorum,
597 2537 711 2592 quia
737 2539 841 2576 non
880 2522 1027 2584 uidit.
1069 2524 1344 2577 ambulans
1373 2524 1591 2594 frustra,
1625 2526 1837 2595 inﬂatus

231 2631 388 2670 sensu
412 2630 524 2670 sua:
549 2616 742 2669 carnis.
774 2614 946 2670 Nemo
968 2614 1089 2670 ﬁcta
1114 2614 1420 2672 humilitate
1447 2618 1718 2687 superbus
1735 2659 1750 2684 ,
1780 2627 1840 2675 et

232 2706 462 2777 angelos
496 2720 556 2762 se
586 2705 772 2762 videre
796 2708 1065 2762 mentiens
1089 2749 1105 2773 ,
1146 2706 1346 2762 frustra
1378 2722 1437 2763 se
1463 2722 1634 2779 super
1664 2709 1840 2764 homi-

232 2814 333 2856 nes
364 2800 572 2870 jactet,
604 2800 696 2869 qui
730 2799 967 2856 visiones
1000 2815 1032 2855 a
1061 2816 1164 2855 suo
1204 2800 1370 2856 corde
1399 2800 1638 2871 loquitur
1673 2818 1686 2855 :
1721 2802 1837 2876 sive

234 2906 400 2949 nemo
429 2902 537 2947 tam
567 2892 785 2948 humilis
813 2894 915 2948 sibi
947 2902 1001 2948 et
1028 2894 1314 2963 religiosus
1335 2893 1617 2961 videatur,
1648 2902 1709 2950 ut
1742 2910 1838 2951 an-

232 2991 420 3060 gelos,
444 2988 537 3059 qui
567 2987 733 3043 Deum
761 2986 980 3054 vident,
1013 3003 1074 3043 se
1098 2988 1289 3044 videre
1319 2989 1636 3043 mentiatur.

304 3080 377 3135 Et
406 3098 511 3135 non
555 3089 729 3137 tenens
768 3090 942 3153 caput.
995 3081 1223 3137 Christo
1270 3097 1379 3139 non
1434 3081 1695 3150 credens,
1741 3083 1833 3155 qui

238 3174 492 3229 omnium
523 3182 833 3229 sanctorum
863 3181 1026 3244 caput
1050 3182 1153 3229 est.

1941 1970 2372 2042 Consequenter‘
2399 1973 2587 2043 primo
2627 1981 3023 2039 commortuus,
3073 1972 3270 2028 deinde
3308 1988 3539 2027 consur-

1944 2065 2153 2121 rexisse
2185 2080 2283 2121 nos
2314 2064 2484 2119 dicit:
2511 2080 2613 2121 nec
2652 2065 2828 2119 solum
2859 2074 3020 2119 terrm
3052 2065 3215 2131 mori,
3249 2064 3343 2120 sed
3370 2065 3532 2120 etiam

1938 2162 2081 2217 coelo
2126 2174 2228 2215 nos
2261 2160 2446 2215 vivere
2478 2158 2728 2213 hortatur
2758 2176 2771 2211 :
2814 2157 2973 2225 nihil,
3004 2157 3202 2229 inquit,
3252 2166 3535 2214 terrenum

1939 2252 2215 2317 ambiatis,
2247 2251 2383 2307 nihil
2420 2251 2646 2306 mortale
2674 2251 2951 2322 quaeratis.

2014 2344 2145 2411 Quae
2184 2361 2391 2399 sursum
2438 2352 2559 2397 sunt
2606 2344 2792 2415 sapite,
2842 2359 2946 2396 non
2991 2357 3106 2411 qum
3134 2357 3291 2413 super
3321 2350 3535 2396 terram.

1941 2436 2143 2491 Μονιαί
2173 2436 2308 2491 enim
2339 2435 2483 2489 estis.
2514 2433 2806 2491 C(elestem
2853 2432 3139 2488 sectamini
3187 2433 3536 2503 sapientiam.

1943 2529 2054 2586 Sed
2103 2543 2204 2584 nos
2263 2528 2596 2583 laboriosius
2654 2526 2911 2580 humanae
2961 2524 3247 2595 sapientiae
3297 2523 3534 2580 studium

1940 2621 2331 2693 impendimus,
2384 2629 2440 2677 et
2484 2620 2695 2675 artibus
2742 2617 3023 2673 vilissimis
3068 2617 3343 2687 ingenium
3372 2630 3537 2673 occu-

1940 2731 2156 2787 pamus.

2012 2808 2081 2862 Et
2125 2808 2231 2862 vita
2260 2812 2427 2860 vestra
2466 2803 2776 2858 abscondita
2822 2810 2897 2856 est
2938 2817 3058 2857 cum
3086 2800 3293 2857 Christo
3322 2802 3375 2856 in
3400 2801 3531 2857 Deo.

1940 2899 2072 2956 Cum
2102 2909 2277 2955 autem
2306 2897 2547 2955 Christus
2594 2896 2897 2968 apparuerit
2939 2896 3045 2949 vita
3077 2904 3275 2963 vestra,
3323 2905 3445 2950 tunc
3486 2904 3535 2951 et

1939 3012 2028 3051 vos
2057 2991 2375 3066 apparebitis
2401 3007 2520 3044 cum
2545 2990 2656 3061 ipso
2679 2990 2734 3042 in
2765 2987 2955 3061 gloria.
2989 2987 3124 3054 Quia
3154 2988 3249 3042 ﬁlii
3282 2988 3378 3043 Dei
3406 3002 3531 3043 cum

1939 3087 2157 3153 simus,
2211 3082 2455 3139 nondum
2512 3082 2782 3152 apparuit.
2848 3080 3064 3137 Scimus
3108 3081 3364 3152 quoniam
3407 3095 3532 3136 cum

1940 3178 2287 3249 apparuerit,
2338 3173 2548 3229 similes
2577 3172 2627 3227 ei
2667 3172 2896 3227 erimus.
2940 3170 3060 3227 Non
3095 3186 3227 3242 ergo
3268 3170 3535 3228 debemus

308 3266 394 3321 Ex
436 3283 537 3335 quo
580 3274 744 3321 totum
793 3283 982 3337 corpus
1025 3284 1116 3335 per
1159 3283 1324 3323 nexus
1366 3276 1413 3322 et
1449 3266 1838 3337 conjunctione:
1864 3269 1910 3333 C
1943 3273 2032 3329 hic
2064 3278 2308 3326 nostram
2350 3282 2596 3338 quaerere
2628 3266 2880 3337 gloriam,
2926 3264 2981 3319 in
3015 3265 3269 3335 praesenti
3314 3283 3328 3321 :
3367 3280 3435 3321 ne
3464 3264 3534 3321 de

228 3360 679 3416 subministratum
712 3369 761 3415 et
791 3368 1139 3415 constructum
1177 3361 1377 3415 crescit.
1402 3359 1540 3428 Quia
1573 3357 1836 3415 membris

236 3468 342 3524 per
382 3462 555 3508 totum
595 3467 795 3522 corpus
837 3452 1079 3507 membra
1118 3454 1438 3523 junguntur.
1487 3452 1835 3523 Quicumque

231 3544 405 3615 igitur
428 3554 581 3601 extra
616 3544 719 3599 hoc
748 3558 947 3615 corpus
977 3554 1095 3610 cst,
1120 3544 1521 3615 quantumlibet
1541 3560 1602 3600 se
1627 3550 1795 3615 jactet
1818 3585 1835 3611 ,

235 3636 336 3693 ille
360 3646 523 3706 caput
551 3651 659 3691 non
683 3635 879 3701 habet,
910 3634 1052 3705 quod
1085 3644 1169 3690 est
1194 3634 1444 3691 Christus
1472 3636 1563 3707 qui
1593 3644 1678 3692 est
1700 3639 1832 3693 vita.

311 3727 383 3783 In
427 3738 757 3800 augmentum
806 3727 922 3781 Dei.
974 3730 1340 3799 Augmentum
1370 3728 1516 3784 illius
1547 3732 1794 3801 corporis
1820 3772 1835 3799 ,

228 3821 379 3895 quod
408 3820 618 3876 unitum
643 3829 727 3876 est
756 3818 888 3875 Deo.

307 3914 371 3969 Si
398 3929 520 3983 ergo
544 3914 735 3968 mortui
761 3913 883 3967 estis
910 3928 1026 3967 cum
1056 3910 1260 3967 Christo
1296 3912 1361 3966 ab
1388 3913 1647 3967 clementis
1678 3914 1837 3985 hujus

230 4006 441 4061 mundi.
477 4007 706 4063 Possunt
737 4005 962 4078 intelligi
1001 4005 1161 4061 etiam
1205 4005 1463 4074 avaritia,
1498 4005 1710 4061 luxuria
1733 4049 1748 4076 ,
1782 4015 1839 4064 et

232 4110 437 4156 cmtera
459 4099 543 4155 bis
572 4098 794 4154 similia.

312 4195 453 4261 Quid
499 4192 677 4247 adhuc
723 4202 985 4264 tamquam
1024 4194 1243 4248 uiuentes
1289 4193 1483 4247 mundo
1528 4192 1839 4249 decernitis?

232 4289 314 4344 Ne
345 4286 766 4343 similitudinem
790 4286 1009 4357 quidem
1036 4286 1200 4340 ullam
1224 4286 1522 4340 viventium
1552 4285 1605 4339 in
1631 4284 1834 4341 mundo

230 4382 414 4438 voluit
444 4396 545 4437 nos
566 4380 766 4437 habere
795 4396 809 4434 :
842 4379 951 4436 hoc
977 4389 1062 4437 est
1082 4426 1097 4450 ,
1133 4380 1349 4435 illorum
1368 4420 1383 4447 ,
1412 4380 1502 4451 qui
1528 4379 1704 4434 futura
1730 4394 1836 4434 non

230 4476 493 4533 credunt.

312 4573 399 4628 Ne
443 4571 709 4643 tetigeritis
736 4612 750 4635 ,
796 4584 959 4640 neque
987 4566 1310 4639 gustareritis
1328 4607 1341 4633 ,
1373 4582 1535 4637 neque
1560 4573 1840 4621 contrecta-

1939 3365 2097 3423 nobis
2115 3377 2328 3435 quoque
2353 3361 2597 3416 dicatur:
2620 3359 2990 3428 Perceperunt
3016 3358 3323 3415 mercedem
3352 3374 3528 3414 suam.

2014 3459 2329 3528 Mortiﬁcate
2361 3472 2507 3527 ergo.
2539 3454 2693 3523 Quod
2724 3452 2956 3524 professi
2986 3453 3143 3518 estis,
3177 3453 3420 3522 implete.

2012 3552 2247 3607 Membra
2294 3558 2463 3604 vestra
2506 3563 2622 3619 qtae
2669 3555 2791 3601 sunt
2838 3562 2996 3618 super
3038 3554 3250 3602 terram.
3292 3545 3531 3602 Membra

1938 3645 2197 3702 vitiorum
2224 3650 2532 3697 vestrorum
2577 3658 2592 3695 :
2637 3639 2758 3696 sive
2783 3640 2986 3695 malum
3012 3638 3406 3706 membrorum,
3434 3651 3531 3694 no-

1940 3739 2112 3794 minat
2140 3744 2324 3791 vestra
2348 3733 2614 3789 membra.

2011 3828 2465 3894 Fornicationem,
2512 3824 2924 3893 immunditiam,
2971 3824 3259 3879 libidinem.
3302 3822 3533 3879 Omnem

1940 3923 2357 3996 impudicitiam,
2388 3929 2444 3976 et
2491 3918 2911 3987 immunditiam,
2944 3925 3001 3974 et
3040 3916 3321 3973 libidinem
3359 3916 3537 3972 nomi-

1939 4016 2110 4074 navit.

2013 4105 2505 4178 Concupiscentiam
2551 4101 2766 4157 malam.
2796 4100 2894 4157 Est
2922 4100 3068 4156 enim
3097 4098 3535 4169 concupiscentia

1942 4206 2108 4260 bona.
2142 4199 2298 4257 Unde
2343 4197 2532 4253 Daniel
2574 4198 2657 4252 vir
2688 4192 3258 4265 eoucupisccntiarum
3287 4190 3531 4261 appella-

1943 4308 2051 4355 tur.
2084 4294 2151 4349 Et
2180 4290 2350 4347 David
2381 4290 2558 4359 inquit
2605 4305 2619 4343 :
2668 4284 3026 4357 Concupiscit
3060 4294 3115 4340 et
3140 4282 3325 4339 delieit
3352 4282 3533 4337 anima

1941 4405 2061 4445 mea
2093 4389 2147 4442 in
2177 4384 2312 4440 atria
2345 4381 2581 4438 Domini.

2012 4478 2083 4535 Et
2110 4478 2384 4534 avaritiam
2406 4491 2426 4529 :
2447 4489 2564 4543 qua:
2591 4481 2666 4527 est
2689 4468 3091 4527 simulacrorum
3120 4466 3359 4523 servitus.
3387 4463 3537 4523 Nihil

1944 4571 2169 4644 prodest
2200 4570 2313 4625 Deo
2345 4567 2588 4631 nomine,
2618 4573 2675 4619 et
2703 4563 2863 4618 idolis
2890 4559 3151 4631 operibus
3177 4558 3410 4614 servire.

238 4667 439 4723 cer-itis.
481 4665 585 4721 lllo
632 4674 778 4720 tactu
800 4704 815 4730 ,
861 4672 915 4720 et
941 4671 1134 4734 gustu,
1168 4671 1223 4716 et
1244 4662 1702 4729 contrectatione,
1734 4677 1839 4731 quo
1864 4656 1919 4717 Ι)
2014 4664 2239 4735 Propter
2262 4672 2380 4733 qua:
2404 4659 2539 4714 venit
2563 4660 2644 4713 ira
2666 4655 2764 4711 Dei
2789 4672 2946 4727 super
2967 4652 3106 4725 ﬁlios
3133 4649 3538 4709 incredulitatis.

234 4762 328 4825 hi,
370 4760 463 4830 qui
497 4755 955 4829 concupiscentiis
985 4755 1281 4810 abutuntur
1308 4796 1323 4821 ,
1364 4764 1422 4810 et
1456 4763 1671 4811 terrena
1707 4755 1831 4810 dili-

232 4861 377 4925 gout
404 4867 505 4921 pro
529 4851 785 4906 mternis.~

315 4944 447 5011 Quae
485 4951 607 4997 sunt
648 4944 825 5002 omnia
864 4942 919 4996 in
963 4940 1175 4996 interitu
1197 4941 1308 5014 ipso
1338 4957 1457 4996 usu.
1490 4942 1568 4997 Ex
1593 4941 1835 5014 partibus

238 5038 474 5102 mundi,
524 5036 895 5094 conditionem
947 5036 1118 5106 ipsius
1157 5034 1489 5089 advertimus
1522 5053 1535 5089 :
1569 5037 1655 5091 cui
1689 5038 1834 5091 enim

238 5131 492 5187 membra
522 5137 926 5199 componuntur
952 5135 1115 5197 atque
1144 5127 1428 5181 solvuntur
1454 5170 1467 5194 ,
1500 5141 1726 5183 necesse
1754 5138 1837 5184 est

233 5234 302 5279 ut
337 5233 483 5278 totus
514 5221 816 5293 aliquando
854 5221 1192 5290 compositus
1217 5217 1406 5285 luerit,
1434 5229 1485 5274 et
1512 5219 1840 5290 quandoque

231 5318 490 5373 solvatur
521 5334 533 5368 :
559 5330 665 5371 non
702 5330 836 5383 ergo
877 5314 1122 5369 mortalia
1168 5328 1267 5383 pro
1311 5313 1710 5369 immortalibus
1738 5315 1836 5371 de-

236 5413 375 5465 bent
401 5408 549 5478 diiigi
577 5416 633 5463 et
663 5408 905 5462 mternis.

308 5502 622 5583 §ecundum
671 5510 928 5572 pracepta
978 5510 1027 5556 et
1072 5501 1332 5557 doctrinas
1385 5504 1687 5569 hominum,
1728 5520 1842 5575 qua:

231 5606 365 5653 sunt
394 5596 645 5650 rationem
674 5594 881 5664 quidem
910 5594 1155 5648 habentia
1185 5597 1479 5665 sapientiaz,
1507 5598 1560 5652 in
1590 5599 1838 5670 supersti-

233 5690 385 5743 tione
416 5696 463 5741 et
484 5684 775 5740 humilitate
798 5700 816 5739 :
839 5694 886 5738 et
916 5702 1019 5740 non
1048 5686 1117 5739 ad
1138 5689 1456 5759 parcendum
1478 5692 1716 5761 corpori,
1741 5707 1841 5745 non

236 5782 305 5835 in
353 5778 546 5834 honore
592 5778 767 5848 aliqua
810 5778 879 5830 ad
930 5779 1261 5834 saturitatem
1300 5783 1491 5837 carnis.
1531 5781 1841 5839 Secundum

230 5871 393 5948 quod
425 5871 583 5931 multi
630 5868 880 5928 homines
904 5909 921 5940 ,
951 5881 1143 5931 natura
1174 5873 1404 5931 docente
1426 5915 1441 5945 ,
1476 5875 1841 5946 tradiderunt,

1942 4759 2117 4826 Super
2146 4755 2469 4823 Sodomatn,
2503 4761 2559 4809 et
2605 4766 2700 4808 eos
2748 4750 2840 4822 qui
2884 4749 2939 4803 in
2980 4748 3184 4804 diluvio
3230 4744 3537 4819 perierunt.

1941 4853 2022 4908 Ex
2055 4850 2351 4921 praeteritis
2379 4862 2511 4917 ergo
2543 4845 2833 4915 exemplis,
2860 4841 3040 4898 futura
3078 4839 3315 4896 timenda
3348 4847 3497 4893 sunt.

2014 4947 2081 5001 In
2106 4946 2291 5018 quibus
2322 4953 2368 4998 et
2389 4958 2476 4997 vos
2498 4940 2808 4996 ambulastis
2835 4937 3140 5010 aliquando,
3166 4951 3282 4989 cum
3307 4932 3536 4987 viveretis
3633 4925 3638 4931 ’
3694 4990 3703 4997 ,

1940 5043 1995 5097 in
2025 5042 2155 5097 illis.
2182 5038 2339 5093 Nunc
2361 5047 2534 5091 autem
2566 5034 2808 5106 deponite
2830 5042 2878 5087 et
2900 5048 2985 5087 ros
3008 5030 3201 5084 omnia.
3228 5026 3406 5081 Nolite
3437 5026 3537 5079 ita-

1942 5149 2049 5206 que
2079 5147 2222 5187 uunc
2244 5130 2548 5193 ambulare,
2574 5142 2642 5182 ne
2664 5128 2866 5182 frustra
2888 5119 3180 5178 videamini
3210 5115 3531 5173 credidisse.

2016 5227 2181 5291 Iram,
2214 5224 2647 5296 indignationem,
2678 5218 2956 5284 malitiam,
2988 5210 3381 5284 blasphemiam.
3416 5209 3537 5279 Ipsa

1943 5328 2046 5385 est,
2096 5333 2216 5389 quae
2266 5314 2504 5371 inebriat
2553 5321 2829 5377 mentem,
2879 5320 2974 5379 per
3021 5304 3285 5360 malitim
3329 5300 3538 5357 inferre

1943 5411 2123 5473 alteri.
2154 5408 2300 5480 quod
2333 5405 2442 5478 pati
2473 5405 2633 5459 nolis.

2017 5506 2248 5575 Turpem
2275 5516 2566 5557 sermonem
2600 5498 2663 5553 de
2693 5513 2781 5551 ore
2823 5502 3008 5551 uestro.
3050 5492 3189 5562 Quia
3218 5491 3306 5547 hic
3352 5490 3404 5546 in
3452 5489 3539 5544 di-

1946 5597 2188 5669 sciplinis
2240 5596 2368 5650 [iliis
2419 5590 2701 5649 hominum
2760 5603 2866 5643 non
2920 5587 3211 5652 convenit,
3260 5583 3539 5640 educatis:

1946 5698 2150 5761 quanto
2196 5686 2369 5757 magis
2415 5684 2545 5748 Dei,
2594 5682 2789 5755 quibus
2838 5697 2947 5737 non
2997 5680 3177 5736 minus
3226 5685 3312 5734 est
3366 5674 3539 5747 turpis

1946 5800 2152 5853 sermo,
2183 5800 2343 5856 quam
2378 5784 2560 5839 actus!

2022 5878 2199 5936 Nolite
2232 5879 2438 5935 mentiri
2466 5876 2708 5932 invicem.
2733 5875 2849 5937 Non
2876 5875 3035 5933 decet
3062 5870 3282 5931 mentiri
3309 5868 3541 5930 invicem
