3978 6286
509 323 616 383 859

1553 333 1611 389 S.
1655 333 2035 390 HIERONYMI
2074 333 2353 392 OPERUM
2392 338 2754 396 MANTISSA.

3684 349 3769 406 869

514 443 662 499 lilios
702 447 976 517 veritatis,
1019 462 1140 505 cum
1168 450 1238 507 de
1269 451 1497 509 veritate
1526 470 1632 509 non
1662 456 1733 511 sit
1761 470 1924 511 omne
1949 469 2104 511 men-
2131 453 2181 516 Δ
2208 456 2399 523 gratia.
2428 457 2676 524 Psalmis,
2709 467 2770 513 ut
2802 459 2967 515 llavid
2993 479 3007 515 :
3036 460 3276 533 hymnis,
3309 473 3361 516 ιιι
3397 464 3559 519 trium
3603 480 3775 536 puero-

513 533 751 592 dacium.

587 628 957 702 Eupoliantes
1014 649 1102 688 uos
1152 644 1375 690 veterem
1414 637 1673 695 hominem
1731 658 1848 697 cum
1904 643 2103 698 actibus

514 722 649 776 suis.
680 720 812 777 Cum
841 724 1055 780 actibus
1088 726 1448 797 voluptatum.

588 812 658 867 Et
704 814 974 871 induentes
1018 834 1228 887 novum,
1275 837 1392 875 eum
1434 822 1524 891 qtti
1552 833 1829 878 renovatur
1860 827 1911 878 in
1953 828 2103 899 agni—

515 905 655 960 tione
697 907 813 960 Dei.
860 906 993 963 Cum
1049 914 1387 981 cognoverit,
1441 915 1599 986 cujus
1646 919 1820 987 imago
1868 930 1997 974 eSt:
2049 930 2104 975 et

515 996 834 1068 inquantum
863 1000 1025 1057 debet
1056 1013 1107 1057 et
1142 1014 1338 1073 potest,
1376 1007 1567 1063 nititur
1594 1008 1875 1066 simulare.

588 1091 889 1147 Secundum
934 1096 1214 1169 imaginem
1267 1101 1376 1167 ejus
1401 1103 1490 1171 qui
1521 1106 1711 1159 creauit
1744 1122 1885 1160 eum.
1917 1106 2099 1177 Expo-

519 1181 631 1238 suit
658 1183 948 1254 imaginem
980 1188 1032 1242 in
1062 1200 1183 1247 actu
1216 1192 1540 1249 consiswre.

494 1310 499 1315 η
590 1274 691 1329 Ubi
718 1294 818 1332 non
847 1288 923 1333 est
951 1280 1212 1336 masculus
1240 1295 1288 1336 et
1319 1288 1532 1353 fearina,
1556 1287 1765 1358 gentilis
1794 1299 1841 1343 et
1860 1288 2101 1359 ludwus,

513 1369 838 1425 circumcisio
874 1384 919 1426 et
946 1379 1283 1447 prceputium,
1314 1379 1567 1437 barbarus
1597 1394 1646 1438 et
1676 1384 1889 1457 Scytha,
1926 1405 2104 1443 servus

515 1471 563 1514 et
612 1462 759 1516 liber.
810 1465 965 1535 Apud
1011 1467 1177 1521 Deum
1232 1486 1336 1525 non
1400 1475 1715 1542 prmjudicat
1764 1494 1965 1548 sexus,
2020 1482 2104 1535 vel

518 1568 711 1623 genus,
747 1560 829 1610 vel
861 1559 1122 1627 conditio,
1153 1564 1246 1617 sed
1273 1567 1623 1622 conversatio
1655 1570 1794 1626 sola.

590 1647 698 1700 Sed
708 1650 878 1703 omnia
899 1651 1008 1704 etin
1032 1654 1263 1710 omnibus
1284 1656 1541 1712 Christus.
1562 1660 1762 1716 Omnes
1785 1665 2106 1739 quicumque

516 1737 768 1805 baptizati
798 1755 1006 1809 sumus,
1038 1741 1313 1799 Christum
1348 1747 1646 1807 induimus.

2206 561 2328 600 rum
2375 566 2388 600 :
2437 551 2682 615 canticis,
2719 562 2776 605 ut
2806 552 3000 623 Moysi,
3049 564 3102 607 et
3147 562 3496 620 ca'tcrorum,
3528 572 3650 622 qua:
3678 570 3773 612 sunt

2205 640 2635 707 spiritualia:et
2680 658 2787 698 non
2832 646 3161 711 carnalibus,
3198 647 3282 703 vel
3329 649 3583 718 turpibus
3630 653 3776 706 canti-

2206 732 2364 786 lenis.

2277 823 2556 882 Cantantes
2580 828 2632 880 in
2660 828 2902 884 cordibus
2928 832 3108 885 vestris
3141 831 3383 886 Domino.
3418 831 3695 903 Nusquam
3718 832 3775 888 le-

2204 916 2383 987 gimus
2429 918 2661 987 aliquem
2704 924 2826 976 sine
2873 938 3006 977 voce
3043 936 3314 981 cantasse.
3365 924 3525 981 Unde
3573 940 3772 984 necesse

2203 1020 2288 1065 not
2319 1009 2425 1074 llic,
2476 1012 2529 1071 in
2568 1012 2755 1076 corde,
2804 1029 2869 1072 ex
2902 1016 3071 1072 corde
3117 1016 3371 1088 intelligi,
3406 1017 3651 1084 scilicet,
3690 1034 3773 1075 non

2204 1103 2383 1158 solum
2418 1120 2533 1167 ore.
2568 1108 2664 1161 sed
2695 1108 2860 1162 etiam
2890 1111 3058 1164 corde
3102 1122 3423 1167 cantemus:
3455 1109 3771 1181 Conﬁtebor,

2205 1195 2401 1262 inquit,
2439 1196 2534 1251 tibi
2566 1199 2817 1265 Domine,
2852 1203 2903 1255 in
2937 1211 3053 1257 toto
3072 1203 3249 1257 corde
3274 1219 3421 1260 meo.

2284 1287 2446 1342 Omne
2482 1290 2838 1360 quodcumque
2883 1294 3058 1363 facitis
3097 1296 3153 1350 in
3203 1296 3350 1351 verba
3393 1308 3488 1352 aut
3528 1302 3587 1355 in
3625 1318 3769 1373 opere,

2207 1380 2383 1435 omnia
2414 1384 2465 1434 in
2497 1383 2705 1437 nomine
2738 1382 2948 1438 Domini
2978 1387 3145 1441 nostri
3179 1386 3309 1443 Jesu
3347 1386 3583 1446 Christi:
3607 1396 3772 1467 gratias

2206 1484 2409 1544 agentes
2461 1475 2563 1530 Deo
2593 1487 2641 1531 et
2678 1477 2825 1532 Patri
2870 1496 2961 1550 per
3007 1481 3199 1550 ipsum.
3240 1481 3369 1538 Sive
3412 1485 3653 1557 docetis,
3680 1492 3770 1546 sive

2208 1567 2529 1634 onerantini,
2562 1567 2697 1623 nihil
2741 1569 2807 1623 ad
2856 1586 3108 1637 vesrram,
3142 1573 3235 1628 sed
3265 1575 3446 1629 omnia
3479 1577 3549 1632 ad
3579 1579 3767 1637 Domini

2206 1657 2433 1727 gloriam
2465 1657 2711 1715 faciatis:
2744 1662 2851 1714 Deo
2881 1663 3082 1731 gratias
3132 1663 3455 1733 referentes,
3486 1672 3575 1739 qui
3602 1668 3772 1728 Filium

2207 1764 2365 1807 suum
2398 1750 2463 1807 ad
2496 1756 2611 1806 haec
2641 1752 2884 1807 docenda
2914 1753 3191 1811 destinare
3222 1755 3481 1827 dignatus
3506 1769 3627 1819 est:
3652 1763 3767 1834 sive,

589 1828 804 1887 Induite
834 1851 919 1889 vos
948 1852 1070 1908 ergo
1101 1838 1229 1892 sicut
1262 1841 1406 1897 electi
1438 1838 1567 1910 Dei,
1614 1847 1781 1900 sancti
1823 1857 1870 1903 et
1900 1849 2099 1909 dilecti.
2137 1842 2179 1902 Β
2211 1857 2306 1913 ρετ
2334 1852 2491 1899 θωυδ
2524 1855 2735 1901 "35”03
2767 1844 2880 1900 Deo
2909 1848 3095 1917 8”“in
3127 1846 3456 1907 τνίενθηίατσ

518 1921 618 1978 llla
646 1924 1004 1998 deponentes,
1040 1930 1246 1987 induite
1273 1950 1284 1986 :
1309 1936 1433 2003 quia
1466 1936 1531 1989 ad
1568 1936 1667 1991 ltoc
1697 1938 1823 1995 facti
1851 1941 2003 1997 estis.

598 2016 812 2074 Viscera
855 2022 1251 2089 misericordt‘ce,
1297 2027 1685 2099 benignitatem,
1735 2030 2103 2104 humilitatem,

521 2113 846 2179 modestiam,
896 2118 1217 2183 patientiam.
1272 2119 1403 2185 Quia
1453 2124 1544 2177 illa
1594 2127 1834 2181 membra
1871 2130 2102 2197 dixerat,

520 2203 635 2259 haec
666 2206 879 2264 viscera
910 2212 1223 2269 nominavit.

595 2296 1002 2370 Supportantes,
1037 2305 1272 2363 invicem.
1310 2309 1571 2381 Exemplo
1621 2314 1845 2383 Christi,
1894 2318 1985 2389 qui
2018 2322 2104 2374 in-

521 2386 805 2444 ﬁrmitates
832 2403 1043 2450 nostras
1077 2401 1328 2463 portavit.

594 2480 661 2533 Et
710 2487 962 2539 donantes
1010 2489 1403 2560 nobismetipsis.
1456 2496 1797 2566 lndulgentcs
1849 2502 2103 2572 invicem,

522 2577 663 2625 sicut
692 2571 938 2629 Christus
982 2581 1233 2636 (lintribus
1282 2585 1502 2642 indulsit
1542 2605 1554 2643 τ
1601 2592 1765 2646 etiam
1799 2609 1893 2662 pro
1922 2612 2107 2665 persc-

522 2664 802 2718 cutoribus
832 2684 1015 2737 orans,
1049 2680 1105 2725 ut
1133 2683 1188 2727 et
1219 2676 1377 2732 nobis
1424 2696 1452 2733 a
1500 2681 1655 2737 Patre
1686 2687 1894 2741 cmlesti
1928 2690 2105 2744 deltita

523 2757 871 2815 remittantur
906 2778 917 2812 :
962 2779 1032 2819 ne
1078 2767 1368 2837 impleatur
1410 2774 1460 2826 in
1494 2775 1647 2830 Vobis
1680 2777 1768 2831 illa
1802 2782 2103 2835 sententia:

527 2846 696 2905 Homo
746 2853 949 2910 homini
997 2872 1239 2915 reservat
1284 2863 1448 2931 iram,
1495 2879 1548 2921 et
1579 2885 1607 2921 a
1637 2870 1867 2927 Domino
1912 2877 2109 2944 quierit

523 2945 810 3011 medelam,
843 2957 951 3003 ctc.

596 3036 658 3092 Si
702 3040 814 3108 quis
857 3043 1105 3099 adversus
1152 3046 1372 3119 aliquem
1418 3053 1564 3107 habet
1610 3056 1888 3126 querelam.
1927 3058 2105 3117 Unus-

520 3127 747 3200 quisque
796 3134 1012 3189 ntalitia:
1054 3141 1281 3206 proximi
1331 3144 1412 3197 sui
1461 3160 1567 3199 non
1630 3152 1988 3206 meminerit:
2040 3170 2107 3207 ne

2283 1932 2547 2000 Mulieres,
2578 1936 2800 1992 subdita
2826 1946 2983 1993 estote
3016 1939 3140 1996 viris
3170 1943 3375 2013 vestris,
3409 1944 3543 2000 sicut
3575 1956 3767 2013 oportet,

2206 2025 2262 2080 in
2293 2025 2537 2094 Domino.
2563 2027 2870 2085 Secundam
2904 2032 3098 2102 legem,
3130 2034 3183 2088 in
3213 2034 3297 2089 bis
3321 2051 3443 2105 qua:
3473 2041 3771 2096 conveniunt

2212 2116 2462 2171 Domino.

2288 2207 2428 2276 Viri,
2472 2210 2673 2281 diligite
2718 2228 2904 2271 ua'ores
2952 2224 3199 2279 vestras.'-
3228 2226 3277 2272 et
3306 2218 3469 2276 nolito
3498 2224 3669 2277 amari
3690 2241 3771 2278 (ste

2210 2301 2282 2353 ad
2332 2300 2475 2355 illas.
2526 2301 2917 2365 Filii,obedite
2947 2309 3251 2375 parentibus
3293 2329 3385 2381 per
3430 2316 3608 2369 omnia
3644 2332 3659 2369 :
3694 2319 3770 2369 hoc

2210 2395 2346 2457 enim
2390 2397 2642 2465 placitum
2686 2409 2761 2452 est
2788 2399 2841 2451 iu
2881 2398 3126 2456 Domino.
3161 2402 3464 2474 Numquam
3499 2423 3616 2461 rem
3649 2419 3772 2462 Italu-

2210 2486 2377 2541 raletn
2411 2486 2749 2555 hortaretur,
2785 2492 2886 2546 nisi
2920 2494 3264 2552 continentes
3312 2513 3432 2554 esse
3482 2504 3767 2571 erupissent,

2208 2578 2344 2647 sicut
2378 2579 2443 2633 ad
2473 2578 2743 2650 Ephesios
2771 2585 2985 2654 plenius
3018 2598 3261 2645 notatum
3293 2603 3398 2649 est.

2284 2671 2503 2741 Patres,
2559 2675 2721 2729 nolite
2757 2681 2827 2732 ad
2865 2680 3277 2752 indignationem
3336 2702 3619 2753 provocare
3661 2690 3772 2757 ﬁlios

2210 2772 2405 2821 uestros
2448 2781 2467 2820 :
2509 2777 2563 2820 ut
2610 2783 2711 2821 non
2762 2770 2959 2837 pusillo
3007 2772 3179 2829 animo
3207 2774 3357 2843 ﬁant.
3391 2775 3473 2831 Ne
3499 2776 3775 2850 exosperati

2212 2851 2458 2911 iracundi
2501 2861 2655 2923 liattl,
2702 2862 2793 2931 qtti
2840 2864 3094 2933 exemplo
3141 2874 3349 2933 vestro,
3383 2870 3690 2937 patientiam
3714 2868 3775 2924 di.

2212 2964 2363 3003 scere
2394 2951 2731 3006 debuissent.

2286 3041 2456 3107 Servi,
2502 3042 2702 3098 obedite
2742 3063 2834 3117 per
2874 3049 3050 3102 omnia
3078 3048 3299 3105 dominis
3347 3054 3666 3109 carnalibus.
3691 3053 3775 3121 Qui

2213 3134 2391 3187 carnis
2417 3136 2583 3188 solam
2620 3137 3040 3197 dominationem
3070 3155 3351 3201 exercent.

519 3222 660 3279 forte
704 3226 984 3296 exigentes
1033 3248 1063 3286 a
1111 3238 1411 3304 conservis,
1443 3242 1604 3296 ctiam
1653 3247 1867 3313 prapria
1899 3248 2104 3303 indulta
2134 3230 2181 3293 ί)
2283 3224 2406 3280 Ν⁰¹¹
2452 3228 2519 3282 ad
2561 3231 2769 3289 “"1"”
2811 3236 3119 3303 “mem”,
3154 3239 3308 3306 qua“
3349 3236 3642 3295 ¹⁴⁰¹¹²ί¹³ί⁶²¹⁸
3683 3241 3776 3307 ph"

521 3322 754 3378 reddere
783 3340 1059 3395 cogamur.

591 3414 738 3469 Sicut
770 3428 815 3473 et
863 3418 1114 3477 Dominus
1142 3424 1351 3481 donavit
1397 3430 1556 3498 robis,
1590 3433 1667 3486 ita
1696 3444 1743 3487 et
1782 3451 1890 3489 vos.
1928 3437 1984 3493 Si
2014 3438 2106 3495 ille

517 3503 743 3560 indulsit
789 3510 881 3576 qui
937 3514 1112 3581 potuit
1155 3533 1169 3569 :
1212 3519 1473 3584 vindicta,
1507 3533 1601 3577 aut
1647 3525 1815 3593 nulla,
1849 3536 1942 3582 aut
1972 3532 2105 3587 satis

516 3612 677 3665 parva
703 3610 807 3654 est.

590 3689 759 3758 Super
791 3695 965 3747 omnia
1008 3707 1179 3752 autem
1212 3700 1322 3755 hcce
1354 3704 1659 3761 charitatem
1700 3710 1899 3766 habete.
1931 3713 2107 3785 Super

519 3779 634 3835 iure
662 3784 842 3843 omnia
876 3797 957 3843 est
1003 3790 1238 3846 charitas
1279 3814 1294 3849 :
1335 3796 1456 3864 quin
1488 3817 1703 3855 uman
1735 3820 1892 3872 quem
1925 3807 2103 3877 diligi-

515 3890 657 3937 mus,
695 3880 1029 3939 sustinetuus
1058 3900 1070 3935 :
1116 3892 1172 3938 et
1198 3901 1305 3940 non
1338 3904 1552 3944 omnem
1582 3908 1739 3962 quom
1768 3895 2102 3964 sum-rimus,

510 3966 804 4039 diligimus.

586 4061 739 4129 Quod
797 4074 871 4121 est
934 4068 1197 4124 vinculum
1244 4074 1596 4144 perfectionis.
1657 4078 1907 4137 Charitas
1956 4085 2100 4139 enim

514 4157 679 4211 multa
707 4161 948 4215 membra
979 4163 1029 4216 itt
1064 4180 1226 4219 unum
1259 4169 1462 4235 colligit
1493 4186 1709 4240 corpus.

586 4250 652 4305 Et
683 4270 786 4320 pas:
810 4253 1021 4309 Christi.
1058 4257 1174 4311 Non
1212 4262 1397 4314 smculi
1417 4304 1429 4321 ,
1460 4280 1619 4329 quam
1654 4267 1808 4321 uoltis
1838 4269 2059 4340 reliquit
2086 4287 2098 4326 :

509 4344 597 4411 qui
647 4361 743 4413 pro
776 4348 1029 4404 omnibus
1074 4361 1322 4405 tttortttus
1367 4361 1471 4422 est,
1520 4368 1574 4410 et
1608 4374 1707 4413 nos
1741 4361 1989 4420 inimicns
2019 4365 2098 4419 di-

510 4435 664 4489 lexit.

586 4525 823 4584 Exsultet
854 4534 907 4587 in
947 4538 1190 4592 cordibus
1234 4541 1434 4609 vestris,
1486 4544 1539 4597 in
1580 4561 1681 4613 qua
1708 4555 1753 4600 et
1784 4551 1949 4603 vocati
1980 4552 2098 4605 estis

2211 3328 2399 3373 centes.
2428 3319 2543 3373 Non
2576 3320 2641 3375 ad
2675 3322 2779 3376 hoc
2814 3334 3046 3391 tantum,
3078 3335 3137 3381 ut
3167 3327 3479 3387 hominibus
3507 3329 3775 3386 vidcam‘ui

2209 3414 2523 3470 oarnalibus
2553 3416 2887 3472 laborantes.

2282 3504 2390 3561 Sed
2415 3507 2467 3560 in
2496 3508 2827 3576 simplicitate
2870 3511 3039 3567 cordis
3079 3513 3317 3569 timentes
3364 3513 3662 3572 Dominum.
3690 3516 3779 3585 Qui

2208 3597 2408 3669 ubique
2444 3615 2662 3670 semper
2690 3602 2857 3668 videt,
2885 3618 2935 3658 et
2968 3605 3207 3663 custodit
3235 3623 3398 3662 omne
3423 3610 3565 3679 quod
3597 3612 3777 3664 factum

2208 3700 2312 3745 BSt.

2284 3784 2659 3857 Quodcumque
2684 3789 2877 3859 facitis,
2909 3807 2972 3844 ea:
3003 3792 3175 3845 animo
3214 3797 3501 3864 opxramini
3525 3799 3657 3851 sicut
3686 3796 3779 3849 Do-

2210 3878 2369 3939 mino,
2393 3887 2442 3931 et
2473 3894 2573 3931 non
2606 3879 2919 3939 hominibus.
2947 3880 3061 3936 Non
3092 3884 3421 3941 necessitate
3449 3886 3779 3953 conditionis,

2207 3967 2302 4023 Sed
2352 3969 2632 4038 religionis
2664 3971 2829 4026 tacite
2858 3974 3144 4033 voluntate
3172 3994 3185 4031 :
3213 3985 3270 4032 ut
3300 3993 3399 4047 per
3424 3994 3586 4050 opera
3617 3992 3781 4036 vestra

2212 4057 2443 4112 Domino
2484 4062 2677 4130 gratia:
2727 4063 3056 4129 referantur,
3088 4082 3217 4125 cum,
3238 4081 3305 4123 ex
3338 4078 3579 4141 tempore
3608 4070 3783 4128 credu-

2208 4147 2374 4203 litatis
2407 4152 2530 4207 talia
2568 4154 2803 4209 viderint
2834 4157 3131 4223 proﬁcisci.

2281 4241 2532 4311 Scientes,
2579 4247 2717 4314 quod
2760 4265 2791 4298 a
2843 4247 3067 4303 Domino
3108 4253 3373 4321 accipietis
3414 4256 3782 4310 retributionem

2207 4335 2545 4391 Ittcrcditatis.
2611 4340 2787 4394 Nolite
2851 4354 3042 4410 putare
3102 4357 3339 4401 vestrum
3403 4349 3781 4404 infructuosum

2206 4442 2327 4482 esse
2374 4430 2655 4481 servitium
2704 4449 2718 4485 :
2765 4433 2905 4501 quod
2964 4446 3187 4503 propter
3235 4439 3399 4493 Dcttm
3455 4441 3781 4504 exhibitum,

2206 4522 2415 4589 coelesd
2440 4527 2884 4582 remuneratione
2917 4529 3256 4595 pensabitur.

513 4619 566 4672 in
618 4636 721 4673 uno
752 4638 982 4691 corpore.
1034 4630 1149 4685 Non
1200 4631 1253 4687 in
1303 4632 1443 4690 lacie
1491 4634 1757 4694 fallaciter
1798 4642 2093 4709 arridente,
2128 4619 2175 4677 D
2276 4613 2499 4709 ⁰⁰¹¹³ίη⁰
2526 4614 2730 4671 Christo
2762 4620 2965 4673 servm“
2995 4619 3115 4690 ipse
3158 4622 3302 4679 enim
3331 4626 3504 4681 serv“
3537 4625 3669 4690 Deo’
3701 4624 3784 4689 qni

507 4712 589 4768 vel
621 4728 871 4769 sermone
896 4717 1106 4777 dolo~o.

582 4804 651 4859 Et
679 4807 816 4877 grati
845 4818 1023 4863 estote.
1054 4812 1336 4872 Beneﬁciis
1365 4823 1574 4878 scilicet
1615 4822 1839 4881 Christi.
1874 4827 1931 4883 In
1966 4844 2093 4884 non-

507 4899 668 4955 nullis
713 4901 1119 4971 exemplaribus
1168 4908 1346 4978 habet,
1378 4912 1563 4970 Gratia
1609 4928 1765 4975 estote
1798 4937 1815 4974 :
1845 4921 1947 4977 hoc
1986 4934 2090 4991 cst,

511 4994 680 5049 nolite
708 4993 835 5065 Legi
866 4995 1179 5065 assimilari,
1212 5016 1333 5067 qua:
1374 5004 1543 5061 vicem
1589 5011 1796 5078 reddit,
1840 5015 1933 5070 sed
1963 5016 2097 5072 Gra-

510 5084 597 5140 tia:
620 5104 633 5139 :
658 5101 778 5156 qua:
810 5088 1037 5158 ignoscit
1080 5090 1241 5146 etiam
1294 5092 1560 5164 inimicis,
1591 5112 1643 5156 et
1676 5119 1771 5172 pro
1801 5108 1883 5162 eis
1910 5107 2096 5165 Domi-

504 5191 633 5231 num
662 5179 1002 5249 deprecatur.

586 5268 806 5326 Verbum
845 5276 1040 5333 Christi
1085 5279 1277 5335 habitet
1325 5282 1376 5335 in
1422 5283 1562 5337 vobis
1606 5286 1951 5344 abundanter.
1996 5293 2092 5349 Hic

506 5363 813 5419 ostenditur
870 5373 1094 5428 verbum
1154 5376 1354 5431 Christi
1417 5392 1524 5433 non
1583 5382 1930 5454 sufﬁcienter,
1991 5388 2087 5445 sed

508 5455 849 5514 abundanter
875 5464 1037 5519 etiam
1068 5467 1237 5524 laicos
1272 5470 1475 5526 habere
1513 5471 1712 5530 debere
1747 5494 1760 5531 :
1806 5491 1856 5534 et
1888 5480 2088 5538 docere

502 5560 561 5603 se
590 5547 841 5618 invicem,
873 5554 958 5608 vel
995 5573 1236 5617 monere.

572 5639 635 5697 In
684 5646 823 5698 omni
866 5647 1122 5720 sapientia
1170 5654 1404 5714 docentes
1448 5669 1495 5714 et
1539 5677 1922 5721 commonentes
1978 5686 2095 5726 vos-

502 5737 763 5805 metipsos.
799 5738 867 5796 Ut
894 5744 1168 5813 sapienter
1194 5760 1246 5803 et
1282 5754 1678 5812 rationabiliter
1709 5758 2037 5825 proferatur.

567 5823 633 5887 In
674 5832 908 5902 ρδαιηιὶε,
950 5845 997 5889 et
1039 5837 1266 5908 hymnis,
1312 5853 1360 5900 et
1398 5850 1610 5904 canticis
1636 5850 2008 5922 spiritualibus
2036 5858 2089 5912 in

2204 4718 2428 4776 propter
2454 4708 2629 4781 ipsum
2666 4709 2870 4764 homini
2902 4715 3094 4769 servit.

2275 4801 2376 4868 Qui
2419 4805 2550 4855 enim
2592 4804 2843 4875 injuriam
2884 4807 3030 4875 facit,
3080 4810 3291 4880 recipiet
3338 4810 3396 4864 id
3439 4812 3573 4882 quod
3619 4812 3787 4881 inique

2198 4894 2374 4967 gessit.
2410 4893 2475 4947 Et
2522 4912 2625 4950 non
2673 4907 2749 4950 est
2774 4914 3115 4967 personarum
3157 4904 3387 4972 acceptio
3432 4905 3572 4977 apud
3601 4902 3786 4959 Deum.

2200 4983 2327 5040 Sive
2373 5001 2592 5050 servus,
2628 4989 2716 5057 qtti
2750 4986 3035 5045 dominum
3089 4998 3481 5066 contempserit
3505 5014 3517 5049 :
3540 4997 3663 5051 sive
3694 4998 3787 5047 do-

2206 5094 2328 5145 ntts,
2359 5083 2448 5149 qtti
2478 5096 2692 5135 servum
2724 5081 2911 5152 inique
2963 5089 3301 5143 tractaverit.
3350 5088 3476 5145 Ideo
3505 5089 3608 5144 hoc
3640 5090 3787 5150 dicit.

2205 5179 2259 5223 nt
2290 5173 2721 5228 consolationem
2774 5175 3043 5244 habeant,
3093 5179 3330 5236 scientes
3375 5196 3523 5237 suam
3564 5182 3786 5236 inultam

2201 5278 2307 5318 non
2336 5279 2458 5322 esse
2490 5266 2738 5337 injuriam
2768 5266 2912 5337 apud
2942 5269 3133 5325 Deum.

2810 5445 3036 5505 CAPUT
3081 5449 3169 5507 IV.

2274 5583 2503 5652 Domini,
2545 5585 2685 5653 quod
2722 5589 2927 5659 justum
2970 5595 3066 5653 est,
3099 5595 3147 5642 et
3188 5604 3410 5659 equum,
3460 5592 3623 5644 servis
3656 5606 3789 5657 prcr-

2195 5683 2342 5729 state.
2379 5676 2566 5733 Patres
2597 5678 2767 5747 magis
2800 5694 2895 5733 vos
2926 5682 3131 5733 sentire
3158 5680 3378 5746 debent,
3408 5695 3564 5751 quam
3604 5680 3788 5737 domi-

2196 5783 2317 5822 nos.
2350 5766 2504 5825 Unde
2527 5781 2577 5825 et
2613 5770 3026 5841 patresiamilias
3052 5773 3409 5843 appellantur.

2274 5860 2504 5918 Scientcs
2535 5864 2781 5933 quoniam
2823 5872 2867 5917 et
2899 5880 2985 5917 vos
3018 5862 3295 5923 Dominum
3324 5865 3511 5920 habetis
3542 5864 3604 5917 in
3639 5866 3783 5922 cdo.
