  <div class='ocr_page' id='page_1' title='image "/cluster/home/n/w/nwhite01/storage/ocr_20150623/30/hvd.32044096580535/440.png"; bbox 0 0 3986 6294; ppageno 0'>
   <div class='ocr_carea' id='block_1_1' title="bbox 283 343 379 402">
    <p class='ocr_par' dir='ltr' id='par_1_1' title="bbox 283 343 379 402">
     <span class='ocr_line' id='line_1_1' title="bbox 283 343 379 402; baseline 0.021 -3"><span class='ocrx_word' id='word_1_1' title='bbox 283 343 379 402; x_wconf 67' lang='grc' dir='ltr'><strong>εει</strong></span> 
     </span>
    </p>
   </div>
   <div class='ocr_carea' id='block_1_2' title="bbox 780 339 1872 434">
    <p class='ocr_par' dir='ltr' id='par_1_2' title="bbox 780 339 1847 403">
     <span class='ocr_line' id='line_1_2' title="bbox 780 339 1847 403; baseline 0.002 -6"><span class='ocrx_word' id='word_1_2' title='bbox 780 339 1316 398; x_wconf 76' lang='lat' dir='ltr'><strong>COMMENTARIUS</strong></span> <span class='ocrx_word' id='word_1_3' title='bbox 1357 340 1422 397; x_wconf 81' lang='lat' dir='ltr'><strong>IN</strong></span> <span class='ocrx_word' id='word_1_4' title='bbox 1462 339 1847 403; x_wconf 60' lang='lat' dir='ltr'><strong>EPISTULA“</strong></span> 
     </span>
    </p>
   </div>
   <div class='ocr_carea' id='block_1_3' title="bbox 2002 339 3074 434">
    <p class='ocr_par' dir='ltr' id='par_1_3' title="bbox 2002 340 3074 434">
     <span class='ocr_line' id='line_1_3' title="bbox 2002 340 3074 434; baseline 0.001 -39"><span class='ocrx_word' id='word_1_5' title='bbox 2002 341 2036 395; x_wconf 79' lang='grc' dir='ltr'><strong>Ι)</strong></span> <span class='ocrx_word' id='word_1_6' title='bbox 2076 341 2797 434; x_wconf 46' lang='grc' dir='ltr'><strong>ΤΙΙΕΞΞΞΔΙΑΟΝῙΩΕΝΞΕΞ.</strong></span> <span class='ocrx_word' id='word_1_7' title='bbox 2838 340 2992 397; x_wconf 76' lang='lat' dir='ltr'><strong>CAP.</strong></span> <span class='ocrx_word' id='word_1_8' title='bbox 3036 341 3074 396; x_wconf 94' lang='grc'><strong>1.</strong></span> 
     </span>
    </p>
   </div>
   <div class='ocr_carea' id='block_1_4' title="bbox 3471 341 3577 397">
    <p class='ocr_par' dir='ltr' id='par_1_4' title="bbox 3471 341 3577 397">
     <span class='ocr_line' id='line_1_4' title="bbox 3471 341 3577 397; baseline 0 -1"><span class='ocrx_word' id='word_1_9' title='bbox 3471 341 3577 397; x_wconf 63' lang='lat' dir='ltr'><strong>flii</strong></span> 
     </span>
    </p>
   </div>
   <div class='ocr_carea' id='block_1_5' title="bbox 279 458 3574 527">
    <p class='ocr_par' dir='ltr' id='par_1_5' title="bbox 279 458 3574 527">
     <span class='ocr_line' id='line_1_5' title="bbox 279 458 3574 527; baseline 0 -13"><span class='ocrx_word' id='word_1_10' title='bbox 279 459 506 527; x_wconf 84' lang='lat' dir='ltr'><strong>Qualem</strong></span> <span class='ocrx_word' id='word_1_11' title='bbox 538 459 685 517; x_wconf 80' lang='lat' dir='ltr'><strong>circa</strong></span> <span class='ocrx_word' id='word_1_12' title='bbox 716 473 814 515; x_wconf 84' lang='lat' dir='ltr'><strong>vos</strong></span> <span class='ocrx_word' id='word_1_13' title='bbox 842 458 1126 525; x_wconf 82' lang='lat' dir='ltr'><strong>Dominum</strong></span> <span class='ocrx_word' id='word_1_14' title='bbox 1158 458 1325 519; x_wconf 87' lang='lat' dir='ltr'><strong>vultis</strong></span> <span class='ocrx_word' id='word_1_15' title='bbox 1352 474 1497 525; x_wconf 86' lang='lat' dir='ltr'><strong>esse,</strong></span> <span class='ocrx_word' id='word_1_16' title='bbox 1530 459 1665 515; x_wconf 87' lang='lat' dir='ltr'><strong>tales</strong></span> <span class='ocrx_word' id='word_1_17' title='bbox 1694 468 1745 515; x_wconf 79' lang='lat' dir='ltr'><strong>et</strong></span> <span class='ocrx_word' id='word_1_18' title='bbox 1775 474 1871 515; x_wconf 80' lang='lat' dir='ltr'><strong>vos</strong></span> <span class='ocrx_word' id='word_1_19' title='bbox 1900 462 1949 523; x_wconf 77' lang='grc' dir='ltr'><strong>Α</strong></span> <span class='ocrx_word' id='word_1_20' title='bbox 1974 460 2137 515; x_wconf 85' lang='lat' dir='ltr'><strong>vobis.</strong></span> <span class='ocrx_word' id='word_1_21' title='bbox 2172 460 2407 515; x_wconf 82' lang='lat' dir='ltr'><strong>Securos</strong></span> <span class='ocrx_word' id='word_1_22' title='bbox 2440 463 2561 516; x_wconf 86' lang='lat' dir='ltr'><strong>illos</strong></span> <span class='ocrx_word' id='word_1_23' title='bbox 2607 463 2721 516; x_wconf 91' lang='lat' dir='ltr'><strong>vult</strong></span> <span class='ocrx_word' id='word_1_24' title='bbox 2766 476 2888 516; x_wconf 87' lang='lat' dir='ltr'><strong>esse</strong></span> <span class='ocrx_word' id='word_1_25' title='bbox 2931 461 3002 515; x_wconf 88' lang='lat' dir='ltr'><strong>de</strong></span> <span class='ocrx_word' id='word_1_26' title='bbox 3032 475 3129 515; x_wconf 86' lang='lat' dir='ltr'><strong>sua</strong></span> <span class='ocrx_word' id='word_1_27' title='bbox 3181 459 3574 517; x_wconf 73' lang='lat' dir='ltr'><strong>incolumitate.</strong></span> 
     </span>
    </p>
   </div>
   <div class='ocr_carea' id='block_1_6' title="bbox 281 552 826 608">
    <p class='ocr_par' dir='ltr' id='par_1_6' title="bbox 281 552 826 608">
     <span class='ocr_line' id='line_1_6' title="bbox 281 552 826 608; baseline -0.004 0"><span class='ocrx_word' id='word_1_28' title='bbox 281 562 454 608; x_wconf 87' lang='lat' dir='ltr'><strong>estote</strong></span> <span class='ocrx_word' id='word_1_29' title='bbox 480 567 603 607; x_wconf 90' lang='lat' dir='ltr'><strong>cum</strong></span> <span class='ocrx_word' id='word_1_30' title='bbox 632 552 826 607; x_wconf 75' lang='lat' dir='ltr'><strong>servis.</strong></span> 
     </span>
    </p>
   </div>
   <div class='ocr_carea' id='block_1_7' title="bbox 355 642 1875 715">
    <p class='ocr_par' dir='ltr' id='par_1_7' title="bbox 355 642 1875 715">
     <span class='ocr_line' id='line_1_7' title="bbox 355 642 1875 715; baseline 0 -16"><span class='ocrx_word' id='word_1_31' title='bbox 355 645 595 699; x_wconf 87' lang='lat' dir='ltr'><strong>Orationi</strong></span> <span class='ocrx_word' id='word_1_32' title='bbox 626 645 839 705; x_wconf 76' lang='lat' dir='ltr'><strong>instate,</strong></span> <span class='ocrx_word' id='word_1_33' title='bbox 875 642 1149 715; x_wconf 80' lang='lat' dir='ltr'><strong>vigilantes</strong></span> <span class='ocrx_word' id='word_1_34' title='bbox 1178 644 1230 698; x_wconf 91' lang='lat' dir='ltr'><strong>in</strong></span> <span class='ocrx_word' id='word_1_35' title='bbox 1260 659 1341 697; x_wconf 86' lang='lat' dir='ltr'><strong>ea.</strong></span> <span class='ocrx_word' id='word_1_36' title='bbox 1372 643 1705 714; x_wconf 72' lang='lat' dir='ltr'><strong>Negligentis</strong></span> <span class='ocrx_word' id='word_1_37' title='bbox 1733 643 1875 699; x_wconf 87' lang='lat' dir='ltr'><strong>enim</strong></span> 
     </span>
    </p>
   </div>
   <div class='ocr_carea' id='block_1_8' title="bbox 280 736 1880 807">
    <p class='ocr_par' dir='ltr' id='par_1_8' title="bbox 280 736 1880 807">
     <span class='ocr_line' id='line_1_8' title="bbox 280 736 1880 807; baseline -0.004 -10"><span class='ocrx_word' id='word_1_38' title='bbox 280 751 334 797; x_wconf 88' lang='lat' dir='ltr'><strong>et</strong></span> <span class='ocrx_word' id='word_1_39' title='bbox 376 739 699 795; x_wconf 82' lang='lat' dir='ltr'><strong>dormientis</strong></span> <span class='ocrx_word' id='word_1_40' title='bbox 729 737 928 804; x_wconf 85' lang='lat' dir='ltr'><strong>oratio,</strong></span> <span class='ocrx_word' id='word_1_41' title='bbox 967 752 1068 793; x_wconf 89' lang='lat' dir='ltr'><strong>nec</strong></span> <span class='ocrx_word' id='word_1_42' title='bbox 1104 736 1173 793; x_wconf 87' lang='lat' dir='ltr'><strong>ab</strong></span> <span class='ocrx_word' id='word_1_43' title='bbox 1217 737 1438 793; x_wconf 84' lang='lat' dir='ltr'><strong>homine</strong></span> <span class='ocrx_word' id='word_1_44' title='bbox 1481 737 1742 807; x_wconf 70' lang='lat' dir='ltr'><strong>prtevalet</strong></span> <span class='ocrx_word' id='word_1_45' title='bbox 1779 738 1880 791; x_wconf 89' lang='lat' dir='ltr'><strong>im-</strong></span> 
     </span>
    </p>
   </div>
   <div class='ocr_carea' id='block_1_9' title="bbox 280 840 519 903">
    <p class='ocr_par' dir='ltr' id='par_1_9' title="bbox 280 840 519 903">
     <span class='ocr_line' id='line_1_9' title="bbox 280 840 519 903; baseline 0.017 -21"><span class='ocrx_word' id='word_1_46' title='bbox 280 840 519 903; x_wconf 75' lang='lat' dir='ltr'><strong>privare.</strong></span> 
     </span>
    </p>
   </div>
   <div class='ocr_carea' id='block_1_10' title="bbox 354 920 1877 995">
    <p class='ocr_par' dir='ltr' id='par_1_10' title="bbox 354 920 1877 995">
     <span class='ocr_line' id='line_1_10' title="bbox 354 920 1877 995; baseline -0.003 -17"><span class='ocrx_word' id='word_1_47' title='bbox 354 924 420 978; x_wconf 86' lang='lat' dir='ltr'><strong>In</strong></span> <span class='ocrx_word' id='word_1_48' title='bbox 451 923 741 995; x_wconf 75' lang='lat' dir='ltr'><strong><em>gratiarum</em></strong></span> <span class='ocrx_word' id='word_1_49' title='bbox 769 923 995 976; x_wconf 85' lang='lat' dir='ltr'><strong>actione.</strong></span> <span class='ocrx_word' id='word_1_50' title='bbox 1028 920 1134 979; x_wconf 83' lang='lat' dir='ltr'><strong>Pro</strong></span> <span class='ocrx_word' id='word_1_51' title='bbox 1160 920 1440 987; x_wconf 87' lang='lat' dir='ltr'><strong>omnibus,</strong></span> <span class='ocrx_word' id='word_1_52' title='bbox 1467 936 1587 991; x_wconf 80' lang='lat' dir='ltr'><strong>quae</strong></span> <span class='ocrx_word' id='word_1_53' title='bbox 1616 934 1877 979; x_wconf 85' lang='lat' dir='ltr'><strong>concessa</strong></span> 
     </span>
    </p>
   </div>
   <div class='ocr_carea' id='block_1_11' title="bbox 279 1016 616 1073">
    <p class='ocr_par' dir='ltr' id='par_1_11' title="bbox 279 1016 616 1073">
     <span class='ocr_line' id='line_1_11' title="bbox 279 1016 616 1073; baseline -0.009 0"><span class='ocrx_word' id='word_1_54' title='bbox 279 1027 410 1073; x_wconf 87' lang='lat' dir='ltr'><strong>sunt</strong></span> <span class='ocrx_word' id='word_1_55' title='bbox 438 1016 616 1071; x_wconf 82' lang='lat' dir='ltr'><strong>vobis.</strong></span> 
     </span>
    </p>
   </div>
   <div class='ocr_carea' id='block_1_12' title="bbox 357 1093 1879 1177">
    <p class='ocr_par' dir='ltr' id='par_1_12' title="bbox 357 1093 1879 1177">
     <span class='ocr_line' id='line_1_12' title="bbox 357 1093 1879 1177; baseline 0 -16"><span class='ocrx_word' id='word_1_56' title='bbox 357 1107 576 1161; x_wconf 85' lang='lat' dir='ltr'><strong>Orontes</strong></span> <span class='ocrx_word' id='word_1_57' title='bbox 604 1093 842 1161; x_wconf 52' lang='lat' dir='ltr'><strong>simulet</strong></span> <span class='ocrx_word' id='word_1_58' title='bbox 870 1123 965 1177; x_wconf 90' lang='lat' dir='ltr'><strong>pro</strong></span> <span class='ocrx_word' id='word_1_59' title='bbox 995 1106 1166 1173; x_wconf 88' lang='lat' dir='ltr'><strong>nobis,</strong></span> <span class='ocrx_word' id='word_1_60' title='bbox 1200 1116 1257 1162; x_wconf 86' lang='lat' dir='ltr'><strong>ut</strong></span> <span class='ocrx_word' id='word_1_61' title='bbox 1304 1105 1444 1167; x_wconf 83' lang='lat' dir='ltr'><strong>Deus</strong></span> <span class='ocrx_word' id='word_1_62' title='bbox 1485 1107 1685 1177; x_wconf 90' lang='lat' dir='ltr'><strong>aperiat</strong></span> <span class='ocrx_word' id='word_1_63' title='bbox 1732 1104 1879 1161; x_wconf 85' lang='lat' dir='ltr'><strong>nobis</strong></span> 
     </span>
    </p>
   </div>
   <div class='ocr_carea' id='block_1_13' title="bbox 281 1197 1879 1269">
    <p class='ocr_par' dir='ltr' id='par_1_13' title="bbox 281 1197 1879 1269">
     <span class='ocr_line' id='line_1_13' title="bbox 281 1197 1879 1269; baseline 0 -16"><span class='ocrx_word' id='word_1_64' title='bbox 281 1200 471 1253; x_wconf 89' lang='lat' dir='ltr'><strong>ostium</strong></span> <span class='ocrx_word' id='word_1_65' title='bbox 515 1204 766 1255; x_wconf 87' lang='lat' dir='ltr'><strong>sermonis</strong></span> <span class='ocrx_word' id='word_1_66' title='bbox 810 1199 879 1253; x_wconf 89' lang='lat' dir='ltr'><strong>ad</strong></span> <span class='ocrx_word' id='word_1_67' title='bbox 929 1199 1245 1268; x_wconf 87' lang='lat' dir='ltr'><strong>loquendum</strong></span> <span class='ocrx_word' id='word_1_68' title='bbox 1294 1200 1596 1269; x_wconf 80' lang='lat' dir='ltr'><strong>mysterium</strong></span> <span class='ocrx_word' id='word_1_69' title='bbox 1641 1197 1879 1253; x_wconf 85' lang='lat' dir='ltr'><strong>Christi:</strong></span> 
     </span>
    </p>
   </div>
   <div class='ocr_carea' id='block_1_14' title="bbox 283 1290 1881 1361">
    <p class='ocr_par' dir='ltr' id='par_1_14' title="bbox 283 1290 1881 1361">
     <span class='ocr_line' id='line_1_14' title="bbox 283 1290 1881 1361; baseline 0.002 -18"><span class='ocrx_word' id='word_1_70' title='bbox 283 1302 498 1359; x_wconf 84' lang='lat' dir='ltr'><strong>propter</strong></span> <span class='ocrx_word' id='word_1_71' title='bbox 522 1290 661 1361; x_wconf 64' lang='lat' dir='ltr'><strong>quod</strong></span> <span class='ocrx_word' id='word_1_72' title='bbox 704 1292 860 1346; x_wconf 86' lang='lat' dir='ltr'><strong>etiam</strong></span> <span class='ocrx_word' id='word_1_73' title='bbox 890 1292 1089 1345; x_wconf 84' lang='lat' dir='ltr'><strong>vinctus</strong></span> <span class='ocrx_word' id='word_1_74' title='bbox 1117 1307 1251 1347; x_wconf 86' lang='lat' dir='ltr'><strong>sum.</strong></span> <span class='ocrx_word' id='word_1_75' title='bbox 1290 1291 1454 1349; x_wconf 80' lang='lat' dir='ltr'><strong>Vobis</strong></span> <span class='ocrx_word' id='word_1_76' title='bbox 1496 1292 1642 1347; x_wconf 88' lang='lat' dir='ltr'><strong>enim</strong></span> <span class='ocrx_word' id='word_1_77' title='bbox 1676 1292 1881 1346; x_wconf 89' lang='lat' dir='ltr'><strong>oranti-</strong></span> 
     </span>
    </p>
   </div>
   <div class='ocr_carea' id='block_1_15' title="bbox 288 1382 1879 1454">
    <p class='ocr_par' dir='ltr' id='par_1_15' title="bbox 288 1382 1879 1454">
     <span class='ocr_line' id='line_1_15' title="bbox 288 1382 1879 1454; baseline 0 -15"><span class='ocrx_word' id='word_1_78' title='bbox 288 1384 416 1449; x_wconf 89' lang='lat' dir='ltr'><strong>bus,</strong></span> <span class='ocrx_word' id='word_1_79' title='bbox 449 1383 495 1438; x_wconf 85' lang='lat' dir='ltr'><strong>si</strong></span> <span class='ocrx_word' id='word_1_80' title='bbox 540 1384 607 1438; x_wconf 89' lang='lat' dir='ltr'><strong>de</strong></span> <span class='ocrx_word' id='word_1_81' title='bbox 654 1384 1005 1447; x_wconf 79' lang='lat' dir='ltr'><strong>tribulatione</strong></span> <span class='ocrx_word' id='word_1_82' title='bbox 1052 1384 1372 1452; x_wconf 88' lang='lat' dir='ltr'><strong>liberemur,</strong></span> <span class='ocrx_word' id='word_1_83' title='bbox 1426 1384 1583 1441; x_wconf 80' lang='lat' dir='ltr'><strong>vobis</strong></span> <span class='ocrx_word' id='word_1_84' title='bbox 1631 1382 1879 1454; x_wconf 83' lang='lat' dir='ltr'><strong>proﬁciet</strong></span> 
     </span>
    </p>
   </div>
   <div class='ocr_carea' id='block_1_16' title="bbox 281 1479 634 1534">
    <p class='ocr_par' dir='ltr' id='par_1_16' title="bbox 281 1479 634 1534">
     <span class='ocr_line' id='line_1_16' title="bbox 281 1479 634 1534; baseline -0.008 0"><span class='ocrx_word' id='word_1_85' title='bbox 281 1479 335 1534; x_wconf 88' lang='lat' dir='ltr'><strong>in</strong></span> <span class='ocrx_word' id='word_1_86' title='bbox 368 1479 634 1533; x_wconf 75' lang='lat' dir='ltr'><strong>doctrina.</strong></span> 
     </span>
    </p>
   </div>
   <div class='ocr_carea' id='block_1_17' title="bbox 358 1569 1880 1644">
    <p class='ocr_par' dir='ltr' id='par_1_17' title="bbox 358 1569 1880 1644">
     <span class='ocr_line' id='line_1_17' title="bbox 358 1569 1880 1644; baseline -0.001 -18"><span class='ocrx_word' id='word_1_87' title='bbox 358 1571 426 1626; x_wconf 89' lang='lat' dir='ltr'><strong>Ut</strong></span> <span class='ocrx_word' id='word_1_88' title='bbox 457 1572 783 1644; x_wconf 71' lang='lat' dir='ltr'><strong>manifestam</strong></span> <span class='ocrx_word' id='word_1_89' title='bbox 828 1570 984 1636; x_wconf 88' lang='lat' dir='ltr'><strong>illud,</strong></span> <span class='ocrx_word' id='word_1_90' title='bbox 1029 1571 1105 1626; x_wconf 91' lang='lat' dir='ltr'><strong>ita</strong></span> <span class='ocrx_word' id='word_1_91' title='bbox 1150 1580 1204 1624; x_wconf 88' lang='lat' dir='ltr'><strong>ut</strong></span> <span class='ocrx_word' id='word_1_92' title='bbox 1252 1577 1453 1641; x_wconf 87' lang='lat' dir='ltr'><strong>oportet</strong></span> <span class='ocrx_word' id='word_1_93' title='bbox 1504 1586 1583 1624; x_wconf 82' lang='lat' dir='ltr'><strong>me</strong></span> <span class='ocrx_word' id='word_1_94' title='bbox 1612 1570 1773 1639; x_wconf 84' lang='lat' dir='ltr'><strong>loqui.</strong></span> <span class='ocrx_word' id='word_1_95' title='bbox 1810 1569 1880 1625; x_wconf 85' lang='lat' dir='ltr'><strong>Ut</strong></span> 
     </span>
    </p>
   </div>
   <div class='ocr_carea' id='block_1_18' title="bbox 278 1659 1881 1733">
    <p class='ocr_par' dir='ltr' id='par_1_18' title="bbox 278 1659 1881 1733">
     <span class='ocr_line' id='line_1_18' title="bbox 278 1659 1881 1733; baseline -0.002 -16"><span class='ocrx_word' id='word_1_96' title='bbox 278 1662 399 1733; x_wconf 80' lang='lat' dir='ltr'><strong>ipse</strong></span> <span class='ocrx_word' id='word_1_97' title='bbox 428 1663 665 1717; x_wconf 72' lang='lat' dir='ltr'><strong>destinet</strong></span> <span class='ocrx_word' id='word_1_98' title='bbox 697 1661 823 1733; x_wconf 90' lang='lat' dir='ltr'><strong>quid</strong></span> <span class='ocrx_word' id='word_1_99' title='bbox 855 1661 1146 1733; x_wconf 81' lang='lat' dir='ltr'><strong>agendum,</strong></span> <span class='ocrx_word' id='word_1_100' title='bbox 1176 1659 1418 1730; x_wconf 83' lang='lat' dir='ltr'><strong>quando,</strong></span> <span class='ocrx_word' id='word_1_101' title='bbox 1449 1660 1535 1718; x_wconf 84' lang='lat' dir='ltr'><strong>vel</strong></span> <span class='ocrx_word' id='word_1_102' title='bbox 1568 1661 1653 1716; x_wconf 87' lang='lat' dir='ltr'><strong>cui</strong></span> <span class='ocrx_word' id='word_1_103' title='bbox 1684 1660 1881 1717; x_wconf 69' lang='lat' dir='ltr'><strong>debeat</strong></span> 
     </span>
    </p>
   </div>
   <div class='ocr_carea' id='block_1_19' title="bbox 279 1751 1880 1825">
    <p class='ocr_par' dir='ltr' id='par_1_19' title="bbox 279 1751 1880 1825">
     <span class='ocr_line' id='line_1_19' title="bbox 279 1751 1880 1825; baseline -0.002 -16"><span class='ocrx_word' id='word_1_104' title='bbox 279 1754 597 1825; x_wconf 68' lang='lat' dir='ltr'><strong>Irtedicare,</strong></span> <span class='ocrx_word' id='word_1_105' title='bbox 622 1755 761 1809; x_wconf 86' lang='lat' dir='ltr'><strong>sicut</strong></span> <span class='ocrx_word' id='word_1_106' title='bbox 788 1754 953 1810; x_wconf 71' lang='lat' dir='ltr'><strong>lsztias</strong></span> <span class='ocrx_word' id='word_1_107' title='bbox 978 1754 1083 1811; x_wconf 86' lang='lat' dir='ltr'><strong>ait:</strong></span> <span class='ocrx_word' id='word_1_108' title='bbox 1101 1751 1172 1808; x_wconf 84' lang='lat' dir='ltr'><strong>Ut</strong></span> <span class='ocrx_word' id='word_1_109' title='bbox 1196 1754 1363 1810; x_wconf 83' lang='lat' dir='ltr'><strong>sciam</strong></span> <span class='ocrx_word' id='word_1_110' title='bbox 1389 1752 1605 1823; x_wconf 84' lang='lat' dir='ltr'><strong>quando</strong></span> <span class='ocrx_word' id='word_1_111' title='bbox 1630 1761 1880 1821; x_wconf 80' lang='lat' dir='ltr'><strong>Oporteat</strong></span> 
     </span>
    </p>
   </div>
   <div class='ocr_carea' id='block_1_20' title="bbox 276 1846 938 1909">
    <p class='ocr_par' dir='ltr' id='par_1_20' title="bbox 276 1846 938 1909">
     <span class='ocr_line' id='line_1_20' title="bbox 276 1846 938 1909; baseline -0.002 -8"><span class='ocrx_word' id='word_1_112' title='bbox 276 1862 367 1901; x_wconf 88' lang='lat' dir='ltr'><strong>me</strong></span> <span class='ocrx_word' id='word_1_113' title='bbox 392 1846 574 1901; x_wconf 74' lang='lat' dir='ltr'><strong>dicere</strong></span> <span class='ocrx_word' id='word_1_114' title='bbox 606 1861 938 1909; x_wconf 81' lang='lat' dir='ltr'><strong>sermonem.</strong></span> 
     </span>
    </p>
   </div>
   <div class='ocr_carea' id='block_1_21' title="bbox 352 1935 1874 2009">
    <p class='ocr_par' dir='ltr' id='par_1_21' title="bbox 352 1935 1874 2009">
     <span class='ocr_line' id='line_1_21' title="bbox 352 1935 1874 2009; baseline 0 -18"><span class='ocrx_word' id='word_1_115' title='bbox 352 1938 418 2001; x_wconf 81' lang='lat' dir='ltr'><strong>In</strong></span> <span class='ocrx_word' id='word_1_116' title='bbox 446 1939 702 2008; x_wconf 75' lang='lat' dir='ltr'><strong><em>sapientia</em></strong></span> <span class='ocrx_word' id='word_1_117' title='bbox 741 1936 1002 1997; x_wconf 81' lang='lat' dir='ltr'><strong>ambulate</strong></span> <span class='ocrx_word' id='word_1_118' title='bbox 1032 1936 1101 2001; x_wconf 87' lang='lat' dir='ltr'><strong>ad</strong></span> <span class='ocrx_word' id='word_1_119' title='bbox 1132 1952 1217 1995; x_wconf 84' lang='lat' dir='ltr'><strong>eos</strong></span> <span class='ocrx_word' id='word_1_120' title='bbox 1245 1937 1335 2008; x_wconf 84' lang='lat' dir='ltr'><strong>qui</strong></span> <span class='ocrx_word' id='word_1_121' title='bbox 1365 1935 1496 2009; x_wconf 90' lang='lat' dir='ltr'><strong>foris</strong></span> <span class='ocrx_word' id='word_1_122' title='bbox 1524 1944 1661 1991; x_wconf 83' lang='lat' dir='ltr'><strong>sunt.</strong></span> <span class='ocrx_word' id='word_1_123' title='bbox 1694 1935 1874 1992; x_wconf 82' lang='lat' dir='ltr'><strong>Nolite</strong></span> 
     </span>
    </p>
   </div>
   <div class='ocr_carea' id='block_1_22' title="bbox 277 2028 1359 2102">
    <p class='ocr_par' dir='ltr' id='par_1_22' title="bbox 277 2028 1359 2102">
     <span class='ocr_line' id='line_1_22' title="bbox 277 2028 1359 2102; baseline -0.004 -17"><span class='ocrx_word' id='word_1_124' title='bbox 277 2046 375 2087; x_wconf 89' lang='lat' dir='ltr'><strong>cos</strong></span> <span class='ocrx_word' id='word_1_125' title='bbox 405 2032 542 2085; x_wconf 56' lang='lat' dir='ltr'><strong>ultra</strong></span> <span class='ocrx_word' id='word_1_126' title='bbox 576 2029 642 2083; x_wconf 92' lang='lat' dir='ltr'><strong>ad</strong></span> <span class='ocrx_word' id='word_1_127' title='bbox 674 2028 1006 2084; x_wconf 83' lang='lat' dir='ltr'><strong>iracundiam</strong></span> <span class='ocrx_word' id='word_1_128' title='bbox 1043 2043 1359 2102; x_wconf 74' lang='lat' dir='ltr'><strong>provocare.</strong></span> 
     </span>
    </p>
   </div>
   <div class='ocr_carea' id='block_1_23' title="bbox 353 2120 1867 2193">
    <p class='ocr_par' dir='ltr' id='par_1_23' title="bbox 353 2120 1867 2193">
     <span class='ocr_line' id='line_1_23' title="bbox 353 2120 1867 2193; baseline -0.001 -16"><span class='ocrx_word' id='word_1_129' title='bbox 353 2121 952 2190; x_wconf 79' lang='lat' dir='ltr'><strong>Tempusredimentes.</strong></span> <span class='ocrx_word' id='word_1_130' title='bbox 1007 2121 1082 2177; x_wconf 87' lang='lat' dir='ltr'><strong>De</strong></span> <span class='ocrx_word' id='word_1_131' title='bbox 1131 2122 1273 2183; x_wconf 84' lang='lat' dir='ltr'><strong>malo</strong></span> <span class='ocrx_word' id='word_1_132' title='bbox 1325 2129 1610 2193; x_wconf 78' lang='lat' dir='ltr'><strong>tempore,</strong></span> <span class='ocrx_word' id='word_1_133' title='bbox 1663 2120 1867 2177; x_wconf 87' lang='lat' dir='ltr'><strong>bonum</strong></span> 
     </span>
    </p>
   </div>
   <div class='ocr_carea' id='block_1_24' title="bbox 282 2213 1334 2285">
    <p class='ocr_par' dir='ltr' id='par_1_24' title="bbox 282 2213 1334 2285">
     <span class='ocr_line' id='line_1_24' title="bbox 282 2213 1334 2285; baseline 0.008 -22"><span class='ocrx_word' id='word_1_134' title='bbox 282 2224 497 2285; x_wconf 79' lang='lat' dir='ltr'><strong>tempus</strong></span> <span class='ocrx_word' id='word_1_135' title='bbox 524 2225 699 2279; x_wconf 70' lang='lat' dir='ltr'><strong>ve~tra</strong></span> <span class='ocrx_word' id='word_1_136' title='bbox 734 2214 1017 2282; x_wconf 86' lang='lat' dir='ltr'><strong>prudentia</strong></span> <span class='ocrx_word' id='word_1_137' title='bbox 1049 2213 1334 2271; x_wconf 75' lang='lat' dir='ltr'><strong>facientes.</strong></span> 
     </span>
    </p>
   </div>
   <div class='ocr_carea' id='block_1_25' title="bbox 350 2305 1870 2379">
    <p class='ocr_par' dir='ltr' id='par_1_25' title="bbox 350 2305 1870 2379">
     <span class='ocr_line' id='line_1_25' title="bbox 350 2305 1870 2379; baseline 0.003 -20"><span class='ocrx_word' id='word_1_138' title='bbox 350 2305 538 2360; x_wconf 85' lang='lat' dir='ltr'><strong>Sermo</strong></span> <span class='ocrx_word' id='word_1_139' title='bbox 578 2318 739 2362; x_wconf 77' lang='lat' dir='ltr'><strong>vester</strong></span> <span class='ocrx_word' id='word_1_140' title='bbox 786 2323 988 2375; x_wconf 78' lang='lat' dir='ltr'><strong>semper</strong></span> <span class='ocrx_word' id='word_1_141' title='bbox 1032 2309 1086 2373; x_wconf 79' lang='lat' dir='ltr'><strong>in</strong></span> <span class='ocrx_word' id='word_1_142' title='bbox 1132 2310 1321 2379; x_wconf 76' lang='lat' dir='ltr'><strong>gratia.</strong></span> <span class='ocrx_word' id='word_1_143' title='bbox 1369 2308 1427 2367; x_wconf 83' lang='lat' dir='ltr'><strong>In</strong></span> <span class='ocrx_word' id='word_1_144' title='bbox 1479 2324 1622 2365; x_wconf 87' lang='lat' dir='ltr'><strong>novo</strong></span> <span class='ocrx_word' id='word_1_145' title='bbox 1663 2309 1870 2367; x_wconf 88' lang='lat' dir='ltr'><strong>scilicet</strong></span> 
     </span>
    </p>
   </div>
   <div class='ocr_carea' id='block_1_26' title="bbox 273 2399 1869 2471">
    <p class='ocr_par' dir='ltr' id='par_1_26' title="bbox 273 2399 1869 2471">
     <span class='ocr_line' id='line_1_26' title="bbox 273 2399 1869 2471; baseline 0.001 -16"><span class='ocrx_word' id='word_1_146' title='bbox 273 2399 655 2457; x_wconf 76' lang='lat' dir='ltr'><strong>Testamento:</strong></span> <span class='ocrx_word' id='word_1_147' title='bbox 686 2399 770 2455; x_wconf 83' lang='lat' dir='ltr'><strong>vel</strong></span> <span class='ocrx_word' id='word_1_148' title='bbox 799 2410 948 2455; x_wconf 86' lang='lat' dir='ltr'><strong>certe</strong></span> <span class='ocrx_word' id='word_1_149' title='bbox 979 2410 1186 2469; x_wconf 83' lang='lat' dir='ltr'><strong>gratum</strong></span> <span class='ocrx_word' id='word_1_150' title='bbox 1220 2402 1511 2471; x_wconf 88' lang='lat' dir='ltr'><strong>proferatis</strong></span> <span class='ocrx_word' id='word_1_151' title='bbox 1540 2418 1869 2457; x_wconf 89' lang='lat' dir='ltr'><strong>sermonem.</strong></span> 
     </span>
    </p>
   </div>
   <div class='ocr_carea' id='block_1_27' title="bbox 351 2492 1870 2565">
    <p class='ocr_par' dir='ltr' id='par_1_27' title="bbox 351 2492 1870 2565">
     <span class='ocr_line' id='line_1_27' title="bbox 351 2492 1870 2565; baseline -0.001 -16"><span class='ocrx_word' id='word_1_152' title='bbox 351 2492 478 2549; x_wconf 85' lang='lat' dir='ltr'><strong>Sale</strong></span> <span class='ocrx_word' id='word_1_153' title='bbox 516 2494 582 2548; x_wconf 88' lang='lat' dir='ltr'><strong>sit</strong></span> <span class='ocrx_word' id='word_1_154' title='bbox 621 2493 883 2548; x_wconf 86' lang='lat' dir='ltr'><strong>conditus.</strong></span> <span class='ocrx_word' id='word_1_155' title='bbox 917 2493 1211 2565; x_wconf 75' lang='lat' dir='ltr'><strong>Sapienti-.1:</strong></span> <span class='ocrx_word' id='word_1_156' title='bbox 1244 2506 1297 2548; x_wconf 80' lang='lat' dir='ltr'><strong>et</strong></span> <span class='ocrx_word' id='word_1_157' title='bbox 1326 2495 1576 2563; x_wconf 80' lang='lat' dir='ltr'><strong>rationis,</strong></span> <span class='ocrx_word' id='word_1_158' title='bbox 1610 2511 1677 2550; x_wconf 84' lang='lat' dir='ltr'><strong>ne</strong></span> <span class='ocrx_word' id='word_1_159' title='bbox 1705 2495 1870 2557; x_wconf 82' lang='lat' dir='ltr'><strong>stulta</strong></span> 
     </span>
    </p>
   </div>
   <div class='ocr_carea' id='block_1_28' title="bbox 273 2595 1867 2667">
    <p class='ocr_par' dir='ltr' id='par_1_28' title="bbox 273 2595 1867 2667">
     <span class='ocr_line' id='line_1_28' title="bbox 273 2595 1867 2667; baseline 0.001 -16"><span class='ocrx_word' id='word_1_160' title='bbox 273 2606 462 2651; x_wconf 86' lang='lat' dir='ltr'><strong>nostra</strong></span> <span class='ocrx_word' id='word_1_161' title='bbox 496 2597 686 2666; x_wconf 74' lang='lat' dir='ltr'><strong>religio</strong></span> <span class='ocrx_word' id='word_1_162' title='bbox 708 2612 736 2649; x_wconf 90' lang='lat' dir='ltr'><strong>a</strong></span> <span class='ocrx_word' id='word_1_163' title='bbox 766 2595 1106 2666; x_wconf 82' lang='lat' dir='ltr'><strong>philosophis</strong></span> <span class='ocrx_word' id='word_1_164' title='bbox 1137 2610 1185 2653; x_wconf 85' lang='lat' dir='ltr'><strong>et</strong></span> <span class='ocrx_word' id='word_1_165' title='bbox 1218 2598 1474 2667; x_wconf 74' lang='lat' dir='ltr'><strong>gentibus</strong></span> <span class='ocrx_word' id='word_1_166' title='bbox 1506 2597 1867 2652; x_wconf 72' lang='lat' dir='ltr'><strong>exiSIimetnr.</strong></span> 
     </span>
    </p>
   </div>
   <div class='ocr_carea' id='block_1_29' title="bbox 351 2696 1872 2768">
    <p class='ocr_par' dir='ltr' id='par_1_29' title="bbox 351 2696 1872 2768">
     <span class='ocr_line' id='line_1_29' title="bbox 351 2696 1872 2768; baseline 0.003 -19"><span class='ocrx_word' id='word_1_167' title='bbox 351 2696 419 2749; x_wconf 91' lang='lat' dir='ltr'><strong>Ut</strong></span> <span class='ocrx_word' id='word_1_168' title='bbox 446 2698 624 2751; x_wconf 77' lang='lat' dir='ltr'><strong><em>sciatis</em></strong></span> <span class='ocrx_word' id='word_1_169' title='bbox 652 2699 910 2768; x_wconf 86' lang='lat' dir='ltr'><strong>quomodo</strong></span> <span class='ocrx_word' id='word_1_170' title='bbox 952 2706 1187 2767; x_wconf 78' lang='lat' dir='ltr'><strong>oporteat</strong></span> <span class='ocrx_word' id='word_1_171' title='bbox 1233 2713 1320 2751; x_wconf 81' lang='lat' dir='ltr'><strong>vos</strong></span> <span class='ocrx_word' id='word_1_172' title='bbox 1352 2699 1629 2767; x_wconf 85' lang='lat' dir='ltr'><strong>unicuique</strong></span> <span class='ocrx_word' id='word_1_173' title='bbox 1659 2715 1872 2766; x_wconf 82' lang='lat' dir='ltr'><strong>respon-</strong></span> 
     </span>
    </p>
   </div>
   <div class='ocr_carea' id='block_1_30' title="bbox 269 2798 1870 2869">
    <p class='ocr_par' dir='ltr' id='par_1_30' title="bbox 269 2798 1870 2869">
     <span class='ocr_line' id='line_1_30' title="bbox 269 2798 1870 2869; baseline 0.002 -20"><span class='ocrx_word' id='word_1_174' title='bbox 269 2798 415 2851; x_wconf 82' lang='lat' dir='ltr'><strong>dere.</strong></span> <span class='ocrx_word' id='word_1_175' title='bbox 450 2799 623 2852; x_wconf 74' lang='lat' dir='ltr'><strong>Alilel&#39;</strong></span> <span class='ocrx_word' id='word_1_176' title='bbox 661 2798 914 2869; x_wconf 78' lang='lat' dir='ltr'><strong>paganis,</strong></span> <span class='ocrx_word' id='word_1_177' title='bbox 956 2801 1115 2854; x_wconf 90' lang='lat' dir='ltr'><strong>aliter</strong></span> <span class='ocrx_word' id='word_1_178' title='bbox 1152 2798 1376 2861; x_wconf 83' lang='lat' dir='ltr'><strong>.ludacis,</strong></span> <span class='ocrx_word' id='word_1_179' title='bbox 1409 2799 1569 2853; x_wconf 85' lang='lat' dir='ltr'><strong>aliter</strong></span> <span class='ocrx_word' id='word_1_180' title='bbox 1601 2798 1870 2853; x_wconf 71' lang='lat' dir='ltr'><strong>ltmreticis</strong></span> 
     </span>
    </p>
   </div>
   <div class='ocr_carea' id='block_1_31' title="bbox 272 2899 1871 2955">
    <p class='ocr_par' dir='ltr' id='par_1_31' title="bbox 272 2899 1871 2955">
     <span class='ocr_line' id='line_1_31' title="bbox 272 2899 1871 2955; baseline 0 -2"><span class='ocrx_word' id='word_1_181' title='bbox 272 2900 783 2955; x_wconf 71' lang='lat' dir='ltr'><strong>contradicentibus</strong></span> <span class='ocrx_word' id='word_1_182' title='bbox 827 2901 1063 2955; x_wconf 78' lang='lat' dir='ltr'><strong>veritati.</strong></span> <span class='ocrx_word' id='word_1_183' title='bbox 1098 2899 1251 2955; x_wconf 92' lang='lat' dir='ltr'><strong>Unde</strong></span> <span class='ocrx_word' id='word_1_184' title='bbox 1281 2912 1333 2954; x_wconf 89' lang='lat' dir='ltr'><strong>et</strong></span> <span class='ocrx_word' id='word_1_185' title='bbox 1367 2900 1559 2955; x_wconf 82' lang='lat' dir='ltr'><strong>Petrus</strong></span> <span class='ocrx_word' id='word_1_186' title='bbox 1587 2900 1664 2953; x_wconf 89' lang='lat' dir='ltr'><strong>ait</strong></span> <span class='ocrx_word' id='word_1_187' title='bbox 1710 2917 1723 2953; x_wconf 91' lang='lat'><strong>:</strong></span> <span class='ocrx_word' id='word_1_188' title='bbox 1772 2899 1871 2954; x_wconf 83' lang='lat' dir='ltr'><strong>Pa-</strong></span> 
     </span>
    </p>
   </div>
   <div class='ocr_carea' id='block_1_32' title="bbox 268 3002 1334 3071">
    <p class='ocr_par' dir='ltr' id='par_1_32' title="bbox 268 3002 1334 3071">
     <span class='ocr_line' id='line_1_32' title="bbox 268 3002 1334 3071; baseline -0.004 -12"><span class='ocrx_word' id='word_1_189' title='bbox 268 3004 377 3059; x_wconf 77' lang='lat' dir='ltr'><strong>rati</strong></span> <span class='ocrx_word' id='word_1_190' title='bbox 412 3018 626 3071; x_wconf 82' lang='lat' dir='ltr'><strong>semper</strong></span> <span class='ocrx_word' id='word_1_191' title='bbox 651 3002 715 3054; x_wconf 85' lang='lat' dir='ltr'><strong>atl</strong></span> <span class='ocrx_word' id='word_1_192' title='bbox 744 3003 1196 3068; x_wconf 79' lang='lat' dir='ltr'><strong>satisfactionem,</strong></span> <span class='ocrx_word' id='word_1_193' title='bbox 1230 3013 1334 3055; x_wconf 86' lang='lat' dir='ltr'><strong>etc.</strong></span> 
     </span>
    </p>
   </div>
   <div class='ocr_carea' id='block_1_33' title="bbox 352 3099 1867 3171">
    <p class='ocr_par' dir='ltr' id='par_1_33' title="bbox 352 3099 1867 3171">
     <span class='ocr_line' id='line_1_33' title="bbox 352 3099 1867 3171; baseline -0.001 -16"><span class='ocrx_word' id='word_1_194' title='bbox 352 3102 479 3169; x_wconf 71' lang='lat' dir='ltr'><strong>Qum</strong></span> <span class='ocrx_word' id='word_1_195' title='bbox 510 3104 647 3157; x_wconf 83' lang='lat' dir='ltr'><strong>circa</strong></span> <span class='ocrx_word' id='word_1_196' title='bbox 679 3118 757 3155; x_wconf 89' lang='lat' dir='ltr'><strong>me</strong></span> <span class='ocrx_word' id='word_1_197' title='bbox 787 3112 928 3168; x_wconf 84' lang='lat' dir='ltr'><strong>sunt,</strong></span> <span class='ocrx_word' id='word_1_198' title='bbox 970 3102 1143 3155; x_wconf 85' lang='lat' dir='ltr'><strong>omnia</strong></span> <span class='ocrx_word' id='word_1_199' title='bbox 1179 3101 1317 3155; x_wconf 77' lang='lat' dir='ltr'><strong>vobis</strong></span> <span class='ocrx_word' id='word_1_200' title='bbox 1350 3111 1469 3153; x_wconf 88' lang='lat' dir='ltr'><strong>nota</strong></span> <span class='ocrx_word' id='word_1_201' title='bbox 1499 3102 1651 3170; x_wconf 84' lang='lat' dir='ltr'><strong>faciet</strong></span> <span class='ocrx_word' id='word_1_202' title='bbox 1674 3099 1867 3171; x_wconf 82' lang='lat' dir='ltr'><strong>Tychi—</strong></span> 
     </span>
    </p>
   </div>
   <div class='ocr_carea' id='block_1_34' title="bbox 268 3201 1867 3273">
    <p class='ocr_par' dir='ltr' id='par_1_34' title="bbox 268 3201 1867 3273">
     <span class='ocr_line' id='line_1_34' title="bbox 268 3201 1867 3273; baseline -0.001 -18"><span class='ocrx_word' id='word_1_203' title='bbox 268 3218 367 3255; x_wconf 86' lang='lat' dir='ltr'><strong>cus</strong></span> <span class='ocrx_word' id='word_1_204' title='bbox 394 3201 726 3255; x_wconf 67' lang='lat' dir='ltr'><strong>rharissimus</strong></span> <span class='ocrx_word' id='word_1_205' title='bbox 759 3203 941 3273; x_wconf 77' lang='lat' dir='ltr'><strong>frater,</strong></span> <span class='ocrx_word' id='word_1_206' title='bbox 974 3212 1020 3255; x_wconf 83' lang='lat' dir='ltr'><strong>et</strong></span> <span class='ocrx_word' id='word_1_207' title='bbox 1048 3201 1215 3270; x_wconf 79' lang='lat' dir='ltr'><strong>ﬁdelis</strong></span> <span class='ocrx_word' id='word_1_208' title='bbox 1246 3201 1494 3263; x_wconf 78' lang='lat' dir='ltr'><strong>minister,</strong></span> <span class='ocrx_word' id='word_1_209' title='bbox 1526 3211 1572 3253; x_wconf 87' lang='lat' dir='ltr'><strong>et</strong></span> <span class='ocrx_word' id='word_1_210' title='bbox 1596 3217 1867 3255; x_wconf 87' lang='lat' dir='ltr'><strong>conservus</strong></span> 
     </span>
    </p>
   </div>
   <div class='ocr_carea' id='block_1_35' title="bbox 270 3301 1867 3373">
    <p class='ocr_par' dir='ltr' id='par_1_35' title="bbox 270 3301 1867 3373">
     <span class='ocr_line' id='line_1_35' title="bbox 270 3301 1867 3373; baseline -0.003 -17"><span class='ocrx_word' id='word_1_211' title='bbox 270 3305 326 3356; x_wconf 87' lang='lat' dir='ltr'><strong>in</strong></span> <span class='ocrx_word' id='word_1_212' title='bbox 367 3301 593 3355; x_wconf 89' lang='lat' dir='ltr'><strong>Domino</strong></span> <span class='ocrx_word' id='word_1_213' title='bbox 637 3319 656 3369; x_wconf 65' lang='grc' dir='ltr'><em>ς</em></span> <span class='ocrx_word' id='word_1_214' title='bbox 690 3319 839 3373; x_wconf 82' lang='lat' dir='ltr'><strong>quem</strong></span> <span class='ocrx_word' id='word_1_215' title='bbox 885 3302 1001 3355; x_wconf 84' lang='lat' dir='ltr'><strong>misi</strong></span> <span class='ocrx_word' id='word_1_216' title='bbox 1029 3302 1097 3355; x_wconf 87' lang='lat' dir='ltr'><strong>ad</strong></span> <span class='ocrx_word' id='word_1_217' title='bbox 1123 3317 1210 3357; x_wconf 84' lang='lat' dir='ltr'><strong>vos</strong></span> <span class='ocrx_word' id='word_1_218' title='bbox 1252 3301 1319 3355; x_wconf 86' lang='lat' dir='ltr'><strong>ad</strong></span> <span class='ocrx_word' id='word_1_219' title='bbox 1348 3301 1444 3353; x_wconf 89' lang='lat' dir='ltr'><strong>hoc</strong></span> <span class='ocrx_word' id='word_1_220' title='bbox 1470 3301 1664 3373; x_wconf 78' lang='lat' dir='ltr'><strong>ipsum,</strong></span> <span class='ocrx_word' id='word_1_221' title='bbox 1696 3311 1749 3354; x_wconf 91' lang='lat' dir='ltr'><strong>ut</strong></span> <span class='ocrx_word' id='word_1_222' title='bbox 1778 3318 1867 3353; x_wconf 83' lang='lat' dir='ltr'><strong>co-</strong></span> 
     </span>
    </p>
   </div>
   <div class='ocr_carea' id='block_1_36' title="bbox 275 3403 1871 3475">
    <p class='ocr_par' dir='ltr' id='par_1_36' title="bbox 275 3403 1871 3475">
     <span class='ocr_line' id='line_1_36' title="bbox 275 3403 1871 3475; baseline -0.001 -18"><span class='ocrx_word' id='word_1_223' title='bbox 275 3416 515 3475; x_wconf 71' lang='lat' dir='ltr'><strong>gnoscat,</strong></span> <span class='ocrx_word' id='word_1_224' title='bbox 548 3421 662 3474; x_wconf 76' lang='lat' dir='ltr'><strong>qua:</strong></span> <span class='ocrx_word' id='word_1_225' title='bbox 689 3406 826 3460; x_wconf 81' lang='lat' dir='ltr'><strong>circa</strong></span> <span class='ocrx_word' id='word_1_226' title='bbox 856 3421 941 3458; x_wconf 88' lang='lat' dir='ltr'><strong>ros</strong></span> <span class='ocrx_word' id='word_1_227' title='bbox 972 3416 1119 3472; x_wconf 89' lang='lat' dir='ltr'><strong>sunt,</strong></span> <span class='ocrx_word' id='word_1_228' title='bbox 1154 3413 1201 3459; x_wconf 91' lang='lat' dir='ltr'><strong>et</strong></span> <span class='ocrx_word' id='word_1_229' title='bbox 1245 3404 1537 3458; x_wconf 80' lang='lat' dir='ltr'><strong>consoletur</strong></span> <span class='ocrx_word' id='word_1_230' title='bbox 1585 3403 1746 3457; x_wconf 83' lang='lat' dir='ltr'><strong>corda</strong></span> <span class='ocrx_word' id='word_1_231' title='bbox 1790 3419 1871 3456; x_wconf 80' lang='lat' dir='ltr'><strong>ve-</strong></span> 
     </span>
    </p>
   </div>
   <div class='ocr_carea' id='block_1_37' title="bbox 268 3503 1872 3575">
    <p class='ocr_par' dir='ltr' id='par_1_37' title="bbox 268 3503 1872 3575">
     <span class='ocr_line' id='line_1_37' title="bbox 268 3503 1872 3575; baseline -0.001 -16"><span class='ocrx_word' id='word_1_232' title='bbox 268 3515 405 3571; x_wconf 86' lang='lat' dir='ltr'><strong>stra,</strong></span> <span class='ocrx_word' id='word_1_233' title='bbox 437 3522 552 3558; x_wconf 82' lang='lat' dir='ltr'><strong>cum</strong></span> <span class='ocrx_word' id='word_1_234' title='bbox 587 3504 827 3557; x_wconf 84' lang='lat' dir='ltr'><strong>Onesimo</strong></span> <span class='ocrx_word' id='word_1_235' title='bbox 855 3504 1162 3557; x_wconf 87' lang='lat' dir='ltr'><strong>charissima</strong></span> <span class='ocrx_word' id='word_1_236' title='bbox 1206 3514 1252 3557; x_wconf 88' lang='lat' dir='ltr'><strong>et</strong></span> <span class='ocrx_word' id='word_1_237' title='bbox 1292 3504 1435 3568; x_wconf 83' lang='lat' dir='ltr'><strong>[ideli</strong></span> <span class='ocrx_word' id='word_1_238' title='bbox 1468 3506 1652 3575; x_wconf 78' lang='lat' dir='ltr'><strong>fratre,</strong></span> <span class='ocrx_word' id='word_1_239' title='bbox 1691 3503 1780 3573; x_wconf 86' lang='lat' dir='ltr'><strong>qui</strong></span> <span class='ocrx_word' id='word_1_240' title='bbox 1809 3519 1872 3557; x_wconf 76' lang='lat' dir='ltr'><strong>ea:</strong></span> 
     </span>
    </p>
   </div>
   <div class='ocr_carea' id='block_1_38' title="bbox 269 3605 1871 3679">
    <p class='ocr_par' dir='ltr' id='par_1_38' title="bbox 269 3605 1871 3679">
     <span class='ocr_line' id='line_1_38' title="bbox 269 3605 1871 3679; baseline -0.004 -17"><span class='ocrx_word' id='word_1_241' title='bbox 269 3605 414 3662; x_wconf 78' lang='lat' dir='ltr'><strong>vobis</strong></span> <span class='ocrx_word' id='word_1_242' title='bbox 457 3616 566 3671; x_wconf 86' lang='lat' dir='ltr'><strong>cst,</strong></span> <span class='ocrx_word' id='word_1_243' title='bbox 616 3607 703 3679; x_wconf 83' lang='lat' dir='ltr'><strong>qui</strong></span> <span class='ocrx_word' id='word_1_244' title='bbox 735 3609 909 3661; x_wconf 86' lang='lat' dir='ltr'><strong>omnia</strong></span> <span class='ocrx_word' id='word_1_245' title='bbox 951 3622 1067 3675; x_wconf 72' lang='lat' dir='ltr'><strong>quae</strong></span> <span class='ocrx_word' id='word_1_246' title='bbox 1099 3606 1185 3660; x_wconf 87' lang='lat' dir='ltr'><strong>hic</strong></span> <span class='ocrx_word' id='word_1_247' title='bbox 1212 3616 1461 3677; x_wconf 80' lang='lat' dir='ltr'><strong>aguntur,</strong></span> <span class='ocrx_word' id='word_1_248' title='bbox 1505 3614 1630 3659; x_wconf 86' lang='lat' dir='ltr'><strong>nota</strong></span> <span class='ocrx_word' id='word_1_249' title='bbox 1675 3605 1871 3675; x_wconf 81' lang='lat' dir='ltr'><strong>facient</strong></span> 
     </span>
    </p>
   </div>
   <div class='ocr_carea' id='block_1_39' title="bbox 1982 554 2963 622">
    <p class='ocr_par' dir='ltr' id='par_1_39' title="bbox 1982 554 2963 622">
     <span class='ocr_line' id='line_1_39' title="bbox 1982 554 2963 622; baseline 0.003 -17"><span class='ocrx_word' id='word_1_250' title='bbox 1982 567 2048 607; x_wconf 90' lang='lat' dir='ltr'><strong>ne</strong></span> <span class='ocrx_word' id='word_1_251' title='bbox 2079 554 2180 606; x_wconf 87' lang='lat' dir='ltr'><strong>bac</strong></span> <span class='ocrx_word' id='word_1_252' title='bbox 2220 563 2405 608; x_wconf 82' lang='lat' dir='ltr'><strong>essent</strong></span> <span class='ocrx_word' id='word_1_253' title='bbox 2438 554 2657 608; x_wconf 89' lang='lat' dir='ltr'><strong>tristitia</strong></span> <span class='ocrx_word' id='word_1_254' title='bbox 2691 554 2963 622; x_wconf 82' lang='lat' dir='ltr'><strong>occupati.</strong></span> 
     </span>
    </p>
   </div>
   <div class='ocr_carea' id='block_1_40' title="bbox 2052 646 3581 723">
    <p class='ocr_par' dir='ltr' id='par_1_40' title="bbox 2052 646 3581 723">
     <span class='ocr_line' id='line_1_40' title="bbox 2052 646 3581 723; baseline 0.003 -24"><span class='ocrx_word' id='word_1_255' title='bbox 2052 646 2261 723; x_wconf 69' lang='lat' dir='ltr'><strong>Salutat</strong></span> <span class='ocrx_word' id='word_1_256' title='bbox 2310 663 2396 702; x_wconf 83' lang='lat' dir='ltr'><strong>vos</strong></span> <span class='ocrx_word' id='word_1_257' title='bbox 2441 647 2771 703; x_wconf 78' lang='lat' dir='ltr'><strong>Aristarchus</strong></span> <span class='ocrx_word' id='word_1_258' title='bbox 2821 648 3149 720; x_wconf 79' lang='lat' dir='ltr'><strong>concaptivus</strong></span> <span class='ocrx_word' id='word_1_259' title='bbox 3185 664 3347 703; x_wconf 85' lang='lat' dir='ltr'><strong>meus.</strong></span> <span class='ocrx_word' id='word_1_260' title='bbox 3406 647 3581 705; x_wconf 84' lang='lat' dir='ltr'><strong>Simul</strong></span> 
     </span>
    </p>
   </div>
   <div class='ocr_carea' id='block_1_41' title="bbox 1977 740 3582 811">
    <p class='ocr_par' dir='ltr' id='par_1_41' title="bbox 1977 740 3582 811">
     <span class='ocr_line' id='line_1_41' title="bbox 1977 740 3582 811; baseline 0.001 -17"><span class='ocrx_word' id='word_1_261' title='bbox 1977 740 2191 794; x_wconf 83' lang='lat' dir='ltr'><strong>vinctus</strong></span> <span class='ocrx_word' id='word_1_262' title='bbox 2215 750 2353 805; x_wconf 86' lang='lat' dir='ltr'><strong>erat,</strong></span> <span class='ocrx_word' id='word_1_263' title='bbox 2405 740 2525 795; x_wconf 89' lang='lat' dir='ltr'><strong>sive</strong></span> <span class='ocrx_word' id='word_1_264' title='bbox 2565 740 2998 811; x_wconf 87' lang='lat' dir='ltr'><strong>eompatiebatur</strong></span> <span class='ocrx_word' id='word_1_265' title='bbox 3045 740 3332 797; x_wconf 84' lang='lat' dir='ltr'><strong>charitatis</strong></span> <span class='ocrx_word' id='word_1_266' title='bbox 3362 740 3582 796; x_wconf 80' lang='lat' dir='ltr'><strong>cﬂ&#39;ectu.</strong></span> 
     </span>
    </p>
   </div>
   <div class='ocr_carea' id='block_1_42' title="bbox 2052 830 3578 902">
    <p class='ocr_par' dir='ltr' id='par_1_42' title="bbox 2052 830 3578 902">
     <span class='ocr_line' id='line_1_42' title="bbox 2052 830 3578 902; baseline 0.001 -17"><span class='ocrx_word' id='word_1_267' title='bbox 2052 830 2119 885; x_wconf 87' lang='lat' dir='ltr'><strong>Et</strong></span> <span class='ocrx_word' id='word_1_268' title='bbox 2151 831 2398 885; x_wconf 84' lang='lat' dir='ltr'><strong>Marchus</strong></span> <span class='ocrx_word' id='word_1_269' title='bbox 2424 832 2763 886; x_wconf 78' lang='lat' dir='ltr'><strong>consobrinus</strong></span> <span class='ocrx_word' id='word_1_270' title='bbox 2793 831 3069 896; x_wconf 70' lang='lat' dir='ltr'><strong>Barnaba,</strong></span> <span class='ocrx_word' id='word_1_271' title='bbox 3095 832 3161 885; x_wconf 85' lang='lat' dir='ltr'><strong>de</strong></span> <span class='ocrx_word' id='word_1_272' title='bbox 3180 848 3281 902; x_wconf 87' lang='lat' dir='ltr'><strong>quo</strong></span> <span class='ocrx_word' id='word_1_273' title='bbox 3301 833 3578 900; x_wconf 84' lang='lat' dir='ltr'><strong>accepistis</strong></span> 
     </span>
    </p>
   </div>
   <div class='ocr_carea' id='block_1_43' title="bbox 1980 923 3649 996">
    <p class='ocr_par' dir='ltr' id='par_1_43' title="bbox 1980 923 3649 996">
     <span class='ocr_line' id='line_1_43' title="bbox 1980 923 3649 996; baseline 0.001 -17"><span class='ocrx_word' id='word_1_274' title='bbox 1980 925 2249 979; x_wconf 88' lang='lat' dir='ltr'><strong>mandata.</strong></span> <span class='ocrx_word' id='word_1_275' title='bbox 2285 925 2348 980; x_wconf 89' lang='lat' dir='ltr'><strong>Si</strong></span> <span class='ocrx_word' id='word_1_276' title='bbox 2374 925 2562 981; x_wconf 83' lang='lat' dir='ltr'><strong>uenerit</strong></span> <span class='ocrx_word' id='word_1_277' title='bbox 2604 925 2674 979; x_wconf 88' lang='lat' dir='ltr'><strong>ad</strong></span> <span class='ocrx_word' id='word_1_278' title='bbox 2702 942 2812 989; x_wconf 87' lang='lat' dir='ltr'><strong>vos,</strong></span> <span class='ocrx_word' id='word_1_279' title='bbox 2840 926 3084 996; x_wconf 81' lang='lat' dir='ltr'><strong>suscipite</strong></span> <span class='ocrx_word' id='word_1_280' title='bbox 3110 926 3281 979; x_wconf 84' lang='lat' dir='ltr'><strong>illum.</strong></span> <span class='ocrx_word' id='word_1_281' title='bbox 3319 924 3387 979; x_wconf 80' lang='lat' dir='ltr'><strong><em>Et</em></strong></span> <span class='ocrx_word' id='word_1_282' title='bbox 3426 923 3584 981; x_wconf 79' lang='lat' dir='ltr'><strong>Jesus</strong></span> <span class='ocrx_word' id='word_1_283' title='bbox 3645 954 3649 958; x_wconf 87' lang='lat'><strong><em>-</em></strong></span> 
     </span>
    </p>
   </div>
   <div class='ocr_carea' id='block_1_44' title="bbox 1978 1016 3581 1089">
    <p class='ocr_par' dir='ltr' id='par_1_44' title="bbox 1978 1016 3581 1089">
     <span class='ocr_line' id='line_1_44' title="bbox 1978 1016 3581 1089; baseline 0 -18"><span class='ocrx_word' id='word_1_284' title='bbox 1978 1020 2066 1084; x_wconf 85' lang='lat' dir='ltr'><strong>qui</strong></span> <span class='ocrx_word' id='word_1_285' title='bbox 2097 1018 2285 1073; x_wconf 88' lang='lat' dir='ltr'><strong>dicitur</strong></span> <span class='ocrx_word' id='word_1_286' title='bbox 2306 1021 2506 1089; x_wconf 84' lang='lat' dir='ltr'><strong>justus,</strong></span> <span class='ocrx_word' id='word_1_287' title='bbox 2555 1018 2643 1089; x_wconf 86' lang='lat' dir='ltr'><strong>qui</strong></span> <span class='ocrx_word' id='word_1_288' title='bbox 2671 1026 2793 1073; x_wconf 86' lang='lat' dir='ltr'><strong>sunt</strong></span> <span class='ocrx_word' id='word_1_289' title='bbox 2827 1034 2890 1072; x_wconf 72' lang='lat' dir='ltr'><strong>ex</strong></span> <span class='ocrx_word' id='word_1_290' title='bbox 2918 1018 3327 1072; x_wconf 74' lang='lat' dir='ltr'><strong>circumcisione.</strong></span> <span class='ocrx_word' id='word_1_291' title='bbox 3366 1016 3438 1071; x_wconf 81' lang='lat' dir='ltr'><strong>Hi</strong></span> <span class='ocrx_word' id='word_1_292' title='bbox 3480 1017 3581 1071; x_wconf 89' lang='lat' dir='ltr'><strong>soli</strong></span> 
     </span>
    </p>
   </div>
   <div class='ocr_carea' id='block_1_45' title="bbox 1979 1107 3578 1178">
    <p class='ocr_par' dir='ltr' id='par_1_45' title="bbox 1979 1107 3578 1178">
     <span class='ocr_line' id='line_1_45' title="bbox 1979 1107 3578 1178; baseline -0.001 -15"><span class='ocrx_word' id='word_1_293' title='bbox 1979 1118 2097 1163; x_wconf 89' lang='lat' dir='ltr'><strong>sunt</strong></span> <span class='ocrx_word' id='word_1_294' title='bbox 2130 1110 2397 1176; x_wconf 84' lang='lat' dir='ltr'><strong>adiutores</strong></span> <span class='ocrx_word' id='word_1_295' title='bbox 2423 1110 2520 1163; x_wconf 86' lang='lat' dir='ltr'><strong>mei</strong></span> <span class='ocrx_word' id='word_1_296' title='bbox 2549 1109 2602 1162; x_wconf 88' lang='lat' dir='ltr'><strong>in</strong></span> <span class='ocrx_word' id='word_1_297' title='bbox 2634 1124 2790 1178; x_wconf 86' lang='lat' dir='ltr'><strong>regno</strong></span> <span class='ocrx_word' id='word_1_298' title='bbox 2823 1108 2938 1174; x_wconf 88' lang='lat' dir='ltr'><strong>Dei,</strong></span> <span class='ocrx_word' id='word_1_299' title='bbox 2979 1110 3067 1178; x_wconf 90' lang='lat' dir='ltr'><strong>qui</strong></span> <span class='ocrx_word' id='word_1_300' title='bbox 3098 1107 3224 1162; x_wconf 89' lang='lat' dir='ltr'><strong>mihi</strong></span> <span class='ocrx_word' id='word_1_301' title='bbox 3253 1111 3460 1178; x_wconf 86' lang='lat' dir='ltr'><strong>fuerunt</strong></span> <span class='ocrx_word' id='word_1_302' title='bbox 3492 1124 3578 1162; x_wconf 87' lang='lat' dir='ltr'><strong>so-</strong></span> 
     </span>
    </p>
   </div>
   <div class='ocr_carea' id='block_1_46' title="bbox 1981 1202 3580 1271">
    <p class='ocr_par' dir='ltr' id='par_1_46' title="bbox 1981 1202 3580 1271">
     <span class='ocr_line' id='line_1_46' title="bbox 1981 1202 3580 1271; baseline -0.001 -14"><span class='ocrx_word' id='word_1_303' title='bbox 1981 1204 2126 1258; x_wconf 84' lang='lat' dir='ltr'><strong>latio.</strong></span> <span class='ocrx_word' id='word_1_304' title='bbox 2153 1202 2210 1257; x_wconf 87' lang='lat' dir='ltr'><strong>lu</strong></span> <span class='ocrx_word' id='word_1_305' title='bbox 2236 1218 2377 1258; x_wconf 84' lang='lat' dir='ltr'><strong>novo</strong></span> <span class='ocrx_word' id='word_1_306' title='bbox 2391 1202 2768 1263; x_wconf 84' lang='lat' dir='ltr'><strong>Testamento,</strong></span> <span class='ocrx_word' id='word_1_307' title='bbox 2793 1217 2892 1271; x_wconf 86' lang='lat' dir='ltr'><strong>per</strong></span> <span class='ocrx_word' id='word_1_308' title='bbox 2904 1202 3044 1270; x_wconf 89' lang='lat' dir='ltr'><strong>quod</strong></span> <span class='ocrx_word' id='word_1_309' title='bbox 3065 1203 3301 1256; x_wconf 86' lang='lat' dir='ltr'><strong>intratur</strong></span> <span class='ocrx_word' id='word_1_310' title='bbox 3327 1216 3580 1271; x_wconf 75' lang='lat' dir='ltr'><strong>regnum:</strong></span> 
     </span>
    </p>
   </div>
   <div class='ocr_carea' id='block_1_47' title="bbox 1980 1296 3575 1367">
    <p class='ocr_par' dir='ltr' id='par_1_47' title="bbox 1980 1296 3575 1367">
     <span class='ocr_line' id='line_1_47' title="bbox 1980 1296 3575 1367; baseline -0.001 -16"><span class='ocrx_word' id='word_1_311' title='bbox 1980 1298 2120 1352; x_wconf 84' lang='lat' dir='ltr'><strong>sicut</strong></span> <span class='ocrx_word' id='word_1_312' title='bbox 2150 1299 2383 1353; x_wconf 85' lang='lat' dir='ltr'><strong>Satanas</strong></span> <span class='ocrx_word' id='word_1_313' title='bbox 2415 1312 2563 1352; x_wconf 90' lang='lat' dir='ltr'><strong>mors</strong></span> <span class='ocrx_word' id='word_1_314' title='bbox 2593 1296 2967 1367; x_wconf 61' lang='lat' dir='ltr'><strong>dicitur,quuia</strong></span> <span class='ocrx_word' id='word_1_315' title='bbox 2996 1298 3113 1365; x_wconf 88' lang='lat' dir='ltr'><strong>ipse</strong></span> <span class='ocrx_word' id='word_1_316' title='bbox 3154 1310 3317 1351; x_wconf 87' lang='lat' dir='ltr'><strong>causa</strong></span> <span class='ocrx_word' id='word_1_317' title='bbox 3363 1298 3575 1350; x_wconf 87' lang='lat' dir='ltr'><strong>mortis.</strong></span> 
     </span>
    </p>
   </div>
   <div class='ocr_carea' id='block_1_48' title="bbox 2053 1386 3575 1458">
    <p class='ocr_par' dir='ltr' id='par_1_48' title="bbox 2053 1386 3575 1458">
     <span class='ocr_line' id='line_1_48' title="bbox 2053 1386 3575 1458; baseline -0.003 -13"><span class='ocrx_word' id='word_1_318' title='bbox 2053 1388 2261 1445; x_wconf 85' lang='lat' dir='ltr'><strong>Salutat</strong></span> <span class='ocrx_word' id='word_1_319' title='bbox 2283 1405 2372 1443; x_wconf 87' lang='lat' dir='ltr'><strong>vos</strong></span> <span class='ocrx_word' id='word_1_320' title='bbox 2401 1386 2703 1458; x_wconf 83' lang='lat' dir='ltr'><strong>Epaphras,</strong></span> <span class='ocrx_word' id='word_1_321' title='bbox 2728 1387 2812 1456; x_wconf 86' lang='lat' dir='ltr'><strong>qui</strong></span> <span class='ocrx_word' id='word_1_322' title='bbox 2833 1402 2898 1441; x_wconf 74' lang='lat' dir='ltr'><strong>ex</strong></span> <span class='ocrx_word' id='word_1_323' title='bbox 2923 1387 3064 1440; x_wconf 83' lang='lat' dir='ltr'><strong>vobis</strong></span> <span class='ocrx_word' id='word_1_324' title='bbox 3084 1396 3155 1441; x_wconf 89' lang='lat' dir='ltr'><strong>est</strong></span> <span class='ocrx_word' id='word_1_325' title='bbox 3179 1402 3354 1441; x_wconf 83' lang='lat' dir='ltr'><strong>servus</strong></span> <span class='ocrx_word' id='word_1_326' title='bbox 3381 1386 3575 1442; x_wconf 78' lang='lat' dir='ltr'><strong>Christi</strong></span> 
     </span>
    </p>
   </div>
   <div class='ocr_carea' id='block_1_49' title="bbox 1980 1481 3580 1554">
    <p class='ocr_par' dir='ltr' id='par_1_49' title="bbox 1980 1481 3580 1554">
     <span class='ocr_line' id='line_1_49' title="bbox 1980 1481 3580 1554; baseline -0.002 -17"><span class='ocrx_word' id='word_1_327' title='bbox 1980 1484 2107 1537; x_wconf 86' lang='lat' dir='ltr'><strong>Jesu</strong></span> <span class='ocrx_word' id='word_1_328' title='bbox 2135 1525 2149 1548; x_wconf 92' lang='lat'><strong>,</strong></span> <span class='ocrx_word' id='word_1_329' title='bbox 2191 1498 2390 1553; x_wconf 80' lang='lat' dir='ltr'><strong>semper</strong></span> <span class='ocrx_word' id='word_1_330' title='bbox 2427 1482 2682 1537; x_wconf 84' lang='lat' dir='ltr'><strong>sollicitus</strong></span> <span class='ocrx_word' id='word_1_331' title='bbox 2722 1498 2818 1554; x_wconf 85' lang='lat' dir='ltr'><strong>pro</strong></span> <span class='ocrx_word' id='word_1_332' title='bbox 2858 1482 2996 1536; x_wconf 84' lang='lat' dir='ltr'><strong>vobis</strong></span> <span class='ocrx_word' id='word_1_333' title='bbox 3024 1482 3077 1534; x_wconf 90' lang='lat' dir='ltr'><strong>in</strong></span> <span class='ocrx_word' id='word_1_334' title='bbox 3121 1481 3474 1547; x_wconf 85' lang='lat' dir='ltr'><strong>orationibus,</strong></span> <span class='ocrx_word' id='word_1_335' title='bbox 3520 1489 3580 1536; x_wconf 88' lang='lat' dir='ltr'><strong>ut</strong></span> 
     </span>
    </p>
   </div>
   <div class='ocr_carea' id='block_1_50' title="bbox 1980 1572 3576 1645">
    <p class='ocr_par' dir='ltr' id='par_1_50' title="bbox 1980 1572 3576 1645">
     <span class='ocr_line' id='line_1_50' title="bbox 1980 1572 3576 1645; baseline -0.003 -13"><span class='ocrx_word' id='word_1_336' title='bbox 1980 1576 2119 1632; x_wconf 83' lang='lat' dir='ltr'><strong>stetis</strong></span> <span class='ocrx_word' id='word_1_337' title='bbox 2152 1576 2367 1645; x_wconf 82' lang='lat' dir='ltr'><strong>perfecti</strong></span> <span class='ocrx_word' id='word_1_338' title='bbox 2413 1585 2460 1628; x_wconf 83' lang='lat' dir='ltr'><strong>et</strong></span> <span class='ocrx_word' id='word_1_339' title='bbox 2505 1574 2646 1644; x_wconf 86' lang='lat' dir='ltr'><strong>pleni</strong></span> <span class='ocrx_word' id='word_1_340' title='bbox 2686 1574 2739 1627; x_wconf 89' lang='lat' dir='ltr'><strong>itt</strong></span> <span class='ocrx_word' id='word_1_341' title='bbox 2780 1574 2920 1627; x_wconf 72' lang='lat' dir='ltr'><strong>omni</strong></span> <span class='ocrx_word' id='word_1_342' title='bbox 2965 1572 3230 1629; x_wconf 79' lang='lat' dir='ltr'><strong>voluntate</strong></span> <span class='ocrx_word' id='word_1_343' title='bbox 3274 1572 3393 1627; x_wconf 81' lang='lat' dir='ltr'><strong>Dei.</strong></span> <span class='ocrx_word' id='word_1_344' title='bbox 3443 1572 3576 1627; x_wconf 83' lang='lat' dir='ltr'><strong>Tam</strong></span> 
     </span>
    </p>
   </div>
   <div class='ocr_carea' id='block_1_51' title="bbox 1981 1662 3575 1737">
    <p class='ocr_par' dir='ltr' id='par_1_51' title="bbox 1981 1662 3575 1737">
     <span class='ocr_line' id='line_1_51' title="bbox 1981 1662 3575 1737; baseline -0.004 -13"><span class='ocrx_word' id='word_1_345' title='bbox 1981 1677 2138 1724; x_wconf 86' lang='lat' dir='ltr'><strong>erant</strong></span> <span class='ocrx_word' id='word_1_346' title='bbox 2170 1667 2413 1735; x_wconf 80' lang='lat' dir='ltr'><strong>perfecti,</strong></span> <span class='ocrx_word' id='word_1_347' title='bbox 2455 1666 2546 1737; x_wconf 89' lang='lat' dir='ltr'><strong>qui</strong></span> <span class='ocrx_word' id='word_1_348' title='bbox 2579 1679 2933 1735; x_wconf 67' lang='lat' dir='ltr'><strong>perseverare</strong></span> <span class='ocrx_word' id='word_1_349' title='bbox 2963 1674 3274 1719; x_wconf 87' lang='lat' dir='ltr'><strong>monentur.</strong></span> <span class='ocrx_word' id='word_1_350' title='bbox 3309 1662 3575 1719; x_wconf 84' lang='lat' dir='ltr'><strong>Laborem</strong></span> 
     </span>
    </p>
   </div>
   <div class='ocr_carea' id='block_1_52' title="bbox 1982 1756 3198 1830">
    <p class='ocr_par' dir='ltr' id='par_1_52' title="bbox 1982 1756 3198 1830">
     <span class='ocr_line' id='line_1_52' title="bbox 1982 1756 3198 1830; baseline -0.004 -15"><span class='ocrx_word' id='word_1_351' title='bbox 1982 1774 2112 1830; x_wconf 78' lang='lat' dir='ltr'><strong>ergo</strong></span> <span class='ocrx_word' id='word_1_352' title='bbox 2142 1775 2333 1814; x_wconf 89' lang='lat' dir='ltr'><strong>eorum</strong></span> <span class='ocrx_word' id='word_1_353' title='bbox 2365 1758 2482 1813; x_wconf 88' lang='lat' dir='ltr'><strong>suis</strong></span> <span class='ocrx_word' id='word_1_354' title='bbox 2511 1757 2854 1812; x_wconf 84' lang='lat' dir='ltr'><strong>orationibus</strong></span> <span class='ocrx_word' id='word_1_355' title='bbox 2885 1756 3198 1826; x_wconf 84' lang='lat' dir='ltr'><strong>adjuvabat.</strong></span> 
     </span>
    </p>
   </div>
   <div class='ocr_carea' id='block_1_53' title="bbox 1908 1848 3577 1919">
    <p class='ocr_par' dir='ltr' id='par_1_53' title="bbox 1908 1848 3577 1919">
     <span class='ocr_line' id='line_1_53' title="bbox 1908 1848 3577 1919; baseline -0.003 -11"><span class='ocrx_word' id='word_1_356' title='bbox 1908 1856 1955 1917; x_wconf 84' lang='grc' dir='ltr'><strong>Β</strong></span> <span class='ocrx_word' id='word_1_357' title='bbox 2050 1852 2421 1907; x_wconf 87' lang='lat' dir='ltr'><strong>Testimonium</strong></span> <span class='ocrx_word' id='word_1_358' title='bbox 2444 1851 2581 1905; x_wconf 88' lang='lat' dir='ltr'><strong>enim</strong></span> <span class='ocrx_word' id='word_1_359' title='bbox 2609 1850 2689 1905; x_wconf 89' lang='lat' dir='ltr'><strong>illi</strong></span> <span class='ocrx_word' id='word_1_360' title='bbox 2712 1848 2974 1919; x_wconf 83' lang='lat' dir='ltr'><strong>perhibeo,</strong></span> <span class='ocrx_word' id='word_1_361' title='bbox 3008 1850 3149 1915; x_wconf 86' lang='lat' dir='ltr'><strong>quod</strong></span> <span class='ocrx_word' id='word_1_362' title='bbox 3179 1849 3331 1904; x_wconf 86' lang='lat' dir='ltr'><strong>habet</strong></span> <span class='ocrx_word' id='word_1_363' title='bbox 3358 1848 3577 1904; x_wconf 85' lang='lat' dir='ltr'><strong>multum</strong></span> 
     </span>
    </p>
   </div>
   <div class='ocr_carea' id='block_1_54' title="bbox 1978 1940 3581 2014">
    <p class='ocr_par' dir='ltr' id='par_1_54' title="bbox 1978 1940 3581 2014">
     <span class='ocr_line' id='line_1_54' title="bbox 1978 1940 3581 2014; baseline -0.002 -16"><span class='ocrx_word' id='word_1_364' title='bbox 1978 1944 2206 1999; x_wconf 80' lang='lat' dir='ltr'><strong>laborent</strong></span> <span class='ocrx_word' id='word_1_365' title='bbox 2235 1959 2328 2013; x_wconf 88' lang='lat' dir='ltr'><strong>pro</strong></span> <span class='ocrx_word' id='word_1_366' title='bbox 2371 1942 2541 2006; x_wconf 77' lang='lat' dir='ltr'><strong>vobis,</strong></span> <span class='ocrx_word' id='word_1_367' title='bbox 2575 1950 2624 1996; x_wconf 85' lang='lat' dir='ltr'><strong>et</strong></span> <span class='ocrx_word' id='word_1_368' title='bbox 2661 1958 2754 2014; x_wconf 86' lang='lat' dir='ltr'><strong>pro</strong></span> <span class='ocrx_word' id='word_1_369' title='bbox 2784 1940 2865 1995; x_wconf 87' lang='lat' dir='ltr'><strong>his</strong></span> <span class='ocrx_word' id='word_1_370' title='bbox 2896 1943 2984 2010; x_wconf 88' lang='lat' dir='ltr'><strong>qui</strong></span> <span class='ocrx_word' id='word_1_371' title='bbox 3014 1950 3133 1997; x_wconf 86' lang='lat' dir='ltr'><strong>sunt</strong></span> <span class='ocrx_word' id='word_1_372' title='bbox 3165 1940 3438 1997; x_wconf 65' lang='lat' dir='ltr'><strong>Laodiceae</strong></span> <span class='ocrx_word' id='word_1_373' title='bbox 3462 1982 3478 2008; x_wconf 92' lang='lat'><strong>,</strong></span> <span class='ocrx_word' id='word_1_374' title='bbox 3532 1950 3581 1995; x_wconf 87' lang='lat' dir='ltr'><strong>et</strong></span> 
     </span>
    </p>
   </div>
   <div class='ocr_carea' id='block_1_55' title="bbox 1976 2034 3580 2111">
    <p class='ocr_par' dir='ltr' id='par_1_55' title="bbox 1976 2034 3580 2111">
     <span class='ocr_line' id='line_1_55' title="bbox 1976 2034 3580 2111; baseline -0.002 -19"><span class='ocrx_word' id='word_1_375' title='bbox 1976 2040 2065 2111; x_wconf 88' lang='lat' dir='ltr'><strong>qui</strong></span> <span class='ocrx_word' id='word_1_376' title='bbox 2115 2037 2412 2104; x_wconf 83' lang='lat' dir='ltr'><strong>Hierapoli.</strong></span> <span class='ocrx_word' id='word_1_377' title='bbox 2447 2035 2610 2091; x_wconf 88' lang='lat' dir='ltr'><strong>Tales</strong></span> <span class='ocrx_word' id='word_1_378' title='bbox 2636 2044 2793 2091; x_wconf 89' lang='lat' dir='ltr'><strong>erant</strong></span> <span class='ocrx_word' id='word_1_379' title='bbox 2836 2035 2992 2105; x_wconf 89' lang='lat' dir='ltr'><strong>primi</strong></span> <span class='ocrx_word' id='word_1_380' title='bbox 3031 2038 3296 2104; x_wconf 89' lang='lat' dir='ltr'><strong>temporis</strong></span> <span class='ocrx_word' id='word_1_381' title='bbox 3324 2034 3580 2104; x_wconf 83' lang='lat' dir='ltr'><strong>discipuli</strong></span> 
     </span>
    </p>
   </div>
   <div class='ocr_carea' id='block_1_56' title="bbox 1977 2128 3579 2200">
    <p class='ocr_par' dir='ltr' id='par_1_56' title="bbox 1977 2128 3579 2200">
     <span class='ocr_line' id='line_1_56' title="bbox 1977 2128 3579 2200; baseline -0.003 -14"><span class='ocrx_word' id='word_1_382' title='bbox 1977 2132 2393 2200; x_wconf 82' lang='lat' dir='ltr'><strong>apostolorum,</strong></span> <span class='ocrx_word' id='word_1_383' title='bbox 2447 2140 2505 2183; x_wconf 87' lang='lat' dir='ltr'><strong>ut</strong></span> <span class='ocrx_word' id='word_1_384' title='bbox 2555 2128 2908 2183; x_wconf 82' lang='lat' dir='ltr'><strong>imitarentur</strong></span> <span class='ocrx_word' id='word_1_385' title='bbox 2980 2131 3304 2198; x_wconf 74' lang='lat' dir='ltr'><strong>magistros,</strong></span> <span class='ocrx_word' id='word_1_386' title='bbox 3359 2136 3415 2181; x_wconf 89' lang='lat' dir='ltr'><strong>et</strong></span> <span class='ocrx_word' id='word_1_387' title='bbox 3483 2141 3579 2196; x_wconf 90' lang='lat' dir='ltr'><strong>pro</strong></span> 
     </span>
    </p>
   </div>
   <div class='ocr_carea' id='block_1_57' title="bbox 1976 2219 2913 2279">
    <p class='ocr_par' dir='ltr' id='par_1_57' title="bbox 1976 2219 2913 2279">
     <span class='ocr_line' id='line_1_57' title="bbox 1976 2219 2913 2279; baseline -0.006 0"><span class='ocrx_word' id='word_1_388' title='bbox 1976 2223 2212 2279; x_wconf 80' lang='lat' dir='ltr'><strong>euntium</strong></span> <span class='ocrx_word' id='word_1_389' title='bbox 2247 2232 2431 2277; x_wconf 84' lang='lat' dir='ltr'><strong>essent</strong></span> <span class='ocrx_word' id='word_1_390' title='bbox 2459 2220 2632 2276; x_wconf 85' lang='lat' dir='ltr'><strong>salute</strong></span> <span class='ocrx_word' id='word_1_391' title='bbox 2670 2219 2913 2274; x_wconf 86' lang='lat' dir='ltr'><strong>solliciti.</strong></span> 
     </span>
    </p>
   </div>
   <div class='ocr_carea' id='block_1_58' title="bbox 2048 2308 3568 2375">
    <p class='ocr_par' dir='ltr' id='par_1_58' title="bbox 2048 2308 3568 2375">
     <span class='ocr_line' id='line_1_58' title="bbox 2048 2308 3568 2375; baseline -0.001 -8"><span class='ocrx_word' id='word_1_392' title='bbox 2048 2314 2257 2372; x_wconf 86' lang='lat' dir='ltr'><strong>Salutat</strong></span> <span class='ocrx_word' id='word_1_393' title='bbox 2308 2328 2394 2365; x_wconf 80' lang='lat' dir='ltr'><strong>vos</strong></span> <span class='ocrx_word' id='word_1_394' title='bbox 2423 2311 2592 2366; x_wconf 86' lang='lat' dir='ltr'><strong>Lucas</strong></span> <span class='ocrx_word' id='word_1_395' title='bbox 2618 2311 2841 2366; x_wconf 84' lang='lat' dir='ltr'><strong>medicus</strong></span> <span class='ocrx_word' id='word_1_396' title='bbox 2869 2310 3227 2375; x_wconf 76' lang='lat' dir='ltr'><strong>charissimus,</strong></span> <span class='ocrx_word' id='word_1_397' title='bbox 3273 2318 3323 2365; x_wconf 83' lang='lat' dir='ltr'><strong>et</strong></span> <span class='ocrx_word' id='word_1_398' title='bbox 3356 2308 3568 2365; x_wconf 82' lang='lat' dir='ltr'><strong>Demos.</strong></span> 
     </span>
    </p>
   </div>
   <div class='ocr_carea' id='block_1_59' title="bbox 1977 2400 3570 2476">
    <p class='ocr_par' dir='ltr' id='par_1_59' title="bbox 1977 2400 3570 2476">
     <span class='ocr_line' id='line_1_59' title="bbox 1977 2400 3570 2476; baseline -0.004 -15"><span class='ocrx_word' id='word_1_399' title='bbox 1977 2406 2218 2461; x_wconf 85' lang='lat' dir='ltr'><strong>Salutate</strong></span> <span class='ocrx_word' id='word_1_400' title='bbox 2249 2408 2458 2476; x_wconf 83' lang='lat' dir='ltr'><strong>fratres,</strong></span> <span class='ocrx_word' id='word_1_401' title='bbox 2509 2406 2594 2472; x_wconf 87' lang='lat' dir='ltr'><strong>qui</strong></span> <span class='ocrx_word' id='word_1_402' title='bbox 2621 2413 2743 2457; x_wconf 86' lang='lat' dir='ltr'><strong>sunt</strong></span> <span class='ocrx_word' id='word_1_403' title='bbox 2782 2402 3056 2456; x_wconf 73' lang='lat' dir='ltr'><strong>Laodicea:</strong></span> <span class='ocrx_word' id='word_1_404' title='bbox 3083 2442 3097 2464; x_wconf 86' lang='lat'><strong>,</strong></span> <span class='ocrx_word' id='word_1_405' title='bbox 3139 2410 3184 2455; x_wconf 88' lang='lat' dir='ltr'><strong>et</strong></span> <span class='ocrx_word' id='word_1_406' title='bbox 3233 2400 3570 2471; x_wconf 81' lang='lat' dir='ltr'><strong>Nympham,</strong></span> 
     </span>
    </p>
   </div>
   <div class='ocr_carea' id='block_1_60' title="bbox 1974 2491 3579 2568">
    <p class='ocr_par' dir='ltr' id='par_1_60' title="bbox 1974 2491 3579 2568">
     <span class='ocr_line' id='line_1_60' title="bbox 1974 2491 3579 2568; baseline -0.004 -17"><span class='ocrx_word' id='word_1_407' title='bbox 1974 2507 2021 2551; x_wconf 80' lang='lat' dir='ltr'><strong><em>at</em></strong></span> <span class='ocrx_word' id='word_1_408' title='bbox 2049 2511 2167 2568; x_wconf 78' lang='lat' dir='ltr'><strong>qua:</strong></span> <span class='ocrx_word' id='word_1_409' title='bbox 2190 2495 2246 2549; x_wconf 88' lang='lat' dir='ltr'><strong>in</strong></span> <span class='ocrx_word' id='word_1_410' title='bbox 2275 2496 2433 2548; x_wconf 85' lang='lat' dir='ltr'><strong>domo</strong></span> <span class='ocrx_word' id='word_1_411' title='bbox 2470 2495 2677 2561; x_wconf 28' lang='lat' dir='ltr'><strong>ejns‘est</strong></span> <span class='ocrx_word' id='word_1_412' title='bbox 2710 2491 3020 2548; x_wconf 81' lang='lat' dir='ltr'><strong>Ecclesium.</strong></span> <span class='ocrx_word' id='word_1_413' title='bbox 3059 2491 3125 2547; x_wconf 85' lang='lat' dir='ltr'><strong>Et</strong></span> <span class='ocrx_word' id='word_1_414' title='bbox 3154 2508 3270 2545; x_wconf 86' lang='lat' dir='ltr'><strong>cum</strong></span> <span class='ocrx_word' id='word_1_415' title='bbox 3301 2493 3437 2546; x_wconf 82' lang='lat' dir='ltr'><strong>lecta</strong></span> <span class='ocrx_word' id='word_1_416' title='bbox 3466 2493 3579 2563; x_wconf 82' lang='lat' dir='ltr'><strong>fue-</strong></span> 
     </span>
    </p>
   </div>
   <div class='ocr_carea' id='block_1_61' title="bbox 1973 2584 3574 2660">
    <p class='ocr_par' dir='ltr' id='par_1_61' title="bbox 1973 2584 3574 2660">
     <span class='ocr_line' id='line_1_61' title="bbox 1973 2584 3574 2660; baseline -0.004 -16"><span class='ocrx_word' id='word_1_417' title='bbox 1973 2591 2041 2644; x_wconf 87' lang='lat' dir='ltr'><strong>rit</strong></span> <span class='ocrx_word' id='word_1_418' title='bbox 2068 2588 2210 2658; x_wconf 88' lang='lat' dir='ltr'><strong>apnd</strong></span> <span class='ocrx_word' id='word_1_419' title='bbox 2234 2605 2321 2643; x_wconf 87' lang='lat' dir='ltr'><strong>vos</strong></span> <span class='ocrx_word' id='word_1_420' title='bbox 2343 2588 2576 2660; x_wconf 83' lang='lat' dir='ltr'><strong>Epistola</strong></span> <span class='ocrx_word' id='word_1_421' title='bbox 2598 2589 2731 2649; x_wconf 77' lang='lat' dir='ltr'><strong>hcce,</strong></span> <span class='ocrx_word' id='word_1_422' title='bbox 2751 2588 2907 2652; x_wconf 87' lang='lat' dir='ltr'><strong>facite</strong></span> <span class='ocrx_word' id='word_1_423' title='bbox 2932 2598 2987 2641; x_wconf 89' lang='lat' dir='ltr'><strong>ut</strong></span> <span class='ocrx_word' id='word_1_424' title='bbox 3015 2596 3062 2639; x_wconf 89' lang='lat' dir='ltr'><strong>et</strong></span> <span class='ocrx_word' id='word_1_425' title='bbox 3091 2587 3147 2639; x_wconf 89' lang='lat' dir='ltr'><strong>in</strong></span> <span class='ocrx_word' id='word_1_426' title='bbox 3173 2584 3574 2639; x_wconf 81' lang='lat' dir='ltr'><strong>Laodicensium</strong></span> 
     </span>
    </p>
   </div>
   <div class='ocr_carea' id='block_1_62' title="bbox 1978 2677 3578 2750">
    <p class='ocr_par' dir='ltr' id='par_1_62' title="bbox 1978 2677 3578 2750">
     <span class='ocr_line' id='line_1_62' title="bbox 1978 2677 3578 2750; baseline -0.003 -16"><span class='ocrx_word' id='word_1_427' title='bbox 1978 2682 2212 2735; x_wconf 79' lang='lat' dir='ltr'><strong>Ecclesia</strong></span> <span class='ocrx_word' id='word_1_428' title='bbox 2240 2683 2444 2750; x_wconf 81' lang='lat' dir='ltr'><strong>legatur</strong></span> <span class='ocrx_word' id='word_1_429' title='bbox 2469 2695 2486 2733; x_wconf 91' lang='lat'><strong><em>:</em></strong></span> <span class='ocrx_word' id='word_1_430' title='bbox 2514 2688 2561 2732; x_wconf 89' lang='lat' dir='ltr'><strong>et</strong></span> <span class='ocrx_word' id='word_1_431' title='bbox 2592 2696 2651 2732; x_wconf 89' lang='lat' dir='ltr'><strong>ea</strong></span> <span class='ocrx_word' id='word_1_432' title='bbox 2674 2695 2787 2749; x_wconf 79' lang='lat' dir='ltr'><strong>qua:</strong></span> <span class='ocrx_word' id='word_1_433' title='bbox 2809 2677 3208 2732; x_wconf 82' lang='lat' dir='ltr'><strong>Laodicensium</strong></span> <span class='ocrx_word' id='word_1_434' title='bbox 3231 2688 3305 2731; x_wconf 86' lang='lat' dir='ltr'><strong>est</strong></span> <span class='ocrx_word' id='word_1_435' title='bbox 3329 2677 3468 2731; x_wconf 69' lang='lat' dir='ltr'><strong>vobis</strong></span> <span class='ocrx_word' id='word_1_436' title='bbox 3501 2678 3578 2730; x_wconf 79' lang='lat' dir='ltr'><strong>le-</strong></span> 
     </span>
    </p>
   </div>
   <div class='ocr_carea' id='block_1_63' title="bbox 1972 2770 3572 2846">
    <p class='ocr_par' dir='ltr' id='par_1_63' title="bbox 1972 2770 3572 2846">
     <span class='ocr_line' id='line_1_63' title="bbox 1972 2770 3572 2846; baseline -0.004 -17"><span class='ocrx_word' id='word_1_437' title='bbox 1972 2785 2143 2846; x_wconf 85' lang='lat' dir='ltr'><strong>gatur.</strong></span> <span class='ocrx_word' id='word_1_438' title='bbox 2178 2774 2519 2844; x_wconf 78' lang='lat' dir='ltr'><strong>Ev:tngelista</strong></span> <span class='ocrx_word' id='word_1_439' title='bbox 2550 2787 2614 2829; x_wconf 82' lang='lat' dir='ltr'><strong>es</strong></span> <span class='ocrx_word' id='word_1_440' title='bbox 2649 2773 2861 2827; x_wconf 87' lang='lat' dir='ltr'><strong>medico</strong></span> <span class='ocrx_word' id='word_1_441' title='bbox 2906 2780 3061 2835; x_wconf 88' lang='lat' dir='ltr'><strong>erat,</strong></span> <span class='ocrx_word' id='word_1_442' title='bbox 3095 2772 3238 2826; x_wconf 88' lang='lat' dir='ltr'><strong>sicut</strong></span> <span class='ocrx_word' id='word_1_443' title='bbox 3282 2770 3572 2825; x_wconf 67' lang='lat' dir='ltr'><strong>Manttbmus</strong></span> 
     </span>
    </p>
   </div>
   <div class='ocr_carea' id='block_1_64' title="bbox 1967 2864 3177 2940">
    <p class='ocr_par' dir='ltr' id='par_1_64' title="bbox 1967 2864 3177 2940">
     <span class='ocr_line' id='line_1_64' title="bbox 1967 2864 3177 2940; baseline -0.002 -21"><span class='ocrx_word' id='word_1_444' title='bbox 1967 2870 2076 2940; x_wconf 78' lang='lat' dir='ltr'><strong>jam</strong></span> <span class='ocrx_word' id='word_1_445' title='bbox 2104 2867 2388 2937; x_wconf 79' lang='lat' dir='ltr'><strong>apo~tolus</strong></span> <span class='ocrx_word' id='word_1_446' title='bbox 2409 2866 2585 2920; x_wconf 85' lang='lat' dir='ltr'><strong>adhuc</strong></span> <span class='ocrx_word' id='word_1_447' title='bbox 2611 2864 2811 2919; x_wconf 78' lang='lat' dir='ltr'><strong>dicitur</strong></span> <span class='ocrx_word' id='word_1_448' title='bbox 2834 2865 3177 2933; x_wconf 84' lang='lat' dir='ltr'><strong>publicanus.</strong></span> 
     </span>
    </p>
   </div>
   <div class='ocr_carea' id='block_1_65' title="bbox 2044 2956 3567 3028">
    <p class='ocr_par' dir='ltr' id='par_1_65' title="bbox 2044 2956 3567 3028">
     <span class='ocr_line' id='line_1_65' title="bbox 2044 2956 3567 3028; baseline -0.003 -13"><span class='ocrx_word' id='word_1_449' title='bbox 2044 2961 2111 3015; x_wconf 85' lang='lat' dir='ltr'><strong>Et</strong></span> <span class='ocrx_word' id='word_1_450' title='bbox 2140 2962 2295 3016; x_wconf 81' lang='lat' dir='ltr'><strong>dicite</strong></span> <span class='ocrx_word' id='word_1_451' title='bbox 2331 2958 2594 3028; x_wconf 80' lang='lat' dir='ltr'><strong>Archippo</strong></span> <span class='ocrx_word' id='word_1_452' title='bbox 2619 2973 2638 3012; x_wconf 87' lang='lat'><strong><em>:</em></strong></span> <span class='ocrx_word' id='word_1_453' title='bbox 2688 2956 2811 3010; x_wconf 81' lang='lat' dir='ltr'><strong>Vide</strong></span> <span class='ocrx_word' id='word_1_454' title='bbox 2854 2957 3188 3011; x_wconf 83' lang='lat' dir='ltr'><strong>ministerium</strong></span> <span class='ocrx_word' id='word_1_455' title='bbox 3207 3000 3221 3023; x_wconf 86' lang='lat'><strong>,</strong></span> <span class='ocrx_word' id='word_1_456' title='bbox 3253 2957 3392 3027; x_wconf 86' lang='lat' dir='ltr'><strong>quod</strong></span> <span class='ocrx_word' id='word_1_457' title='bbox 3419 2971 3567 3010; x_wconf 74' lang='lat' dir='ltr'><strong>accc—</strong></span> 
     </span>
    </p>
   </div>
   <div class='ocr_carea' id='block_1_66' title="bbox 1971 3047 3566 3127">
    <p class='ocr_par' dir='ltr' id='par_1_66' title="bbox 1971 3047 3566 3127">
     <span class='ocr_line' id='line_1_66' title="bbox 1971 3047 3566 3127; baseline -0.005 -18"><span class='ocrx_word' id='word_1_458' title='bbox 1971 3055 2091 3127; x_wconf 87' lang='lat' dir='ltr'><strong>pisti</strong></span> <span class='ocrx_word' id='word_1_459' title='bbox 2118 3055 2173 3109; x_wconf 89' lang='lat' dir='ltr'><strong>in</strong></span> <span class='ocrx_word' id='word_1_460' title='bbox 2204 3050 2452 3119; x_wconf 90' lang='lat' dir='ltr'><strong>Domino,</strong></span> <span class='ocrx_word' id='word_1_461' title='bbox 2482 3058 2538 3104; x_wconf 89' lang='lat' dir='ltr'><strong>ut</strong></span> <span class='ocrx_word' id='word_1_462' title='bbox 2561 3049 2694 3104; x_wconf 86' lang='lat' dir='ltr'><strong>illud</strong></span> <span class='ocrx_word' id='word_1_463' title='bbox 2723 3049 2963 3123; x_wconf 83' lang='lat' dir='ltr'><strong>impleas.</strong></span> <span class='ocrx_word' id='word_1_464' title='bbox 2994 3050 3092 3103; x_wconf 85' lang='lat' dir='ltr'><strong>llic</strong></span> <span class='ocrx_word' id='word_1_465' title='bbox 3112 3049 3373 3115; x_wconf 78' lang='lat' dir='ltr'><strong>diaconus</strong></span> <span class='ocrx_word' id='word_1_466' title='bbox 3396 3047 3566 3102; x_wconf 85' lang='lat' dir='ltr'><strong>fuisse</strong></span> 
     </span>
    </p>
   </div>
   <div class='ocr_carea' id='block_1_67' title="bbox 1971 3146 2314 3218">
    <p class='ocr_par' dir='ltr' id='par_1_67' title="bbox 1971 3146 2314 3218">
     <span class='ocr_line' id='line_1_67' title="bbox 1971 3146 2314 3218; baseline -0.017 -16"><span class='ocrx_word' id='word_1_467' title='bbox 1971 3146 2314 3218; x_wconf 87' lang='lat' dir='ltr'><strong>perhibetur.</strong></span> 
     </span>
    </p>
   </div>
   <div class='ocr_carea' id='block_1_68' title="bbox 1896 3231 3571 3303">
    <p class='ocr_par' dir='ltr' id='par_1_68' title="bbox 1896 3231 3571 3303">
     <span class='ocr_line' id='line_1_68' title="bbox 1896 3231 3571 3303; baseline -0.005 -9"><span class='ocrx_word' id='word_1_468' title='bbox 1896 3241 1942 3303; x_wconf 86' lang='lat' dir='ltr'>C</span> <span class='ocrx_word' id='word_1_469' title='bbox 2046 3239 2308 3293; x_wconf 80' lang='lat' dir='ltr'><strong>Salutatio</strong></span> <span class='ocrx_word' id='word_1_470' title='bbox 2339 3252 2449 3289; x_wconf 82' lang='lat' dir='ltr'><strong>mea</strong></span> <span class='ocrx_word' id='word_1_471' title='bbox 2480 3250 2639 3288; x_wconf 79' lang='lat' dir='ltr'><strong>manu</strong></span> <span class='ocrx_word' id='word_1_472' title='bbox 2673 3232 2851 3288; x_wconf 87' lang='lat' dir='ltr'><strong>Pauli.</strong></span> <span class='ocrx_word' id='word_1_473' title='bbox 2884 3231 3142 3287; x_wconf 79' lang='lat' dir='ltr'><strong>Mentores</strong></span> <span class='ocrx_word' id='word_1_474' title='bbox 3163 3240 3323 3286; x_wconf 87' lang='lat' dir='ltr'><strong>estote</strong></span> <span class='ocrx_word' id='word_1_475' title='bbox 3337 3231 3571 3286; x_wconf 84' lang='lat' dir='ltr'><strong>vinculo-</strong></span> 
     </span>
    </p>
   </div>
   <div class='ocr_carea' id='block_1_69' title="bbox 1977 3322 3574 3387">
    <p class='ocr_par' dir='ltr' id='par_1_69' title="bbox 1977 3322 3574 3387">
     <span class='ocr_line' id='line_1_69' title="bbox 1977 3322 3574 3387; baseline -0.005 -6"><span class='ocrx_word' id='word_1_476' title='bbox 1977 3345 2091 3383; x_wconf 88' lang='lat' dir='ltr'><strong>rum</strong></span> <span class='ocrx_word' id='word_1_477' title='bbox 2118 3343 2368 3382; x_wconf 88' lang='lat' dir='ltr'><strong>nteorum.</strong></span> <span class='ocrx_word' id='word_1_478' title='bbox 2400 3326 2527 3381; x_wconf 83' lang='lat' dir='ltr'><strong>Sive</strong></span> <span class='ocrx_word' id='word_1_479' title='bbox 2565 3332 2744 3387; x_wconf 90' lang='lat' dir='ltr'><strong>orate,</strong></span> <span class='ocrx_word' id='word_1_480' title='bbox 2774 3332 2832 3376; x_wconf 91' lang='lat' dir='ltr'><strong>ut</strong></span> <span class='ocrx_word' id='word_1_481' title='bbox 2863 3323 3063 3378; x_wconf 85' lang='lat' dir='ltr'><strong>rcdtlar</strong></span> <span class='ocrx_word' id='word_1_482' title='bbox 3095 3322 3250 3376; x_wconf 83' lang='lat' dir='ltr'><strong>vobis</strong></span> <span class='ocrx_word' id='word_1_483' title='bbox 3281 3340 3293 3374; x_wconf 89' lang='lat'><strong>:</strong></span> <span class='ocrx_word' id='word_1_484' title='bbox 3322 3322 3435 3376; x_wconf 81' lang='lat' dir='ltr'><strong>sive</strong></span> <span class='ocrx_word' id='word_1_485' title='bbox 3460 3338 3574 3374; x_wconf 85' lang='lat' dir='ltr'><strong>me-</strong></span> 
     </span>
    </p>
   </div>
   <div class='ocr_carea' id='block_1_70' title="bbox 1979 3416 3571 3489">
    <p class='ocr_par' dir='ltr' id='par_1_70' title="bbox 1979 3416 3571 3489">
     <span class='ocr_line' id='line_1_70' title="bbox 1979 3416 3571 3489; baseline -0.005 -12"><span class='ocrx_word' id='word_1_486' title='bbox 1979 3432 2242 3487; x_wconf 87' lang='lat' dir='ltr'><strong>mentote,</strong></span> <span class='ocrx_word' id='word_1_487' title='bbox 2275 3421 2397 3489; x_wconf 80' lang='lat' dir='ltr'><strong>quia</strong></span> <span class='ocrx_word' id='word_1_488' title='bbox 2431 3420 2595 3473; x_wconf 85' lang='lat' dir='ltr'><strong>vestri</strong></span> <span class='ocrx_word' id='word_1_489' title='bbox 2628 3419 2743 3473; x_wconf 75' lang='lat' dir='ltr'><strong>ltmc</strong></span> <span class='ocrx_word' id='word_1_490' title='bbox 2770 3418 2947 3485; x_wconf 88' lang='lat' dir='ltr'><strong>patior</strong></span> <span class='ocrx_word' id='word_1_491' title='bbox 2976 3431 3166 3483; x_wconf 82' lang='lat' dir='ltr'><strong>causa,</strong></span> <span class='ocrx_word' id='word_1_492' title='bbox 3198 3427 3256 3471; x_wconf 88' lang='lat' dir='ltr'><strong>et</strong></span> <span class='ocrx_word' id='word_1_493' title='bbox 3284 3416 3571 3470; x_wconf 86' lang='lat' dir='ltr'><strong>imitamini</strong></span> 
     </span>
    </p>
   </div>
   <div class='ocr_carea' id='block_1_71' title="bbox 1981 3511 2695 3577">
    <p class='ocr_par' dir='ltr' id='par_1_71' title="bbox 1981 3511 2695 3577">
     <span class='ocr_line' id='line_1_71' title="bbox 1981 3511 2695 3577; baseline -0.008 -10"><span class='ocrx_word' id='word_1_494' title='bbox 1981 3511 2324 3567; x_wconf 87' lang='lat' dir='ltr'><strong>tolerantiam</strong></span> <span class='ocrx_word' id='word_1_495' title='bbox 2359 3512 2695 3577; x_wconf 84' lang='lat' dir='ltr'><strong>passionum.</strong></span> 
     </span>
    </p>
   </div>
   <div class='ocr_carea' id='block_1_72' title="bbox 2052 3596 3569 3657">
    <p class='ocr_par' dir='ltr' id='par_1_72' title="bbox 2052 3596 3569 3657">
     <span class='ocr_line' id='line_1_72' title="bbox 2052 3596 3569 3657; baseline -0.001 -1"><span class='ocrx_word' id='word_1_496' title='bbox 2052 3601 2236 3657; x_wconf 76' lang='lat' dir='ltr'><strong>Gratia</strong></span> <span class='ocrx_word' id='word_1_497' title='bbox 2264 3599 2474 3653; x_wconf 89' lang='lat' dir='ltr'><strong>Domini</strong></span> <span class='ocrx_word' id='word_1_498' title='bbox 2505 3600 2668 3654; x_wconf 88' lang='lat' dir='ltr'><strong>nostri</strong></span> <span class='ocrx_word' id='word_1_499' title='bbox 2695 3598 2822 3653; x_wconf 72' lang='lat' dir='ltr'><strong>Iesu</strong></span> <span class='ocrx_word' id='word_1_500' title='bbox 2852 3596 3043 3653; x_wconf 86' lang='lat' dir='ltr'><strong>Christi</strong></span> <span class='ocrx_word' id='word_1_501' title='bbox 3062 3598 3339 3652; x_wconf 79' lang='lat' dir='ltr'><strong>vobiscum.</strong></span> <span class='ocrx_word' id='word_1_502' title='bbox 3386 3598 3569 3655; x_wconf 85' lang='lat' dir='ltr'><strong>Amen.</strong></span> 
     </span>
    </p>
   </div>
   <div class='ocr_carea' id='block_1_73' title="bbox 475 3828 3391 3959">
    <p class='ocr_par' dir='ltr' id='par_1_73' title="bbox 475 3828 3391 3959">
     <span class='ocr_line' id='line_1_73' title="bbox 475 3828 3391 3959; baseline -0.002 -16"><span class='ocrx_word' id='word_1_503' title='bbox 475 3864 596 3946; x_wconf 88' lang='lat' dir='ltr'><strong>1N</strong></span> <span class='ocrx_word' id='word_1_504' title='bbox 676 3863 1152 3948; x_wconf 81' lang='lat' dir='ltr'><strong>PRIMAM</strong></span> <span class='ocrx_word' id='word_1_505' title='bbox 1227 3857 1885 3946; x_wconf 75' lang='lat' dir='ltr'><strong>EPISTULAM</strong></span> <span class='ocrx_word' id='word_1_506' title='bbox 1960 3861 2119 3959; x_wconf 82' lang='lat' dir='ltr'><strong>AD</strong></span> <span class='ocrx_word' id='word_1_507' title='bbox 2196 3856 3391 3942; x_wconf 85' lang='lat' dir='ltr'><strong>THESSALONICENSES.</strong></span> 
     </span>
    </p>
   </div>
   <div class='ocr_carea' id='block_1_74' title="bbox 794 4150 1362 4219">
    <p class='ocr_par' dir='ltr' id='par_1_74' title="bbox 794 4150 1362 4219">
     <span class='ocr_line' id='line_1_74' title="bbox 794 4150 1362 4219; baseline -0.004 -10"><span class='ocrx_word' id='word_1_508' title='bbox 794 4150 1021 4209; x_wconf 80' lang='lat' dir='ltr'><strong>CAPUT</strong></span> <span class='ocrx_word' id='word_1_509' title='bbox 1065 4150 1362 4219; x_wconf 66' lang='lat' dir='ltr'><strong>PRIMUM.</strong></span> 
     </span>
    </p>
   </div>
   <div class='ocr_carea' id='block_1_75' title="bbox 350 4242 1869 4318">
    <p class='ocr_par' dir='ltr' id='par_1_75' title="bbox 350 4242 1869 4318">
     <span class='ocr_line' id='line_1_75' title="bbox 350 4242 1869 4318; baseline -0.003 -17"><span class='ocrx_word' id='word_1_510' title='bbox 350 4246 554 4302; x_wconf 85' lang='lat' dir='ltr'><strong>Paulus</strong></span> <span class='ocrx_word' id='word_1_511' title='bbox 600 4257 644 4301; x_wconf 93' lang='lat' dir='ltr'><strong>et</strong></span> <span class='ocrx_word' id='word_1_512' title='bbox 677 4246 959 4318; x_wconf 84' lang='lat' dir='ltr'><strong>Sylvanus,</strong></span> <span class='ocrx_word' id='word_1_513' title='bbox 992 4255 1039 4299; x_wconf 87' lang='lat' dir='ltr'><strong>et</strong></span> <span class='ocrx_word' id='word_1_514' title='bbox 1073 4244 1401 4313; x_wconf 86' lang='lat' dir='ltr'><strong>Timotheus,</strong></span> <span class='ocrx_word' id='word_1_515' title='bbox 1437 4243 1682 4303; x_wconf 70' lang='lat' dir='ltr'><strong>Ecclesiae</strong></span> <span class='ocrx_word' id='word_1_516' title='bbox 1708 4242 1869 4297; x_wconf 80' lang='lat' dir='ltr'><strong>Thes-</strong></span> 
     </span>
    </p>
   </div>
   <div class='ocr_carea' id='block_1_76' title="bbox 270 4321 1867 4418">
    <p class='ocr_par' dir='ltr' id='par_1_76' title="bbox 270 4321 1867 4418">
     <span class='ocr_line' id='line_1_76' title="bbox 270 4321 1867 4418; baseline -0.006 -21"><span class='ocrx_word' id='word_1_517' title='bbox 270 4341 698 4409; x_wconf 76' lang='lat' dir='ltr'><strong>salonicensittm.</strong></span> <span class='ocrx_word' id='word_1_518' title='bbox 750 4339 883 4407; x_wconf 87' lang='lat' dir='ltr'><strong>Quia</strong></span> <span class='ocrx_word' id='word_1_519' title='bbox 919 4354 1014 4407; x_wconf 87' lang='lat' dir='ltr'><strong>per</strong></span> <span class='ocrx_word' id='word_1_520' title='bbox 1056 4338 1205 4418; x_wconf 80' lang='lat' dir='ltr'><strong>ipsos</strong></span> <span class='ocrx_word' id='word_1_521' title='bbox 1258 4338 1381 4397; x_wconf 81' lang='lat' dir='ltr'><strong>filiis</strong></span> <span class='ocrx_word' id='word_1_522' title='bbox 1422 4321 1645 4392; x_wconf 73' lang='lat' dir='ltr'><strong>vetbuttt</strong></span> <span class='ocrx_word' id='word_1_523' title='bbox 1695 4335 1867 4389; x_wconf 88' lang='lat' dir='ltr'><strong>fuerat</strong></span> 
     </span>
    </p>
   </div>
   <div class='ocr_carea' id='block_1_77' title="bbox 271 4427 1868 4499">
    <p class='ocr_par' dir='ltr' id='par_1_77' title="bbox 271 4427 1868 4499">
     <span class='ocr_line' id='line_1_77' title="bbox 271 4427 1868 4499; baseline -0.003 -14"><span class='ocrx_word' id='word_1_524' title='bbox 271 4435 608 4494; x_wconf 81' lang='lat' dir='ltr'><strong>ntttttiatttttt,</strong></span> <span class='ocrx_word' id='word_1_525' title='bbox 657 4432 796 4484; x_wconf 86' lang='lat' dir='ltr'><strong>sicut</strong></span> <span class='ocrx_word' id='word_1_526' title='bbox 825 4439 879 4483; x_wconf 90' lang='lat' dir='ltr'><strong>et</strong></span> <span class='ocrx_word' id='word_1_527' title='bbox 913 4429 1211 4493; x_wconf 74' lang='lat' dir='ltr'><strong>Corinthiis</strong></span> <span class='ocrx_word' id='word_1_528' title='bbox 1240 4445 1251 4480; x_wconf 91' lang='lat'>:</span> <span class='ocrx_word' id='word_1_529' title='bbox 1288 4430 1428 4499; x_wconf 85' lang='lat' dir='ltr'><strong>quod</strong></span> <span class='ocrx_word' id='word_1_530' title='bbox 1461 4428 1527 4483; x_wconf 88' lang='lat' dir='ltr'><strong>ad</strong></span> <span class='ocrx_word' id='word_1_531' title='bbox 1561 4427 1784 4483; x_wconf 87' lang='lat' dir='ltr'><strong>eosdem</strong></span> <span class='ocrx_word' id='word_1_532' title='bbox 1816 4430 1868 4481; x_wconf 87' lang='lat' dir='ltr'><strong>in</strong></span> 
     </span>
    </p>
   </div>
   <div class='ocr_carea' id='block_1_78' title="bbox 274 4523 962 4591">
    <p class='ocr_par' dir='ltr' id='par_1_78' title="bbox 274 4523 962 4591">
     <span class='ocr_line' id='line_1_78' title="bbox 274 4523 962 4591; baseline -0.01 -13"><span class='ocrx_word' id='word_1_533' title='bbox 274 4523 516 4579; x_wconf 83' lang='lat' dir='ltr'><strong>secunda</strong></span> <span class='ocrx_word' id='word_1_534' title='bbox 548 4530 962 4591; x_wconf 69' lang='lat' dir='ltr'><strong>C(llnlltcﬂloral.</strong></span> 
     </span>
    </p>
   </div>
   <div class='ocr_carea' id='block_1_79' title="bbox 1976 4145 3572 4218">
    <p class='ocr_par' dir='ltr' id='par_1_79' title="bbox 1976 4145 3572 4218">
     <span class='ocr_line' id='line_1_79' title="bbox 1976 4145 3572 4218; baseline -0.003 -13"><span class='ocrx_word' id='word_1_535' title='bbox 1976 4150 2095 4213; x_wconf 88' lang='lat' dir='ltr'><strong>bor,</strong></span> <span class='ocrx_word' id='word_1_536' title='bbox 2126 4159 2179 4205; x_wconf 91' lang='lat' dir='ltr'><strong>et</strong></span> <span class='ocrx_word' id='word_1_537' title='bbox 2209 4148 2491 4207; x_wconf 85' lang='lat' dir='ltr'><strong>charitatis</strong></span> <span class='ocrx_word' id='word_1_538' title='bbox 2537 4148 2785 4217; x_wconf 79' lang='lat' dir='ltr'><strong>affectus,</strong></span> <span class='ocrx_word' id='word_1_539' title='bbox 2832 4156 2891 4205; x_wconf 86' lang='lat' dir='ltr'><strong>et</strong></span> <span class='ocrx_word' id='word_1_540' title='bbox 2942 4148 3253 4218; x_wconf 87' lang='lat' dir='ltr'><strong>passionum</strong></span> <span class='ocrx_word' id='word_1_541' title='bbox 3288 4145 3572 4201; x_wconf 88' lang='lat' dir='ltr'><strong>tolerantia</strong></span> 
     </span>
    </p>
   </div>
   <div class='ocr_carea' id='block_1_80' title="bbox 1977 4243 2357 4313">
    <p class='ocr_par' dir='ltr' id='par_1_80' title="bbox 1977 4243 2357 4313">
     <span class='ocr_line' id='line_1_80' title="bbox 1977 4243 2357 4313; baseline 0.016 -22"><span class='ocrx_word' id='word_1_542' title='bbox 1977 4243 2357 4313; x_wconf 82' lang='lat' dir='ltr'><strong>comprobant.</strong></span> 
     </span>
    </p>
   </div>
   <div class='ocr_carea' id='block_1_81' title="bbox 2051 4332 3573 4410">
    <p class='ocr_par' dir='ltr' id='par_1_81' title="bbox 2051 4332 3573 4410">
     <span class='ocr_line' id='line_1_81' title="bbox 2051 4332 3573 4410; baseline -0.003 -17"><span class='ocrx_word' id='word_1_543' title='bbox 2051 4338 2116 4393; x_wconf 87' lang='lat' dir='ltr'><strong>Et</strong></span> <span class='ocrx_word' id='word_1_544' title='bbox 2142 4338 2429 4405; x_wconf 85' lang='lat' dir='ltr'><strong>charitatis,</strong></span> <span class='ocrx_word' id='word_1_545' title='bbox 2460 4349 2509 4394; x_wconf 80' lang='lat' dir='ltr'><strong>et</strong></span> <span class='ocrx_word' id='word_1_546' title='bbox 2539 4339 2860 4395; x_wconf 75' lang='lat' dir='ltr'><strong>sustinentur</strong></span> <span class='ocrx_word' id='word_1_547' title='bbox 2890 4337 3000 4410; x_wconf 87' lang='lat' dir='ltr'><strong>spei</strong></span> <span class='ocrx_word' id='word_1_548' title='bbox 3032 4335 3241 4391; x_wconf 85' lang='lat' dir='ltr'><strong>Domini</strong></span> <span class='ocrx_word' id='word_1_549' title='bbox 3259 4334 3425 4391; x_wconf 87' lang='lat' dir='ltr'><strong>nostri</strong></span> <span class='ocrx_word' id='word_1_550' title='bbox 3444 4332 3573 4388; x_wconf 76' lang='lat' dir='ltr'><strong>Iesu</strong></span> 
     </span>
    </p>
   </div>
   <div class='ocr_carea' id='block_1_82' title="bbox 1978 4428 3567 4500">
    <p class='ocr_par' dir='ltr' id='par_1_82' title="bbox 1978 4428 3567 4500">
     <span class='ocr_line' id='line_1_82' title="bbox 1978 4428 3567 4500; baseline -0.001 -15"><span class='ocrx_word' id='word_1_551' title='bbox 1978 4428 2171 4486; x_wconf 89' lang='lat' dir='ltr'><strong>Christi</strong></span> <span class='ocrx_word' id='word_1_552' title='bbox 2200 4444 2315 4486; x_wconf 89' lang='lat' dir='ltr'><strong>ante</strong></span> <span class='ocrx_word' id='word_1_553' title='bbox 2346 4432 2515 4487; x_wconf 85' lang='lat' dir='ltr'><strong>Deum</strong></span> <span class='ocrx_word' id='word_1_554' title='bbox 2546 4444 2591 4487; x_wconf 89' lang='lat' dir='ltr'><strong>et</strong></span> <span class='ocrx_word' id='word_1_555' title='bbox 2623 4442 2823 4500; x_wconf 84' lang='lat' dir='ltr'><strong>patrem</strong></span> <span class='ocrx_word' id='word_1_556' title='bbox 2868 4440 3123 4484; x_wconf 89' lang='lat' dir='ltr'><strong>nostrum.</strong></span> <span class='ocrx_word' id='word_1_557' title='bbox 3157 4429 3238 4483; x_wconf 83' lang='lat' dir='ltr'><strong>Ad</strong></span> <span class='ocrx_word' id='word_1_558' title='bbox 3270 4429 3440 4485; x_wconf 81' lang='lat' dir='ltr'><strong>Deum</strong></span> <span class='ocrx_word' id='word_1_559' title='bbox 3474 4444 3567 4496; x_wconf 83' lang='lat' dir='ltr'><strong>pa-</strong></span> 
     </span>
    </p>
   </div>
   <div class='ocr_carea' id='block_1_83' title="bbox 1978 4522 3575 4597">
    <p class='ocr_par' dir='ltr' id='par_1_83' title="bbox 1978 4522 3575 4597">
     <span class='ocr_line' id='line_1_83' title="bbox 1978 4522 3575 4597; baseline -0.002 -19"><span class='ocrx_word' id='word_1_560' title='bbox 1978 4534 2114 4579; x_wconf 88' lang='lat' dir='ltr'><strong>trem</strong></span> <span class='ocrx_word' id='word_1_561' title='bbox 2149 4538 2412 4597; x_wconf 86' lang='lat' dir='ltr'><strong>nostrum.</strong></span> <span class='ocrx_word' id='word_1_562' title='bbox 2448 4525 2548 4593; x_wconf 88' lang='lat' dir='ltr'><strong>Qui</strong></span> <span class='ocrx_word' id='word_1_563' title='bbox 2575 4525 2833 4596; x_wconf 78' lang='lat' dir='ltr'><strong>perlecta:</strong></span> <span class='ocrx_word' id='word_1_564' title='bbox 2860 4524 3139 4579; x_wconf 85' lang='lat' dir='ltr'><strong>charitatis</strong></span> <span class='ocrx_word' id='word_1_565' title='bbox 3170 4532 3289 4592; x_wconf 88' lang='lat' dir='ltr'><strong>est,</strong></span> <span class='ocrx_word' id='word_1_566' title='bbox 3339 4522 3575 4579; x_wconf 87' lang='lat' dir='ltr'><strong>sustinet</strong></span> 
     </span>
    </p>
   </div>
   <div class='ocr_carea' id='block_1_84' title="bbox 348 4606 3170 4703">
    <p class='ocr_par' dir='ltr' id='par_1_84' title="bbox 348 4606 3170 4703">
     <span class='ocr_line' id='line_1_84' title="bbox 348 4606 3170 4703; baseline -0.001 -35"><span class='ocrx_word' id='word_1_567' title='bbox 348 4613 415 4669; x_wconf 85' lang='lat' dir='ltr'><strong>In</strong></span> <span class='ocrx_word' id='word_1_568' title='bbox 448 4612 559 4666; x_wconf 65' lang='lat' dir='ltr'><strong>Dso</strong></span> <span class='ocrx_word' id='word_1_569' title='bbox 588 4612 749 4666; x_wconf 83' lang='lat' dir='ltr'><strong>Patre</strong></span> <span class='ocrx_word' id='word_1_570' title='bbox 773 4622 973 4681; x_wconf 83' lang='lat' dir='ltr'><strong>nostro,</strong></span> <span class='ocrx_word' id='word_1_571' title='bbox 995 4622 1041 4665; x_wconf 92' lang='lat' dir='ltr'><strong>et</strong></span> <span class='ocrx_word' id='word_1_572' title='bbox 1073 4609 1296 4664; x_wconf 89' lang='lat' dir='ltr'><strong>Domino</strong></span> <span class='ocrx_word' id='word_1_573' title='bbox 1321 4608 1448 4665; x_wconf 80' lang='lat' dir='ltr'><strong>Jesu</strong></span> <span class='ocrx_word' id='word_1_574' title='bbox 1478 4606 1705 4663; x_wconf 88' lang='lat' dir='ltr'><strong>Christo.</strong></span> <span class='ocrx_word' id='word_1_575' title='bbox 1733 4606 1868 4676; x_wconf 83' lang='lat' dir='ltr'><strong>Quia</strong></span> <span class='ocrx_word' id='word_1_576' title='bbox 1895 4642 1948 4703; x_wconf 69' lang='grc' dir='ltr'><strong>Β</strong></span> <span class='ocrx_word' id='word_1_577' title='bbox 1975 4614 2154 4670; x_wconf 79' lang='lat' dir='ltr'><strong>omnia</strong></span> <span class='ocrx_word' id='word_1_578' title='bbox 2186 4617 2459 4686; x_wconf 83' lang='lat' dir='ltr'><strong>patienter</strong></span> <span class='ocrx_word' id='word_1_579' title='bbox 2484 4626 2707 4688; x_wconf 84' lang='lat' dir='ltr'><strong>propter</strong></span> <span class='ocrx_word' id='word_1_580' title='bbox 2734 4632 2882 4685; x_wconf 74' lang='lat' dir='ltr'><strong>spem</strong></span> <span class='ocrx_word' id='word_1_581' title='bbox 2912 4614 3170 4669; x_wconf 82' lang='lat' dir='ltr'><strong>futuram.</strong></span> 
     </span>
    </p>
   </div>
   <div class='ocr_carea' id='block_1_85' title="bbox 274 4699 1867 4778">
    <p class='ocr_par' dir='ltr' id='par_1_85' title="bbox 274 4699 1867 4778">
     <span class='ocr_line' id='line_1_85' title="bbox 274 4699 1867 4778; baseline -0.005 -16"><span class='ocrx_word' id='word_1_582' title='bbox 274 4724 374 4778; x_wconf 84' lang='lat' dir='ltr'><strong>per</strong></span> <span class='ocrx_word' id='word_1_583' title='bbox 406 4708 564 4761; x_wconf 79' lang='lat' dir='ltr'><strong>fidem</strong></span> <span class='ocrx_word' id='word_1_584' title='bbox 593 4706 745 4769; x_wconf 77' lang='lat' dir='ltr'><strong>Filii,</strong></span> <span class='ocrx_word' id='word_1_585' title='bbox 796 4716 901 4758; x_wconf 89' lang='lat' dir='ltr'><strong>tam</strong></span> <span class='ocrx_word' id='word_1_586' title='bbox 936 4706 987 4758; x_wconf 86' lang='lat' dir='ltr'><strong>in</strong></span> <span class='ocrx_word' id='word_1_587' title='bbox 1018 4703 1215 4767; x_wconf 85' lang='lat' dir='ltr'><strong>Patre,</strong></span> <span class='ocrx_word' id='word_1_588' title='bbox 1246 4718 1406 4767; x_wconf 88' lang='lat' dir='ltr'><strong>quam</strong></span> <span class='ocrx_word' id='word_1_589' title='bbox 1437 4703 1489 4756; x_wconf 90' lang='lat' dir='ltr'><strong>in</strong></span> <span class='ocrx_word' id='word_1_590' title='bbox 1523 4699 1660 4755; x_wconf 85' lang='lat' dir='ltr'><strong>Filio</strong></span> <span class='ocrx_word' id='word_1_591' title='bbox 1691 4710 1867 4756; x_wconf 88' lang='lat' dir='ltr'><strong>erant.</strong></span> 
     </span>
    </p>
   </div>
   <div class='ocr_carea' id='block_1_86' title="bbox 275 4794 1869 4871">
    <p class='ocr_par' dir='ltr' id='par_1_86' title="bbox 275 4794 1869 4871">
     <span class='ocr_line' id='line_1_86' title="bbox 275 4794 1869 4871; baseline -0.004 -16"><span class='ocrx_word' id='word_1_592' title='bbox 275 4804 413 4871; x_wconf 81' lang='lat' dir='ltr'><strong>Quia</strong></span> <span class='ocrx_word' id='word_1_593' title='bbox 480 4802 807 4871; x_wconf 68' lang='lat' dir='ltr'><strong>quicumque</strong></span> <span class='ocrx_word' id='word_1_594' title='bbox 870 4798 1173 4859; x_wconf 80' lang='lat' dir='ltr'><strong>conﬁtetur&#39;</strong></span> <span class='ocrx_word' id='word_1_595' title='bbox 1222 4795 1461 4871; x_wconf 70' lang='lat' dir='ltr'><strong>Filium,</strong></span> <span class='ocrx_word' id='word_1_596' title='bbox 1533 4804 1589 4863; x_wconf 88' lang='lat' dir='ltr'><strong>et</strong></span> <span class='ocrx_word' id='word_1_597' title='bbox 1654 4794 1869 4851; x_wconf 72' lang='lat' dir='ltr'><strong>Patrem</strong></span> 
     </span>
    </p>
   </div>
   <div class='ocr_carea' id='block_1_87' title="bbox 274 4896 464 4951">
    <p class='ocr_par' dir='ltr' id='par_1_87' title="bbox 274 4896 464 4951">
     <span class='ocr_line' id='line_1_87' title="bbox 274 4896 464 4951; baseline -0.005 -1"><span class='ocrx_word' id='word_1_598' title='bbox 274 4896 464 4951; x_wconf 79' lang='lat' dir='ltr'><strong>habet.</strong></span> 
     </span>
    </p>
   </div>
   <div class='ocr_carea' id='block_1_88' title="bbox 346 4978 1872 5057">
    <p class='ocr_par' dir='ltr' id='par_1_88' title="bbox 346 4978 1872 5057">
     <span class='ocr_line' id='line_1_88' title="bbox 346 4978 1872 5057; baseline -0.009 -13"><span class='ocrx_word' id='word_1_599' title='bbox 346 4988 533 5044; x_wconf 83' lang='lat' dir='ltr'><strong>Gratia</strong></span> <span class='ocrx_word' id='word_1_600' title='bbox 572 4986 713 5042; x_wconf 85' lang='lat' dir='ltr'><strong>vobis</strong></span> <span class='ocrx_word' id='word_1_601' title='bbox 738 4996 781 5040; x_wconf 90' lang='lat' dir='ltr'><strong>et</strong></span> <span class='ocrx_word' id='word_1_602' title='bbox 811 5000 935 5057; x_wconf 69' lang='lat' dir='ltr'><strong>pax.</strong></span> <span class='ocrx_word' id='word_1_603' title='bbox 970 4985 1015 5041; x_wconf 84' lang='lat' dir='ltr'><strong>A</strong></span> <span class='ocrx_word' id='word_1_604' title='bbox 1046 4983 1157 5037; x_wconf 88' lang='lat' dir='ltr'><strong>Deo</strong></span> <span class='ocrx_word' id='word_1_605' title='bbox 1198 4980 1357 5036; x_wconf 84' lang='lat' dir='ltr'><strong>Patre</strong></span> <span class='ocrx_word' id='word_1_606' title='bbox 1388 4979 1631 5051; x_wconf 86' lang='lat' dir='ltr'><strong>scilicet,</strong></span> <span class='ocrx_word' id='word_1_607' title='bbox 1681 4986 1735 5034; x_wconf 88' lang='lat' dir='ltr'><strong>et</strong></span> <span class='ocrx_word' id='word_1_608' title='bbox 1768 4978 1872 5032; x_wconf 87' lang='lat' dir='ltr'><strong>Do-</strong></span> 
     </span>
    </p>
   </div>
   <div class='ocr_carea' id='block_1_89' title="bbox 275 5078 1070 5145">
    <p class='ocr_par' dir='ltr' id='par_1_89' title="bbox 275 5078 1070 5145">
     <span class='ocr_line' id='line_1_89' title="bbox 275 5078 1070 5145; baseline -0.013 -6"><span class='ocrx_word' id='word_1_609' title='bbox 275 5083 427 5139; x_wconf 89' lang='lat' dir='ltr'><strong>mino</strong></span> <span class='ocrx_word' id='word_1_610' title='bbox 460 5090 651 5145; x_wconf 78' lang='lat' dir='ltr'><strong>nostro</strong></span> <span class='ocrx_word' id='word_1_611' title='bbox 672 5080 800 5145; x_wconf 82' lang='lat' dir='ltr'><strong>Jesu</strong></span> <span class='ocrx_word' id='word_1_612' title='bbox 835 5078 1070 5145; x_wconf 75' lang='lat' dir='ltr'><strong>Christo.</strong></span> 
     </span>
    </p>
   </div>
   <div class='ocr_carea' id='block_1_90' title="bbox 272 5164 1871 5245">
    <p class='ocr_par' dir='ltr' id='par_1_90' title="bbox 272 5164 1871 5245">
     <span class='ocr_line' id='line_1_90' title="bbox 272 5164 1871 5245; baseline -0.007 -15"><span class='ocrx_word' id='word_1_613' title='bbox 272 5166 279 5173; x_wconf 67' lang='grc'><em>’</em></span> <span class='ocrx_word' id='word_1_614' title='bbox 349 5173 559 5231; x_wconf 82' lang='lat' dir='ltr'><strong>Graias</strong></span> <span class='ocrx_word' id='word_1_615' title='bbox 580 5178 780 5245; x_wconf 75' lang='lat' dir='ltr'><strong>agimus</strong></span> <span class='ocrx_word' id='word_1_616' title='bbox 805 5168 916 5227; x_wconf 85' lang='lat' dir='ltr'><strong>Deo</strong></span> <span class='ocrx_word' id='word_1_617' title='bbox 938 5185 1136 5241; x_wconf 79' lang='lat' dir='ltr'><strong>seraper</strong></span> <span class='ocrx_word' id='word_1_618' title='bbox 1167 5183 1259 5236; x_wconf 86' lang='lat' dir='ltr'><strong>pro</strong></span> <span class='ocrx_word' id='word_1_619' title='bbox 1285 5164 1519 5218; x_wconf 81' lang='lat' dir='ltr'><strong>omnibus</strong></span> <span class='ocrx_word' id='word_1_620' title='bbox 1546 5164 1703 5218; x_wconf 79' lang='lat' dir='ltr'><strong>vobis.</strong></span> <span class='ocrx_word' id='word_1_621' title='bbox 1736 5164 1871 5233; x_wconf 85' lang='lat' dir='ltr'><strong>Quia</strong></span> 
     </span>
    </p>
   </div>
   <div class='ocr_carea' id='block_1_91' title="bbox 275 5261 1317 5335">
    <p class='ocr_par' dir='ltr' id='par_1_91' title="bbox 275 5261 1317 5335">
     <span class='ocr_line' id='line_1_91' title="bbox 275 5261 1317 5335; baseline -0.008 -16"><span class='ocrx_word' id='word_1_622' title='bbox 275 5269 523 5322; x_wconf 85' lang='lat' dir='ltr'><strong>omnium</strong></span> <span class='ocrx_word' id='word_1_623' title='bbox 555 5265 708 5320; x_wconf 84' lang='lat' dir='ltr'><strong>nobis</strong></span> <span class='ocrx_word' id='word_1_624' title='bbox 736 5271 891 5335; x_wconf 73' lang='lat' dir='ltr'><strong>grata</strong></span> <span class='ocrx_word' id='word_1_625' title='bbox 925 5261 1183 5317; x_wconf 80' lang='lat' dir='ltr'><strong>memoria</strong></span> <span class='ocrx_word' id='word_1_626' title='bbox 1216 5267 1317 5313; x_wconf 86' lang='lat' dir='ltr'><strong>est.</strong></span> 
     </span>
    </p>
   </div>
   <div class='ocr_carea' id='block_1_92' title="bbox 352 5352 1873 5425">
    <p class='ocr_par' dir='ltr' id='par_1_92' title="bbox 352 5352 1873 5425">
     <span class='ocr_line' id='line_1_92' title="bbox 352 5352 1873 5425; baseline -0.003 -13"><span class='ocrx_word' id='word_1_627' title='bbox 352 5358 661 5413; x_wconf 80' lang='lat' dir='ltr'><strong>Memoriam</strong></span> <span class='ocrx_word' id='word_1_628' title='bbox 686 5358 836 5410; x_wconf 87' lang='lat' dir='ltr'><strong>vestri</strong></span> <span class='ocrx_word' id='word_1_629' title='bbox 867 5355 1109 5425; x_wconf 84' lang='lat' dir='ltr'><strong>facientes</strong></span> <span class='ocrx_word' id='word_1_630' title='bbox 1132 5354 1181 5405; x_wconf 87' lang='lat' dir='ltr'><strong>itt</strong></span> <span class='ocrx_word' id='word_1_631' title='bbox 1208 5352 1523 5407; x_wconf 79' lang='lat' dir='ltr'><strong>orationibus</strong></span> <span class='ocrx_word' id='word_1_632' title='bbox 1549 5353 1734 5407; x_wconf 86' lang='lat' dir='ltr'><strong>nostris</strong></span> <span class='ocrx_word' id='word_1_633' title='bbox 1764 5354 1873 5407; x_wconf 86' lang='lat' dir='ltr'><strong>sine</strong></span> 
     </span>
    </p>
   </div>
   <div class='ocr_carea' id='block_1_93' title="bbox 277 5448 1873 5517">
    <p class='ocr_par' dir='ltr' id='par_1_93' title="bbox 277 5448 1873 5517">
     <span class='ocr_line' id='line_1_93' title="bbox 277 5448 1873 5517; baseline -0.006 -7"><span class='ocrx_word' id='word_1_634' title='bbox 277 5455 679 5510; x_wconf 78' lang='lat' dir='ltr'><strong>intermissione.</strong></span> <span class='ocrx_word' id='word_1_635' title='bbox 734 5453 789 5517; x_wconf 86' lang='lat' dir='ltr'><strong>In</strong></span> <span class='ocrx_word' id='word_1_636' title='bbox 850 5451 1180 5507; x_wconf 88' lang='lat' dir='ltr'><strong>indesinenti</strong></span> <span class='ocrx_word' id='word_1_637' title='bbox 1247 5448 1529 5511; x_wconf 64' lang='lat' dir='ltr'><strong>oratione,</strong></span> <span class='ocrx_word' id='word_1_638' title='bbox 1594 5450 1873 5501; x_wconf 63' lang='lat' dir='ltr'><strong>memoria“:</strong></span> 
     </span>
    </p>
   </div>
   <div class='ocr_carea' id='block_1_94' title="bbox 278 5542 1871 5619">
    <p class='ocr_par' dir='ltr' id='par_1_94' title="bbox 278 5542 1871 5619">
     <span class='ocr_line' id='line_1_94' title="bbox 278 5542 1871 5619; baseline -0.005 -16"><span class='ocrx_word' id='word_1_639' title='bbox 278 5549 555 5619; x_wconf 80' lang='lat' dir='ltr'><strong>quantitas</strong></span> <span class='ocrx_word' id='word_1_640' title='bbox 580 5555 635 5601; x_wconf 87' lang='lat' dir='ltr'><strong>et</strong></span> <span class='ocrx_word' id='word_1_641' title='bbox 663 5544 973 5600; x_wconf 84' lang='lat' dir='ltr'><strong>dilectiOuis</strong></span> <span class='ocrx_word' id='word_1_642' title='bbox 1002 5542 1332 5609; x_wconf 86' lang='lat' dir='ltr'><strong>ostenditur,</strong></span> <span class='ocrx_word' id='word_1_643' title='bbox 1355 5556 1515 5612; x_wconf 87' lang='lat' dir='ltr'><strong>quam</strong></span> <span class='ocrx_word' id='word_1_644' title='bbox 1544 5556 1731 5595; x_wconf 87' lang='lat' dir='ltr'><strong>eorum</strong></span> <span class='ocrx_word' id='word_1_645' title='bbox 1761 5556 1871 5595; x_wconf 88' lang='lat' dir='ltr'><strong>nte-</strong></span> 
     </span>
    </p>
   </div>
   <div class='ocr_carea' id='block_1_95' title="bbox 279 5632 788 5709">
    <p class='ocr_par' dir='ltr' id='par_1_95' title="bbox 279 5632 788 5709">
     <span class='ocr_line' id='line_1_95' title="bbox 279 5632 788 5709; baseline -0.008 -15"><span class='ocrx_word' id='word_1_646' title='bbox 279 5641 381 5695; x_wconf 87' lang='lat' dir='ltr'><strong>rita</strong></span> <span class='ocrx_word' id='word_1_647' title='bbox 406 5632 788 5709; x_wconf 85' lang='lat' dir='ltr'><strong>postulabant.</strong></span> 
     </span>
    </p>
   </div>
   <div class='ocr_carea' id='block_1_96' title="bbox 357 5723 1869 5802">
    <p class='ocr_par' dir='ltr' id='par_1_96' title="bbox 357 5723 1869 5802">
     <span class='ocr_line' id='line_1_96' title="bbox 357 5723 1869 5802; baseline -0.005 -19"><span class='ocrx_word' id='word_1_648' title='bbox 357 5730 615 5785; x_wconf 78' lang='lat' dir='ltr'><strong>Memores</strong></span> <span class='ocrx_word' id='word_1_649' title='bbox 638 5730 803 5802; x_wconf 84' lang='lat' dir='ltr'><strong>aperis</strong></span> <span class='ocrx_word' id='word_1_650' title='bbox 827 5728 949 5800; x_wconf 80' lang='lat' dir='ltr'><strong>ﬁdei</strong></span> <span class='ocrx_word' id='word_1_651' title='bbox 969 5735 1167 5794; x_wconf 72' lang='lat' dir='ltr'><strong>vestrm,</strong></span> <span class='ocrx_word' id='word_1_652' title='bbox 1200 5736 1245 5780; x_wconf 88' lang='lat' dir='ltr'><strong>et</strong></span> <span class='ocrx_word' id='word_1_653' title='bbox 1276 5724 1488 5779; x_wconf 81' lang='lat' dir='ltr'><strong>laboris.</strong></span> <span class='ocrx_word' id='word_1_654' title='bbox 1530 5723 1645 5778; x_wconf 83' lang='lat' dir='ltr'><strong>Non</strong></span> <span class='ocrx_word' id='word_1_655' title='bbox 1676 5724 1869 5779; x_wconf 87' lang='lat' dir='ltr'><strong>imme-</strong></span> 
     </span>
    </p>
   </div>
   <div class='ocr_carea' id='block_1_97' title="bbox 283 5818 1868 5893">
    <p class='ocr_par' dir='ltr' id='par_1_97' title="bbox 283 5818 1868 5893">
     <span class='ocr_line' id='line_1_97' title="bbox 283 5818 1868 5893; baseline -0.004 -12"><span class='ocrx_word' id='word_1_656' title='bbox 283 5824 391 5882; x_wconf 88' lang='lat' dir='ltr'><strong>rito</strong></span> <span class='ocrx_word' id='word_1_657' title='bbox 418 5826 560 5882; x_wconf 90' lang='lat' dir='ltr'><strong>illius</strong></span> <span class='ocrx_word' id='word_1_658' title='bbox 588 5825 712 5880; x_wconf 83' lang='lat' dir='ltr'><strong>fidei</strong></span> <span class='ocrx_word' id='word_1_659' title='bbox 760 5837 1028 5882; x_wconf 87' lang='lat' dir='ltr'><strong>memores</strong></span> <span class='ocrx_word' id='word_1_660' title='bbox 1057 5830 1201 5890; x_wconf 80' lang='lat' dir='ltr'><strong>sunt,</strong></span> <span class='ocrx_word' id='word_1_661' title='bbox 1235 5835 1395 5893; x_wconf 86' lang='lat' dir='ltr'><strong>quam</strong></span> <span class='ocrx_word' id='word_1_662' title='bbox 1426 5829 1481 5875; x_wconf 91' lang='lat' dir='ltr'><strong>et</strong></span> <span class='ocrx_word' id='word_1_663' title='bbox 1512 5818 1740 5892; x_wconf 70' lang='lat' dir='ltr'><strong>iustitia:</strong></span> <span class='ocrx_word' id='word_1_664' title='bbox 1788 5818 1868 5874; x_wconf 89' lang='lat' dir='ltr'><strong>la-</strong></span> 
     </span>
    </p>
   </div>
   <div class='ocr_carea' id='block_1_98' title="bbox 2047 4706 3566 4783">
    <p class='ocr_par' dir='ltr' id='par_1_98' title="bbox 2047 4706 3566 4783">
     <span class='ocr_line' id='line_1_98' title="bbox 2047 4706 3566 4783; baseline -0.007 -18"><span class='ocrx_word' id='word_1_665' title='bbox 2047 4709 2300 4777; x_wconf 87' lang='lat' dir='ltr'><strong>Scientes,</strong></span> <span class='ocrx_word' id='word_1_666' title='bbox 2327 4710 2537 4780; x_wconf 82' lang='lat' dir='ltr'><strong>fratres,</strong></span> <span class='ocrx_word' id='word_1_667' title='bbox 2569 4708 2746 4783; x_wconf 86' lang='lat' dir='ltr'><strong>dilecti</strong></span> <span class='ocrx_word' id='word_1_668' title='bbox 2767 4724 2799 4760; x_wconf 93' lang='lat' dir='ltr'><strong>a</strong></span> <span class='ocrx_word' id='word_1_669' title='bbox 2830 4706 2939 4761; x_wconf 92' lang='lat' dir='ltr'><strong>Deo</strong></span> <span class='ocrx_word' id='word_1_670' title='bbox 2957 4746 2972 4774; x_wconf 92' lang='lat'><strong>,</strong></span> <span class='ocrx_word' id='word_1_671' title='bbox 2997 4706 3297 4767; x_wconf 88' lang='lat' dir='ltr'><strong>electionem</strong></span> <span class='ocrx_word' id='word_1_672' title='bbox 3326 4710 3566 4758; x_wconf 84' lang='lat' dir='ltr'><strong>vestram.</strong></span> 
     </span>
    </p>
   </div>
   <div class='ocr_carea' id='block_1_99' title="bbox 1975 4797 3566 4871">
    <p class='ocr_par' dir='ltr' id='par_1_99' title="bbox 1975 4797 3566 4871">
     <span class='ocr_line' id='line_1_99' title="bbox 1975 4797 3566 4871; baseline -0.005 -16"><span class='ocrx_word' id='word_1_673' title='bbox 1975 4801 2294 4855; x_wconf 80' lang='lat' dir='ltr'><strong>Retincutes</strong></span> <span class='ocrx_word' id='word_1_674' title='bbox 2346 4811 2559 4871; x_wconf 83' lang='lat' dir='ltr'><strong>tempus</strong></span> <span class='ocrx_word' id='word_1_675' title='bbox 2601 4798 2886 4855; x_wconf 84' lang='lat' dir='ltr'><strong>electionis</strong></span> <span class='ocrx_word' id='word_1_676' title='bbox 2914 4808 3113 4855; x_wconf 78' lang='lat' dir='ltr'><strong>vestra:</strong></span> <span class='ocrx_word' id='word_1_677' title='bbox 3137 4838 3154 4868; x_wconf 93' lang='lat'><strong>,</strong></span> <span class='ocrx_word' id='word_1_678' title='bbox 3203 4797 3435 4868; x_wconf 86' lang='lat' dir='ltr'><strong>qualiter</strong></span> <span class='ocrx_word' id='word_1_679' title='bbox 3465 4808 3566 4848; x_wconf 90' lang='lat' dir='ltr'><strong>nos</strong></span> 
     </span>
    </p>
   </div>
   <div class='ocr_carea' id='block_1_100' title="bbox 1977 4891 3093 4965">
    <p class='ocr_par' dir='ltr' id='par_1_100' title="bbox 1977 4891 3093 4965">
     <span class='ocr_line' id='line_1_100' title="bbox 1977 4891 3093 4965; baseline -0.003 -18"><span class='ocrx_word' id='word_1_680' title='bbox 1977 4894 2457 4965; x_wconf 81' lang='lat' dir='ltr'><strong>pr:c(lic.tveritnus</strong></span> <span class='ocrx_word' id='word_1_681' title='bbox 2477 4934 2491 4958; x_wconf 90' lang='lat'><strong>,</strong></span> <span class='ocrx_word' id='word_1_682' title='bbox 2524 4903 2576 4948; x_wconf 89' lang='lat' dir='ltr'><strong>et</strong></span> <span class='ocrx_word' id='word_1_683' title='bbox 2606 4908 2705 4949; x_wconf 84' lang='lat' dir='ltr'><strong>vos</strong></span> <span class='ocrx_word' id='word_1_684' title='bbox 2732 4891 3093 4949; x_wconf 72' lang='lat' dir='ltr'><strong>credideritis.</strong></span> 
     </span>
    </p>
   </div>
   <div class='ocr_carea' id='block_1_101' title="bbox 2050 4979 3570 5058">
    <p class='ocr_par' dir='ltr' id='par_1_101' title="bbox 2050 4979 3570 5058">
     <span class='ocr_line' id='line_1_101' title="bbox 2050 4979 3570 5058; baseline -0.007 -20"><span class='ocrx_word' id='word_1_685' title='bbox 2050 4985 2185 5054; x_wconf 80' lang='lat' dir='ltr'><strong>Quia</strong></span> <span class='ocrx_word' id='word_1_686' title='bbox 2212 4985 2554 5058; x_wconf 87' lang='lat' dir='ltr'><strong>Evangelium</strong></span> <span class='ocrx_word' id='word_1_687' title='bbox 2580 4995 2813 5040; x_wconf 88' lang='lat' dir='ltr'><strong>nostrum</strong></span> <span class='ocrx_word' id='word_1_688' title='bbox 2844 5001 2945 5039; x_wconf 90' lang='lat' dir='ltr'><strong>non</strong></span> <span class='ocrx_word' id='word_1_689' title='bbox 2978 4984 3079 5053; x_wconf 80' lang='lat' dir='ltr'><strong>fuit</strong></span> <span class='ocrx_word' id='word_1_690' title='bbox 3104 4981 3182 5034; x_wconf 81' lang='lat' dir='ltr'><strong>ad</strong></span> <span class='ocrx_word' id='word_1_691' title='bbox 3225 4995 3314 5041; x_wconf 73' lang='lat' dir='ltr'><strong>vos</strong></span> <span class='ocrx_word' id='word_1_692' title='bbox 3360 4979 3411 5030; x_wconf 91' lang='lat' dir='ltr'><strong>in</strong></span> <span class='ocrx_word' id='word_1_693' title='bbox 3461 4992 3570 5029; x_wconf 86' lang='lat' dir='ltr'><strong>ser-</strong></span> 
     </span>
    </p>
   </div>
   <div class='ocr_carea' id='block_1_102' title="bbox 1976 5070 3571 5149">
    <p class='ocr_par' dir='ltr' id='par_1_102' title="bbox 1976 5070 3571 5149">
     <span class='ocr_line' id='line_1_102' title="bbox 1976 5070 3571 5149; baseline -0.006 -16"><span class='ocrx_word' id='word_1_694' title='bbox 1976 5097 2123 5134; x_wconf 81' lang='lat' dir='ltr'><strong>mone</strong></span> <span class='ocrx_word' id='word_1_695' title='bbox 2145 5090 2360 5135; x_wconf 88' lang='lat' dir='ltr'><strong>tantum.</strong></span> <span class='ocrx_word' id='word_1_696' title='bbox 2395 5079 2702 5134; x_wconf 85' lang='lat' dir='ltr'><strong>Notandum</strong></span> <span class='ocrx_word' id='word_1_697' title='bbox 2732 5078 2872 5149; x_wconf 89' lang='lat' dir='ltr'><strong>quod</strong></span> <span class='ocrx_word' id='word_1_698' title='bbox 2908 5078 2996 5131; x_wconf 87' lang='lat' dir='ltr'><strong>illa</strong></span> <span class='ocrx_word' id='word_1_699' title='bbox 3029 5073 3217 5128; x_wconf 73' lang='lat' dir='ltr'><strong>efﬁcax</strong></span> <span class='ocrx_word' id='word_1_700' title='bbox 3253 5070 3423 5141; x_wconf 84' lang='lat' dir='ltr'><strong>possit</strong></span> <span class='ocrx_word' id='word_1_701' title='bbox 3446 5082 3571 5141; x_wconf 84' lang='lat' dir='ltr'><strong>esse</strong></span> 
     </span>
    </p>
   </div>
   <div class='ocr_carea' id='block_1_103' title="bbox 1975 5163 3385 5244">
    <p class='ocr_par' dir='ltr' id='par_1_103' title="bbox 1975 5163 3385 5244">
     <span class='ocr_line' id='line_1_103' title="bbox 1975 5163 3385 5244; baseline -0.009 -16"><span class='ocrx_word' id='word_1_702' title='bbox 1975 5171 2244 5241; x_wconf 88' lang='lat' dir='ltr'><strong>doctrina,</strong></span> <span class='ocrx_word' id='word_1_703' title='bbox 2278 5187 2399 5244; x_wconf 80' lang='lat' dir='ltr'><strong>qua:</strong></span> <span class='ocrx_word' id='word_1_704' title='bbox 2421 5173 2647 5242; x_wconf 66' lang='lat' dir='ltr'><strong>iustitiae</strong></span> <span class='ocrx_word' id='word_1_705' title='bbox 2678 5168 3091 5225; x_wconf 71' lang='lat' dir='ltr'><strong>commendatur</strong></span> <span class='ocrx_word' id='word_1_706' title='bbox 3114 5163 3385 5243; x_wconf 79' lang='lat' dir='ltr'><strong>exemplo.</strong></span> 
     </span>
    </p>
   </div>
   <div class='ocr_carea' id='block_1_104' title="bbox 2049 5257 3575 5334">
    <p class='ocr_par' dir='ltr' id='par_1_104' title="bbox 2049 5257 3575 5334">
     <span class='ocr_line' id='line_1_104' title="bbox 2049 5257 3575 5334; baseline -0.007 -12"><span class='ocrx_word' id='word_1_707' title='bbox 2049 5267 2156 5322; x_wconf 88' lang='lat' dir='ltr'><strong>Sed</strong></span> <span class='ocrx_word' id='word_1_708' title='bbox 2185 5268 2239 5320; x_wconf 89' lang='lat' dir='ltr'><strong>in</strong></span> <span class='ocrx_word' id='word_1_709' title='bbox 2266 5267 2468 5323; x_wconf 84' lang='lat' dir='ltr'><strong>virtute.</strong></span> <span class='ocrx_word' id='word_1_710' title='bbox 2502 5266 2559 5321; x_wconf 83' lang='lat' dir='ltr'><strong>1n</strong></span> <span class='ocrx_word' id='word_1_711' title='bbox 2606 5266 2832 5334; x_wconf 86' lang='lat' dir='ltr'><strong>virtute,</strong></span> <span class='ocrx_word' id='word_1_712' title='bbox 2864 5263 2981 5317; x_wconf 81' lang='lat' dir='ltr'><strong>sive</strong></span> <span class='ocrx_word' id='word_1_713' title='bbox 3008 5261 3308 5332; x_wconf 80' lang='lat' dir='ltr'><strong>signorum,</strong></span> <span class='ocrx_word' id='word_1_714' title='bbox 3341 5257 3464 5313; x_wconf 87' lang='lat' dir='ltr'><strong>sive</strong></span> <span class='ocrx_word' id='word_1_715' title='bbox 3492 5266 3575 5312; x_wconf 89' lang='lat' dir='ltr'><strong>to-</strong></span> 
     </span>
    </p>
   </div>
   <div class='ocr_carea' id='block_1_105' title="bbox 1977 5357 2581 5428">
    <p class='ocr_par' dir='ltr' id='par_1_105' title="bbox 1977 5357 2581 5428">
     <span class='ocr_line' id='line_1_105' title="bbox 1977 5357 2581 5428; baseline -0.008 -15"><span class='ocrx_word' id='word_1_716' title='bbox 1977 5359 2209 5414; x_wconf 83' lang='lat' dir='ltr'><strong>lerantia</strong></span> <span class='ocrx_word' id='word_1_717' title='bbox 2242 5357 2581 5428; x_wconf 82' lang='lat' dir='ltr'><strong>passionum.</strong></span> 
     </span>
    </p>
   </div>
   <div class='ocr_carea' id='block_1_106' title="bbox 2049 5438 3572 5518">
    <p class='ocr_par' dir='ltr' id='par_1_106' title="bbox 2049 5438 3572 5518">
     <span class='ocr_line' id='line_1_106' title="bbox 2049 5438 3572 5518; baseline -0.007 -15"><span class='ocrx_word' id='word_1_718' title='bbox 2049 5449 2116 5503; x_wconf 88' lang='lat' dir='ltr'><strong>Et</strong></span> <span class='ocrx_word' id='word_1_719' title='bbox 2150 5451 2199 5503; x_wconf 90' lang='lat' dir='ltr'><strong>in</strong></span> <span class='ocrx_word' id='word_1_720' title='bbox 2227 5450 2429 5518; x_wconf 81' lang='lat' dir='ltr'><strong>Spiritu</strong></span> <span class='ocrx_word' id='word_1_721' title='bbox 2462 5458 2662 5504; x_wconf 90' lang='lat' dir='ltr'><strong>sancto.</strong></span> <span class='ocrx_word' id='word_1_722' title='bbox 2695 5447 2863 5514; x_wconf 88' lang='lat' dir='ltr'><strong>Quem</strong></span> <span class='ocrx_word' id='word_1_723' title='bbox 2894 5444 3093 5499; x_wconf 89' lang='lat' dir='ltr'><strong>devote</strong></span> <span class='ocrx_word' id='word_1_724' title='bbox 3123 5440 3452 5513; x_wconf 87' lang='lat' dir='ltr'><strong>accepistis:</strong></span> <span class='ocrx_word' id='word_1_725' title='bbox 3485 5438 3572 5493; x_wconf 89' lang='lat' dir='ltr'><strong>vel</strong></span> 
     </span>
    </p>
   </div>
   <div class='ocr_carea' id='block_1_107' title="bbox 1976 5535 3453 5611">
    <p class='ocr_par' dir='ltr' id='par_1_107' title="bbox 1976 5535 3453 5611">
     <span class='ocr_line' id='line_1_107' title="bbox 1976 5535 3453 5611; baseline -0.007 -15"><span class='ocrx_word' id='word_1_726' title='bbox 1976 5542 2132 5610; x_wconf 83' lang='lat' dir='ltr'><strong>cujus</strong></span> <span class='ocrx_word' id='word_1_727' title='bbox 2162 5542 2421 5596; x_wconf 86' lang='lat' dir='ltr'><strong>virtutem</strong></span> <span class='ocrx_word' id='word_1_728' title='bbox 2456 5558 2551 5611; x_wconf 87' lang='lat' dir='ltr'><strong>per</strong></span> <span class='ocrx_word' id='word_1_729' title='bbox 2580 5540 2730 5609; x_wconf 80' lang='lat' dir='ltr'><strong>signa</strong></span> <span class='ocrx_word' id='word_1_730' title='bbox 2764 5535 3209 5591; x_wconf 85' lang='lat' dir='ltr'><strong>mnustravitnns.</strong></span> <span class='ocrx_word' id='word_1_731' title='bbox 3452 5592 3453 5595; x_wconf 26' lang='grc' dir='ltr'><strong>η</strong></span> 
     </span>
    </p>
   </div>
   <div class='ocr_carea' id='block_1_108' title="bbox 2052 5623 3570 5703">
    <p class='ocr_par' dir='ltr' id='par_1_108' title="bbox 2052 5623 3570 5703">
     <span class='ocr_line' id='line_1_108' title="bbox 2052 5623 3570 5703; baseline -0.007 -14"><span class='ocrx_word' id='word_1_732' title='bbox 2052 5636 2113 5688; x_wconf 86' lang='lat' dir='ltr'><strong>Et</strong></span> <span class='ocrx_word' id='word_1_733' title='bbox 2162 5636 2217 5689; x_wconf 89' lang='lat' dir='ltr'><strong>in</strong></span> <span class='ocrx_word' id='word_1_734' title='bbox 2264 5635 2587 5703; x_wconf 83' lang='lat' dir='ltr'><strong>plenitudine</strong></span> <span class='ocrx_word' id='word_1_735' title='bbox 2627 5630 2811 5686; x_wconf 84' lang='lat' dir='ltr'><strong>multa.</strong></span> <span class='ocrx_word' id='word_1_736' title='bbox 2847 5628 3206 5687; x_wconf 75' lang='lat' dir='ltr'><strong>Perfectionis</strong></span> <span class='ocrx_word' id='word_1_737' title='bbox 3238 5671 3253 5697; x_wconf 86' lang='lat'><strong>,</strong></span> <span class='ocrx_word' id='word_1_738' title='bbox 3302 5623 3570 5694; x_wconf 73' lang='lat' dir='ltr'><strong>justitim,</strong></span> 
     </span>
    </p>
   </div>
   <div class='ocr_carea' id='block_1_109' title="bbox 1974 5726 2695 5794">
    <p class='ocr_par' dir='ltr' id='par_1_109' title="bbox 1974 5726 2695 5794">
     <span class='ocr_line' id='line_1_109' title="bbox 1974 5726 2695 5794; baseline -0.008 -11"><span class='ocrx_word' id='word_1_739' title='bbox 1974 5728 2431 5794; x_wconf 60' lang='lat' dir='ltr'><strong>coitversationis,</strong></span> <span class='ocrx_word' id='word_1_740' title='bbox 2467 5733 2519 5777; x_wconf 82' lang='lat' dir='ltr'><strong>et</strong></span> <span class='ocrx_word' id='word_1_741' title='bbox 2549 5726 2695 5777; x_wconf 74' lang='lat' dir='ltr'><strong>vitzv.</strong></span> 
     </span>
    </p>
   </div>
   <div class='ocr_carea' id='block_1_110' title="bbox 2050 5800 3569 5890">
    <p class='ocr_par' dir='ltr' id='par_1_110' title="bbox 2050 5800 3569 5890">
     <span class='ocr_line' id='line_1_110' title="bbox 2050 5800 3569 5890; baseline -0.013 -14"><span class='ocrx_word' id='word_1_742' title='bbox 2050 5818 2196 5876; x_wconf 84' lang='lat' dir='ltr'><strong>Sicut</strong></span> <span class='ocrx_word' id='word_1_743' title='bbox 2220 5821 2361 5876; x_wconf 82' lang='lat' dir='ltr'><strong>scitis</strong></span> <span class='ocrx_word' id='word_1_744' title='bbox 2386 5815 2563 5890; x_wconf 78' lang='lat' dir='ltr'><strong>quales</strong></span> <span class='ocrx_word' id='word_1_745' title='bbox 2586 5817 2837 5889; x_wconf 85' lang='lat' dir='ltr'><strong>fuerimus</strong></span> <span class='ocrx_word' id='word_1_746' title='bbox 2858 5820 2907 5873; x_wconf 87' lang='lat' dir='ltr'><strong>in</strong></span> <span class='ocrx_word' id='word_1_747' title='bbox 2939 5814 3079 5875; x_wconf 86' lang='lat' dir='ltr'><strong>vobis</strong></span> <span class='ocrx_word' id='word_1_748' title='bbox 3102 5820 3308 5884; x_wconf 86' lang='lat' dir='ltr'><strong>propter</strong></span> <span class='ocrx_word' id='word_1_749' title='bbox 3335 5824 3423 5864; x_wconf 86' lang='lat' dir='ltr'><strong>vos</strong></span> <span class='ocrx_word' id='word_1_750' title='bbox 3442 5843 3455 5859; x_wconf 95' lang='lat'><strong>.</strong></span> <span class='ocrx_word' id='word_1_751' title='bbox 3486 5800 3569 5858; x_wconf 84' lang='lat' dir='ltr'><strong>Ad</strong></span> 
     </span>
    </p>
   </div>
  </div>
