  <div class='ocr_page' id='page_1' title='image "/cluster/home/n/w/nwhite01/storage/ocr_20150623/30/hvd.32044096580535/441.png"; bbox 0 0 3978 6286; ppageno 0'>
   <div class='ocr_carea' id='block_1_1' title="bbox 304 302 504 367">
    <p class='ocr_par' dir='ltr' id='par_1_1' title="bbox 304 302 504 367">
     <span class='ocr_line' id='line_1_1' title="bbox 304 302 504 367; baseline -0.04 0"><span class='ocrx_word' id='word_1_1' title='bbox 304 360 309 367; x_wconf 87' lang='grc'>.</span> <span class='ocrx_word' id='word_1_2' title='bbox 397 302 504 360; x_wconf 75' lang='lat'><strong>863</strong></span> 
     </span>
    </p>
   </div>
   <div class='ocr_carea' id='block_1_2' title="bbox 1434 287 2645 373">
    <p class='ocr_par' dir='ltr' id='par_1_2' title="bbox 1434 287 2645 373">
     <span class='ocr_line' id='line_1_2' title="bbox 1434 287 2645 373; baseline -0.001 -22"><span class='ocrx_word' id='word_1_3' title='bbox 1434 293 1492 351; x_wconf 88' lang='lat' dir='ltr'><strong>S.</strong></span> <span class='ocrx_word' id='word_1_4' title='bbox 1535 289 1919 373; x_wconf 76' lang='lat' dir='ltr'><strong>HIERONYMI</strong></span> <span class='ocrx_word' id='word_1_5' title='bbox 1954 287 2243 349; x_wconf 79' lang='lat' dir='ltr'><strong>OPERUM</strong></span> <span class='ocrx_word' id='word_1_6' title='bbox 2280 292 2645 352; x_wconf 75' lang='lat' dir='ltr'><strong>MANTISSA.</strong></span> 
     </span>
    </p>
   </div>
   <div class='ocr_carea' id='block_1_3' title="bbox 3579 293 3677 351">
    <p class='ocr_par' dir='ltr' id='par_1_3' title="bbox 3579 293 3677 351">
     <span class='ocr_line' id='line_1_3' title="bbox 3579 293 3677 351; baseline -0.02 0"><span class='ocrx_word' id='word_1_7' title='bbox 3579 293 3677 351; x_wconf 59' lang='lat' dir='ltr'><strong>86L</strong></span> 
     </span>
    </p>
   </div>
   <div class='ocr_carea' id='block_1_4' title="bbox 400 407 3683 490">
    <p class='ocr_par' dir='ltr' id='par_1_4' title="bbox 400 407 3683 490">
     <span class='ocr_line' id='line_1_4' title="bbox 400 407 3683 490; baseline -0.003 -17"><span class='ocrx_word' id='word_1_8' title='bbox 400 419 704 490; x_wconf 87' lang='lat' dir='ltr'><strong>profectum</strong></span> <span class='ocrx_word' id='word_1_9' title='bbox 726 423 967 472; x_wconf 88' lang='lat' dir='ltr'><strong>vestrum</strong></span> <span class='ocrx_word' id='word_1_10' title='bbox 1011 411 1175 468; x_wconf 88' lang='lat' dir='ltr'><strong>etiam</strong></span> <span class='ocrx_word' id='word_1_11' title='bbox 1204 410 1272 467; x_wconf 89' lang='lat' dir='ltr'><strong>ab</strong></span> <span class='ocrx_word' id='word_1_12' title='bbox 1296 409 1503 467; x_wconf 93' lang='lat' dir='ltr'><strong>illicitis</strong></span> <span class='ocrx_word' id='word_1_13' title='bbox 1542 408 1907 473; x_wconf 86' lang='lat' dir='ltr'><strong>abstinentes,</strong></span> <span class='ocrx_word' id='word_1_14' title='bbox 1935 416 1997 464; x_wconf 88' lang='lat' dir='ltr'><strong>ut</strong></span> <span class='ocrx_word' id='word_1_15' title='bbox 2020 411 2074 469; x_wconf 76' lang='grc' dir='ltr'>Α</span> <span class='ocrx_word' id='word_1_16' title='bbox 2172 408 2280 465; x_wconf 99' lang='lat' dir='ltr'><strong>Sed</strong></span> <span class='ocrx_word' id='word_1_17' title='bbox 2308 411 2438 464; x_wconf 98' lang='lat' dir='ltr'><strong><em>sicut</em></strong></span> <span class='ocrx_word' id='word_1_18' title='bbox 2466 410 2670 482; x_wconf 88' lang='lat' dir='ltr'><strong><em>probati</em></strong></span> <span class='ocrx_word' id='word_1_19' title='bbox 2699 425 2877 464; x_wconf 87' lang='lat' dir='ltr'><strong><em>sumus</em></strong></span> <span class='ocrx_word' id='word_1_20' title='bbox 2905 425 2936 463; x_wconf 92' lang='lat' dir='ltr'><strong>a</strong></span> <span class='ocrx_word' id='word_1_21' title='bbox 2966 407 3098 477; x_wconf 76' lang='lat' dir='ltr'><strong><em>Deo,</em></strong></span> <span class='ocrx_word' id='word_1_22' title='bbox 3122 417 3177 463; x_wconf 89' lang='lat' dir='ltr'><strong>ut</strong></span> <span class='ocrx_word' id='word_1_23' title='bbox 3205 409 3504 465; x_wconf 74' lang='lat' dir='ltr'><strong><em>crederetur</em></strong></span> <span class='ocrx_word' id='word_1_24' title='bbox 3538 424 3569 463; x_wconf 92' lang='lat' dir='ltr'><strong>a</strong></span> <span class='ocrx_word' id='word_1_25' title='bbox 3595 426 3683 464; x_wconf 70' lang='lat' dir='ltr'><strong>no.</strong></span> 
     </span>
    </p>
   </div>
   <div class='ocr_carea' id='block_1_5' title="bbox 409 509 998 569">
    <p class='ocr_par' dir='ltr' id='par_1_5' title="bbox 409 509 998 569">
     <span class='ocr_line' id='line_1_5' title="bbox 409 509 998 569; baseline -0.01 -1"><span class='ocrx_word' id='word_1_26' title='bbox 409 511 640 569; x_wconf 89' lang='lat' dir='ltr'><strong>inferius</strong></span> <span class='ocrx_word' id='word_1_27' title='bbox 664 509 998 566; x_wconf 73' lang='lat' dir='ltr'><strong>continetur.</strong></span> 
     </span>
    </p>
   </div>
   <div class='ocr_carea' id='block_1_6' title="bbox 450 596 1997 667">
    <p class='ocr_par' dir='ltr' id='par_1_6' title="bbox 450 596 1997 667">
     <span class='ocr_line' id='line_1_6' title="bbox 450 596 1997 667; baseline -0.003 -10"><span class='ocrx_word' id='word_1_28' title='bbox 450 601 554 657; x_wconf 80' lang='lat' dir='ltr'><strong>~Et</strong></span> <span class='ocrx_word' id='word_1_29' title='bbox 598 617 685 656; x_wconf 84' lang='lat' dir='ltr'><strong>vos</strong></span> <span class='ocrx_word' id='word_1_30' title='bbox 733 600 1020 653; x_wconf 75' lang='lat' dir='ltr'><strong>imitatores</strong></span> <span class='ocrx_word' id='word_1_31' title='bbox 1065 597 1229 653; x_wconf 90' lang='lat' dir='ltr'><strong><em>nostri</em></strong></span> <span class='ocrx_word' id='word_1_32' title='bbox 1275 597 1402 667; x_wconf 77' lang='lat' dir='ltr'><strong><em>{acti</em></strong></span> <span class='ocrx_word' id='word_1_33' title='bbox 1445 597 1569 652; x_wconf 89' lang='lat' dir='ltr'><strong><em>estis</em></strong></span> <span class='ocrx_word' id='word_1_34' title='bbox 1600 605 1648 650; x_wconf 89' lang='lat' dir='ltr'><strong>et</strong></span> <span class='ocrx_word' id='word_1_35' title='bbox 1676 596 1910 653; x_wconf 82' lang='lat' dir='ltr'><strong>Domini.</strong></span> <span class='ocrx_word' id='word_1_36' title='bbox 1936 597 1997 653; x_wconf 92' lang='lat' dir='ltr'><strong>In</strong></span> 
     </span>
    </p>
   </div>
   <div class='ocr_carea' id='block_1_7' title="bbox 406 689 2001 767">
    <p class='ocr_par' dir='ltr' id='par_1_7' title="bbox 406 689 2001 767">
     <span class='ocr_line' id='line_1_7' title="bbox 406 689 2001 767; baseline -0.002 -18"><span class='ocrx_word' id='word_1_37' title='bbox 406 694 757 767; x_wconf 88' lang='lat' dir='ltr'><strong>passionibus</strong></span> <span class='ocrx_word' id='word_1_38' title='bbox 792 692 1019 747; x_wconf 87' lang='lat' dir='ltr'><strong>verbum</strong></span> <span class='ocrx_word' id='word_1_39' title='bbox 1050 691 1409 761; x_wconf 77' lang='lat' dir='ltr'><strong>suscipientes</strong></span> <span class='ocrx_word' id='word_1_40' title='bbox 1441 707 1457 745; x_wconf 88' lang='lat'><strong>:</strong></span> <span class='ocrx_word' id='word_1_41' title='bbox 1508 690 1648 745; x_wconf 89' lang='lat' dir='ltr'><strong>sicut</strong></span> <span class='ocrx_word' id='word_1_42' title='bbox 1690 698 1746 746; x_wconf 92' lang='lat' dir='ltr'><strong>et</strong></span> <span class='ocrx_word' id='word_1_43' title='bbox 1773 704 1873 746; x_wconf 91' lang='lat' dir='ltr'><strong>nos</strong></span> <span class='ocrx_word' id='word_1_44' title='bbox 1902 689 2001 746; x_wconf 78' lang='lat' dir='ltr'><strong>do-</strong></span> 
     </span>
    </p>
   </div>
   <div class='ocr_carea' id='block_1_8' title="bbox 406 784 1394 856">
    <p class='ocr_par' dir='ltr' id='par_1_8' title="bbox 406 784 1394 856">
     <span class='ocr_line' id='line_1_8' title="bbox 406 784 1394 856; baseline -0.005 -14"><span class='ocrx_word' id='word_1_45' title='bbox 406 787 643 853; x_wconf 90' lang='lat' dir='ltr'><strong>cuimus,</strong></span> <span class='ocrx_word' id='word_1_46' title='bbox 676 795 732 842; x_wconf 91' lang='lat' dir='ltr'><strong>et</strong></span> <span class='ocrx_word' id='word_1_47' title='bbox 758 785 1025 841; x_wconf 88' lang='lat' dir='ltr'><strong>Dominus</strong></span> <span class='ocrx_word' id='word_1_48' title='bbox 1056 784 1394 856; x_wconf 81' lang='lat' dir='ltr'><strong>praedicavit.</strong></span> 
     </span>
    </p>
   </div>
   <div class='ocr_carea' id='block_1_9' title="bbox 482 876 2003 953">
    <p class='ocr_par' dir='ltr' id='par_1_9' title="bbox 482 876 2003 953">
     <span class='ocr_line' id='line_1_9' title="bbox 482 876 2003 953; baseline -0.003 -18"><span class='ocrx_word' id='word_1_49' title='bbox 482 880 810 953; x_wconf 73' lang='lat' dir='ltr'><strong><em>Excipientes</em></strong></span> <span class='ocrx_word' id='word_1_50' title='bbox 835 880 1040 934; x_wconf 85' lang='lat' dir='ltr'><strong><em>verbum</em></strong></span> <span class='ocrx_word' id='word_1_51' title='bbox 1063 880 1117 931; x_wconf 90' lang='lat' dir='ltr'><strong>in</strong></span> <span class='ocrx_word' id='word_1_52' title='bbox 1147 878 1485 933; x_wconf 76' lang='lat' dir='ltr'><strong>tribulatione</strong></span> <span class='ocrx_word' id='word_1_53' title='bbox 1510 876 1695 944; x_wconf 88' lang='lat' dir='ltr'><strong><em>multa,</em></strong></span> <span class='ocrx_word' id='word_1_54' title='bbox 1728 892 1847 931; x_wconf 90' lang='lat' dir='ltr'><strong>cum</strong></span> <span class='ocrx_word' id='word_1_55' title='bbox 1876 892 2003 947; x_wconf 87' lang='lat' dir='ltr'><strong><em>gau-</em></strong></span> 
     </span>
    </p>
   </div>
   <div class='ocr_carea' id='block_1_10' title="bbox 413 966 2004 1041">
    <p class='ocr_par' dir='ltr' id='par_1_10' title="bbox 413 966 2004 1041">
     <span class='ocr_line' id='line_1_10' title="bbox 413 966 2004 1041; baseline -0.003 -14"><span class='ocrx_word' id='word_1_56' title='bbox 413 972 501 1027; x_wconf 89' lang='lat' dir='ltr'><strong>dio</strong></span> <span class='ocrx_word' id='word_1_57' title='bbox 528 972 764 1041; x_wconf 74' lang='lat' dir='ltr'><strong><em>Spiritus</em></strong></span> <span class='ocrx_word' id='word_1_58' title='bbox 792 971 979 1025; x_wconf 88' lang='lat' dir='ltr'><strong><em>sancti.</em></strong></span> <span class='ocrx_word' id='word_1_59' title='bbox 1014 969 1127 1025; x_wconf 84' lang='lat' dir='ltr'><strong>Hoc</strong></span> <span class='ocrx_word' id='word_1_60' title='bbox 1172 977 1287 1038; x_wconf 89' lang='lat' dir='ltr'><strong>est,</strong></span> <span class='ocrx_word' id='word_1_61' title='bbox 1316 984 1448 1024; x_wconf 80' lang='lat' dir='ltr'><strong>vere</strong></span> <span class='ocrx_word' id='word_1_62' title='bbox 1496 968 1548 1023; x_wconf 93' lang='lat' dir='ltr'><strong>in</strong></span> <span class='ocrx_word' id='word_1_63' title='bbox 1581 966 1790 1037; x_wconf 88' lang='lat' dir='ltr'><strong>Spiritu</strong></span> <span class='ocrx_word' id='word_1_64' title='bbox 1815 976 2004 1023; x_wconf 88' lang='lat' dir='ltr'><strong>sancto</strong></span> 
     </span>
    </p>
   </div>
   <div class='ocr_carea' id='block_1_11' title="bbox 414 1058 1766 1135">
    <p class='ocr_par' dir='ltr' id='par_1_11' title="bbox 414 1058 1766 1135">
     <span class='ocr_line' id='line_1_11' title="bbox 414 1058 1766 1135; baseline -0.004 -16"><span class='ocrx_word' id='word_1_65' title='bbox 414 1064 651 1135; x_wconf 79' lang='lat' dir='ltr'><strong>gaudete</strong></span> <span class='ocrx_word' id='word_1_66' title='bbox 680 1080 694 1116; x_wconf 89' lang='lat'><strong>:</strong></span> <span class='ocrx_word' id='word_1_67' title='bbox 727 1062 868 1117; x_wconf 90' lang='lat' dir='ltr'><strong>sicut</strong></span> <span class='ocrx_word' id='word_1_68' title='bbox 894 1071 952 1118; x_wconf 89' lang='lat' dir='ltr'><strong>et</strong></span> <span class='ocrx_word' id='word_1_69' title='bbox 979 1060 1258 1133; x_wconf 81' lang='lat' dir='ltr'><strong>apostolos</strong></span> <span class='ocrx_word' id='word_1_70' title='bbox 1287 1058 1482 1116; x_wconf 81' lang='lat' dir='ltr'><strong>fecisse</strong></span> <span class='ocrx_word' id='word_1_71' title='bbox 1513 1060 1766 1130; x_wconf 76' lang='lat' dir='ltr'><strong>legimus.</strong></span> 
     </span>
    </p>
   </div>
   <div class='ocr_carea' id='block_1_12' title="bbox 490 1149 2006 1224">
    <p class='ocr_par' dir='ltr' id='par_1_12' title="bbox 490 1149 2006 1224">
     <span class='ocr_line' id='line_1_12' title="bbox 490 1149 2006 1224; baseline -0.003 -15"><span class='ocrx_word' id='word_1_72' title='bbox 490 1154 577 1210; x_wconf 89' lang='lat' dir='ltr'><strong><em>Ita</em></strong></span> <span class='ocrx_word' id='word_1_73' title='bbox 602 1162 658 1209; x_wconf 87' lang='lat' dir='ltr'><strong><em>ut</em></strong></span> <span class='ocrx_word' id='word_1_74' title='bbox 685 1155 811 1221; x_wconf 77' lang='lat' dir='ltr'><strong><em>[acti</em></strong></span> <span class='ocrx_word' id='word_1_75' title='bbox 832 1154 943 1208; x_wconf 89' lang='lat' dir='ltr'><strong><em>sitis</em></strong></span> <span class='ocrx_word' id='word_1_76' title='bbox 983 1154 1156 1224; x_wconf 79' lang='lat' dir='ltr'><strong><em>forma</em></strong></span> <span class='ocrx_word' id='word_1_77' title='bbox 1184 1152 1422 1207; x_wconf 86' lang='lat' dir='ltr'><strong><em>omnibus</em></strong></span> <span class='ocrx_word' id='word_1_78' title='bbox 1450 1150 1770 1206; x_wconf 78' lang='lat' dir='ltr'><strong><em>credentibus</em></strong></span> <span class='ocrx_word' id='word_1_79' title='bbox 1800 1151 1855 1204; x_wconf 89' lang='lat' dir='ltr'><strong>in</strong></span> <span class='ocrx_word' id='word_1_80' title='bbox 1886 1149 2006 1205; x_wconf 73' lang='lat' dir='ltr'><strong>dfa-</strong></span> 
     </span>
    </p>
   </div>
   <div class='ocr_carea' id='block_1_13' title="bbox 421 1242 2010 1315">
    <p class='ocr_par' dir='ltr' id='par_1_13' title="bbox 421 1242 2010 1315">
     <span class='ocr_line' id='line_1_13' title="bbox 421 1242 2010 1315; baseline -0.004 -11"><span class='ocrx_word' id='word_1_81' title='bbox 421 1249 641 1305; x_wconf 89' lang='lat' dir='ltr'><strong><em>cedonia</em></strong></span> <span class='ocrx_word' id='word_1_82' title='bbox 669 1250 796 1302; x_wconf 87' lang='lat' dir='ltr'><strong><em>etin</em></strong></span> <span class='ocrx_word' id='word_1_83' title='bbox 828 1247 1045 1302; x_wconf 84' lang='lat' dir='ltr'><strong><em>Achaia.</em></strong></span> <span class='ocrx_word' id='word_1_84' title='bbox 1080 1246 1452 1301; x_wconf 86' lang='lat' dir='ltr'><strong>Perfectorum</strong></span> <span class='ocrx_word' id='word_1_85' title='bbox 1498 1243 1749 1315; x_wconf 77' lang='lat' dir='ltr'><strong>exempla</strong></span> <span class='ocrx_word' id='word_1_86' title='bbox 1774 1284 1791 1310; x_wconf 94' lang='lat'><strong>,</strong></span> <span class='ocrx_word' id='word_1_87' title='bbox 1838 1242 2010 1298; x_wconf 90' lang='lat' dir='ltr'><strong>forma</strong></span> 
     </span>
    </p>
   </div>
   <div class='ocr_carea' id='block_1_14' title="bbox 426 1336 2013 1407">
    <p class='ocr_par' dir='ltr' id='par_1_14' title="bbox 426 1336 2013 1407">
     <span class='ocr_line' id='line_1_14' title="bbox 426 1336 2013 1407; baseline -0.004 -9"><span class='ocrx_word' id='word_1_88' title='bbox 426 1341 684 1398; x_wconf 91' lang='lat' dir='ltr'><strong>omnibus</strong></span> <span class='ocrx_word' id='word_1_89' title='bbox 713 1340 1065 1396; x_wconf 86' lang='lat' dir='ltr'><strong>credentibus</strong></span> <span class='ocrx_word' id='word_1_90' title='bbox 1096 1338 1406 1395; x_wconf 79' lang='lat' dir='ltr'><strong>exhibetur.</strong></span> <span class='ocrx_word' id='word_1_91' title='bbox 1454 1336 1649 1393; x_wconf 84' lang='lat' dir='ltr'><strong>Vestro</strong></span> <span class='ocrx_word' id='word_1_92' title='bbox 1672 1350 1803 1407; x_wconf 89' lang='lat' dir='ltr'><strong>ergo</strong></span> <span class='ocrx_word' id='word_1_93' title='bbox 1828 1342 2013 1392; x_wconf 82' lang='lat' dir='ltr'><strong>exem-</strong></span> 
     </span>
    </p>
   </div>
   <div class='ocr_carea' id='block_1_15' title="bbox 428 1430 1441 1507">
    <p class='ocr_par' dir='ltr' id='par_1_15' title="bbox 428 1430 1441 1507">
     <span class='ocr_line' id='line_1_15' title="bbox 428 1430 1441 1507; baseline -0.004 -18"><span class='ocrx_word' id='word_1_94' title='bbox 428 1436 522 1507; x_wconf 91' lang='lat' dir='ltr'><strong>plo</strong></span> <span class='ocrx_word' id='word_1_95' title='bbox 553 1434 716 1491; x_wconf 89' lang='lat' dir='ltr'><strong>etiam</strong></span> <span class='ocrx_word' id='word_1_96' title='bbox 747 1434 1039 1504; x_wconf 68' lang='lat' dir='ltr'><strong>provinciae</strong></span> <span class='ocrx_word' id='word_1_97' title='bbox 1075 1430 1441 1504; x_wconf 88' lang='lat' dir='ltr'><strong>profecerunt.</strong></span> 
     </span>
    </p>
   </div>
   <div class='ocr_carea' id='block_1_16' title="bbox 496 1522 2016 1593">
    <p class='ocr_par' dir='ltr' id='par_1_16' title="bbox 496 1522 2016 1593">
     <span class='ocr_line' id='line_1_16' title="bbox 496 1522 2016 1593; baseline -0.005 -10"><span class='ocrx_word' id='word_1_98' title='bbox 496 1528 541 1582; x_wconf 81' lang='grc' dir='ltr'><em>Α</em></span> <span class='ocrx_word' id='word_1_99' title='bbox 568 1528 709 1582; x_wconf 82' lang='lat' dir='ltr'><strong><em>vobis</em></strong></span> <span class='ocrx_word' id='word_1_100' title='bbox 739 1528 873 1581; x_wconf 90' lang='lat' dir='ltr'><strong><em>enim</em></strong></span> <span class='ocrx_word' id='word_1_101' title='bbox 900 1524 1198 1593; x_wconf 76' lang='lat' dir='ltr'><strong><em>diffamatus</em></strong></span> <span class='ocrx_word' id='word_1_102' title='bbox 1224 1534 1295 1580; x_wconf 88' lang='lat' dir='ltr'><strong>est</strong></span> <span class='ocrx_word' id='word_1_103' title='bbox 1336 1540 1500 1579; x_wconf 87' lang='lat' dir='ltr'><strong><em>sermo</em></strong></span> <span class='ocrx_word' id='word_1_104' title='bbox 1526 1522 1760 1590; x_wconf 86' lang='lat' dir='ltr'><strong><em>Domini,</em></strong></span> <span class='ocrx_word' id='word_1_105' title='bbox 1794 1538 1898 1576; x_wconf 90' lang='lat' dir='ltr'><strong>non</strong></span> <span class='ocrx_word' id='word_1_106' title='bbox 1931 1538 2016 1575; x_wconf 89' lang='lat' dir='ltr'><strong><em>so-</em></strong></span> 
     </span>
    </p>
   </div>
   <div class='ocr_carea' id='block_1_17' title="bbox 426 1612 2019 1685">
    <p class='ocr_par' dir='ltr' id='par_1_17' title="bbox 426 1612 2019 1685">
     <span class='ocr_line' id='line_1_17' title="bbox 426 1612 2019 1685; baseline -0.004 -10"><span class='ocrx_word' id='word_1_107' title='bbox 426 1621 536 1675; x_wconf 89' lang='lat' dir='ltr'><strong>lum</strong></span> <span class='ocrx_word' id='word_1_108' title='bbox 556 1622 608 1675; x_wconf 90' lang='lat' dir='ltr'><strong>in</strong></span> <span class='ocrx_word' id='word_1_109' title='bbox 637 1618 949 1675; x_wconf 84' lang='lat' dir='ltr'><strong><em>Macedonia</em></strong></span> <span class='ocrx_word' id='word_1_110' title='bbox 973 1630 1018 1673; x_wconf 91' lang='lat' dir='ltr'><strong>et</strong></span> <span class='ocrx_word' id='word_1_111' title='bbox 1048 1620 1103 1673; x_wconf 90' lang='lat' dir='ltr'><strong>in</strong></span> <span class='ocrx_word' id='word_1_112' title='bbox 1122 1618 1338 1685; x_wconf 82' lang='lat' dir='ltr'><strong><em>Achaia,</em></strong></span> <span class='ocrx_word' id='word_1_113' title='bbox 1370 1617 1460 1672; x_wconf 88' lang='lat' dir='ltr'><strong>sed</strong></span> <span class='ocrx_word' id='word_1_114' title='bbox 1486 1617 1539 1670; x_wconf 91' lang='lat' dir='ltr'><strong>in</strong></span> <span class='ocrx_word' id='word_1_115' title='bbox 1570 1616 1710 1670; x_wconf 90' lang='lat' dir='ltr'><strong><em>omni</em></strong></span> <span class='ocrx_word' id='word_1_116' title='bbox 1749 1615 1883 1669; x_wconf 91' lang='lat' dir='ltr'><strong><em>loco.</em></strong></span> <span class='ocrx_word' id='word_1_117' title='bbox 1912 1612 2019 1669; x_wconf 85' lang='lat' dir='ltr'><strong>Na-</strong></span> 
     </span>
    </p>
   </div>
   <div class='ocr_carea' id='block_1_18' title="bbox 427 1708 2020 1781">
    <p class='ocr_par' dir='ltr' id='par_1_18' title="bbox 427 1708 2020 1781">
     <span class='ocr_line' id='line_1_18' title="bbox 427 1708 2020 1781; baseline -0.005 -12"><span class='ocrx_word' id='word_1_118' title='bbox 427 1722 548 1770; x_wconf 85' lang='lat' dir='ltr'><strong>tura</strong></span> <span class='ocrx_word' id='word_1_119' title='bbox 580 1716 733 1769; x_wconf 66' lang='lat' dir='ltr'><strong>famae</strong></span> <span class='ocrx_word' id='word_1_120' title='bbox 765 1714 882 1769; x_wconf 63' lang='lat' dir='ltr'><strong>haec</strong></span> <span class='ocrx_word' id='word_1_121' title='bbox 909 1723 1015 1781; x_wconf 90' lang='lat' dir='ltr'><strong>est,</strong></span> <span class='ocrx_word' id='word_1_122' title='bbox 1045 1722 1107 1767; x_wconf 90' lang='lat' dir='ltr'><strong>ut</strong></span> <span class='ocrx_word' id='word_1_123' title='bbox 1130 1714 1247 1767; x_wconf 89' lang='lat' dir='ltr'><strong>sive</strong></span> <span class='ocrx_word' id='word_1_124' title='bbox 1269 1712 1492 1777; x_wconf 91' lang='lat' dir='ltr'><strong>bonum,</strong></span> <span class='ocrx_word' id='word_1_125' title='bbox 1523 1710 1637 1765; x_wconf 87' lang='lat' dir='ltr'><strong>sive</strong></span> <span class='ocrx_word' id='word_1_126' title='bbox 1663 1708 1862 1764; x_wconf 90' lang='lat' dir='ltr'><strong>malum</strong></span> <span class='ocrx_word' id='word_1_127' title='bbox 1882 1724 2020 1763; x_wconf 90' lang='lat' dir='ltr'><strong>nun-</strong></span> 
     </span>
    </p>
   </div>
   <div class='ocr_carea' id='block_1_19' title="bbox 428 1802 1623 1877">
    <p class='ocr_par' dir='ltr' id='par_1_19' title="bbox 428 1802 1623 1877">
     <span class='ocr_line' id='line_1_19' title="bbox 428 1802 1623 1877; baseline -0.006 -15"><span class='ocrx_word' id='word_1_128' title='bbox 428 1808 557 1871; x_wconf 89' lang='lat' dir='ltr'><strong>tias,</strong></span> <span class='ocrx_word' id='word_1_129' title='bbox 590 1806 795 1877; x_wconf 85' lang='lat' dir='ltr'><strong>ubique</strong></span> <span class='ocrx_word' id='word_1_130' title='bbox 824 1806 971 1860; x_wconf 92' lang='lat' dir='ltr'><strong>omni</strong></span> <span class='ocrx_word' id='word_1_131' title='bbox 1007 1804 1287 1859; x_wconf 85' lang='lat' dir='ltr'><strong>celeritate</strong></span> <span class='ocrx_word' id='word_1_132' title='bbox 1328 1802 1623 1858; x_wconf 87' lang='lat' dir='ltr'><strong>discurrat.</strong></span> 
     </span>
    </p>
   </div>
   <div class='ocr_carea' id='block_1_20' title="bbox 499 1895 2021 1972">
    <p class='ocr_par' dir='ltr' id='par_1_20' title="bbox 499 1895 2021 1972">
     <span class='ocr_line' id='line_1_20' title="bbox 499 1895 2021 1972; baseline -0.004 -17"><span class='ocrx_word' id='word_1_133' title='bbox 499 1900 661 1956; x_wconf 82' lang='lat' dir='ltr'><strong><em>Fides</em></strong></span> <span class='ocrx_word' id='word_1_134' title='bbox 690 1908 863 1955; x_wconf 86' lang='lat' dir='ltr'><strong><em>vestra</em></strong></span> <span class='ocrx_word' id='word_1_135' title='bbox 886 1916 1003 1972; x_wconf 73' lang='lat' dir='ltr'><strong><em>qua:</em></strong></span> <span class='ocrx_word' id='word_1_136' title='bbox 1031 1908 1105 1953; x_wconf 89' lang='lat' dir='ltr'><strong>est</strong></span> <span class='ocrx_word' id='word_1_137' title='bbox 1131 1898 1199 1951; x_wconf 91' lang='lat' dir='ltr'><strong>ad</strong></span> <span class='ocrx_word' id='word_1_138' title='bbox 1223 1895 1417 1966; x_wconf 90' lang='lat' dir='ltr'><strong><em>Deum,</em></strong></span> <span class='ocrx_word' id='word_1_139' title='bbox 1465 1896 1696 1967; x_wconf 79' lang='lat' dir='ltr'><strong><em>profecta</em></strong></span> <span class='ocrx_word' id='word_1_140' title='bbox 1725 1904 1821 1950; x_wconf 89' lang='lat' dir='ltr'><strong><em>est.</em></strong></span> <span class='ocrx_word' id='word_1_141' title='bbox 1851 1896 1895 1950; x_wconf 85' lang='lat' dir='ltr'><strong>A</strong></span> <span class='ocrx_word' id='word_1_142' title='bbox 1926 1909 2021 1949; x_wconf 90' lang='lat' dir='ltr'><strong>vo-</strong></span> 
     </span>
    </p>
   </div>
   <div class='ocr_carea' id='block_1_21' title="bbox 428 1994 1130 2052">
    <p class='ocr_par' dir='ltr' id='par_1_21' title="bbox 428 1994 1130 2052">
     <span class='ocr_line' id='line_1_21' title="bbox 428 1994 1130 2052; baseline -0.007 -1"><span class='ocrx_word' id='word_1_143' title='bbox 428 1994 514 2052; x_wconf 85' lang='lat' dir='ltr'><strong>bis</strong></span> <span class='ocrx_word' id='word_1_144' title='bbox 542 1994 610 2050; x_wconf 89' lang='lat' dir='ltr'><strong>ad</strong></span> <span class='ocrx_word' id='word_1_145' title='bbox 645 1996 813 2051; x_wconf 90' lang='lat' dir='ltr'><strong>Deum</strong></span> <span class='ocrx_word' id='word_1_146' title='bbox 840 2008 1130 2049; x_wconf 89' lang='lat' dir='ltr'><strong>conversa.</strong></span> 
     </span>
    </p>
   </div>
   <div class='ocr_carea' id='block_1_22' title="bbox 501 2079 2024 2154">
    <p class='ocr_par' dir='ltr' id='par_1_22' title="bbox 501 2079 2024 2154">
     <span class='ocr_line' id='line_1_22' title="bbox 501 2079 2024 2154; baseline -0.005 -12"><span class='ocrx_word' id='word_1_147' title='bbox 501 2088 588 2142; x_wconf 87' lang='lat' dir='ltr'><strong><em>Ita</em></strong></span> <span class='ocrx_word' id='word_1_148' title='bbox 618 2098 677 2143; x_wconf 86' lang='lat' dir='ltr'><strong>ut</strong></span> <span class='ocrx_word' id='word_1_149' title='bbox 700 2103 801 2142; x_wconf 88' lang='lat' dir='ltr'><strong>non</strong></span> <span class='ocrx_word' id='word_1_150' title='bbox 847 2087 912 2142; x_wconf 89' lang='lat' dir='ltr'><strong>sit</strong></span> <span class='ocrx_word' id='word_1_151' title='bbox 942 2088 1088 2140; x_wconf 87' lang='lat' dir='ltr'><strong><em>nobis</em></strong></span> <span class='ocrx_word' id='word_1_152' title='bbox 1112 2100 1320 2140; x_wconf 89' lang='lat' dir='ltr'><strong><em>necesse</em></strong></span> <span class='ocrx_word' id='word_1_153' title='bbox 1347 2082 1631 2154; x_wconf 88' lang='lat' dir='ltr'><strong><em>quidquam</em></strong></span> <span class='ocrx_word' id='word_1_154' title='bbox 1658 2079 1820 2151; x_wconf 85' lang='lat' dir='ltr'><strong>loqui.</strong></span> <span class='ocrx_word' id='word_1_155' title='bbox 1857 2079 1916 2135; x_wconf 89' lang='lat' dir='ltr'><strong>Id</strong></span> <span class='ocrx_word' id='word_1_156' title='bbox 1962 2088 2024 2135; x_wconf 88' lang='lat' dir='ltr'><strong>ut</strong></span> 
     </span>
    </p>
   </div>
   <div class='ocr_carea' id='block_1_23' title="bbox 439 2169 2023 2248">
    <p class='ocr_par' dir='ltr' id='par_1_23' title="bbox 439 2169 2023 2248">
     <span class='ocr_line' id='line_1_23' title="bbox 439 2169 2023 2248; baseline -0.008 -11"><span class='ocrx_word' id='word_1_157' title='bbox 439 2180 595 2237; x_wconf 91' lang='lat' dir='ltr'><strong>nobis</strong></span> <span class='ocrx_word' id='word_1_158' title='bbox 628 2177 1029 2248; x_wconf 85' lang='lat' dir='ltr'><strong>incipientibus,</strong></span> <span class='ocrx_word' id='word_1_159' title='bbox 1055 2174 1258 2246; x_wconf 88' lang='lat' dir='ltr'><strong>aliquid</strong></span> <span class='ocrx_word' id='word_1_160' title='bbox 1289 2175 1356 2230; x_wconf 90' lang='lat' dir='ltr'><strong>de</strong></span> <span class='ocrx_word' id='word_1_161' title='bbox 1384 2184 1567 2230; x_wconf 87' lang='lat' dir='ltr'><strong>vestro</strong></span> <span class='ocrx_word' id='word_1_162' title='bbox 1596 2172 1849 2243; x_wconf 80' lang='lat' dir='ltr'><strong>exemplo</strong></span> <span class='ocrx_word' id='word_1_163' title='bbox 1868 2213 1886 2241; x_wconf 93' lang='lat'><strong>,</strong></span> <span class='ocrx_word' id='word_1_164' title='bbox 1920 2169 2023 2243; x_wconf 89' lang='lat' dir='ltr'><strong>ipsi</strong></span> 
     </span>
    </p>
   </div>
   <div class='ocr_carea' id='block_1_24' title="bbox 431 2269 1125 2343">
    <p class='ocr_par' dir='ltr' id='par_1_24' title="bbox 431 2269 1125 2343">
     <span class='ocr_line' id='line_1_24' title="bbox 431 2269 1125 2343; baseline -0.01 -14"><span class='ocrx_word' id='word_1_165' title='bbox 431 2273 637 2343; x_wconf 89' lang='lat' dir='ltr'><strong>optime</strong></span> <span class='ocrx_word' id='word_1_166' title='bbox 664 2271 807 2327; x_wconf 89' lang='lat' dir='ltr'><strong>scire</strong></span> <span class='ocrx_word' id='word_1_167' title='bbox 829 2285 889 2326; x_wconf 90' lang='lat' dir='ltr'><strong>se</strong></span> <span class='ocrx_word' id='word_1_168' title='bbox 917 2269 1125 2325; x_wconf 86' lang='lat' dir='ltr'><strong>dicant.</strong></span> 
     </span>
    </p>
   </div>
   <div class='ocr_carea' id='block_1_25' title="bbox 505 2356 2026 2435">
    <p class='ocr_par' dir='ltr' id='par_1_25' title="bbox 505 2356 2026 2435">
     <span class='ocr_line' id='line_1_25' title="bbox 505 2356 2026 2435; baseline -0.005 -17"><span class='ocrx_word' id='word_1_169' title='bbox 505 2365 618 2435; x_wconf 85' lang='lat' dir='ltr'><strong><em>Ipsi</em></strong></span> <span class='ocrx_word' id='word_1_170' title='bbox 646 2366 786 2418; x_wconf 83' lang='lat' dir='ltr'><strong><em>enim</em></strong></span> <span class='ocrx_word' id='word_1_171' title='bbox 827 2363 891 2417; x_wconf 89' lang='lat' dir='ltr'><strong>de</strong></span> <span class='ocrx_word' id='word_1_172' title='bbox 927 2362 1074 2416; x_wconf 89' lang='lat' dir='ltr'><strong><em>nobis</em></strong></span> <span class='ocrx_word' id='word_1_173' title='bbox 1111 2360 1424 2414; x_wconf 89' lang='lat' dir='ltr'><strong><em>annuntiant</em></strong></span> <span class='ocrx_word' id='word_1_174' title='bbox 1454 2400 1469 2424; x_wconf 96' lang='lat'><strong><em>,</em></strong></span> <span class='ocrx_word' id='word_1_175' title='bbox 1510 2358 1717 2428; x_wconf 89' lang='lat' dir='ltr'><strong><em>qualem</em></strong></span> <span class='ocrx_word' id='word_1_176' title='bbox 1758 2356 2026 2411; x_wconf 83' lang='lat' dir='ltr'><strong><em>introitum</em></strong></span> 
     </span>
    </p>
   </div>
   <div class='ocr_carea' id='block_1_26' title="bbox 434 2447 2020 2523">
    <p class='ocr_par' dir='ltr' id='par_1_26' title="bbox 434 2447 2020 2523">
     <span class='ocr_line' id='line_1_26' title="bbox 434 2447 2020 2523; baseline -0.004 -13"><span class='ocrx_word' id='word_1_177' title='bbox 434 2456 764 2511; x_wconf 83' lang='lat' dir='ltr'><strong><em>habuerimus</em></strong></span> <span class='ocrx_word' id='word_1_178' title='bbox 779 2454 849 2508; x_wconf 89' lang='lat' dir='ltr'><strong>ad</strong></span> <span class='ocrx_word' id='word_1_179' title='bbox 870 2470 958 2508; x_wconf 91' lang='lat' dir='ltr'><strong>vos</strong></span> <span class='ocrx_word' id='word_1_180' title='bbox 973 2470 991 2509; x_wconf 93' lang='lat'><strong><em>:</em></strong></span> <span class='ocrx_word' id='word_1_181' title='bbox 1007 2462 1054 2507; x_wconf 88' lang='lat' dir='ltr'><strong>et</strong></span> <span class='ocrx_word' id='word_1_182' title='bbox 1076 2452 1336 2523; x_wconf 87' lang='lat' dir='ltr'><strong><em>quomodo</em></strong></span> <span class='ocrx_word' id='word_1_183' title='bbox 1356 2450 1589 2503; x_wconf 86' lang='lat' dir='ltr'><strong><em>conversi</em></strong></span> <span class='ocrx_word' id='word_1_184' title='bbox 1610 2450 1731 2503; x_wconf 83' lang='lat' dir='ltr'><strong><em>estis</em></strong></span> <span class='ocrx_word' id='word_1_185' title='bbox 1748 2449 1815 2503; x_wconf 91' lang='lat' dir='ltr'><strong>ad</strong></span> <span class='ocrx_word' id='word_1_186' title='bbox 1830 2447 2020 2503; x_wconf 85' lang='lat' dir='ltr'><strong><em>Deum.</em></strong></span> 
     </span>
    </p>
   </div>
   <div class='ocr_carea' id='block_1_27' title="bbox 434 2540 2027 2611">
    <p class='ocr_par' dir='ltr' id='par_1_27' title="bbox 434 2540 2027 2611">
     <span class='ocr_line' id='line_1_27' title="bbox 434 2540 2027 2611; baseline -0.003 -10"><span class='ocrx_word' id='word_1_187' title='bbox 434 2546 507 2601; x_wconf 81' lang='lat' dir='ltr'><strong>Et</strong></span> <span class='ocrx_word' id='word_1_188' title='bbox 560 2554 760 2600; x_wconf 79' lang='lat' dir='ltr'><strong>nostrae</strong></span> <span class='ocrx_word' id='word_1_189' title='bbox 801 2543 1127 2599; x_wconf 65' lang='lat' dir='ltr'><strong>constantiae</strong></span> <span class='ocrx_word' id='word_1_190' title='bbox 1154 2586 1168 2611; x_wconf 91' lang='lat'><strong>,</strong></span> <span class='ocrx_word' id='word_1_191' title='bbox 1246 2550 1304 2598; x_wconf 91' lang='lat' dir='ltr'><strong>et</strong></span> <span class='ocrx_word' id='word_1_192' title='bbox 1349 2550 1547 2597; x_wconf 72' lang='lat' dir='ltr'><strong>vestrae</strong></span> <span class='ocrx_word' id='word_1_193' title='bbox 1595 2540 2027 2597; x_wconf 84' lang='lat' dir='ltr'><strong>conversationis</strong></span> 
     </span>
    </p>
   </div>
   <div class='ocr_carea' id='block_1_28' title="bbox 437 2636 1235 2707">
    <p class='ocr_par' dir='ltr' id='par_1_28' title="bbox 437 2636 1235 2707">
     <span class='ocr_line' id='line_1_28' title="bbox 437 2636 1235 2707; baseline -0.004 -13"><span class='ocrx_word' id='word_1_194' title='bbox 437 2637 692 2694; x_wconf 90' lang='lat' dir='ltr'><strong>omnibus</strong></span> <span class='ocrx_word' id='word_1_195' title='bbox 720 2647 843 2692; x_wconf 89' lang='lat' dir='ltr'><strong>nota</strong></span> <span class='ocrx_word' id='word_1_196' title='bbox 867 2646 953 2694; x_wconf 90' lang='lat' dir='ltr'><strong>est</strong></span> <span class='ocrx_word' id='word_1_197' title='bbox 983 2636 1235 2707; x_wconf 88' lang='lat' dir='ltr'><strong>qualitas.</strong></span> 
     </span>
    </p>
   </div>
   <div class='ocr_carea' id='block_1_29' title="bbox 510 2730 2028 2797">
    <p class='ocr_par' dir='ltr' id='par_1_29' title="bbox 510 2730 2028 2797">
     <span class='ocr_line' id='line_1_29' title="bbox 510 2730 2028 2797; baseline 0 -10"><span class='ocrx_word' id='word_1_198' title='bbox 510 2735 556 2787; x_wconf 82' lang='lat' dir='ltr'><strong><em>A</em></strong></span> <span class='ocrx_word' id='word_1_199' title='bbox 575 2733 888 2797; x_wconf 83' lang='lat' dir='ltr'><strong><em>simulacris,</em></strong></span> <span class='ocrx_word' id='word_1_200' title='bbox 916 2733 1105 2787; x_wconf 84' lang='lat' dir='ltr'><strong><em>servire</em></strong></span> <span class='ocrx_word' id='word_1_201' title='bbox 1129 2730 1239 2786; x_wconf 93' lang='lat' dir='ltr'><strong>Deo</strong></span> <span class='ocrx_word' id='word_1_202' title='bbox 1265 2732 1376 2786; x_wconf 84' lang='lat' dir='ltr'><strong><em>vivo</em></strong></span> <span class='ocrx_word' id='word_1_203' title='bbox 1402 2741 1451 2786; x_wconf 87' lang='lat' dir='ltr'><strong>et</strong></span> <span class='ocrx_word' id='word_1_204' title='bbox 1490 2747 1629 2786; x_wconf 86' lang='lat' dir='ltr'><strong><em>vero.</em></strong></span> <span class='ocrx_word' id='word_1_205' title='bbox 1663 2730 2028 2787; x_wconf 87' lang='lat' dir='ltr'><strong>Simulacrum</strong></span> 
     </span>
    </p>
   </div>
   <div class='ocr_carea' id='block_1_30' title="bbox 436 2822 2032 2882">
    <p class='ocr_par' dir='ltr' id='par_1_30' title="bbox 436 2822 2032 2882">
     <span class='ocr_line' id='line_1_30' title="bbox 436 2822 2032 2882; baseline -0.002 -1"><span class='ocrx_word' id='word_1_206' title='bbox 436 2840 467 2881; x_wconf 89' lang='lat' dir='ltr'><strong>a</strong></span> <span class='ocrx_word' id='word_1_207' title='bbox 491 2824 804 2882; x_wconf 87' lang='lat' dir='ltr'><strong>simulando</strong></span> <span class='ocrx_word' id='word_1_208' title='bbox 832 2825 1049 2880; x_wconf 88' lang='lat' dir='ltr'><strong>dicitur.</strong></span> <span class='ocrx_word' id='word_1_209' title='bbox 1077 2823 1308 2879; x_wconf 88' lang='lat' dir='ltr'><strong>Pulchre</strong></span> <span class='ocrx_word' id='word_1_210' title='bbox 1329 2824 1396 2878; x_wconf 92' lang='lat' dir='ltr'><strong>ad</strong></span> <span class='ocrx_word' id='word_1_211' title='bbox 1429 2824 1596 2879; x_wconf 91' lang='lat' dir='ltr'><strong>Deum</strong></span> <span class='ocrx_word' id='word_1_212' title='bbox 1626 2838 1817 2878; x_wconf 88' lang='lat' dir='ltr'><strong>verum</strong></span> <span class='ocrx_word' id='word_1_213' title='bbox 1860 2830 1916 2878; x_wconf 91' lang='lat' dir='ltr'><strong>et</strong></span> <span class='ocrx_word' id='word_1_214' title='bbox 1953 2822 2032 2879; x_wconf 86' lang='lat' dir='ltr'><strong>vi-</strong></span> 
     </span>
    </p>
   </div>
   <div class='ocr_carea' id='block_1_31' title="bbox 436 2915 1846 2985">
    <p class='ocr_par' dir='ltr' id='par_1_31' title="bbox 436 2915 1846 2985">
     <span class='ocr_line' id='line_1_31' title="bbox 436 2915 1846 2985; baseline -0.004 -12"><span class='ocrx_word' id='word_1_215' title='bbox 436 2934 587 2985; x_wconf 91' lang='lat' dir='ltr'><strong>vum,</strong></span> <span class='ocrx_word' id='word_1_216' title='bbox 619 2934 667 2973; x_wconf 42' lang='lat' dir='ltr'><strong>a.</strong></span> <span class='ocrx_word' id='word_1_217' title='bbox 699 2918 849 2973; x_wconf 62' lang='lat' dir='ltr'><strong>falsis</strong></span> <span class='ocrx_word' id='word_1_218' title='bbox 879 2917 1117 2971; x_wconf 89' lang='lat' dir='ltr'><strong>dominis</strong></span> <span class='ocrx_word' id='word_1_219' title='bbox 1147 2916 1395 2971; x_wconf 86' lang='lat' dir='ltr'><strong>conversi</strong></span> <span class='ocrx_word' id='word_1_220' title='bbox 1422 2930 1545 2970; x_wconf 89' lang='lat' dir='ltr'><strong>esse</strong></span> <span class='ocrx_word' id='word_1_221' title='bbox 1571 2915 1846 2969; x_wconf 87' lang='lat' dir='ltr'><strong>dicuntur.</strong></span> 
     </span>
    </p>
   </div>
   <div class='ocr_carea' id='block_1_32' title="bbox 512 3006 2031 3081">
    <p class='ocr_par' dir='ltr' id='par_1_32' title="bbox 512 3006 2031 3081">
     <span class='ocr_line' id='line_1_32' title="bbox 512 3006 2031 3081; baseline -0.003 -18"><span class='ocrx_word' id='word_1_222' title='bbox 512 3009 581 3063; x_wconf 86' lang='lat' dir='ltr'><strong>Et</strong></span> <span class='ocrx_word' id='word_1_223' title='bbox 606 3018 905 3080; x_wconf 73' lang='lat' dir='ltr'><strong><em>exspectare</em></strong></span> <span class='ocrx_word' id='word_1_224' title='bbox 935 3006 1141 3062; x_wconf 85' lang='lat' dir='ltr'><strong><em>Filium</em></strong></span> <span class='ocrx_word' id='word_1_225' title='bbox 1157 3010 1270 3081; x_wconf 86' lang='lat' dir='ltr'><strong><em>ejus</em></strong></span> <span class='ocrx_word' id='word_1_226' title='bbox 1299 3007 1364 3061; x_wconf 90' lang='lat' dir='ltr'><strong>de</strong></span> <span class='ocrx_word' id='word_1_227' title='bbox 1386 3008 1555 3074; x_wconf 77' lang='lat' dir='ltr'><strong><em>caelis,</em></strong></span> <span class='ocrx_word' id='word_1_228' title='bbox 1589 3023 1740 3078; x_wconf 88' lang='lat' dir='ltr'><strong><em>quem</em></strong></span> <span class='ocrx_word' id='word_1_229' title='bbox 1768 3006 2031 3061; x_wconf 75' lang='lat' dir='ltr'><strong><em>suscitavit</em></strong></span> 
     </span>
    </p>
   </div>
   <div class='ocr_carea' id='block_1_33' title="bbox 439 3098 2027 3166">
    <p class='ocr_par' dir='ltr' id='par_1_33' title="bbox 439 3098 2027 3166">
     <span class='ocr_line' id='line_1_33' title="bbox 439 3098 2027 3166; baseline -0.003 -9"><span class='ocrx_word' id='word_1_230' title='bbox 439 3116 504 3157; x_wconf 73' lang='lat' dir='ltr'><strong>ea:</strong></span> <span class='ocrx_word' id='word_1_231' title='bbox 529 3102 765 3165; x_wconf 86' lang='lat' dir='ltr'><strong><em>mortuis,</em></strong></span> <span class='ocrx_word' id='word_1_232' title='bbox 811 3098 1013 3153; x_wconf 70' lang='lat' dir='ltr'><strong><em>Iesum.</em></strong></span> <span class='ocrx_word' id='word_1_233' title='bbox 1047 3098 1196 3154; x_wconf 80' lang='lat' dir='ltr'><strong>Talis</strong></span> <span class='ocrx_word' id='word_1_234' title='bbox 1219 3109 1325 3166; x_wconf 90' lang='lat' dir='ltr'><strong>est,</strong></span> <span class='ocrx_word' id='word_1_235' title='bbox 1356 3108 1417 3153; x_wconf 90' lang='lat' dir='ltr'><strong>ut</strong></span> <span class='ocrx_word' id='word_1_236' title='bbox 1461 3098 1793 3154; x_wconf 85' lang='lat' dir='ltr'><strong>fiducialiter</strong></span> <span class='ocrx_word' id='word_1_237' title='bbox 1821 3106 1877 3153; x_wconf 88' lang='lat' dir='ltr'><strong>et</strong></span> <span class='ocrx_word' id='word_1_238' title='bbox 1904 3112 2027 3153; x_wconf 88' lang='lat' dir='ltr'><strong>cum</strong></span> 
     </span>
    </p>
   </div>
   <div class='ocr_carea' id='block_1_34' title="bbox 438 3190 1592 3265">
    <p class='ocr_par' dir='ltr' id='par_1_34' title="bbox 438 3190 1592 3265">
     <span class='ocr_line' id='line_1_34' title="bbox 438 3190 1592 3265; baseline -0.003 -18"><span class='ocrx_word' id='word_1_239' title='bbox 438 3191 643 3265; x_wconf 86' lang='lat' dir='ltr'><strong>gaudio</strong></span> <span class='ocrx_word' id='word_1_240' title='bbox 672 3192 959 3247; x_wconf 87' lang='lat' dir='ltr'><strong>adventum</strong></span> <span class='ocrx_word' id='word_1_241' title='bbox 992 3190 1210 3246; x_wconf 90' lang='lat' dir='ltr'><strong>Domini</strong></span> <span class='ocrx_word' id='word_1_242' title='bbox 1240 3190 1592 3260; x_wconf 82' lang='lat' dir='ltr'><strong>exspectetis.</strong></span> 
     </span>
    </p>
   </div>
   <div class='ocr_carea' id='block_1_35' title="bbox 518 3284 2029 3357">
    <p class='ocr_par' dir='ltr' id='par_1_35' title="bbox 518 3284 2029 3357">
     <span class='ocr_line' id='line_1_35' title="bbox 518 3284 2029 3357; baseline -0.001 -18"><span class='ocrx_word' id='word_1_243' title='bbox 518 3285 620 3353; x_wconf 89' lang='lat' dir='ltr'><strong>Qui</strong></span> <span class='ocrx_word' id='word_1_244' title='bbox 644 3286 831 3357; x_wconf 76' lang='lat' dir='ltr'><strong><em>eripuit</em></strong></span> <span class='ocrx_word' id='word_1_245' title='bbox 859 3302 954 3340; x_wconf 91' lang='lat' dir='ltr'><strong>nos</strong></span> <span class='ocrx_word' id='word_1_246' title='bbox 980 3288 1043 3339; x_wconf 91' lang='lat' dir='ltr'><strong>ab</strong></span> <span class='ocrx_word' id='word_1_247' title='bbox 1067 3286 1145 3339; x_wconf 89' lang='lat' dir='ltr'><strong>ira</strong></span> <span class='ocrx_word' id='word_1_248' title='bbox 1163 3294 1396 3340; x_wconf 89' lang='lat' dir='ltr'><strong><em>ventura.</em></strong></span> <span class='ocrx_word' id='word_1_249' title='bbox 1426 3284 1756 3340; x_wconf 90' lang='lat' dir='ltr'><strong>Dimittendo</strong></span> <span class='ocrx_word' id='word_1_250' title='bbox 1784 3292 2029 3355; x_wconf 87' lang='lat' dir='ltr'><strong>peccata:</strong></span> 
     </span>
    </p>
   </div>
   <div class='ocr_carea' id='block_1_36' title="bbox 440 3376 2033 3446">
    <p class='ocr_par' dir='ltr' id='par_1_36' title="bbox 440 3376 2033 3446">
     <span class='ocr_line' id='line_1_36' title="bbox 440 3376 2033 3446; baseline 0 -13"><span class='ocrx_word' id='word_1_251' title='bbox 440 3386 497 3433; x_wconf 87' lang='lat' dir='ltr'><strong>et</strong></span> <span class='ocrx_word' id='word_1_252' title='bbox 524 3377 768 3433; x_wconf 87' lang='lat' dir='ltr'><strong>doctrina</strong></span> <span class='ocrx_word' id='word_1_253' title='bbox 795 3392 914 3444; x_wconf 86' lang='lat' dir='ltr'><strong>sua,</strong></span> <span class='ocrx_word' id='word_1_254' title='bbox 943 3386 997 3432; x_wconf 92' lang='lat' dir='ltr'><strong>et</strong></span> <span class='ocrx_word' id='word_1_255' title='bbox 1020 3377 1275 3446; x_wconf 84' lang='lat' dir='ltr'><strong>exemplo</strong></span> <span class='ocrx_word' id='word_1_256' title='bbox 1303 3377 1373 3431; x_wconf 88' lang='lat' dir='ltr'><strong>ab</strong></span> <span class='ocrx_word' id='word_1_257' title='bbox 1397 3377 1475 3432; x_wconf 91' lang='lat' dir='ltr'><strong>ira</strong></span> <span class='ocrx_word' id='word_1_258' title='bbox 1498 3392 1599 3433; x_wconf 90' lang='lat' dir='ltr'><strong>nos</strong></span> <span class='ocrx_word' id='word_1_259' title='bbox 1619 3376 1889 3433; x_wconf 82' lang='lat' dir='ltr'><strong>liberavit.</strong></span> <span class='ocrx_word' id='word_1_260' title='bbox 1914 3376 2033 3433; x_wconf 85' lang='lat' dir='ltr'><strong>Jam</strong></span> 
     </span>
    </p>
   </div>
   <div class='ocr_carea' id='block_1_37' title="bbox 444 3469 1433 3542">
    <p class='ocr_par' dir='ltr' id='par_1_37' title="bbox 444 3469 1433 3542">
     <span class='ocr_line' id='line_1_37' title="bbox 444 3469 1433 3542; baseline 0.001 -16"><span class='ocrx_word' id='word_1_261' title='bbox 444 3484 575 3542; x_wconf 85' lang='lat' dir='ltr'><strong>ergo</strong></span> <span class='ocrx_word' id='word_1_262' title='bbox 603 3470 659 3526; x_wconf 94' lang='lat' dir='ltr'><strong>in</strong></span> <span class='ocrx_word' id='word_1_263' title='bbox 688 3485 786 3541; x_wconf 87' lang='lat' dir='ltr'><strong>spe</strong></span> <span class='ocrx_word' id='word_1_264' title='bbox 814 3469 1122 3527; x_wconf 88' lang='lat' dir='ltr'><strong>libertatem</strong></span> <span class='ocrx_word' id='word_1_265' title='bbox 1148 3471 1433 3527; x_wconf 79' lang='lat' dir='ltr'><strong>habemus.</strong></span> 
     </span>
    </p>
   </div>
   <div class='ocr_carea' id='block_1_38' title="bbox 974 3626 1397 3717">
    <p class='ocr_par' dir='ltr' id='par_1_38' title="bbox 974 3626 1397 3717">
     <span class='ocr_line' id='line_1_38' title="bbox 974 3626 1397 3717; baseline -0.009 -32"><span class='ocrx_word' id='word_1_266' title='bbox 974 3712 985 3717; x_wconf 24' lang='grc' dir='ltr'><strong><em>μ</em></strong></span> <span class='ocrx_word' id='word_1_267' title='bbox 1070 3626 1397 3684; x_wconf 78' lang='lat' dir='ltr'><strong>CAPUTIL</strong></span> 
     </span>
    </p>
   </div>
   <div class='ocr_carea' id='block_1_39' title="bbox 523 3758 2034 3831">
    <p class='ocr_par' dir='ltr' id='par_1_39' title="bbox 523 3758 2034 3831">
     <span class='ocr_line' id='line_1_39' title="bbox 523 3758 2034 3831; baseline -0.001 -14"><span class='ocrx_word' id='word_1_268' title='bbox 523 3760 663 3817; x_wconf 88' lang='lat' dir='ltr'><strong>Nam</strong></span> <span class='ocrx_word' id='word_1_269' title='bbox 690 3768 737 3814; x_wconf 88' lang='lat' dir='ltr'><strong>et</strong></span> <span class='ocrx_word' id='word_1_270' title='bbox 759 3758 859 3831; x_wconf 83' lang='lat' dir='ltr'><strong><em>ipsi</em></strong></span> <span class='ocrx_word' id='word_1_271' title='bbox 889 3759 1053 3827; x_wconf 85' lang='lat' dir='ltr'><strong><em>scitis,</em></strong></span> <span class='ocrx_word' id='word_1_272' title='bbox 1077 3759 1569 3829; x_wconf 80' lang='lat' dir='ltr'><strong><em>fratres,introitum</em></strong></span> <span class='ocrx_word' id='word_1_273' title='bbox 1588 3768 1813 3815; x_wconf 89' lang='lat' dir='ltr'><strong><em>nostrum</em></strong></span> <span class='ocrx_word' id='word_1_274' title='bbox 1834 3762 1902 3815; x_wconf 89' lang='lat' dir='ltr'><strong>ad</strong></span> <span class='ocrx_word' id='word_1_275' title='bbox 1926 3777 2034 3816; x_wconf 85' lang='lat' dir='ltr'><strong><em>vos.</em></strong></span> 
     </span>
    </p>
   </div>
   <div class='ocr_carea' id='block_1_40' title="bbox 449 3854 2036 3926">
    <p class='ocr_par' dir='ltr' id='par_1_40' title="bbox 449 3854 2036 3926">
     <span class='ocr_line' id='line_1_40' title="bbox 449 3854 2036 3926; baseline -0.001 -16"><span class='ocrx_word' id='word_1_276' title='bbox 449 3855 855 3911; x_wconf 89' lang='lat' dir='ltr'><strong>Commemorat</strong></span> <span class='ocrx_word' id='word_1_277' title='bbox 878 3854 1024 3922; x_wconf 93' lang='lat' dir='ltr'><strong>illos,</strong></span> <span class='ocrx_word' id='word_1_278' title='bbox 1056 3864 1113 3909; x_wconf 92' lang='lat' dir='ltr'><strong>ut</strong></span> <span class='ocrx_word' id='word_1_279' title='bbox 1134 3863 1430 3924; x_wconf 81' lang='lat' dir='ltr'><strong>agnoscant</strong></span> <span class='ocrx_word' id='word_1_280' title='bbox 1450 3854 1802 3926; x_wconf 8' lang='lat' dir='ltr'><strong>verumqquod</strong></span> <span class='ocrx_word' id='word_1_281' title='bbox 1827 3854 2036 3923; x_wconf 86' lang='lat' dir='ltr'><strong>dicunt;</strong></span> 
     </span>
    </p>
   </div>
   <div class='ocr_carea' id='block_1_41' title="bbox 428 3940 1549 4018">
    <p class='ocr_par' dir='ltr' id='par_1_41' title="bbox 428 3940 1549 4018">
     <span class='ocr_line' id='line_1_41' title="bbox 428 3940 1549 4018; baseline 0 -14"><span class='ocrx_word' id='word_1_282' title='bbox 428 3940 513 4004; x_wconf 45' lang='lat' dir='ltr'><strong>‘et</strong></span> <span class='ocrx_word' id='word_1_283' title='bbox 537 3964 724 4004; x_wconf 92' lang='lat' dir='ltr'><strong>eorum</strong></span> <span class='ocrx_word' id='word_1_284' title='bbox 757 3949 928 4018; x_wconf 87' lang='lat' dir='ltr'><strong>magis</strong></span> <span class='ocrx_word' id='word_1_285' title='bbox 956 3947 1245 4018; x_wconf 79' lang='lat' dir='ltr'><strong>proficiant</strong></span> <span class='ocrx_word' id='word_1_286' title='bbox 1273 3948 1549 4017; x_wconf 81' lang='lat' dir='ltr'><strong>exemplo.</strong></span> 
     </span>
    </p>
   </div>
   <div class='ocr_carea' id='block_1_42' title="bbox 524 4040 2043 4111">
    <p class='ocr_par' dir='ltr' id='par_1_42' title="bbox 524 4040 2043 4111">
     <span class='ocr_line' id='line_1_42' title="bbox 524 4040 2043 4111; baseline -0.001 -16"><span class='ocrx_word' id='word_1_287' title='bbox 524 4042 659 4107; x_wconf 85' lang='lat' dir='ltr'><strong><em>Quia</em></strong></span> <span class='ocrx_word' id='word_1_288' title='bbox 690 4057 791 4095; x_wconf 86' lang='lat' dir='ltr'><strong>non</strong></span> <span class='ocrx_word' id='word_1_289' title='bbox 823 4042 993 4095; x_wconf 87' lang='lat' dir='ltr'><strong><em>inanis</em></strong></span> <span class='ocrx_word' id='word_1_290' title='bbox 1023 4042 1123 4111; x_wconf 76' lang='lat' dir='ltr'><strong><em>fuit</em></strong></span> <span class='ocrx_word' id='word_1_291' title='bbox 1149 4057 1166 4094; x_wconf 92' lang='lat'><strong><em>:</em></strong></span> <span class='ocrx_word' id='word_1_292' title='bbox 1191 4040 1281 4095; x_wconf 90' lang='lat' dir='ltr'><strong>sed</strong></span> <span class='ocrx_word' id='word_1_293' title='bbox 1301 4048 1421 4095; x_wconf 87' lang='lat' dir='ltr'><strong><em>ante</em></strong></span> <span class='ocrx_word' id='word_1_294' title='bbox 1449 4041 1589 4111; x_wconf 88' lang='lat' dir='ltr'><strong><em>passi</em></strong></span> <span class='ocrx_word' id='word_1_295' title='bbox 1618 4040 1816 4109; x_wconf 89' lang='lat' dir='ltr'><strong><em>multa,</em></strong></span> <span class='ocrx_word' id='word_1_296' title='bbox 1844 4047 1895 4093; x_wconf 90' lang='lat' dir='ltr'><strong>et</strong></span> <span class='ocrx_word' id='word_1_297' title='bbox 1920 4055 2043 4095; x_wconf 89' lang='lat' dir='ltr'><strong><em>con-</em></strong></span> 
     </span>
    </p>
   </div>
   <div class='ocr_carea' id='block_1_43' title="bbox 448 4131 2043 4203">
    <p class='ocr_par' dir='ltr' id='par_1_43' title="bbox 448 4131 2043 4203">
     <span class='ocr_line' id='line_1_43' title="bbox 448 4131 2043 4203; baseline -0.001 -14"><span class='ocrx_word' id='word_1_298' title='bbox 448 4134 672 4190; x_wconf 88' lang='lat' dir='ltr'><strong><em>tumeliis</em></strong></span> <span class='ocrx_word' id='word_1_299' title='bbox 693 4132 888 4200; x_wconf 75' lang='lat' dir='ltr'><strong><em>affecti.</em></strong></span> <span class='ocrx_word' id='word_1_300' title='bbox 922 4132 1039 4187; x_wconf 82' lang='lat' dir='ltr'><strong>Non</strong></span> <span class='ocrx_word' id='word_1_301' title='bbox 1068 4141 1152 4187; x_wconf 91' lang='lat' dir='ltr'><strong>est</strong></span> <span class='ocrx_word' id='word_1_302' title='bbox 1181 4131 1360 4188; x_wconf 89' lang='lat' dir='ltr'><strong>inanis</strong></span> <span class='ocrx_word' id='word_1_303' title='bbox 1388 4147 1591 4201; x_wconf 90' lang='lat' dir='ltr'><strong>sermo,</strong></span> <span class='ocrx_word' id='word_1_304' title='bbox 1622 4132 1713 4203; x_wconf 86' lang='lat' dir='ltr'><strong>qui</strong></span> <span class='ocrx_word' id='word_1_305' title='bbox 1739 4131 2043 4202; x_wconf 88' lang='lat' dir='ltr'><strong>completur</strong></span> 
     </span>
    </p>
   </div>
   <div class='ocr_carea' id='block_1_44' title="bbox 452 4224 1077 4295">
    <p class='ocr_par' dir='ltr' id='par_1_44' title="bbox 452 4224 1077 4295">
     <span class='ocr_line' id='line_1_44' title="bbox 452 4224 1077 4295; baseline -0.011 -13"><span class='ocrx_word' id='word_1_306' title='bbox 452 4225 756 4282; x_wconf 87' lang='lat' dir='ltr'><strong>constantia</strong></span> <span class='ocrx_word' id='word_1_307' title='bbox 790 4224 1077 4295; x_wconf 85' lang='lat' dir='ltr'><strong>passionis.</strong></span> 
     </span>
    </p>
   </div>
   <div class='ocr_carea' id='block_1_45' title="bbox 526 4313 2043 4386">
    <p class='ocr_par' dir='ltr' id='par_1_45' title="bbox 526 4313 2043 4386">
     <span class='ocr_line' id='line_1_45' title="bbox 526 4313 2043 4386; baseline -0.001 -15"><span class='ocrx_word' id='word_1_308' title='bbox 526 4316 676 4371; x_wconf 84' lang='lat' dir='ltr'><strong><em>Sicut</em></strong></span> <span class='ocrx_word' id='word_1_309' title='bbox 719 4316 861 4372; x_wconf 80' lang='lat' dir='ltr'><strong><em>scitis</em></strong></span> <span class='ocrx_word' id='word_1_310' title='bbox 895 4316 949 4369; x_wconf 88' lang='lat' dir='ltr'><strong>in</strong></span> <span class='ocrx_word' id='word_1_311' title='bbox 981 4313 1265 4386; x_wconf 79' lang='lat' dir='ltr'><strong><em>Philippis.</em></strong></span> <span class='ocrx_word' id='word_1_312' title='bbox 1312 4314 1449 4383; x_wconf 85' lang='lat' dir='ltr'><strong>Quia</strong></span> <span class='ocrx_word' id='word_1_313' title='bbox 1481 4314 1772 4385; x_wconf 86' lang='lat' dir='ltr'><strong>aliquantis</strong></span> <span class='ocrx_word' id='word_1_314' title='bbox 1799 4322 2043 4370; x_wconf 88' lang='lat' dir='ltr'><strong>vestrum</strong></span> 
     </span>
    </p>
   </div>
   <div class='ocr_carea' id='block_1_46' title="bbox 452 4408 2045 4481">
    <p class='ocr_par' dir='ltr' id='par_1_46' title="bbox 452 4408 2045 4481">
     <span class='ocr_line' id='line_1_46' title="bbox 452 4408 2045 4481; baseline 0.001 -18"><span class='ocrx_word' id='word_1_315' title='bbox 452 4410 665 4464; x_wconf 88' lang='lat' dir='ltr'><strong>videtur</strong></span> <span class='ocrx_word' id='word_1_316' title='bbox 691 4425 789 4463; x_wconf 89' lang='lat' dir='ltr'><strong>nos</strong></span> <span class='ocrx_word' id='word_1_317' title='bbox 821 4409 1084 4480; x_wconf 88' lang='lat' dir='ltr'><strong>Philippis</strong></span> <span class='ocrx_word' id='word_1_318' title='bbox 1111 4423 1321 4480; x_wconf 87' lang='lat' dir='ltr'><strong>passos,</strong></span> <span class='ocrx_word' id='word_1_319' title='bbox 1350 4422 1450 4465; x_wconf 91' lang='lat' dir='ltr'><strong>nec</strong></span> <span class='ocrx_word' id='word_1_320' title='bbox 1477 4408 1763 4480; x_wconf 80' lang='lat' dir='ltr'><strong>cxpavisse</strong></span> <span class='ocrx_word' id='word_1_321' title='bbox 1794 4422 2045 4481; x_wconf 87' lang='lat' dir='ltr'><strong>persecu-</strong></span> 
     </span>
    </p>
   </div>
   <div class='ocr_carea' id='block_1_47' title="bbox 451 4502 1398 4572">
    <p class='ocr_par' dir='ltr' id='par_1_47' title="bbox 451 4502 1398 4572">
     <span class='ocr_line' id='line_1_47' title="bbox 451 4502 1398 4572; baseline -0.001 -14"><span class='ocrx_word' id='word_1_322' title='bbox 451 4504 648 4567; x_wconf 90' lang='lat' dir='ltr'><strong>tiones,</strong></span> <span class='ocrx_word' id='word_1_323' title='bbox 682 4518 784 4558; x_wconf 90' lang='lat' dir='ltr'><strong>nec</strong></span> <span class='ocrx_word' id='word_1_324' title='bbox 810 4502 1398 4572; x_wconf 70' lang='lat' dir='ltr'><strong>prmdicarecessasse.</strong></span> 
     </span>
    </p>
   </div>
   <div class='ocr_carea' id='block_1_48' title="bbox 2106 502 3685 576">
    <p class='ocr_par' dir='ltr' id='par_1_48' title="bbox 2106 502 3685 576">
     <span class='ocr_line' id='line_1_48' title="bbox 2106 502 3685 576; baseline 0.002 -19"><span class='ocrx_word' id='word_1_325' title='bbox 2106 503 2179 557; x_wconf 88' lang='lat' dir='ltr'><strong>bis</strong></span> <span class='ocrx_word' id='word_1_326' title='bbox 2212 502 2553 574; x_wconf 84' lang='lat' dir='ltr'><strong><em>Evangelium</em></strong></span> <span class='ocrx_word' id='word_1_327' title='bbox 2579 548 2593 572; x_wconf 92' lang='lat'><strong>,</strong></span> <span class='ocrx_word' id='word_1_328' title='bbox 2644 505 2718 558; x_wconf 90' lang='lat' dir='ltr'><strong>ita</strong></span> <span class='ocrx_word' id='word_1_329' title='bbox 2754 503 3016 574; x_wconf 88' lang='lat' dir='ltr'><strong><em>loquimur</em></strong></span> <span class='ocrx_word' id='word_1_330' title='bbox 3038 519 3058 559; x_wconf 90' lang='lat'><strong><em>:</em></strong></span> <span class='ocrx_word' id='word_1_331' title='bbox 3085 520 3187 560; x_wconf 87' lang='lat' dir='ltr'><strong>non</strong></span> <span class='ocrx_word' id='word_1_332' title='bbox 3215 505 3364 576; x_wconf 88' lang='lat' dir='ltr'><strong><em>quasi</em></strong></span> <span class='ocrx_word' id='word_1_333' title='bbox 3392 502 3685 560; x_wconf 84' lang='lat' dir='ltr'><strong><em>hominibus</em></strong></span> 
     </span>
    </p>
   </div>
   <div class='ocr_carea' id='block_1_49' title="bbox 2106 595 2967 666">
    <p class='ocr_par' dir='ltr' id='par_1_49' title="bbox 2106 595 2967 666">
     <span class='ocr_line' id='line_1_49' title="bbox 2106 595 2967 666; baseline 0.001 -15"><span class='ocrx_word' id='word_1_334' title='bbox 2106 598 2385 666; x_wconf 84' lang='lat' dir='ltr'><strong><em>placentes.</em></strong></span> <span class='ocrx_word' id='word_1_335' title='bbox 2432 595 2537 664; x_wconf 84' lang='lat' dir='ltr'><strong>Qui</strong></span> <span class='ocrx_word' id='word_1_336' title='bbox 2568 595 2677 650; x_wconf 89' lang='lat' dir='ltr'><strong>falli</strong></span> <span class='ocrx_word' id='word_1_337' title='bbox 2718 605 2967 666; x_wconf 88' lang='lat' dir='ltr'><strong>possunt.</strong></span> 
     </span>
    </p>
   </div>
   <div class='ocr_carea' id='block_1_50' title="bbox 2180 688 3690 761">
    <p class='ocr_par' dir='ltr' id='par_1_50' title="bbox 2180 688 3690 761">
     <span class='ocr_line' id='line_1_50' title="bbox 2180 688 3690 761; baseline -0.001 -15"><span class='ocrx_word' id='word_1_338' title='bbox 2180 689 2287 746; x_wconf 91' lang='lat' dir='ltr'><strong><em>Sed</em></strong></span> <span class='ocrx_word' id='word_1_339' title='bbox 2317 688 2454 755; x_wconf 90' lang='lat' dir='ltr'><strong><em>Deo,</em></strong></span> <span class='ocrx_word' id='word_1_340' title='bbox 2477 690 2565 759; x_wconf 90' lang='lat' dir='ltr'><strong>qui</strong></span> <span class='ocrx_word' id='word_1_341' title='bbox 2586 689 2769 759; x_wconf 87' lang='lat' dir='ltr'><strong><em>probat</em></strong></span> <span class='ocrx_word' id='word_1_342' title='bbox 2799 689 2957 743; x_wconf 85' lang='lat' dir='ltr'><strong><em>corda</em></strong></span> <span class='ocrx_word' id='word_1_343' title='bbox 2996 697 3193 744; x_wconf 86' lang='lat' dir='ltr'><strong><em>nostra.</em></strong></span> <span class='ocrx_word' id='word_1_344' title='bbox 3239 688 3436 760; x_wconf 87' lang='lat' dir='ltr'><strong>lntegri</strong></span> <span class='ocrx_word' id='word_1_345' title='bbox 3466 689 3624 761; x_wconf 86' lang='lat' dir='ltr'><strong>quasi</strong></span> <span class='ocrx_word' id='word_1_346' title='bbox 3661 705 3690 745; x_wconf 84' lang='lat' dir='ltr'><strong>a</strong></span> 
     </span>
    </p>
   </div>
   <div class='ocr_carea' id='block_1_51' title="bbox 2107 781 3688 853">
    <p class='ocr_par' dir='ltr' id='par_1_51' title="bbox 2107 781 3688 853">
     <span class='ocr_line' id='line_1_51' title="bbox 2107 781 3688 853; baseline 0.002 -15"><span class='ocrx_word' id='word_1_347' title='bbox 2107 784 2220 839; x_wconf 93' lang='lat' dir='ltr'><strong>Deo</strong></span> <span class='ocrx_word' id='word_1_348' title='bbox 2268 783 2475 853; x_wconf 88' lang='lat' dir='ltr'><strong>probati</strong></span> <span class='ocrx_word' id='word_1_349' title='bbox 2499 823 2514 850; x_wconf 93' lang='lat'><strong>,</strong></span> <span class='ocrx_word' id='word_1_350' title='bbox 2548 790 2603 837; x_wconf 92' lang='lat' dir='ltr'><strong>et</strong></span> <span class='ocrx_word' id='word_1_351' title='bbox 2636 782 2705 837; x_wconf 90' lang='lat' dir='ltr'><strong>ab</strong></span> <span class='ocrx_word' id='word_1_352' title='bbox 2731 783 2852 853; x_wconf 92' lang='lat' dir='ltr'><strong>ipso</strong></span> <span class='ocrx_word' id='word_1_353' title='bbox 2892 782 2945 838; x_wconf 94' lang='lat' dir='ltr'><strong>in</strong></span> <span class='ocrx_word' id='word_1_354' title='bbox 2979 781 3082 837; x_wconf 89' lang='lat' dir='ltr'><strong>hoc</strong></span> <span class='ocrx_word' id='word_1_355' title='bbox 3112 781 3353 839; x_wconf 88' lang='lat' dir='ltr'><strong>officium</strong></span> <span class='ocrx_word' id='word_1_356' title='bbox 3386 782 3645 840; x_wconf 86' lang='lat' dir='ltr'><strong>destinati</strong></span> <span class='ocrx_word' id='word_1_357' title='bbox 3674 800 3688 841; x_wconf 84' lang='lat'><strong>:</strong></span> 
     </span>
    </p>
   </div>
   <div class='ocr_carea' id='block_1_52' title="bbox 2108 873 2935 946">
    <p class='ocr_par' dir='ltr' id='par_1_52' title="bbox 2108 873 2935 946">
     <span class='ocr_line' id='line_1_52' title="bbox 2108 873 2935 946; baseline -0.001 -17"><span class='ocrx_word' id='word_1_358' title='bbox 2108 876 2198 946; x_wconf 90' lang='lat' dir='ltr'><strong>qui</strong></span> <span class='ocrx_word' id='word_1_359' title='bbox 2227 874 2408 930; x_wconf 89' lang='lat' dir='ltr'><strong>cordis</strong></span> <span class='ocrx_word' id='word_1_360' title='bbox 2442 874 2654 929; x_wconf 87' lang='lat' dir='ltr'><strong>occulta</strong></span> <span class='ocrx_word' id='word_1_361' title='bbox 2685 873 2935 930; x_wconf 87' lang='lat' dir='ltr'><strong>rimatur.</strong></span> 
     </span>
    </p>
   </div>
   <div class='ocr_carea' id='block_1_53' title="bbox 2184 966 3694 1039">
    <p class='ocr_par' dir='ltr' id='par_1_53' title="bbox 2184 966 3694 1039">
     <span class='ocr_line' id='line_1_53' title="bbox 2184 966 3694 1039; baseline 0.001 -18"><span class='ocrx_word' id='word_1_362' title='bbox 2184 966 2367 1038; x_wconf 88' lang='lat' dir='ltr'><strong><em>Neque</em></strong></span> <span class='ocrx_word' id='word_1_363' title='bbox 2395 968 2529 1022; x_wconf 88' lang='lat' dir='ltr'><strong><em>enim</em></strong></span> <span class='ocrx_word' id='word_1_364' title='bbox 2559 968 2841 1038; x_wconf 86' lang='lat' dir='ltr'><strong><em>aliquando</em></strong></span> <span class='ocrx_word' id='word_1_365' title='bbox 2873 968 3069 1039; x_wconf 84' lang='lat' dir='ltr'><strong><em>fuimus</em></strong></span> <span class='ocrx_word' id='word_1_366' title='bbox 3095 967 3149 1021; x_wconf 87' lang='lat' dir='ltr'><strong>in</strong></span> <span class='ocrx_word' id='word_1_367' title='bbox 3178 984 3408 1022; x_wconf 82' lang='lat' dir='ltr'><strong><em>sermone</em></strong></span> <span class='ocrx_word' id='word_1_368' title='bbox 3438 968 3694 1023; x_wconf 85' lang='lat' dir='ltr'><strong><em>adulatio-</em></strong></span> 
     </span>
    </p>
   </div>
   <div class='ocr_carea' id='block_1_54' title="bbox 2111 1058 3695 1130">
    <p class='ocr_par' dir='ltr' id='par_1_54' title="bbox 2111 1058 3695 1130">
     <span class='ocr_line' id='line_1_54' title="bbox 2111 1058 3695 1130; baseline 0.001 -17"><span class='ocrx_word' id='word_1_369' title='bbox 2111 1059 2215 1125; x_wconf 87' lang='lat' dir='ltr'><strong><em>nis,</em></strong></span> <span class='ocrx_word' id='word_1_370' title='bbox 2245 1060 2379 1114; x_wconf 87' lang='lat' dir='ltr'><strong><em>sicut</em></strong></span> <span class='ocrx_word' id='word_1_371' title='bbox 2406 1059 2573 1114; x_wconf 87' lang='lat' dir='ltr'><strong><em>scitis.</em></strong></span> <span class='ocrx_word' id='word_1_372' title='bbox 2614 1058 2768 1114; x_wconf 91' lang='lat' dir='ltr'><strong>Sicut</strong></span> <span class='ocrx_word' id='word_1_373' title='bbox 2798 1059 2889 1130; x_wconf 90' lang='lat' dir='ltr'><strong>qui</strong></span> <span class='ocrx_word' id='word_1_374' title='bbox 2935 1058 3243 1115; x_wconf 90' lang='lat' dir='ltr'><strong>bominibus</strong></span> <span class='ocrx_word' id='word_1_375' title='bbox 3287 1059 3533 1129; x_wconf 89' lang='lat' dir='ltr'><strong>placent,</strong></span> <span class='ocrx_word' id='word_1_376' title='bbox 3568 1068 3695 1115; x_wconf 87' lang='lat' dir='ltr'><strong>tam-</strong></span> 
     </span>
    </p>
   </div>
   <div class='ocr_carea' id='block_1_55' title="bbox 2098 1151 3695 1223">
    <p class='ocr_par' dir='ltr' id='par_1_55' title="bbox 2098 1151 3695 1223">
     <span class='ocr_line' id='line_1_55' title="bbox 2098 1151 3695 1223; baseline 0.001 -17"><span class='ocrx_word' id='word_1_377' title='bbox 2098 1164 2276 1223; x_wconf 87' lang='lat' dir='ltr'><strong>quam</strong></span> <span class='ocrx_word' id='word_1_378' title='bbox 2304 1151 2465 1222; x_wconf 75' lang='lat' dir='ltr'><strong>mgris</strong></span> <span class='ocrx_word' id='word_1_379' title='bbox 2487 1151 2793 1207; x_wconf 84' lang='lat' dir='ltr'><strong>desiderata</strong></span> <span class='ocrx_word' id='word_1_380' title='bbox 2834 1152 3013 1207; x_wconf 86' lang='lat' dir='ltr'><strong>omnia</strong></span> <span class='ocrx_word' id='word_1_381' title='bbox 3040 1151 3426 1219; x_wconf 88' lang='lat' dir='ltr'><strong>concedentes,</strong></span> <span class='ocrx_word' id='word_1_382' title='bbox 3461 1160 3520 1208; x_wconf 90' lang='lat' dir='ltr'><strong>et</strong></span> <span class='ocrx_word' id='word_1_383' title='bbox 3556 1168 3695 1207; x_wconf 87' lang='lat' dir='ltr'><strong>mor-</strong></span> 
     </span>
    </p>
   </div>
   <div class='ocr_carea' id='block_1_56' title="bbox 2117 1245 2836 1315">
    <p class='ocr_par' dir='ltr' id='par_1_56' title="bbox 2117 1245 2836 1315">
     <span class='ocr_line' id='line_1_56' title="bbox 2117 1245 2836 1315; baseline -0.004 -14"><span class='ocrx_word' id='word_1_384' title='bbox 2117 1255 2227 1301; x_wconf 87' lang='lat' dir='ltr'><strong>tem</strong></span> <span class='ocrx_word' id='word_1_385' title='bbox 2260 1260 2448 1300; x_wconf 91' lang='lat' dir='ltr'><strong>eorum</strong></span> <span class='ocrx_word' id='word_1_386' title='bbox 2480 1245 2836 1315; x_wconf 80' lang='lat' dir='ltr'><strong>negligentes.</strong></span> 
     </span>
    </p>
   </div>
   <div class='ocr_carea' id='block_1_57' title="bbox 2192 1339 3696 1413">
    <p class='ocr_par' dir='ltr' id='par_1_57' title="bbox 2192 1339 3696 1413">
     <span class='ocr_line' id='line_1_57' title="bbox 2192 1339 3696 1413; baseline 0.004 -20"><span class='ocrx_word' id='word_1_387' title='bbox 2192 1339 2374 1407; x_wconf 90' lang='lat' dir='ltr'><strong><em>Neque</em></strong></span> <span class='ocrx_word' id='word_1_388' title='bbox 2404 1340 2455 1393; x_wconf 90' lang='lat' dir='ltr'><strong>in</strong></span> <span class='ocrx_word' id='word_1_389' title='bbox 2479 1341 2745 1394; x_wconf 86' lang='lat' dir='ltr'><strong><em>occasione</em></strong></span> <span class='ocrx_word' id='word_1_390' title='bbox 2773 1340 3029 1406; x_wconf 77' lang='lat' dir='ltr'><strong><em>avaritiw,</em></strong></span> <span class='ocrx_word' id='word_1_391' title='bbox 3056 1339 3197 1395; x_wconf 87' lang='lat' dir='ltr'><strong><em>Deus</em></strong></span> <span class='ocrx_word' id='word_1_392' title='bbox 3238 1341 3378 1395; x_wconf 88' lang='lat' dir='ltr'><strong><em>testis</em></strong></span> <span class='ocrx_word' id='word_1_393' title='bbox 3405 1348 3481 1395; x_wconf 88' lang='lat' dir='ltr'><strong>est</strong></span> <span class='ocrx_word' id='word_1_394' title='bbox 3505 1358 3526 1396; x_wconf 89' lang='lat'><strong><em>:</em></strong></span> <span class='ocrx_word' id='word_1_395' title='bbox 3548 1357 3696 1413; x_wconf 77' lang='lat' dir='ltr'><strong><em>neque</em></strong></span> 
     </span>
    </p>
   </div>
   <div class='ocr_carea' id='block_1_58' title="bbox 2118 1435 3700 1509">
    <p class='ocr_par' dir='ltr' id='par_1_58' title="bbox 2118 1435 3700 1509">
     <span class='ocr_line' id='line_1_58' title="bbox 2118 1435 3700 1509; baseline 0.003 -19"><span class='ocrx_word' id='word_1_396' title='bbox 2118 1444 2405 1506; x_wconf 70' lang='lat' dir='ltr'><strong><em>quttrentes</em></strong></span> <span class='ocrx_word' id='word_1_397' title='bbox 2429 1435 2492 1489; x_wconf 89' lang='lat' dir='ltr'><strong>ab</strong></span> <span class='ocrx_word' id='word_1_398' title='bbox 2522 1435 2814 1490; x_wconf 87' lang='lat' dir='ltr'><strong><em>hominibus</em></strong></span> <span class='ocrx_word' id='word_1_399' title='bbox 2844 1436 3067 1508; x_wconf 85' lang='lat' dir='ltr'><strong><em>gloriam</em></strong></span> <span class='ocrx_word' id='word_1_400' title='bbox 3086 1452 3104 1489; x_wconf 92' lang='lat'><strong><em>:</em></strong></span> <span class='ocrx_word' id='word_1_401' title='bbox 3125 1453 3332 1508; x_wconf 87' lang='lat' dir='ltr'><strong><em>nequea</em></strong></span> <span class='ocrx_word' id='word_1_402' title='bbox 3353 1437 3520 1503; x_wconf 87' lang='lat' dir='ltr'><strong><em>vobis,</em></strong></span> <span class='ocrx_word' id='word_1_403' title='bbox 3550 1455 3700 1509; x_wconf 83' lang='lat' dir='ltr'><strong><em>neque</em></strong></span> 
     </span>
    </p>
   </div>
   <div class='ocr_carea' id='block_1_59' title="bbox 2120 1527 3696 1600">
    <p class='ocr_par' dir='ltr' id='par_1_59' title="bbox 2120 1527 3696 1600">
     <span class='ocr_line' id='line_1_59' title="bbox 2120 1527 3696 1600; baseline 0.002 -18"><span class='ocrx_word' id='word_1_404' title='bbox 2120 1531 2184 1583; x_wconf 90' lang='lat' dir='ltr'><strong>ab</strong></span> <span class='ocrx_word' id='word_1_405' title='bbox 2215 1530 2354 1583; x_wconf 88' lang='lat' dir='ltr'><strong><em>aliis.</em></strong></span> <span class='ocrx_word' id='word_1_406' title='bbox 2383 1528 2575 1583; x_wconf 89' lang='lat' dir='ltr'><strong>Omnis</strong></span> <span class='ocrx_word' id='word_1_407' title='bbox 2604 1529 2695 1598; x_wconf 88' lang='lat' dir='ltr'><strong>qui</strong></span> <span class='ocrx_word' id='word_1_408' title='bbox 2722 1527 2993 1594; x_wconf 84' lang='lat' dir='ltr'><strong>adulatur,</strong></span> <span class='ocrx_word' id='word_1_409' title='bbox 3024 1538 3118 1583; x_wconf 89' lang='lat' dir='ltr'><strong>aut</strong></span> <span class='ocrx_word' id='word_1_410' title='bbox 3154 1539 3373 1599; x_wconf 90' lang='lat' dir='ltr'><strong>propter</strong></span> <span class='ocrx_word' id='word_1_411' title='bbox 3398 1531 3696 1600; x_wconf 86' lang='lat' dir='ltr'><strong>avaritiam,</strong></span> 
     </span>
    </p>
   </div>
   <div class='ocr_carea' id='block_1_60' title="bbox 2123 1620 3699 1692">
    <p class='ocr_par' dir='ltr' id='par_1_60' title="bbox 2123 1620 3699 1692">
     <span class='ocr_line' id='line_1_60' title="bbox 2123 1620 3699 1692; baseline -0.001 -15"><span class='ocrx_word' id='word_1_412' title='bbox 2123 1630 2215 1677; x_wconf 88' lang='lat' dir='ltr'><strong>aut</strong></span> <span class='ocrx_word' id='word_1_413' title='bbox 2268 1632 2489 1692; x_wconf 72' lang='lat' dir='ltr'><strong>promer</strong></span> <span class='ocrx_word' id='word_1_414' title='bbox 2546 1636 2737 1675; x_wconf 88' lang='lat' dir='ltr'><strong>vanam</strong></span> <span class='ocrx_word' id='word_1_415' title='bbox 2791 1620 3019 1691; x_wconf 80' lang='lat' dir='ltr'><strong>gloriam</strong></span> <span class='ocrx_word' id='word_1_416' title='bbox 3068 1620 3377 1675; x_wconf 87' lang='lat' dir='ltr'><strong>adulatur:</strong></span> <span class='ocrx_word' id='word_1_417' title='bbox 3440 1621 3534 1676; x_wconf 91' lang='lat' dir='ltr'><strong>ille</strong></span> <span class='ocrx_word' id='word_1_418' title='bbox 3578 1635 3699 1677; x_wconf 87' lang='lat' dir='ltr'><strong>vero</strong></span> 
     </span>
    </p>
   </div>
   <div class='ocr_carea' id='block_1_61' title="bbox 2125 1712 3695 1785">
    <p class='ocr_par' dir='ltr' id='par_1_61' title="bbox 2125 1712 3695 1785">
     <span class='ocr_line' id='line_1_61' title="bbox 2125 1712 3695 1785; baseline 0.001 -19"><span class='ocrx_word' id='word_1_419' title='bbox 2125 1723 2346 1785; x_wconf 84' lang='lat' dir='ltr'><strong>propter</strong></span> <span class='ocrx_word' id='word_1_420' title='bbox 2378 1713 2545 1768; x_wconf 86' lang='lat' dir='ltr'><strong>Deum</strong></span> <span class='ocrx_word' id='word_1_421' title='bbox 2576 1712 2779 1767; x_wconf 89' lang='lat' dir='ltr'><strong>docere</strong></span> <span class='ocrx_word' id='word_1_422' title='bbox 2806 1712 3087 1781; x_wconf 87' lang='lat' dir='ltr'><strong>probatur,</strong></span> <span class='ocrx_word' id='word_1_423' title='bbox 3119 1712 3205 1782; x_wconf 90' lang='lat' dir='ltr'><strong>qui</strong></span> <span class='ocrx_word' id='word_1_424' title='bbox 3233 1713 3334 1766; x_wconf 89' lang='lat' dir='ltr'><strong>ista</strong></span> <span class='ocrx_word' id='word_1_425' title='bbox 3363 1726 3474 1767; x_wconf 92' lang='lat' dir='ltr'><strong>non</strong></span> <span class='ocrx_word' id='word_1_426' title='bbox 3497 1712 3695 1783; x_wconf 67' lang='lat' dir='ltr'><strong>quterit.</strong></span> 
     </span>
    </p>
   </div>
   <div class='ocr_carea' id='block_1_62' title="bbox 2047 1800 3699 1877">
    <p class='ocr_par' dir='ltr' id='par_1_62' title="bbox 2047 1800 3699 1877">
     <span class='ocr_line' id='line_1_62' title="bbox 2047 1800 3699 1877; baseline -0.001 -16"><span class='ocrx_word' id='word_1_427' title='bbox 2047 1800 2095 1861; x_wconf 86' lang='lat' dir='ltr'><strong>B</strong></span> <span class='ocrx_word' id='word_1_428' title='bbox 2194 1805 2321 1862; x_wconf 86' lang='lat' dir='ltr'><strong><em>Cum</em></strong></span> <span class='ocrx_word' id='word_1_429' title='bbox 2346 1820 2606 1877; x_wconf 87' lang='lat' dir='ltr'><strong><em>possemus</em></strong></span> <span class='ocrx_word' id='word_1_430' title='bbox 2634 1805 2773 1858; x_wconf 86' lang='lat' dir='ltr'><strong><em>vobis</em></strong></span> <span class='ocrx_word' id='word_1_431' title='bbox 2802 1805 2945 1858; x_wconf 89' lang='lat' dir='ltr'><strong><em>oneri</em></strong></span> <span class='ocrx_word' id='word_1_432' title='bbox 2992 1820 3122 1870; x_wconf 88' lang='lat' dir='ltr'><strong><em>esse,</em></strong></span> <span class='ocrx_word' id='word_1_433' title='bbox 3156 1815 3211 1858; x_wconf 89' lang='lat' dir='ltr'><strong>ut</strong></span> <span class='ocrx_word' id='word_1_434' title='bbox 3237 1803 3435 1859; x_wconf 84' lang='lat' dir='ltr'><strong><em>Christi</em></strong></span> <span class='ocrx_word' id='word_1_435' title='bbox 3469 1805 3699 1877; x_wconf 86' lang='lat' dir='ltr'><strong><em>apostoli.</em></strong></span> 
     </span>
    </p>
   </div>
   <div class='ocr_carea' id='block_1_63' title="bbox 2126 1895 3702 1967">
    <p class='ocr_par' dir='ltr' id='par_1_63' title="bbox 2126 1895 3702 1967">
     <span class='ocr_line' id='line_1_63' title="bbox 2126 1895 3702 1967; baseline 0.001 -14"><span class='ocrx_word' id='word_1_436' title='bbox 2126 1898 2223 1953; x_wconf 83' lang='lat' dir='ltr'><strong>Vel</strong></span> <span class='ocrx_word' id='word_1_437' title='bbox 2256 1898 2308 1952; x_wconf 92' lang='lat' dir='ltr'><strong>in</strong></span> <span class='ocrx_word' id='word_1_438' title='bbox 2367 1896 2493 1963; x_wconf 90' lang='lat' dir='ltr'><strong>hoc,</strong></span> <span class='ocrx_word' id='word_1_439' title='bbox 2552 1896 2698 1967; x_wconf 89' lang='lat' dir='ltr'><strong>quod</strong></span> <span class='ocrx_word' id='word_1_440' title='bbox 2748 1896 2894 1951; x_wconf 89' lang='lat' dir='ltr'><strong>Deus</strong></span> <span class='ocrx_word' id='word_1_441' title='bbox 2941 1895 3263 1953; x_wconf 86' lang='lat' dir='ltr'><strong>ordinavit:</strong></span> <span class='ocrx_word' id='word_1_442' title='bbox 3315 1896 3368 1952; x_wconf 92' lang='lat' dir='ltr'><strong>id</strong></span> <span class='ocrx_word' id='word_1_443' title='bbox 3398 1906 3512 1964; x_wconf 86' lang='lat' dir='ltr'><strong>est,</strong></span> <span class='ocrx_word' id='word_1_444' title='bbox 3561 1906 3616 1952; x_wconf 93' lang='lat' dir='ltr'><strong>ut</strong></span> <span class='ocrx_word' id='word_1_445' title='bbox 3641 1896 3702 1954; x_wconf 85' lang='lat' dir='ltr'><strong>de</strong></span> 
     </span>
    </p>
   </div>
   <div class='ocr_carea' id='block_1_64' title="bbox 2126 1991 2783 2062">
    <p class='ocr_par' dir='ltr' id='par_1_64' title="bbox 2126 1991 2783 2062">
     <span class='ocr_line' id='line_1_64' title="bbox 2126 1991 2783 2062; baseline -0.002 -15"><span class='ocrx_word' id='word_1_446' title='bbox 2126 1991 2422 2062; x_wconf 82' lang='lat' dir='ltr'><strong>Evangelio</strong></span> <span class='ocrx_word' id='word_1_447' title='bbox 2449 1991 2783 2046; x_wconf 85' lang='lat' dir='ltr'><strong>viveremus.</strong></span> 
     </span>
    </p>
   </div>
   <div class='ocr_carea' id='block_1_65' title="bbox 2200 2084 3708 2157">
    <p class='ocr_par' dir='ltr' id='par_1_65' title="bbox 2200 2084 3708 2157">
     <span class='ocr_line' id='line_1_65' title="bbox 2200 2084 3708 2157; baseline 0 -15"><span class='ocrx_word' id='word_1_448' title='bbox 2200 2086 2306 2142; x_wconf 89' lang='lat' dir='ltr'><strong><em>Sed</em></strong></span> <span class='ocrx_word' id='word_1_449' title='bbox 2339 2088 2464 2157; x_wconf 78' lang='lat' dir='ltr'><strong><em>facti</em></strong></span> <span class='ocrx_word' id='word_1_450' title='bbox 2489 2102 2665 2140; x_wconf 89' lang='lat' dir='ltr'><strong><em>sumus</em></strong></span> <span class='ocrx_word' id='word_1_451' title='bbox 2686 2084 2891 2157; x_wconf 74' lang='lat' dir='ltr'><strong><em>parvuli</em></strong></span> <span class='ocrx_word' id='word_1_452' title='bbox 2932 2086 2984 2139; x_wconf 89' lang='lat' dir='ltr'><strong>in</strong></span> <span class='ocrx_word' id='word_1_453' title='bbox 3023 2086 3193 2140; x_wconf 89' lang='lat' dir='ltr'><strong><em>medio</em></strong></span> <span class='ocrx_word' id='word_1_454' title='bbox 3234 2094 3483 2141; x_wconf 82' lang='lat' dir='ltr'><strong><em>vestrum.</em></strong></span> <span class='ocrx_word' id='word_1_455' title='bbox 3534 2086 3708 2142; x_wconf 55' lang='lat' dir='ltr'><strong>Humi-</strong></span> 
     </span>
    </p>
   </div>
   <div class='ocr_carea' id='block_1_66' title="bbox 2128 2176 3641 2248">
    <p class='ocr_par' dir='ltr' id='par_1_66' title="bbox 2128 2176 3641 2248">
     <span class='ocr_line' id='line_1_66' title="bbox 2128 2176 3641 2248; baseline -0.001 -15"><span class='ocrx_word' id='word_1_456' title='bbox 2128 2179 2328 2233; x_wconf 88' lang='lat' dir='ltr'><strong>liantes</strong></span> <span class='ocrx_word' id='word_1_457' title='bbox 2354 2193 2472 2243; x_wconf 88' lang='lat' dir='ltr'><strong>nos,</strong></span> <span class='ocrx_word' id='word_1_458' title='bbox 2501 2185 2558 2233; x_wconf 90' lang='lat' dir='ltr'><strong>et</strong></span> <span class='ocrx_word' id='word_1_459' title='bbox 2585 2191 2686 2232; x_wconf 87' lang='lat' dir='ltr'><strong>nec</strong></span> <span class='ocrx_word' id='word_1_460' title='bbox 2715 2177 2977 2232; x_wconf 91' lang='lat' dir='ltr'><strong>honorem</strong></span> <span class='ocrx_word' id='word_1_461' title='bbox 3006 2176 3249 2232; x_wconf 91' lang='lat' dir='ltr'><strong>debitum</strong></span> <span class='ocrx_word' id='word_1_462' title='bbox 3279 2179 3641 2248; x_wconf 87' lang='lat' dir='ltr'><strong>requirentes.</strong></span> 
     </span>
    </p>
   </div>
   <div class='ocr_carea' id='block_1_67' title="bbox 2197 2266 3711 2339">
    <p class='ocr_par' dir='ltr' id='par_1_67' title="bbox 2197 2266 3711 2339">
     <span class='ocr_line' id='line_1_67' title="bbox 2197 2266 3711 2339; baseline 0.001 -16"><span class='ocrx_word' id='word_1_463' title='bbox 2197 2268 2485 2339; x_wconf 85' lang='lat' dir='ltr'><strong><em>Tamquam</em></strong></span> <span class='ocrx_word' id='word_1_464' title='bbox 2513 2269 2559 2322; x_wconf 88' lang='lat' dir='ltr'><strong>si</strong></span> <span class='ocrx_word' id='word_1_465' title='bbox 2580 2269 2759 2322; x_wconf 77' lang='lat' dir='ltr'><strong><em>nutrix</em></strong></span> <span class='ocrx_word' id='word_1_466' title='bbox 2784 2272 2949 2339; x_wconf 78' lang='lat' dir='ltr'><strong><em>foveat</em></strong></span> <span class='ocrx_word' id='word_1_467' title='bbox 2971 2266 3110 2337; x_wconf 82' lang='lat' dir='ltr'><strong><em>filios</em></strong></span> <span class='ocrx_word' id='word_1_468' title='bbox 3138 2285 3281 2323; x_wconf 88' lang='lat' dir='ltr'><strong><em>suos.</em></strong></span> <span class='ocrx_word' id='word_1_469' title='bbox 3327 2269 3630 2325; x_wconf 82' lang='lat' dir='ltr'><strong>llumilians</strong></span> <span class='ocrx_word' id='word_1_470' title='bbox 3656 2284 3711 2325; x_wconf 86' lang='lat' dir='ltr'><strong>se</strong></span> 
     </span>
    </p>
   </div>
   <div class='ocr_carea' id='block_1_68' title="bbox 2129 2360 3708 2432">
    <p class='ocr_par' dir='ltr' id='par_1_68' title="bbox 2129 2360 3708 2432">
     <span class='ocr_line' id='line_1_68' title="bbox 2129 2360 3708 2432; baseline -0.001 -15"><span class='ocrx_word' id='word_1_471' title='bbox 2129 2362 2182 2417; x_wconf 90' lang='lat' dir='ltr'><strong>in</strong></span> <span class='ocrx_word' id='word_1_472' title='bbox 2217 2361 2491 2427; x_wconf 91' lang='lat' dir='ltr'><strong>omnibus,</strong></span> <span class='ocrx_word' id='word_1_473' title='bbox 2540 2360 2766 2432; x_wconf 91' lang='lat' dir='ltr'><strong>parvulo</strong></span> <span class='ocrx_word' id='word_1_474' title='bbox 2795 2376 2856 2416; x_wconf 91' lang='lat' dir='ltr'><strong>se</strong></span> <span class='ocrx_word' id='word_1_475' title='bbox 2885 2376 3177 2431; x_wconf 74' lang='lat' dir='ltr'><strong>coaequans</strong></span> <span class='ocrx_word' id='word_1_476' title='bbox 3208 2378 3222 2415; x_wconf 90' lang='lat'><strong>:</strong></span> <span class='ocrx_word' id='word_1_477' title='bbox 3251 2370 3311 2416; x_wconf 90' lang='lat' dir='ltr'><strong>ut</strong></span> <span class='ocrx_word' id='word_1_478' title='bbox 3339 2361 3467 2416; x_wconf 90' lang='lat' dir='ltr'><strong>illos</strong></span> <span class='ocrx_word' id='word_1_479' title='bbox 3499 2362 3566 2417; x_wconf 88' lang='lat' dir='ltr'><strong>ad</strong></span> <span class='ocrx_word' id='word_1_480' title='bbox 3608 2377 3708 2417; x_wconf 84' lang='lat' dir='ltr'><strong>ma-</strong></span> 
     </span>
    </p>
   </div>
   <div class='ocr_carea' id='block_1_69' title="bbox 2126 2452 3711 2526">
    <p class='ocr_par' dir='ltr' id='par_1_69' title="bbox 2126 2452 3711 2526">
     <span class='ocr_line' id='line_1_69' title="bbox 2126 2452 3711 2526; baseline 0 -16"><span class='ocrx_word' id='word_1_481' title='bbox 2126 2455 2249 2526; x_wconf 89' lang='lat' dir='ltr'><strong>jora</strong></span> <span class='ocrx_word' id='word_1_482' title='bbox 2273 2469 2367 2509; x_wconf 90' lang='lat' dir='ltr'><strong>sua</strong></span> <span class='ocrx_word' id='word_1_483' title='bbox 2399 2454 2703 2509; x_wconf 83' lang='lat' dir='ltr'><strong>imitatione</strong></span> <span class='ocrx_word' id='word_1_484' title='bbox 2732 2454 3010 2524; x_wconf 88' lang='lat' dir='ltr'><strong>perducat.</strong></span> <span class='ocrx_word' id='word_1_485' title='bbox 3045 2452 3177 2508; x_wconf 88' lang='lat' dir='ltr'><strong>Nam</strong></span> <span class='ocrx_word' id='word_1_486' title='bbox 3210 2462 3265 2509; x_wconf 93' lang='lat' dir='ltr'><strong>et</strong></span> <span class='ocrx_word' id='word_1_487' title='bbox 3296 2454 3529 2510; x_wconf 86' lang='lat' dir='ltr'><strong>balbutit</strong></span> <span class='ocrx_word' id='word_1_488' title='bbox 3556 2456 3711 2510; x_wconf 85' lang='lat' dir='ltr'><strong>inter-</strong></span> 
     </span>
    </p>
   </div>
   <div class='ocr_carea' id='block_1_70' title="bbox 2130 2545 3708 2617">
    <p class='ocr_par' dir='ltr' id='par_1_70' title="bbox 2130 2545 3708 2617">
     <span class='ocr_line' id='line_1_70' title="bbox 2130 2545 3708 2617; baseline -0.001 -13"><span class='ocrx_word' id='word_1_489' title='bbox 2130 2548 2257 2604; x_wconf 89' lang='lat' dir='ltr'><strong>dum</strong></span> <span class='ocrx_word' id='word_1_490' title='bbox 2291 2546 2494 2617; x_wconf 81' lang='lat' dir='ltr'><strong>lingua,</strong></span> <span class='ocrx_word' id='word_1_491' title='bbox 2526 2554 2582 2601; x_wconf 92' lang='lat' dir='ltr'><strong>et</strong></span> <span class='ocrx_word' id='word_1_492' title='bbox 2613 2545 2947 2601; x_wconf 88' lang='lat' dir='ltr'><strong>manducare</strong></span> <span class='ocrx_word' id='word_1_493' title='bbox 2976 2545 3147 2617; x_wconf 86' lang='lat' dir='ltr'><strong>fingit,</strong></span> <span class='ocrx_word' id='word_1_494' title='bbox 3196 2554 3251 2601; x_wconf 91' lang='lat' dir='ltr'><strong>et</strong></span> <span class='ocrx_word' id='word_1_495' title='bbox 3292 2559 3418 2600; x_wconf 87' lang='lat' dir='ltr'><strong>cum</strong></span> <span class='ocrx_word' id='word_1_496' title='bbox 3461 2546 3545 2601; x_wconf 87' lang='lat' dir='ltr'><strong>eis</strong></span> <span class='ocrx_word' id='word_1_497' title='bbox 3577 2547 3708 2602; x_wconf 87' lang='lat' dir='ltr'><strong>lente</strong></span> 
     </span>
    </p>
   </div>
   <div class='ocr_carea' id='block_1_71' title="bbox 2130 2636 2761 2694">
    <p class='ocr_par' dir='ltr' id='par_1_71' title="bbox 2130 2636 2761 2694">
     <span class='ocr_line' id='line_1_71' title="bbox 2130 2636 2761 2694; baseline -0.005 0"><span class='ocrx_word' id='word_1_498' title='bbox 2130 2638 2406 2694; x_wconf 89' lang='lat' dir='ltr'><strong>ambulare</strong></span> <span class='ocrx_word' id='word_1_499' title='bbox 2432 2636 2761 2694; x_wconf 86' lang='lat' dir='ltr'><strong>consuescit.</strong></span> 
     </span>
    </p>
   </div>
   <div class='ocr_carea' id='block_1_72' title="bbox 2203 2730 3706 2798">
    <p class='ocr_par' dir='ltr' id='par_1_72' title="bbox 2203 2730 3706 2798">
     <span class='ocr_line' id='line_1_72' title="bbox 2203 2730 3706 2798; baseline 0.001 -12"><span class='ocrx_word' id='word_1_500' title='bbox 2203 2731 2231 2786; x_wconf 89' lang='lat' dir='ltr'><strong>l</strong></span> <span class='ocrx_word' id='word_1_501' title='bbox 2240 2743 2291 2787; x_wconf 89' lang='lat' dir='ltr'><strong>ta</strong></span> <span class='ocrx_word' id='word_1_502' title='bbox 2315 2730 2670 2785; x_wconf 85' lang='lat' dir='ltr'><strong><em>desiderantes</em></strong></span> <span class='ocrx_word' id='word_1_503' title='bbox 2687 2747 2771 2785; x_wconf 88' lang='lat' dir='ltr'><strong>vos</strong></span> <span class='ocrx_word' id='word_1_504' title='bbox 2791 2731 3001 2798; x_wconf 87' lang='lat' dir='ltr'><strong><em>cupide,</em></strong></span> <span class='ocrx_word' id='word_1_505' title='bbox 3024 2731 3322 2787; x_wconf 88' lang='lat' dir='ltr'><strong><em>volebamus</em></strong></span> <span class='ocrx_word' id='word_1_506' title='bbox 3339 2733 3546 2788; x_wconf 84' lang='lat' dir='ltr'><strong><em>tradere</em></strong></span> <span class='ocrx_word' id='word_1_507' title='bbox 3560 2733 3706 2798; x_wconf 79' lang='lat' dir='ltr'><strong><em>vobis,</em></strong></span> 
     </span>
    </p>
   </div>
   <div class='ocr_carea' id='block_1_73' title="bbox 2132 2822 3705 2896">
    <p class='ocr_par' dir='ltr' id='par_1_73' title="bbox 2132 2822 3705 2896">
     <span class='ocr_line' id='line_1_73' title="bbox 2132 2822 3705 2896; baseline 0.001 -16"><span class='ocrx_word' id='word_1_508' title='bbox 2132 2842 2235 2881; x_wconf 87' lang='lat' dir='ltr'><strong>non</strong></span> <span class='ocrx_word' id='word_1_509' title='bbox 2260 2825 2427 2879; x_wconf 88' lang='lat' dir='ltr'><strong><em>solum</em></strong></span> <span class='ocrx_word' id='word_1_510' title='bbox 2457 2823 2798 2896; x_wconf 85' lang='lat' dir='ltr'><strong><em>Evangelium</em></strong></span> <span class='ocrx_word' id='word_1_511' title='bbox 2825 2822 2941 2890; x_wconf 90' lang='lat' dir='ltr'><strong><em>Dei,</em></strong></span> <span class='ocrx_word' id='word_1_512' title='bbox 2968 2825 3058 2879; x_wconf 88' lang='lat' dir='ltr'><strong>sed</strong></span> <span class='ocrx_word' id='word_1_513' title='bbox 3082 2826 3238 2879; x_wconf 88' lang='lat' dir='ltr'><strong><em>etiam</em></strong></span> <span class='ocrx_word' id='word_1_514' title='bbox 3260 2826 3469 2881; x_wconf 88' lang='lat' dir='ltr'><strong><em>animas</em></strong></span> <span class='ocrx_word' id='word_1_515' title='bbox 3498 2837 3705 2882; x_wconf 88' lang='lat' dir='ltr'><strong><em>nostras.</em></strong></span> 
     </span>
    </p>
   </div>
   <div class='ocr_carea' id='block_1_74' title="bbox 2134 2916 3705 2982">
    <p class='ocr_par' dir='ltr' id='par_1_74' title="bbox 2134 2916 3705 2982">
     <span class='ocr_line' id='line_1_74' title="bbox 2134 2916 3705 2982; baseline 0.003 -11"><span class='ocrx_word' id='word_1_516' title='bbox 2134 2917 2285 2973; x_wconf 92' lang='lat' dir='ltr'><strong>Sicut</strong></span> <span class='ocrx_word' id='word_1_517' title='bbox 2316 2917 2497 2971; x_wconf 81' lang='lat' dir='ltr'><strong>nutrix</strong></span> <span class='ocrx_word' id='word_1_518' title='bbox 2530 2931 2638 2971; x_wconf 88' lang='lat' dir='ltr'><strong>non</strong></span> <span class='ocrx_word' id='word_1_519' title='bbox 2672 2916 2850 2971; x_wconf 86' lang='lat' dir='ltr'><strong>solum</strong></span> <span class='ocrx_word' id='word_1_520' title='bbox 2880 2916 3136 2982; x_wconf 87' lang='lat' dir='ltr'><strong>verbum,</strong></span> <span class='ocrx_word' id='word_1_521' title='bbox 3171 2916 3265 2973; x_wconf 91' lang='lat' dir='ltr'><strong>sed</strong></span> <span class='ocrx_word' id='word_1_522' title='bbox 3293 2917 3457 2973; x_wconf 89' lang='lat' dir='ltr'><strong>etiam</strong></span> <span class='ocrx_word' id='word_1_523' title='bbox 3505 2934 3705 2975; x_wconf 86' lang='lat' dir='ltr'><strong>omnem</strong></span> 
     </span>
    </p>
   </div>
   <div class='ocr_carea' id='block_1_75' title="bbox 2134 3007 3706 3080">
    <p class='ocr_par' dir='ltr' id='par_1_75' title="bbox 2134 3007 3706 3080">
     <span class='ocr_line' id='line_1_75' title="bbox 2134 3007 3706 3080; baseline 0.001 -15"><span class='ocrx_word' id='word_1_524' title='bbox 2134 3024 2355 3065; x_wconf 81' lang='lat' dir='ltr'><strong>sensum</strong></span> <span class='ocrx_word' id='word_1_525' title='bbox 2386 3007 2744 3080; x_wconf 80' lang='lat' dir='ltr'><strong>perfectionis</strong></span> <span class='ocrx_word' id='word_1_526' title='bbox 2773 3024 2886 3063; x_wconf 66' lang='lat' dir='ltr'><strong>suae</strong></span> <span class='ocrx_word' id='word_1_527' title='bbox 2935 3012 2990 3064; x_wconf 91' lang='lat' dir='ltr'><strong>in</strong></span> <span class='ocrx_word' id='word_1_528' title='bbox 3020 3010 3305 3079; x_wconf 88' lang='lat' dir='ltr'><strong>parvulum</strong></span> <span class='ocrx_word' id='word_1_529' title='bbox 3347 3010 3706 3067; x_wconf 78' lang='lat' dir='ltr'><strong>transfundere</strong></span> 
     </span>
    </p>
   </div>
   <div class='ocr_carea' id='block_1_76' title="bbox 2134 3099 3707 3172">
    <p class='ocr_par' dir='ltr' id='par_1_76' title="bbox 2134 3099 3707 3172">
     <span class='ocr_line' id='line_1_76' title="bbox 2134 3099 3707 3172; baseline 0 -14"><span class='ocrx_word' id='word_1_530' title='bbox 2134 3102 2309 3172; x_wconf 88' lang='lat' dir='ltr'><strong>cupit,</strong></span> <span class='ocrx_word' id='word_1_531' title='bbox 2355 3110 2414 3154; x_wconf 93' lang='lat' dir='ltr'><strong>ut</strong></span> <span class='ocrx_word' id='word_1_532' title='bbox 2443 3099 2491 3155; x_wconf 92' lang='lat' dir='ltr'><strong>ei</strong></span> <span class='ocrx_word' id='word_1_533' title='bbox 2519 3102 2629 3155; x_wconf 87' lang='lat' dir='ltr'><strong>cito</strong></span> <span class='ocrx_word' id='word_1_534' title='bbox 2657 3100 2833 3167; x_wconf 82' lang='lat' dir='ltr'><strong>possit</strong></span> <span class='ocrx_word' id='word_1_535' title='bbox 2860 3102 3062 3169; x_wconf 68' lang='lat' dir='ltr'><strong>aequari</strong></span> <span class='ocrx_word' id='word_1_536' title='bbox 3096 3118 3111 3154; x_wconf 91' lang='lat'><strong>:</strong></span> <span class='ocrx_word' id='word_1_537' title='bbox 3156 3102 3230 3157; x_wconf 89' lang='lat' dir='ltr'><strong>ita</strong></span> <span class='ocrx_word' id='word_1_538' title='bbox 3258 3116 3359 3157; x_wconf 90' lang='lat' dir='ltr'><strong>nos</strong></span> <span class='ocrx_word' id='word_1_539' title='bbox 3388 3105 3568 3159; x_wconf 85' lang='lat' dir='ltr'><strong>omnia</strong></span> <span class='ocrx_word' id='word_1_540' title='bbox 3594 3100 3707 3159; x_wconf 83' lang='lat' dir='ltr'><strong>feci-</strong></span> 
     </span>
    </p>
   </div>
   <div class='ocr_carea' id='block_1_77' title="bbox 2062 3188 3144 3262">
    <p class='ocr_par' dir='ltr' id='par_1_77' title="bbox 2062 3188 3144 3262">
     <span class='ocr_line' id='line_1_77' title="bbox 2062 3188 3144 3262; baseline 0 -15"><span class='ocrx_word' id='word_1_541' title='bbox 2062 3188 2110 3253; x_wconf 89' lang='lat' dir='ltr'><strong>C</strong></span> <span class='ocrx_word' id='word_1_542' title='bbox 2140 3208 2260 3247; x_wconf 89' lang='lat' dir='ltr'><strong>mus</strong></span> <span class='ocrx_word' id='word_1_543' title='bbox 2285 3206 2385 3262; x_wconf 89' lang='lat' dir='ltr'><strong>per</strong></span> <span class='ocrx_word' id='word_1_544' title='bbox 2415 3207 2534 3260; x_wconf 76' lang='lat' dir='ltr'><strong>qua:</strong></span> <span class='ocrx_word' id='word_1_545' title='bbox 2564 3190 2832 3261; x_wconf 86' lang='lat' dir='ltr'><strong>prolicere</strong></span> <span class='ocrx_word' id='word_1_546' title='bbox 2862 3193 3144 3261; x_wconf 88' lang='lat' dir='ltr'><strong>poteratis.</strong></span> 
     </span>
    </p>
   </div>
   <div class='ocr_carea' id='block_1_78' title="bbox 2212 3284 3704 3360">
    <p class='ocr_par' dir='ltr' id='par_1_78' title="bbox 2212 3284 3704 3360">
     <span class='ocr_line' id='line_1_78' title="bbox 2212 3284 3704 3360; baseline 0.005 -22"><span class='ocrx_word' id='word_1_547' title='bbox 2212 3285 2470 3350; x_wconf 81' lang='lat' dir='ltr'><strong><em>Quoniam</em></strong></span> <span class='ocrx_word' id='word_1_548' title='bbox 2496 3284 2788 3339; x_wconf 85' lang='lat' dir='ltr'><strong><em>charissimi</em></strong></span> <span class='ocrx_word' id='word_1_549' title='bbox 2815 3286 2960 3339; x_wconf 88' lang='lat' dir='ltr'><strong><em>nobis</em></strong></span> <span class='ocrx_word' id='word_1_550' title='bbox 2983 3286 3107 3357; x_wconf 77' lang='lat' dir='ltr'><strong><em>[acti</em></strong></span> <span class='ocrx_word' id='word_1_551' title='bbox 3136 3286 3276 3341; x_wconf 89' lang='lat' dir='ltr'><strong><em>estis.</em></strong></span> <span class='ocrx_word' id='word_1_552' title='bbox 3301 3286 3533 3360; x_wconf 87' lang='lat' dir='ltr'><strong>Propter</strong></span> <span class='ocrx_word' id='word_1_553' title='bbox 3560 3288 3704 3345; x_wconf 89' lang='lat' dir='ltr'><strong>fidem</strong></span> 
     </span>
    </p>
   </div>
   <div class='ocr_carea' id='block_1_79' title="bbox 2137 3374 3705 3452">
    <p class='ocr_par' dir='ltr' id='par_1_79' title="bbox 2137 3374 3705 3452">
     <span class='ocr_line' id='line_1_79' title="bbox 2137 3374 3705 3452; baseline 0.005 -21"><span class='ocrx_word' id='word_1_554' title='bbox 2137 3384 2193 3431; x_wconf 93' lang='lat' dir='ltr'><strong>et</strong></span> <span class='ocrx_word' id='word_1_555' title='bbox 2221 3374 2690 3432; x_wconf 87' lang='lat' dir='ltr'><strong>conversationem</strong></span> <span class='ocrx_word' id='word_1_556' title='bbox 2735 3386 2995 3445; x_wconf 87' lang='lat' dir='ltr'><strong>vestram,</strong></span> <span class='ocrx_word' id='word_1_557' title='bbox 3031 3394 3191 3448; x_wconf 84' lang='lat' dir='ltr'><strong>quam</strong></span> <span class='ocrx_word' id='word_1_558' title='bbox 3235 3381 3491 3452; x_wconf 89' lang='lat' dir='ltr'><strong>superius</strong></span> <span class='ocrx_word' id='word_1_559' title='bbox 3518 3398 3705 3439; x_wconf 90' lang='lat' dir='ltr'><strong>memo-</strong></span> 
     </span>
    </p>
   </div>
   <div class='ocr_carea' id='block_1_80' title="bbox 2139 3470 2404 3526">
    <p class='ocr_par' dir='ltr' id='par_1_80' title="bbox 2139 3470 2404 3526">
     <span class='ocr_line' id='line_1_80' title="bbox 2139 3470 2404 3526; baseline -0.008 0"><span class='ocrx_word' id='word_1_560' title='bbox 2139 3470 2404 3526; x_wconf 88' lang='lat' dir='ltr'><strong>ravimus.</strong></span> 
     </span>
    </p>
   </div>
   <div class='ocr_carea' id='block_1_81' title="bbox 2211 3559 3706 3635">
    <p class='ocr_par' dir='ltr' id='par_1_81' title="bbox 2211 3559 3706 3635">
     <span class='ocr_line' id='line_1_81' title="bbox 2211 3559 3706 3635; baseline 0.002 -19"><span class='ocrx_word' id='word_1_561' title='bbox 2211 3559 2470 3616; x_wconf 82' lang='lat' dir='ltr'><strong><em>Memores</em></strong></span> <span class='ocrx_word' id='word_1_562' title='bbox 2493 3560 2630 3615; x_wconf 88' lang='lat' dir='ltr'><strong><em>enim</em></strong></span> <span class='ocrx_word' id='word_1_563' title='bbox 2661 3561 2786 3631; x_wconf 78' lang='lat' dir='ltr'><strong><em>facti</em></strong></span> <span class='ocrx_word' id='word_1_564' title='bbox 2817 3562 2956 3629; x_wconf 84' lang='lat' dir='ltr'><strong><em>estis,</em></strong></span> <span class='ocrx_word' id='word_1_565' title='bbox 2984 3564 3194 3635; x_wconf 77' lang='lat' dir='ltr'><strong><em>fratres,</em></strong></span> <span class='ocrx_word' id='word_1_566' title='bbox 3220 3565 3413 3622; x_wconf 87' lang='lat' dir='ltr'><strong><em>laboris</em></strong></span> <span class='ocrx_word' id='word_1_567' title='bbox 3454 3567 3644 3634; x_wconf 88' lang='lat' dir='ltr'><strong><em>nostri,</em></strong></span> <span class='ocrx_word' id='word_1_568' title='bbox 3664 3576 3706 3623; x_wconf 85' lang='lat' dir='ltr'><strong>et</strong></span> 
     </span>
    </p>
   </div>
   <div class='ocr_carea' id='block_1_82' title="bbox 2141 3651 3706 3724">
    <p class='ocr_par' dir='ltr' id='par_1_82' title="bbox 2141 3651 3706 3724">
     <span class='ocr_line' id='line_1_82' title="bbox 2141 3651 3706 3724; baseline 0.006 -20"><span class='ocrx_word' id='word_1_569' title='bbox 2141 3651 2485 3723; x_wconf 79' lang='lat' dir='ltr'><strong><em>fatigationis,</em></strong></span> <span class='ocrx_word' id='word_1_570' title='bbox 2512 3660 2658 3705; x_wconf 85' lang='lat' dir='ltr'><strong><em>nocte</em></strong></span> <span class='ocrx_word' id='word_1_571' title='bbox 2678 3661 2726 3706; x_wconf 89' lang='lat' dir='ltr'><strong>et</strong></span> <span class='ocrx_word' id='word_1_572' title='bbox 2752 3652 2837 3708; x_wconf 88' lang='lat' dir='ltr'><strong>die</strong></span> <span class='ocrx_word' id='word_1_573' title='bbox 2861 3662 3156 3724; x_wconf 87' lang='lat' dir='ltr'><strong><em>operantes.</em></strong></span> <span class='ocrx_word' id='word_1_574' title='bbox 3181 3653 3448 3712; x_wconf 86' lang='lat' dir='ltr'><strong>Laborem</strong></span> <span class='ocrx_word' id='word_1_575' title='bbox 3473 3671 3706 3714; x_wconf 86' lang='lat' dir='ltr'><strong>manuum</strong></span> 
     </span>
    </p>
   </div>
   <div class='ocr_carea' id='block_1_83' title="bbox 2142 3743 3707 3820">
    <p class='ocr_par' dir='ltr' id='par_1_83' title="bbox 2142 3743 3707 3820">
     <span class='ocr_line' id='line_1_83' title="bbox 2142 3743 3707 3820; baseline 0.001 -20"><span class='ocrx_word' id='word_1_576' title='bbox 2142 3755 2322 3813; x_wconf 90' lang='lat' dir='ltr'><strong>nocte,</strong></span> <span class='ocrx_word' id='word_1_577' title='bbox 2358 3755 2413 3800; x_wconf 92' lang='lat' dir='ltr'><strong>et</strong></span> <span class='ocrx_word' id='word_1_578' title='bbox 2459 3743 2833 3815; x_wconf 80' lang='lat' dir='ltr'><strong>fatigationem</strong></span> <span class='ocrx_word' id='word_1_579' title='bbox 2871 3746 3020 3801; x_wconf 90' lang='lat' dir='ltr'><strong>verbi</strong></span> <span class='ocrx_word' id='word_1_580' title='bbox 3050 3746 3183 3803; x_wconf 89' lang='lat' dir='ltr'><strong>die:</strong></span> <span class='ocrx_word' id='word_1_581' title='bbox 3218 3756 3477 3804; x_wconf 66' lang='lat' dir='ltr'><strong>caeterum</strong></span> <span class='ocrx_word' id='word_1_582' title='bbox 3513 3763 3707 3820; x_wconf 86' lang='lat' dir='ltr'><strong>semper</strong></span> 
     </span>
    </p>
   </div>
   <div class='ocr_carea' id='block_1_84' title="bbox 2142 3837 3013 3910">
    <p class='ocr_par' dir='ltr' id='par_1_84' title="bbox 2142 3837 3013 3910">
     <span class='ocr_line' id='line_1_84' title="bbox 2142 3837 3013 3910; baseline -0.002 -15"><span class='ocrx_word' id='word_1_583' title='bbox 2142 3843 2491 3910; x_wconf 86' lang='lat' dir='ltr'><strong>operabatur,</strong></span> <span class='ocrx_word' id='word_1_584' title='bbox 2520 3838 2735 3909; x_wconf 90' lang='lat' dir='ltr'><strong>quando</strong></span> <span class='ocrx_word' id='word_1_585' title='bbox 2761 3837 3013 3894; x_wconf 85' lang='lat' dir='ltr'><strong>docebat.</strong></span> 
     </span>
    </p>
   </div>
   <div class='ocr_carea' id='block_1_85' title="bbox 2216 3930 3708 4004">
    <p class='ocr_par' dir='ltr' id='par_1_85' title="bbox 2216 3930 3708 4004">
     <span class='ocr_line' id='line_1_85' title="bbox 2216 3930 3708 4004; baseline 0.003 -18"><span class='ocrx_word' id='word_1_586' title='bbox 2216 3930 2302 3986; x_wconf 90' lang='lat' dir='ltr'><strong>Ne</strong></span> <span class='ocrx_word' id='word_1_587' title='bbox 2329 3946 2635 4002; x_wconf 88' lang='lat' dir='ltr'><strong><em>quemquam</em></strong></span> <span class='ocrx_word' id='word_1_588' title='bbox 2665 3939 2892 3983; x_wconf 89' lang='lat' dir='ltr'><strong><em>vestrunt</em></strong></span> <span class='ocrx_word' id='word_1_589' title='bbox 2933 3947 3282 4000; x_wconf 87' lang='lat' dir='ltr'><strong><em>gravarentus.</em></strong></span> <span class='ocrx_word' id='word_1_590' title='bbox 3329 3934 3485 4004; x_wconf 80' lang='lat' dir='ltr'><strong>Apud</strong></span> <span class='ocrx_word' id='word_1_591' title='bbox 3518 3934 3641 3991; x_wconf 87' lang='lat' dir='ltr'><strong>istos</strong></span> <span class='ocrx_word' id='word_1_592' title='bbox 3662 3944 3708 3990; x_wconf 85' lang='lat' dir='ltr'><strong>et</strong></span> 
     </span>
    </p>
   </div>
   <div class='ocr_carea' id='block_1_86' title="bbox 2143 4022 3709 4096">
    <p class='ocr_par' dir='ltr' id='par_1_86' title="bbox 2143 4022 3709 4096">
     <span class='ocr_line' id='line_1_86' title="bbox 2143 4022 3709 4096; baseline -0.001 -15"><span class='ocrx_word' id='word_1_593' title='bbox 2143 4022 2477 4089; x_wconf 87' lang='lat' dir='ltr'><strong>Corinthios,</strong></span> <span class='ocrx_word' id='word_1_594' title='bbox 2509 4030 2567 4079; x_wconf 90' lang='lat' dir='ltr'><strong>et</strong></span> <span class='ocrx_word' id='word_1_595' title='bbox 2596 4023 2857 4092; x_wconf 85' lang='lat' dir='ltr'><strong>Ephesios</strong></span> <span class='ocrx_word' id='word_1_596' title='bbox 2901 4024 3191 4095; x_wconf 86' lang='lat' dir='ltr'><strong>laboravit,</strong></span> <span class='ocrx_word' id='word_1_597' title='bbox 3238 4026 3437 4096; x_wconf 91' lang='lat' dir='ltr'><strong>quibus</strong></span> <span class='ocrx_word' id='word_1_598' title='bbox 3488 4028 3709 4083; x_wconf 84' lang='lat' dir='ltr'><strong>occasio-</strong></span> 
     </span>
    </p>
   </div>
   <div class='ocr_carea' id='block_1_87' title="bbox 2146 4114 3707 4190">
    <p class='ocr_par' dir='ltr' id='par_1_87' title="bbox 2146 4114 3707 4190">
     <span class='ocr_line' id='line_1_87' title="bbox 2146 4114 3707 4190; baseline -0.001 -17"><span class='ocrx_word' id='word_1_599' title='bbox 2146 4132 2266 4175; x_wconf 87' lang='lat' dir='ltr'><strong>nem</strong></span> <span class='ocrx_word' id='word_1_600' title='bbox 2298 4115 2517 4171; x_wconf 87' lang='lat' dir='ltr'><strong>auferre</strong></span> <span class='ocrx_word' id='word_1_601' title='bbox 2543 4114 2816 4184; x_wconf 87' lang='lat' dir='ltr'><strong>cupiebat,</strong></span> <span class='ocrx_word' id='word_1_602' title='bbox 2848 4115 2934 4171; x_wconf 87' lang='lat' dir='ltr'><strong>vel</strong></span> <span class='ocrx_word' id='word_1_603' title='bbox 2962 4115 3217 4185; x_wconf 87' lang='lat' dir='ltr'><strong>docendi,</strong></span> <span class='ocrx_word' id='word_1_604' title='bbox 3241 4118 3326 4173; x_wconf 88' lang='lat' dir='ltr'><strong>vel</strong></span> <span class='ocrx_word' id='word_1_605' title='bbox 3358 4117 3429 4175; x_wconf 91' lang='lat' dir='ltr'><strong>de</strong></span> <span class='ocrx_word' id='word_1_606' title='bbox 3449 4132 3508 4175; x_wconf 90' lang='lat' dir='ltr'><strong>se</strong></span> <span class='ocrx_word' id='word_1_607' title='bbox 3528 4118 3707 4190; x_wconf 86' lang='lat' dir='ltr'><strong>aliquid</strong></span> 
     </span>
    </p>
   </div>
   <div class='ocr_carea' id='block_1_88' title="bbox 2144 4214 2480 4286">
    <p class='ocr_par' dir='ltr' id='par_1_88' title="bbox 2144 4214 2480 4286">
     <span class='ocr_line' id='line_1_88' title="bbox 2144 4214 2480 4286; baseline -0.009 -14"><span class='ocrx_word' id='word_1_608' title='bbox 2144 4214 2480 4286; x_wconf 87' lang='lat' dir='ltr'><strong>suspicandi.</strong></span> 
     </span>
    </p>
   </div>
   <div class='ocr_carea' id='block_1_89' title="bbox 2217 4305 3706 4381">
    <p class='ocr_par' dir='ltr' id='par_1_89' title="bbox 2217 4305 3706 4381">
     <span class='ocr_line' id='line_1_89' title="bbox 2217 4305 3706 4381; baseline -0.001 -19"><span class='ocrx_word' id='word_1_609' title='bbox 2217 4305 2627 4362; x_wconf 76' lang='lat' dir='ltr'><strong><em>Prtedicavimus</em></strong></span> <span class='ocrx_word' id='word_1_610' title='bbox 2651 4306 2703 4360; x_wconf 88' lang='lat' dir='ltr'><strong>in</strong></span> <span class='ocrx_word' id='word_1_611' title='bbox 2740 4305 2880 4360; x_wconf 89' lang='lat' dir='ltr'><strong><em>vobis</em></strong></span> <span class='ocrx_word' id='word_1_612' title='bbox 2908 4305 3251 4381; x_wconf 84' lang='lat' dir='ltr'><strong><em>Evangelium</em></strong></span> <span class='ocrx_word' id='word_1_613' title='bbox 3274 4306 3393 4364; x_wconf 86' lang='lat' dir='ltr'><strong><em>Dei.</em></strong></span> <span class='ocrx_word' id='word_1_614' title='bbox 3438 4308 3541 4365; x_wconf 79' lang='lat' dir='ltr'><strong>Vos</strong></span> <span class='ocrx_word' id='word_1_615' title='bbox 3577 4316 3706 4363; x_wconf 87' lang='lat' dir='ltr'><strong><em>testes</em></strong></span> 
     </span>
    </p>
   </div>
   <div class='ocr_carea' id='block_1_90' title="bbox 2147 4400 3643 4476">
    <p class='ocr_par' dir='ltr' id='par_1_90' title="bbox 2147 4400 3643 4476">
     <span class='ocr_line' id='line_1_90' title="bbox 2147 4400 3643 4476; baseline 0.003 -20"><span class='ocrx_word' id='word_1_616' title='bbox 2147 4403 2269 4457; x_wconf 82' lang='lat' dir='ltr'><strong><em>estis</em></strong></span> <span class='ocrx_word' id='word_1_617' title='bbox 2297 4410 2345 4455; x_wconf 90' lang='lat' dir='ltr'><strong>et</strong></span> <span class='ocrx_word' id='word_1_618' title='bbox 2386 4400 2550 4457; x_wconf 84' lang='lat' dir='ltr'><strong><em>Deus.</em></strong></span> <span class='ocrx_word' id='word_1_619' title='bbox 2583 4402 2736 4459; x_wconf 87' lang='lat' dir='ltr'><strong>Sicut</strong></span> <span class='ocrx_word' id='word_1_620' title='bbox 2764 4404 2979 4460; x_wconf 88' lang='lat' dir='ltr'><strong>Samuel</strong></span> <span class='ocrx_word' id='word_1_621' title='bbox 3007 4405 3263 4476; x_wconf 88' lang='lat' dir='ltr'><strong>populum</strong></span> <span class='ocrx_word' id='word_1_622' title='bbox 3297 4415 3643 4463; x_wconf 85' lang='lat' dir='ltr'><strong>contestatur.</strong></span> 
     </span>
    </p>
   </div>
   <div class='ocr_carea' id='block_1_91' title="bbox 2222 4492 3707 4569">
    <p class='ocr_par' dir='ltr' id='par_1_91' title="bbox 2222 4492 3707 4569">
     <span class='ocr_line' id='line_1_91' title="bbox 2222 4492 3707 4569; baseline 0.001 -23"><span class='ocrx_word' id='word_1_623' title='bbox 2222 4492 2390 4561; x_wconf 90' lang='lat' dir='ltr'><strong><em>Quam</em></strong></span> <span class='ocrx_word' id='word_1_624' title='bbox 2411 4504 2587 4548; x_wconf 89' lang='lat' dir='ltr'><strong><em>sancte</em></strong></span> <span class='ocrx_word' id='word_1_625' title='bbox 2609 4503 2655 4548; x_wconf 89' lang='lat' dir='ltr'><strong>et</strong></span> <span class='ocrx_word' id='word_1_626' title='bbox 2675 4498 2842 4568; x_wconf 87' lang='lat' dir='ltr'><strong><em>juste,</em></strong></span> <span class='ocrx_word' id='word_1_627' title='bbox 2872 4503 2921 4549; x_wconf 86' lang='lat' dir='ltr'><strong>et</strong></span> <span class='ocrx_word' id='word_1_628' title='bbox 2950 4495 3064 4549; x_wconf 89' lang='lat' dir='ltr'><strong><em>sine</em></strong></span> <span class='ocrx_word' id='word_1_629' title='bbox 3091 4497 3307 4568; x_wconf 87' lang='lat' dir='ltr'><strong><em>querela</em></strong></span> <span class='ocrx_word' id='word_1_630' title='bbox 3331 4497 3487 4564; x_wconf 83' lang='lat' dir='ltr'><strong><em>vobis,</em></strong></span> <span class='ocrx_word' id='word_1_631' title='bbox 3508 4497 3591 4569; x_wconf 87' lang='lat' dir='ltr'><strong>qui</strong></span> <span class='ocrx_word' id='word_1_632' title='bbox 3618 4510 3707 4550; x_wconf 82' lang='lat' dir='ltr'><strong><em>cre-</em></strong></span> 
     </span>
    </p>
   </div>
   <div class='ocr_carea' id='block_1_92' title="bbox 524 4579 3704 4665">
    <p class='ocr_par' dir='ltr' id='par_1_92' title="bbox 524 4579 3704 4665">
     <span class='ocr_line' id='line_1_92' title="bbox 524 4579 3704 4665; baseline -0.002 -20"><span class='ocrx_word' id='word_1_633' title='bbox 524 4593 802 4648; x_wconf 79' lang='lat' dir='ltr'><strong><em>Fiduciam</em></strong></span> <span class='ocrx_word' id='word_1_634' title='bbox 857 4593 1137 4649; x_wconf 74' lang='lat' dir='ltr'><strong><em>habuimus</em></strong></span> <span class='ocrx_word' id='word_1_635' title='bbox 1179 4594 1233 4648; x_wconf 85' lang='lat' dir='ltr'><strong>in</strong></span> <span class='ocrx_word' id='word_1_636' title='bbox 1273 4594 1384 4650; x_wconf 85' lang='lat' dir='ltr'><strong>Deo</strong></span> <span class='ocrx_word' id='word_1_637' title='bbox 1411 4602 1607 4650; x_wconf 75' lang='lat' dir='ltr'><strong><em>nostra.</em></strong></span> <span class='ocrx_word' id='word_1_638' title='bbox 1640 4594 1742 4665; x_wconf 85' lang='lat' dir='ltr'><strong><em>Qui</em></strong></span> <span class='ocrx_word' id='word_1_639' title='bbox 1776 4609 1876 4651; x_wconf 80' lang='lat' dir='ltr'><strong>nos</strong></span> <span class='ocrx_word' id='word_1_640' title='bbox 1906 4594 2038 4652; x_wconf 71' lang='lat' dir='ltr'><strong>libe-</strong></span> <span class='ocrx_word' id='word_1_641' title='bbox 2069 4579 2125 4643; x_wconf 85' lang='lat' dir='ltr'><strong><em>D</em></strong></span> <span class='ocrx_word' id='word_1_642' title='bbox 2149 4586 2372 4656; x_wconf 87' lang='lat' dir='ltr'><strong><em>didistis,</em></strong></span> <span class='ocrx_word' id='word_1_643' title='bbox 2405 4585 2673 4656; x_wconf 75' lang='lat' dir='ltr'><strong><em>affuimus.</em></strong></span> <span class='ocrx_word' id='word_1_644' title='bbox 2718 4586 2798 4645; x_wconf 87' lang='lat' dir='ltr'><strong><em>Ne</em></strong></span> <span class='ocrx_word' id='word_1_645' title='bbox 2830 4587 2987 4644; x_wconf 89' lang='lat' dir='ltr'><strong>vobis</strong></span> <span class='ocrx_word' id='word_1_646' title='bbox 3014 4588 3178 4644; x_wconf 89' lang='lat' dir='ltr'><strong>ullam</strong></span> <span class='ocrx_word' id='word_1_647' title='bbox 3209 4587 3565 4646; x_wconf 78' lang='lat' dir='ltr'><strong>offensionem</strong></span> <span class='ocrx_word' id='word_1_648' title='bbox 3594 4586 3704 4643; x_wconf 85' lang='lat' dir='ltr'><strong>dare</strong></span> 
     </span>
    </p>
   </div>
   <div class='ocr_carea' id='block_1_93' title="bbox 452 4686 2041 4758">
    <p class='ocr_par' dir='ltr' id='par_1_93' title="bbox 452 4686 2041 4758">
     <span class='ocr_line' id='line_1_93' title="bbox 452 4686 2041 4758; baseline 0.002 -16"><span class='ocrx_word' id='word_1_649' title='bbox 452 4700 579 4742; x_wconf 89' lang='lat' dir='ltr'><strong>rare</strong></span> <span class='ocrx_word' id='word_1_650' title='bbox 623 4686 677 4741; x_wconf 93' lang='lat' dir='ltr'><strong>in</strong></span> <span class='ocrx_word' id='word_1_651' title='bbox 710 4686 988 4755; x_wconf 83' lang='lat' dir='ltr'><strong>praesenti,</strong></span> <span class='ocrx_word' id='word_1_652' title='bbox 1020 4687 1108 4741; x_wconf 89' lang='lat' dir='ltr'><strong>vel</strong></span> <span class='ocrx_word' id='word_1_653' title='bbox 1157 4686 1211 4741; x_wconf 90' lang='lat' dir='ltr'><strong>in</strong></span> <span class='ocrx_word' id='word_1_654' title='bbox 1260 4686 1442 4742; x_wconf 90' lang='lat' dir='ltr'><strong>futuro</strong></span> <span class='ocrx_word' id='word_1_655' title='bbox 1474 4688 1685 4758; x_wconf 69' lang='lat' dir='ltr'><strong>potest‘,</strong></span> <span class='ocrx_word' id='word_1_656' title='bbox 1731 4696 1789 4744; x_wconf 90' lang='lat' dir='ltr'><strong>et</strong></span> <span class='ocrx_word' id='word_1_657' title='bbox 1840 4687 2041 4745; x_wconf 90' lang='lat' dir='ltr'><strong>laboris</strong></span> 
     </span>
    </p>
   </div>
   <div class='ocr_carea' id='block_1_94' title="bbox 449 4781 1714 4854">
    <p class='ocr_par' dir='ltr' id='par_1_94' title="bbox 449 4781 1714 4854">
     <span class='ocr_line' id='line_1_94' title="bbox 449 4781 1714 4854; baseline 0 -14"><span class='ocrx_word' id='word_1_658' title='bbox 449 4783 624 4840; x_wconf 90' lang='lat' dir='ltr'><strong>nostri</strong></span> <span class='ocrx_word' id='word_1_659' title='bbox 652 4781 959 4838; x_wconf 89' lang='lat' dir='ltr'><strong>mercedem</strong></span> <span class='ocrx_word' id='word_1_660' title='bbox 989 4781 1241 4837; x_wconf 90' lang='lat' dir='ltr'><strong>omnibus</strong></span> <span class='ocrx_word' id='word_1_661' title='bbox 1269 4798 1714 4854; x_wconf 86' lang='lat' dir='ltr'><strong>recompensare.</strong></span> 
     </span>
    </p>
   </div>
   <div class='ocr_carea' id='block_1_95' title="bbox 523 4871 2036 4947">
    <p class='ocr_par' dir='ltr' id='par_1_95' title="bbox 523 4871 2036 4947">
     <span class='ocr_line' id='line_1_95' title="bbox 523 4871 2036 4947; baseline -0.001 -17"><span class='ocrx_word' id='word_1_662' title='bbox 523 4875 692 4947; x_wconf 91' lang='lat' dir='ltr'><strong><em>Loqui</em></strong></span> <span class='ocrx_word' id='word_1_663' title='bbox 716 4873 786 4927; x_wconf 91' lang='lat' dir='ltr'><strong>ad</strong></span> <span class='ocrx_word' id='word_1_664' title='bbox 806 4888 891 4927; x_wconf 91' lang='lat' dir='ltr'><strong>vos</strong></span> <span class='ocrx_word' id='word_1_665' title='bbox 919 4871 1259 4944; x_wconf 79' lang='lat' dir='ltr'><strong><em>Evangelium</em></strong></span> <span class='ocrx_word' id='word_1_666' title='bbox 1280 4873 1379 4930; x_wconf 88' lang='lat' dir='ltr'><strong><em>Dei</em></strong></span> <span class='ocrx_word' id='word_1_667' title='bbox 1399 4877 1452 4931; x_wconf 90' lang='lat' dir='ltr'><strong>in</strong></span> <span class='ocrx_word' id='word_1_668' title='bbox 1473 4875 1639 4931; x_wconf 88' lang='lat' dir='ltr'><strong><em>multa</em></strong></span> <span class='ocrx_word' id='word_1_669' title='bbox 1660 4875 2036 4931; x_wconf 86' lang='lat' dir='ltr'><strong><em>sollicitudine.</em></strong></span> 
     </span>
    </p>
   </div>
   <div class='ocr_carea' id='block_1_96' title="bbox 454 4967 2039 5039">
    <p class='ocr_par' dir='ltr' id='par_1_96' title="bbox 454 4967 2039 5039">
     <span class='ocr_line' id='line_1_96' title="bbox 454 4967 2039 5039; baseline -0.002 -12"><span class='ocrx_word' id='word_1_670' title='bbox 454 4970 570 5027; x_wconf 83' lang='lat' dir='ltr'><strong>Non</strong></span> <span class='ocrx_word' id='word_1_671' title='bbox 604 4968 963 5039; x_wconf 80' lang='lat' dir='ltr'><strong>negligenter,</strong></span> <span class='ocrx_word' id='word_1_672' title='bbox 987 4967 1437 5039; x_wconf 81' lang='lat' dir='ltr'><strong>neetransitoric,</strong></span> <span class='ocrx_word' id='word_1_673' title='bbox 1465 4969 1560 5026; x_wconf 87' lang='lat' dir='ltr'><strong>sed</strong></span> <span class='ocrx_word' id='word_1_674' title='bbox 1587 4970 1641 5025; x_wconf 89' lang='lat' dir='ltr'><strong>in</strong></span> <span class='ocrx_word' id='word_1_675' title='bbox 1670 4968 2039 5026; x_wconf 88' lang='lat' dir='ltr'><strong>sollicitudine</strong></span> 
     </span>
    </p>
   </div>
   <div class='ocr_carea' id='block_1_97' title="bbox 456 5060 1140 5132">
    <p class='ocr_par' dir='ltr' id='par_1_97' title="bbox 456 5060 1140 5132">
     <span class='ocr_line' id='line_1_97' title="bbox 456 5060 1140 5132; baseline -0.009 -13"><span class='ocrx_word' id='word_1_676' title='bbox 456 5078 567 5119; x_wconf 91' lang='lat' dir='ltr'><strong>non</strong></span> <span class='ocrx_word' id='word_1_677' title='bbox 594 5076 787 5132; x_wconf 86' lang='lat' dir='ltr'><strong>parva,</strong></span> <span class='ocrx_word' id='word_1_678' title='bbox 823 5060 919 5116; x_wconf 90' lang='lat' dir='ltr'><strong>sed</strong></span> <span class='ocrx_word' id='word_1_679' title='bbox 952 5060 1140 5115; x_wconf 83' lang='lat' dir='ltr'><strong>multa.</strong></span> 
     </span>
    </p>
   </div>
   <div class='ocr_carea' id='block_1_98' title="bbox 526 5154 2042 5213">
    <p class='ocr_par' dir='ltr' id='par_1_98' title="bbox 526 5154 2042 5213">
     <span class='ocr_line' id='line_1_98' title="bbox 526 5154 2042 5213; baseline -0.001 -4"><span class='ocrx_word' id='word_1_680' title='bbox 526 5155 838 5213; x_wconf 72' lang='lat' dir='ltr'><strong><em>Exhortatio</em></strong></span> <span class='ocrx_word' id='word_1_681' title='bbox 867 5158 1001 5213; x_wconf 89' lang='lat' dir='ltr'><strong><em>enim</em></strong></span> <span class='ocrx_word' id='word_1_682' title='bbox 1046 5166 1227 5211; x_wconf 85' lang='lat' dir='ltr'><strong><em>nostra</em></strong></span> <span class='ocrx_word' id='word_1_683' title='bbox 1267 5173 1366 5212; x_wconf 90' lang='lat' dir='ltr'><strong>non</strong></span> <span class='ocrx_word' id='word_1_684' title='bbox 1412 5157 1477 5211; x_wconf 86' lang='lat' dir='ltr'><strong>de</strong></span> <span class='ocrx_word' id='word_1_685' title='bbox 1511 5172 1705 5211; x_wconf 86' lang='lat' dir='ltr'><strong><em>errore.</em></strong></span> <span class='ocrx_word' id='word_1_686' title='bbox 1760 5154 1886 5211; x_wconf 89' lang='lat' dir='ltr'><strong>Ideo</strong></span> <span class='ocrx_word' id='word_1_687' title='bbox 1935 5168 2042 5209; x_wconf 89' lang='lat' dir='ltr'><strong>non</strong></span> 
     </span>
    </p>
   </div>
   <div class='ocr_carea' id='block_1_99' title="bbox 461 5249 2047 5322">
    <p class='ocr_par' dir='ltr' id='par_1_99' title="bbox 461 5249 2047 5322">
     <span class='ocr_line' id='line_1_99' title="bbox 461 5249 2047 5322; baseline -0.001 -16"><span class='ocrx_word' id='word_1_688' title='bbox 461 5265 710 5307; x_wconf 85' lang='lat' dir='ltr'><strong>erramus</strong></span> <span class='ocrx_word' id='word_1_689' title='bbox 741 5268 755 5305; x_wconf 91' lang='lat'><strong>:</strong></span> <span class='ocrx_word' id='word_1_690' title='bbox 788 5261 935 5307; x_wconf 85' lang='lat' dir='ltr'><strong>errat</strong></span> <span class='ocrx_word' id='word_1_691' title='bbox 979 5253 1124 5308; x_wconf 91' lang='lat' dir='ltr'><strong>enim</strong></span> <span class='ocrx_word' id='word_1_692' title='bbox 1173 5251 1503 5322; x_wconf 88' lang='lat' dir='ltr'><strong>quicumque</strong></span> <span class='ocrx_word' id='word_1_693' title='bbox 1545 5258 1699 5320; x_wconf 87' lang='lat' dir='ltr'><strong>putat</strong></span> <span class='ocrx_word' id='word_1_694' title='bbox 1720 5291 1736 5317; x_wconf 90' lang='lat'><strong>,</strong></span> <span class='ocrx_word' id='word_1_695' title='bbox 1768 5251 1852 5305; x_wconf 91' lang='lat' dir='ltr'><strong>vel</strong></span> <span class='ocrx_word' id='word_1_696' title='bbox 1884 5249 2047 5304; x_wconf 82' lang='lat' dir='ltr'><strong>docet</strong></span> 
     </span>
    </p>
   </div>
   <div class='ocr_carea' id='block_1_100' title="bbox 458 5341 2042 5414">
    <p class='ocr_par' dir='ltr' id='par_1_100' title="bbox 458 5341 2042 5414">
     <span class='ocr_line' id='line_1_100' title="bbox 458 5341 2042 5414; baseline -0.002 -15"><span class='ocrx_word' id='word_1_697' title='bbox 458 5342 657 5399; x_wconf 90' lang='lat' dir='ltr'><strong>multos</strong></span> <span class='ocrx_word' id='word_1_698' title='bbox 688 5357 847 5413; x_wconf 90' lang='lat' dir='ltr'><strong>posse</strong></span> <span class='ocrx_word' id='word_1_699' title='bbox 874 5359 1102 5414; x_wconf 84' lang='lat' dir='ltr'><strong>regnare</strong></span> <span class='ocrx_word' id='word_1_700' title='bbox 1130 5359 1255 5401; x_wconf 91' lang='lat' dir='ltr'><strong>cum</strong></span> <span class='ocrx_word' id='word_1_701' title='bbox 1283 5345 1521 5410; x_wconf 79' lang='lat' dir='ltr'><strong>Christo,</strong></span> <span class='ocrx_word' id='word_1_702' title='bbox 1548 5344 1686 5399; x_wconf 89' lang='lat' dir='ltr'><strong>sicut</strong></span> <span class='ocrx_word' id='word_1_703' title='bbox 1716 5342 1845 5399; x_wconf 87' lang='lat' dir='ltr'><strong>alibi</strong></span> <span class='ocrx_word' id='word_1_704' title='bbox 1868 5341 1998 5399; x_wconf 89' lang='lat' dir='ltr'><strong>dicit</strong></span> <span class='ocrx_word' id='word_1_705' title='bbox 2028 5360 2042 5396; x_wconf 86' lang='lat'><strong>:</strong></span> 
     </span>
    </p>
   </div>
   <div class='ocr_carea' id='block_1_101' title="bbox 456 5436 1657 5505">
    <p class='ocr_par' dir='ltr' id='par_1_101' title="bbox 456 5436 1657 5505">
     <span class='ocr_line' id='line_1_101' title="bbox 456 5436 1657 5505; baseline -0.002 -10"><span class='ocrx_word' id='word_1_706' title='bbox 456 5439 634 5496; x_wconf 83' lang='lat' dir='ltr'><strong>Nolite</strong></span> <span class='ocrx_word' id='word_1_707' title='bbox 658 5451 842 5493; x_wconf 90' lang='lat' dir='ltr'><strong>errare</strong></span> <span class='ocrx_word' id='word_1_708' title='bbox 870 5452 885 5491; x_wconf 87' lang='lat'><strong>:</strong></span> <span class='ocrx_word' id='word_1_709' title='bbox 912 5436 1032 5505; x_wconf 86' lang='lat' dir='ltr'><strong>quia</strong></span> <span class='ocrx_word' id='word_1_710' title='bbox 1069 5438 1214 5496; x_wconf 92' lang='lat' dir='ltr'><strong>Deus</strong></span> <span class='ocrx_word' id='word_1_711' title='bbox 1243 5456 1351 5495; x_wconf 91' lang='lat' dir='ltr'><strong>non</strong></span> <span class='ocrx_word' id='word_1_712' title='bbox 1378 5438 1657 5495; x_wconf 88' lang='lat' dir='ltr'><strong>irridetur.</strong></span> 
     </span>
    </p>
   </div>
   <div class='ocr_carea' id='block_1_102' title="bbox 530 5529 2041 5603">
    <p class='ocr_par' dir='ltr' id='par_1_102' title="bbox 530 5529 2041 5603">
     <span class='ocr_line' id='line_1_102' title="bbox 530 5529 2041 5603; baseline -0.001 -16"><span class='ocrx_word' id='word_1_713' title='bbox 530 5530 709 5603; x_wconf 87' lang='lat' dir='ltr'><strong><em>Neque</em></strong></span> <span class='ocrx_word' id='word_1_714' title='bbox 768 5529 832 5585; x_wconf 88' lang='lat' dir='ltr'><strong>de</strong></span> <span class='ocrx_word' id='word_1_715' title='bbox 874 5530 1225 5587; x_wconf 83' lang='lat' dir='ltr'><strong><em>iutmunditia.</em></strong></span> <span class='ocrx_word' id='word_1_716' title='bbox 1276 5533 1429 5589; x_wconf 89' lang='lat' dir='ltr'><strong>Sicut</strong></span> <span class='ocrx_word' id='word_1_717' title='bbox 1474 5531 1751 5589; x_wconf 84' lang='lat' dir='ltr'><strong>Joviniani</strong></span> <span class='ocrx_word' id='word_1_718' title='bbox 1798 5530 2041 5590; x_wconf 82' lang='lat' dir='ltr'><strong>doctrina</strong></span> 
     </span>
    </p>
   </div>
   <div class='ocr_carea' id='block_1_103' title="bbox 460 5625 577 5680">
    <p class='ocr_par' dir='ltr' id='par_1_103' title="bbox 460 5625 577 5680">
     <span class='ocr_line' id='line_1_103' title="bbox 460 5625 577 5680; baseline -0.017 0"><span class='ocrx_word' id='word_1_719' title='bbox 460 5625 577 5680; x_wconf 84' lang='lat' dir='ltr'><strong>fuit.</strong></span> 
     </span>
    </p>
   </div>
   <div class='ocr_carea' id='block_1_104' title="bbox 534 5718 2043 5791">
    <p class='ocr_par' dir='ltr' id='par_1_104' title="bbox 534 5718 2043 5791">
     <span class='ocr_line' id='line_1_104' title="bbox 534 5718 2043 5791; baseline 0.002 -19"><span class='ocrx_word' id='word_1_720' title='bbox 534 5718 718 5791; x_wconf 83' lang='lat' dir='ltr'><strong><em>Neque</em></strong></span> <span class='ocrx_word' id='word_1_721' title='bbox 744 5720 796 5775; x_wconf 89' lang='lat' dir='ltr'><strong>in</strong></span> <span class='ocrx_word' id='word_1_722' title='bbox 820 5720 961 5775; x_wconf 85' lang='lat' dir='ltr'><strong><em>dcto.</em></strong></span> <span class='ocrx_word' id='word_1_723' title='bbox 995 5718 1111 5775; x_wconf 89' lang='lat' dir='ltr'><strong><em>Non</em></strong></span> <span class='ocrx_word' id='word_1_724' title='bbox 1157 5727 1351 5778; x_wconf 87' lang='lat' dir='ltr'><strong>contra</strong></span> <span class='ocrx_word' id='word_1_725' title='bbox 1394 5721 1758 5781; x_wconf 86' lang='lat' dir='ltr'><strong>constantiam</strong></span> <span class='ocrx_word' id='word_1_726' title='bbox 1795 5728 2043 5778; x_wconf 89' lang='lat' dir='ltr'><strong>nostram</strong></span> 
     </span>
    </p>
   </div>
   <div class='ocr_carea' id='block_1_105' title="bbox 464 5811 1270 5885">
    <p class='ocr_par' dir='ltr' id='par_1_105' title="bbox 464 5811 1270 5885">
     <span class='ocr_line' id='line_1_105' title="bbox 464 5811 1270 5885; baseline 0.006 -18"><span class='ocrx_word' id='word_1_727' title='bbox 464 5811 740 5879; x_wconf 87' lang='lat' dir='ltr'><strong>docentes,</strong></span> <span class='ocrx_word' id='word_1_728' title='bbox 770 5821 932 5885; x_wconf 85' lang='lat' dir='ltr'><strong>atque</strong></span> <span class='ocrx_word' id='word_1_729' title='bbox 962 5812 1270 5872; x_wconf 77' lang='lat' dir='ltr'><strong>suadentes.</strong></span> 
     </span>
    </p>
   </div>
   <div class='ocr_carea' id='block_1_106' title="bbox 2148 4679 2476 4748">
    <p class='ocr_par' dir='ltr' id='par_1_106' title="bbox 2148 4679 2476 4748">
     <span class='ocr_line' id='line_1_106' title="bbox 2148 4679 2476 4748; baseline -0.009 -12"><span class='ocrx_word' id='word_1_730' title='bbox 2148 4679 2476 4748; x_wconf 81' lang='lat' dir='ltr'><strong>videremur.</strong></span> 
     </span>
    </p>
   </div>
   <div class='ocr_carea' id='block_1_107' title="bbox 2221 4769 3701 4843">
    <p class='ocr_par' dir='ltr' id='par_1_107' title="bbox 2221 4769 3701 4843">
     <span class='ocr_line' id='line_1_107' title="bbox 2221 4769 3701 4843; baseline -0.003 -16"><span class='ocrx_word' id='word_1_731' title='bbox 2221 4771 2370 4829; x_wconf 83' lang='lat' dir='ltr'><strong><em>Sicut</em></strong></span> <span class='ocrx_word' id='word_1_732' title='bbox 2389 4772 2531 4827; x_wconf 90' lang='lat' dir='ltr'><strong><em>scitis</em></strong></span> <span class='ocrx_word' id='word_1_733' title='bbox 2552 4769 2773 4842; x_wconf 89' lang='lat' dir='ltr'><strong><em>qualiter</em></strong></span> <span class='ocrx_word' id='word_1_734' title='bbox 2794 4788 3203 4843; x_wconf 86' lang='lat' dir='ltr'><strong><em>unumquemque</em></strong></span> <span class='ocrx_word' id='word_1_735' title='bbox 3214 4783 3454 4839; x_wconf 87' lang='lat' dir='ltr'><strong><em>vestrum,</em></strong></span> <span class='ocrx_word' id='word_1_736' title='bbox 3473 4780 3701 4842; x_wconf 73' lang='lat' dir='ltr'><strong><em>tamquam</em></strong></span> 
     </span>
    </p>
   </div>
   <div class='ocr_carea' id='block_1_108' title="bbox 2148 4860 3701 4938">
    <p class='ocr_par' dir='ltr' id='par_1_108' title="bbox 2148 4860 3701 4938">
     <span class='ocr_line' id='line_1_108' title="bbox 2148 4860 3701 4938; baseline -0.002 -20"><span class='ocrx_word' id='word_1_737' title='bbox 2148 4874 2293 4938; x_wconf 87' lang='lat' dir='ltr'><strong><em>pater</em></strong></span> <span class='ocrx_word' id='word_1_738' title='bbox 2323 4866 2461 4937; x_wconf 79' lang='lat' dir='ltr'><strong><em>ﬁlios</em></strong></span> <span class='ocrx_word' id='word_1_739' title='bbox 2482 4882 2623 4933; x_wconf 87' lang='lat' dir='ltr'><strong><em>suos,</em></strong></span> <span class='ocrx_word' id='word_1_740' title='bbox 2652 4866 2982 4935; x_wconf 85' lang='lat' dir='ltr'><strong><em>deprecantes</em></strong></span> <span class='ocrx_word' id='word_1_741' title='bbox 3006 4879 3116 4919; x_wconf 90' lang='lat' dir='ltr'><strong><em>vos.</em></strong></span> <span class='ocrx_word' id='word_1_742' title='bbox 3147 4864 3408 4921; x_wconf 86' lang='lat' dir='ltr'><strong>Parvulos</strong></span> <span class='ocrx_word' id='word_1_743' title='bbox 3435 4864 3603 4921; x_wconf 79' lang='lat' dir='ltr'><strong>nutrix</strong></span> <span class='ocrx_word' id='word_1_744' title='bbox 3636 4860 3701 4916; x_wconf 90' lang='lat' dir='ltr'><strong>fo-</strong></span> 
     </span>
    </p>
   </div>
   <div class='ocr_carea' id='block_1_109' title="bbox 2148 4957 3445 5033">
    <p class='ocr_par' dir='ltr' id='par_1_109' title="bbox 2148 4957 3445 5033">
     <span class='ocr_line' id='line_1_109' title="bbox 2148 4957 3445 5033; baseline -0.005 -13"><span class='ocrx_word' id='word_1_745' title='bbox 2148 4972 2274 5020; x_wconf 90' lang='lat' dir='ltr'><strong>vet:</strong></span> <span class='ocrx_word' id='word_1_746' title='bbox 2307 4961 2653 5033; x_wconf 89' lang='lat' dir='ltr'><strong>proficientes</strong></span> <span class='ocrx_word' id='word_1_747' title='bbox 2702 4974 2834 5015; x_wconf 90' lang='lat' dir='ltr'><strong>vero</strong></span> <span class='ocrx_word' id='word_1_748' title='bbox 2863 4959 2970 5027; x_wconf 90' lang='lat' dir='ltr'><strong>jam</strong></span> <span class='ocrx_word' id='word_1_749' title='bbox 3003 4967 3156 5028; x_wconf 90' lang='lat' dir='ltr'><strong>pater</strong></span> <span class='ocrx_word' id='word_1_750' title='bbox 3186 4957 3445 5013; x_wconf 89' lang='lat' dir='ltr'><strong>instituit.</strong></span> 
     </span>
    </p>
   </div>
   <div class='ocr_carea' id='block_1_110' title="bbox 2222 5048 3698 5121">
    <p class='ocr_par' dir='ltr' id='par_1_110' title="bbox 2222 5048 3698 5121">
     <span class='ocr_line' id='line_1_110' title="bbox 2222 5048 3698 5121; baseline -0.008 -9"><span class='ocrx_word' id='word_1_751' title='bbox 2222 5057 2289 5112; x_wconf 88' lang='lat' dir='ltr'><strong><em>Et</em></strong></span> <span class='ocrx_word' id='word_1_752' title='bbox 2319 5055 2637 5111; x_wconf 88' lang='lat' dir='ltr'><strong><em>consolantes</em></strong></span> <span class='ocrx_word' id='word_1_753' title='bbox 2664 5050 2923 5121; x_wconf 80' lang='lat' dir='ltr'><strong><em>testiﬁcati</em></strong></span> <span class='ocrx_word' id='word_1_754' title='bbox 2944 5065 3143 5104; x_wconf 86' lang='lat' dir='ltr'><strong><em>sumus.</em></strong></span> <span class='ocrx_word' id='word_1_755' title='bbox 3173 5048 3233 5104; x_wconf 88' lang='lat' dir='ltr'><strong>In</strong></span> <span class='ocrx_word' id='word_1_756' title='bbox 3267 5048 3698 5113; x_wconf 87' lang='lat' dir='ltr'><strong>tribulationibus,</strong></span> 
     </span>
    </p>
   </div>
   <div class='ocr_carea' id='block_1_111' title="bbox 2152 5128 3495 5223">
    <p class='ocr_par' dir='ltr' id='par_1_111' title="bbox 2152 5128 3495 5223">
     <span class='ocr_line' id='line_1_111' title="bbox 2152 5128 3495 5223; baseline -0.005 -17"><span class='ocrx_word' id='word_1_757' title='bbox 2152 5128 2607 5223; x_wconf 83' lang='lat' dir='ltr'><strong>promissionibus</strong></span> <span class='ocrx_word' id='word_1_758' title='bbox 2634 5145 2834 5203; x_wconf 89' lang='lat' dir='ltr'><strong>Christi</strong></span> <span class='ocrx_word' id='word_1_759' title='bbox 2862 5158 2956 5200; x_wconf 89' lang='lat' dir='ltr'><strong>vos</strong></span> <span class='ocrx_word' id='word_1_760' title='bbox 2988 5158 3176 5199; x_wconf 89' lang='lat' dir='ltr'><strong>sumus</strong></span> <span class='ocrx_word' id='word_1_761' title='bbox 3205 5144 3495 5199; x_wconf 87' lang='lat' dir='ltr'><strong>consolati.</strong></span> 
     </span>
    </p>
   </div>
   <div class='ocr_carea' id='block_1_112' title="bbox 2227 5230 3707 5310">
    <p class='ocr_par' dir='ltr' id='par_1_112' title="bbox 2227 5230 3707 5310">
     <span class='ocr_line' id='line_1_112' title="bbox 2227 5230 3707 5310; baseline -0.008 -12"><span class='ocrx_word' id='word_1_762' title='bbox 2227 5243 2295 5299; x_wconf 88' lang='lat' dir='ltr'><strong><em>Ut</em></strong></span> <span class='ocrx_word' id='word_1_763' title='bbox 2325 5241 2658 5298; x_wconf 86' lang='lat' dir='ltr'><strong><em>ambularetis</em></strong></span> <span class='ocrx_word' id='word_1_764' title='bbox 2688 5240 2843 5310; x_wconf 84' lang='lat' dir='ltr'><strong><em>digne</em></strong></span> <span class='ocrx_word' id='word_1_765' title='bbox 2869 5238 2999 5292; x_wconf 90' lang='lat' dir='ltr'><strong><em>Deo.</em></strong></span> <span class='ocrx_word' id='word_1_766' title='bbox 3029 5235 3198 5308; x_wconf 87' lang='lat' dir='ltr'><strong>Digne</strong></span> <span class='ocrx_word' id='word_1_767' title='bbox 3225 5235 3338 5293; x_wconf 90' lang='lat' dir='ltr'><strong>Deo</strong></span> <span class='ocrx_word' id='word_1_768' title='bbox 3358 5235 3605 5303; x_wconf 90' lang='lat' dir='ltr'><strong>ambulat,</strong></span> <span class='ocrx_word' id='word_1_769' title='bbox 3628 5230 3707 5303; x_wconf 84' lang='lat' dir='ltr'><strong>qui</strong></span> 
     </span>
    </p>
   </div>
   <div class='ocr_carea' id='block_1_113' title="bbox 2154 5334 2894 5407">
    <p class='ocr_par' dir='ltr' id='par_1_113' title="bbox 2154 5334 2894 5407">
     <span class='ocr_line' id='line_1_113' title="bbox 2154 5334 2894 5407; baseline -0.005 -13"><span class='ocrx_word' id='word_1_770' title='bbox 2154 5338 2286 5394; x_wconf 88' lang='lat' dir='ltr'><strong>nihil</strong></span> <span class='ocrx_word' id='word_1_771' title='bbox 2314 5338 2429 5393; x_wconf 91' lang='lat' dir='ltr'><strong>Deo</strong></span> <span class='ocrx_word' id='word_1_772' title='bbox 2454 5336 2564 5407; x_wconf 88' lang='lat' dir='ltr'><strong>agit</strong></span> <span class='ocrx_word' id='word_1_773' title='bbox 2589 5334 2894 5405; x_wconf 89' lang='lat' dir='ltr'><strong>indignum.</strong></span> 
     </span>
    </p>
   </div>
   <div class='ocr_carea' id='block_1_114' title="bbox 2229 5416 3703 5501">
    <p class='ocr_par' dir='ltr' id='par_1_114' title="bbox 2229 5416 3703 5501">
     <span class='ocr_line' id='line_1_114' title="bbox 2229 5416 3703 5501; baseline -0.008 -17"><span class='ocrx_word' id='word_1_774' title='bbox 2229 5429 2330 5497; x_wconf 88' lang='lat' dir='ltr'><strong>Qui</strong></span> <span class='ocrx_word' id='word_1_775' title='bbox 2362 5428 2553 5483; x_wconf 88' lang='lat' dir='ltr'><strong><em>vocavit</em></strong></span> <span class='ocrx_word' id='word_1_776' title='bbox 2583 5442 2670 5481; x_wconf 88' lang='lat' dir='ltr'><strong>vos</strong></span> <span class='ocrx_word' id='word_1_777' title='bbox 2705 5427 2759 5480; x_wconf 90' lang='lat' dir='ltr'><strong>in</strong></span> <span class='ocrx_word' id='word_1_778' title='bbox 2780 5444 2930 5481; x_wconf 89' lang='lat' dir='ltr'><strong><em>suum</em></strong></span> <span class='ocrx_word' id='word_1_779' title='bbox 2968 5441 3187 5501; x_wconf 83' lang='lat' dir='ltr'><strong><em>regnum</em></strong></span> <span class='ocrx_word' id='word_1_780' title='bbox 3212 5434 3261 5481; x_wconf 88' lang='lat' dir='ltr'><strong>et</strong></span> <span class='ocrx_word' id='word_1_781' title='bbox 3304 5424 3538 5497; x_wconf 87' lang='lat' dir='ltr'><strong><em>gloriam.</em></strong></span> <span class='ocrx_word' id='word_1_782' title='bbox 3572 5416 3703 5488; x_wconf 85' lang='lat' dir='ltr'><strong>Quod</strong></span> 
     </span>
    </p>
   </div>
   <div class='ocr_carea' id='block_1_115' title="bbox 2152 5512 3705 5591">
    <p class='ocr_par' dir='ltr' id='par_1_115' title="bbox 2152 5512 3705 5591">
     <span class='ocr_line' id='line_1_115' title="bbox 2152 5512 3705 5591; baseline -0.01 -13"><span class='ocrx_word' id='word_1_783' title='bbox 2152 5539 2258 5579; x_wconf 90' lang='lat' dir='ltr'><strong>non</strong></span> <span class='ocrx_word' id='word_1_784' title='bbox 2306 5519 2411 5576; x_wconf 90' lang='lat' dir='ltr'><strong>nisi</strong></span> <span class='ocrx_word' id='word_1_785' title='bbox 2446 5519 2565 5590; x_wconf 88' lang='lat' dir='ltr'><strong>ejus</strong></span> <span class='ocrx_word' id='word_1_786' title='bbox 2605 5518 2809 5576; x_wconf 88' lang='lat' dir='ltr'><strong>similes</strong></span> <span class='ocrx_word' id='word_1_787' title='bbox 2840 5517 3230 5591; x_wconf 90' lang='lat' dir='ltr'><strong>possidebunt,</strong></span> <span class='ocrx_word' id='word_1_788' title='bbox 3269 5515 3491 5589; x_wconf 74' lang='lat' dir='ltr'><strong>iustitia:</strong></span> <span class='ocrx_word' id='word_1_789' title='bbox 3522 5512 3705 5570; x_wconf 86' lang='lat' dir='ltr'><strong>scilicet</strong></span> 
     </span>
    </p>
   </div>
   <div class='ocr_carea' id='block_1_116' title="bbox 2150 5613 2832 5686">
    <p class='ocr_par' dir='ltr' id='par_1_116' title="bbox 2150 5613 2832 5686">
     <span class='ocr_line' id='line_1_116' title="bbox 2150 5613 2832 5686; baseline -0.004 -13"><span class='ocrx_word' id='word_1_790' title='bbox 2150 5627 2204 5674; x_wconf 90' lang='lat' dir='ltr'><strong>et</strong></span> <span class='ocrx_word' id='word_1_791' title='bbox 2231 5613 2531 5672; x_wconf 80' lang='lat' dir='ltr'><strong>sanctitatis</strong></span> <span class='ocrx_word' id='word_1_792' title='bbox 2559 5614 2832 5686; x_wconf 81' lang='lat' dir='ltr'><strong>exemplo.</strong></span> 
     </span>
    </p>
   </div>
   <div class='ocr_carea' id='block_1_117' title="bbox 2228 5700 3703 5780">
    <p class='ocr_par' dir='ltr' id='par_1_117' title="bbox 2228 5700 3703 5780">
     <span class='ocr_line' id='line_1_117' title="bbox 2228 5700 3703 5780; baseline -0.009 -18"><span class='ocrx_word' id='word_1_793' title='bbox 2228 5707 2357 5763; x_wconf 87' lang='lat' dir='ltr'><strong><em>Ideo</em></strong></span> <span class='ocrx_word' id='word_1_794' title='bbox 2383 5717 2429 5763; x_wconf 90' lang='lat' dir='ltr'><strong>et</strong></span> <span class='ocrx_word' id='word_1_795' title='bbox 2460 5723 2550 5763; x_wconf 92' lang='lat' dir='ltr'><strong>nos</strong></span> <span class='ocrx_word' id='word_1_796' title='bbox 2583 5709 2778 5779; x_wconf 82' lang='lat' dir='ltr'><strong><em>gratias</em></strong></span> <span class='ocrx_word' id='word_1_797' title='bbox 2804 5706 3004 5780; x_wconf 83' lang='lat' dir='ltr'><strong><em>agimus</em></strong></span> <span class='ocrx_word' id='word_1_798' title='bbox 3036 5704 3144 5760; x_wconf 87' lang='lat' dir='ltr'><strong>Deo</strong></span> <span class='ocrx_word' id='word_1_799' title='bbox 3170 5704 3280 5759; x_wconf 86' lang='lat' dir='ltr'><strong><em>sine</em></strong></span> <span class='ocrx_word' id='word_1_800' title='bbox 3314 5700 3703 5758; x_wconf 82' lang='lat' dir='ltr'><strong><em>intermissione:</em></strong></span> 
     </span>
    </p>
   </div>
   <div class='ocr_carea' id='block_1_118' title="bbox 2158 5785 3701 5876">
    <p class='ocr_par' dir='ltr' id='par_1_118' title="bbox 2158 5785 3701 5876">
     <span class='ocr_line' id='line_1_118' title="bbox 2158 5785 3701 5876; baseline -0.007 -20"><span class='ocrx_word' id='word_1_801' title='bbox 2158 5802 2401 5875; x_wconf 86' lang='lat' dir='ltr'><strong><em>quoniam</em></strong></span> <span class='ocrx_word' id='word_1_802' title='bbox 2429 5818 2545 5861; x_wconf 89' lang='lat' dir='ltr'><strong>cum</strong></span> <span class='ocrx_word' id='word_1_803' title='bbox 2568 5800 2889 5876; x_wconf 77' lang='lat' dir='ltr'><strong><em>accepissetis</em></strong></span> <span class='ocrx_word' id='word_1_804' title='bbox 2925 5816 2955 5854; x_wconf 96' lang='lat' dir='ltr'><strong>a</strong></span> <span class='ocrx_word' id='word_1_805' title='bbox 2987 5799 3129 5856; x_wconf 86' lang='lat' dir='ltr'><strong><em>nobis</em></strong></span> <span class='ocrx_word' id='word_1_806' title='bbox 3160 5798 3363 5854; x_wconf 82' lang='lat' dir='ltr'><strong><em>verbum</em></strong></span> <span class='ocrx_word' id='word_1_807' title='bbox 3389 5795 3581 5852; x_wconf 76' lang='lat' dir='ltr'><strong><em>auditus</em></strong></span> <span class='ocrx_word' id='word_1_808' title='bbox 3600 5785 3701 5845; x_wconf 73' lang='lat' dir='ltr'><strong><em>Dei.</em></strong></span> 
     </span>
    </p>
   </div>
  </div>
