3978 6286
258 330 366 392 865

1006 328 1554 392 COMMENTARIUS
1591 332 1658 391 ΙΝ
1699 330 1915 390 EPIST.
1957 328 1978 388 l
2018 330 2111 388 AD
2148 327 2488 391 THESSAL.
2528 326 2682 388 CAP.
2723 328 2815 388 IV.

3454 330 3559 391 866

259 449 417 519 Quod
445 447 679 521 primum
709 448 778 506 de
805 448 918 506 Deo
942 448 1198 519 audistis,
1238 451 1355 508 sive
1388 450 1548 523 quasi
1578 448 1862 507 audieritis
1890 451 1944 511 Α
1969 448 2022 502 in
2048 448 2231 504 medio
2261 450 2531 521 luporum.
2562 450 2628 505 Et
2658 450 2855 506 iterum
2886 466 2900 503 :
2934 446 3077 504 Ecce
3102 444 3216 503 dixi
3243 445 3399 504 vobis
3427 456 3487 503 ut
3508 449 3562 505 in

262 541 460 599 Deum.

332 635 615 705 Accepistis
640 633 776 691 illud
806 652 911 691 non
948 648 1002 692 ut
1042 637 1250 692 verbum
1283 637 1583 705 hominum,
1609 638 1701 692 sed
1728 638 1863 692 sicut

260 738 338 784 est
367 744 481 783 vere
522 728 732 783 verbum
772 728 892 784 Dei.
939 729 1010 785 Ut
1041 730 1268 785 verbum
1314 730 1595 786 hominum
1632 729 1857 800 accipit,

260 823 353 894 qui
386 823 684 879 contemnit
714 840 727 878 :
759 839 856 878 vos
882 833 1063 880 autem
1087 824 1163 880 ita
1189 824 1519 893 credidistis,
1559 830 1620 879 ut
1645 822 1713 878 ab
1745 824 1862 895 ipso

261 914 378 972 Deo
406 915 593 970 audire
615 916 909 985 putaretis.

338 1008 445 1076 Qui
472 1016 718 1079 aperatur
756 1008 812 1062 in
837 1007 980 1063 vobis
1001 1048 1018 1077 ,
1051 1009 1140 1080 qui
1178 1009 1490 1065 credidistis.
1538 1009 1745 1076 Verbo,
1778 1008 1862 1064 vel

260 1101 478 1172 signis:
520 1100 637 1156 sive
678 1102 908 1158 virtutes
947 1113 1188 1159 exercet.
1234 1100 1532 1160 Credentes
1564 1104 1742 1173 enim,
1788 1102 1864 1159 ait

262 1193 506 1259 Marcus,
535 1195 650 1250 hmc
680 1195 837 1266 signa
862 1204 1181 1267 sequentur.

347 1286 455 1343 Vos
482 1288 618 1342 enim
642 1288 924 1343 imitatores
940 1289 1067 1359 [acti
1088 1289 1234 1355 estis,
1261 1291 1472 1360 fratres,
1504 1285 1862 1343 Ecclesiarum

263 1377 389 1446 Dei,
421 1396 535 1450 qua:
560 1388 682 1434 sunt
716 1380 771 1435 in
796 1378 984 1436 Iudaza
1012 1382 1067 1434 in
1091 1378 1296 1436 Christo
1322 1381 1472 1436 Iesu.
1502 1379 1707 1448 Quibus
1727 1380 1865 1435 dici-

262 1482 395 1529 tur:
427 1472 563 1529 Nam
589 1483 644 1530 et
674 1473 872 1530 vinctis
901 1475 1172 1547 compassi
1203 1476 1358 1540 estis,
1388 1485 1445 1530 et
1482 1474 1730 1545 rapinam
1762 1474 1861 1529 bo-

264 1582 465 1623 norum
495 1577 802 1624 vestrorum
827 1583 949 1625 cum
976 1569 1173 1639 gaudio
1195 1570 1536 1639 suscepistis.

346 1658 487 1726 Quia
510 1659 691 1715 eadem
711 1662 853 1733 passi
876 1664 1000 1716 estis
1030 1671 1077 1715 et
1103 1677 1187 1715 vos
1212 1679 1245 1715 a
1266 1660 1637 1716 contribulibus
1662 1662 1861 1727 vestris,

265 1756 404 1809 sicut
430 1763 478 1808 et
508 1754 608 1826 ipsi
636 1771 669 1808 a
698 1752 921 1809 Iudicis.
966 1755 1042 1810 De
1073 1755 1229 1809 vobis
1262 1756 1379 1825 plus
1412 1754 1604 1822 miror,
1644 1755 1734 1824 qui
1762 1769 1863 1809 nec

265 1846 455 1919 Legis,
480 1862 583 1902 nec
612 1847 1009 1918 Pr0phetarum
1033 1847 1304 1904 habuistis
1329 1848 1597 1918 exempla.

344 1940 447 2006 Qui
486 1949 532 1993 et
564 1937 843 1994 Dominum
884 1940 1184 1995 occiderunt
1207 1939 1425 2007 Iesum,
1464 1951 1512 1995 et
1545 1940 1819 2012 prophetas
1845 1956 1864 1995 :

265 2040 317 2087 et
340 2048 433 2086 nos
471 2033 725 2104 persecuti
746 2043 889 2101 sunt,
909 2042 958 2087 et
980 2033 1086 2087 Deo
1108 2050 1210 2087 non
1232 2034 1437 2105 placent
1467 2032 1639 2100 :Quid
1666 2034 1863 2087 mirum

266 2124 317 2178 si
350 2136 450 2178 nos
482 2124 608 2178 mali
653 2134 1078 2196 persequuntur,
1108 2126 1198 2194 qui
1240 2141 1340 2180 nec
1381 2125 1483 2195 ipsi
1515 2125 1745 2181 Domino
1773 2139 1868 2196 pe-

270 2225 589 2285 percerunt.

340 2305 413 2361 Et
453 2305 691 2361 omnibus
735 2305 1029 2363 hominibus
1079 2309 1425 2364 adversantur
1476 2325 1495 2364 :
1541 2309 1868 2381 prohibentes

266 2416 364 2453 nos
387 2399 619 2471 gentibus
652 2400 817 2470 loqui,
847 2411 904 2455 ut
933 2400 1063 2455 salvi
1090 2403 1219 2470 ﬁant
1249 2418 1267 2456 :
1300 2412 1353 2456 ut
1384 2404 1632 2473 impleant
1663 2413 1868 2474 peccata

264 2510 365 2547 sua
392 2509 611 2564 semper.
635 2493 755 2550 Non
778 2496 953 2551 solum
978 2495 1201 2552 Iudteos
1233 2498 1558 2566 impediunt,
1585 2498 1681 2562 sed
1706 2498 1867 2553 etiam

265 2586 524 2658 gentibus
557 2585 827 2653 invident,
860 2587 927 2642 ad
954 2604 1174 2644 suorum
1202 2588 1477 2643 Cllllllllllm
1502 2597 1865 2658 peccatorum.

344 2678 588 2734 Pervenit
611 2681 747 2734 enim
769 2682 848 2735 ira
868 2679 968 2735 Dei
994 2699 1146 2754 super
1170 2684 1288 2737 illos
1320 2700 1479 2755 usque
1497 2685 1549 2737 iu
1575 2685 1749 2751 ﬁnem.
1780 2684 1869 2738 Si-

267 2788 337 2829 ve
366 2777 499 2843 quia
528 2774 767 2843 praedico
799 2790 903 2844 qua
938 2789 1097 2845 [cena
1125 2777 1325 2846 captivi
1368 2786 1496 2831 sunt
1548 2793 1564 2834 :
1602 2776 1718 2832 sive
1747 2780 1869 2848 quia

267 2864 491 2921 ablatus
529 2875 611 2919 est
634 2881 743 2920 non
771 2866 1121 2923 credentibus
1151 2867 1484 2924 intellectus.
1763 2876 1768 2881 ‘

350 2956 467 3011 Nos
496 2967 668 3013 autem
688 3000 704 3025 ,
734 2962 945 3030 fratres,
981 2961 1199 3015 desolati
1221 2979 1251 3015 a
1283 2962 1420 3016 vobis
1448 2962 1518 3015 ad
1555 2970 1754 3031 tempus
1776 2960 1873 3015 ho-

270 3068 371 3117 rae,
401 3062 633 3122 aspectu,
658 3070 761 3108 non
786 3055 963 3109 corde.
984 3054 1135 3110 Sicut
1162 3055 1291 3111 alibi
1323 3056 1398 3111 ait
1426 3074 1436 3111 :
1466 3058 1531 3111 Et
1558 3070 1758 3126 corpus
1779 3056 1873 3110 ab-

274 3161 431 3212 sens,
463 3147 560 3202 sed
596 3147 787 3213 spiritu
818 3163 1079 3219 praesens.

1966 556 2054 597 me
2075 557 2263 612 pacem
2294 542 2573 598 habeatis:
2599 543 2653 598 iu
2680 543 2782 599 hoc
2806 550 2985 599 autem
3010 541 3212 597 saeculo
3230 556 3565 612 pressuram.

2037 633 2179 689 Nam
2207 645 2257 691 et
2286 652 2403 690 cum
2424 640 2569 707 apud
2598 654 2682 693 vos
2714 654 2963 704 essemus,
2992 637 3395 707 prwdicebamus
3421 639 3563 694 vobis

1963 745 2205 801 passuros
2230 747 2323 785 nos
2350 731 2706 787 tribulationes
2736 748 2755 787 :
2782 734 2919 788 sicut
2947 742 2995 787 et
3025 733 3219 804 factum
3240 741 3349 798 est,
3386 742 3436 787 et
3464 734 3567 787 sci-

1965 822 2054 877 tis.
2099 822 2177 877 Ne
2205 836 2304 877 vos
2334 822 2449 893 ipsa
2481 825 2694 879 novitas
2723 824 3062 892 deterreret,
3104 823 3197 879 sed
3230 823 3404 895 magis
3434 838 3564 894 pro-

1965 914 2145 985 phetia
2179 925 2366 971 nostra
2393 917 2739 973 conﬁrmaret
2773 935 2787 972 :
2828 918 2972 974 sicut
2996 927 3051 973 et
3082 914 3344 972 Dominus
3372 930 3563 988 passu-

1964 1021 2083 1061 rum
2113 1022 2173 1062 se
2201 1016 2330 1061 ante
2360 1008 2630 1079 praedixit.

2036 1097 2320 1170 Propterea
2351 1109 2398 1153 et
2428 1117 2522 1169 ego
2552 1099 2775 1174 amplius
2794 1116 2899 1156 non
2923 1102 3205 1173 sustinens,
3232 1103 3350 1159 misi
3376 1106 3446 1159 ad
3471 1121 3563 1162 co-

1964 1192 2314 1265 gnoscendum
2344 1192 2501 1263 ﬁdem
2530 1202 2771 1260 vestram,
2800 1210 2863 1248 ne
2887 1195 3020 1263 forte
3045 1197 3313 1251 tentat'erit
3335 1212 3444 1253 vos.
3476 1197 3566 1255 Di-

1965 1299 2095 1341 cens
2132 1302 2145 1338 :
2181 1284 2321 1340 Ecce
2348 1285 2401 1340 in
2430 1286 2624 1356 quibus
2650 1289 2853 1357 putatis
2879 1286 3049 1343 Deum
3081 1303 3235 1356 esse,
3264 1289 3443 1359 qualia
3470 1305 3566 1361 pa-

1966 1377 2187 1443 tiantur,
2220 1388 2274 1433 et
2307 1378 2464 1433 ﬁdem
2493 1389 2731 1434 vestram
2762 1380 2982 1436 forsitan
3012 1392 3404 1439 commoveret.

2037 1469 2094 1523 Is
2126 1471 2213 1541 qui
2236 1479 2417 1526 tentat.
2447 1472 2601 1528 Sicut
2628 1473 2731 1529 Job
2759 1490 2789 1528 a
2822 1474 3051 1530 Domino
3077 1476 3359 1546 probatur.

2038 1560 2192 1616 Nunc
2244 1573 2415 1617 autem
2462 1566 2692 1620 veniente
2729 1565 3004 1621 Timotheo
3041 1569 3111 1621 ad
3141 1585 3233 1623 nos
3258 1586 3289 1622 a
3319 1570 3491 1635 vobis,
3518 1580 3568 1626 et

1966 1656 2308 1712 annuntiante
2334 1658 2480 1712 nobis
2508 1659 2666 1727 ﬁdem
2693 1670 2739 1713 et
2767 1658 3069 1715 charitatem
3097 1671 3320 1717 vestram
3341 1676 3419 1718 :et
3445 1666 3568 1734 quia

1967 1750 2272 1803 memoriam
2300 1752 2467 1805 nostri
2498 1752 2696 1808 habetis
2728 1754 2942 1820 bonam,
2984 1771 3184 1828 semper
3220 1757 3569 1814 desiderantes

1898 1850 1943 1911 Β
1975 1856 2071 1894 nos
2099 1842 2300 1909 videre,
2345 1843 2475 1897 sicut
2507 1855 2554 1898 et
2592 1862 2684 1900 nos
2711 1863 2915 1917 quoque
2944 1855 2990 1902 et
3020 1864 3128 1903 vos.
3160 1849 3300 1917 Quia
3340 1850 3569 1907 ﬁrmiter

1966 1930 2184 1989 Christo
2220 1935 2543 2004 credentes,
2584 1939 2786 1995 tenetis
2818 1940 2977 1996 tidem
3012 1958 3024 1995 :
3055 1948 3116 1996 et
3154 1955 3255 1997 nos
3281 1943 3441 1998 solita
3485 1943 3569 1999 di-

1968 2025 2200 2081 lectione
2227 2027 2471 2097 diligitis.

2043 2116 2167 2173 ldeo
2197 2118 2450 2175 consolati
2481 2137 2683 2187 sumus,
2713 2123 2904 2193 fratres
2924 2162 2939 2189 ,
2972 2123 3024 2178 in
3054 2125 3195 2179 vobis
3225 2125 3277 2179 in
3304 2127 3445 2181 omni
3470 2144 3564 2182 ne-

1967 2212 2198 2266 cessitate
2209 2222 2255 2266 et
2278 2212 2603 2268 tribulatione
2620 2222 2797 2269 nostra
2813 2231 2905 2284 per
2915 2216 3067 2285 ﬁdem
3081 2225 3320 2271 vestram.
3336 2217 3565 2274 Omnem

1969 2308 2353 2363 necessitatem
2398 2318 2452 2363 et
2497 2307 2904 2365 tribulationem
2954 2325 3062 2365 non
3110 2311 3414 2380 sentimus,
3457 2327 3569 2382 prae

1970 2399 2337 2470 magnitudine
2350 2401 2527 2471 gaudii
2560 2410 2730 2458 status
2760 2405 2953 2461 vestri.

2046 2494 2305 2559 Quoniam
2349 2511 2483 2548 nunc
2517 2497 2766 2563 vivimus,
2813 2498 2859 2551 si
2903 2514 2989 2553 vos
3024 2498 3174 2553 statis
3217 2500 3270 2552 in
3321 2496 3567 2555 Domino.

1972 2584 2146 2639 Etiam
2179 2586 2223 2640 si
2270 2586 2616 2653 occidamur,
2660 2588 2930 2643 vivimus:
2964 2591 3091 2661 quia
3136 2590 3245 2645 vita
3294 2600 3478 2645 nostra
3517 2592 3570 2647 in

1972 2687 2154 2733 vestra
2181 2677 2443 2733 ﬁrmitate
2473 2679 2746 2735 consistit.

2048 2769 2218 2835 Quam
2254 2771 2390 2825 enim
2420 2772 2709 2842 gratiarum
2747 2772 3002 2827 actionem
3033 2789 3312 2844 possumus
3344 2774 3453 2829 Deo
3492 2792 3573 2830 re-

1974 2860 2198 2915 tribuere
2236 2879 2330 2933 pro
2374 2862 2537 2932 vobis,
2594 2865 2649 2917 in
2694 2866 2836 2918 omni
2872 2865 3094 2935 gaudio,
3142 2883 3244 2935 quo
3290 2868 3577 2939 gaudemus

1976 2962 2185 3025 propter
2214 2969 2303 3007 vos
2331 2964 2451 3008 ante
2482 2955 2767 3009 Dominum
2787 2955 2951 3010 Deum
2990 2966 3245 3011 nostrum.
3279 2959 3574 3029 Triplicem

1977 3045 2183 3099 lzetitia:
2233 3058 2451 3100 causam
2493 3046 2650 3102 nobis
2701 3056 2883 3104 vestra
2922 3051 3266 3105 conversatio
3316 3061 3574 3121 praestat:

1979 3136 2102 3205 quia
2133 3144 2187 3192 et
2214 3151 2311 3191 vos
2344 3136 2607 3207 proﬁcitis
2630 3180 2644 3202 ,
2677 3148 2731 3194 et
2776 3138 3039 3195 Dominus
3075 3157 3173 3210 per
3218 3156 3317 3198 vos
3359 3142 3583 3199 benedi—

354 3241 722 3295 Abundantius
743 3242 1102 3313 festinabimus
1125 3245 1313 3313 faciem
1340 3255 1559 3300 vestram
1573 3247 1745 3301 videre
1766 3261 1879 3300 cum

2011 3228 2146 3297 :itur,
2174 3238 2229 3284 et
2251 3230 2374 3284 alits
2400 3231 2656 3300 praebetis
2688 3234 3020 3303 exemplum.

279 3334 447 3387 multo
476 3333 750 3391 desiderio.
779 3334 1036 3401 Quoniam
1060 3336 1317 3407 voluimus
1346 3340 1516 3393 venire
1541 3339 1609 3393 ad
1636 3356 1720 3393 vos
1745 3356 1763 3393 :
1789 3354 1881 3409 ego

278 3426 493 3499 quidem
527 3426 726 3483 Paulus
764 3438 811 3483 et
846 3428 1003 3483 semel
1035 3440 1081 3485 et
1115 3433 1332 3497 iterum,
1372 3434 1463 3487 sed
1495 3434 1756 3504 impedivit
1792 3451 1884 3490 nos

285 3519 539 3575 Satanas.
566 3520 1032 3578 Tribnlationihus
1064 3526 1527 3595 persequentium.

364 3612 497 3681 Quae
521 3622 593 3667 est
618 3614 755 3668 enim
784 3625 959 3669 nostra
988 3633 1125 3689 spes,
1156 3627 1247 3671 aut
1274 3619 1545 3691 gaudium,
1570 3632 1661 3676 aut
1692 3636 1886 3675 corona

286 3703 520 3777 glorias?
566 3705 757 3761 Nonne
789 3725 909 3774 vos,
954 3719 1071 3764 ante
1115 3708 1391 3766 Dominum
1434 3723 1667 3767 nostrum
1710 3712 1887 3768 Iesum

289 3795 556 3851 Christum
584 3797 639 3851 in
666 3799 889 3854 adventu
919 3804 1031 3872 ejus
1059 3802 1082 3855 ἒ)
1111 3802 1229 3857 Non
1257 3804 1531 3859 immerito
1554 3822 1649 3859 vos
1677 3804 1892 3861 deside-

292 3904 501 3959 ramus,
534 3905 632 3960 per
651 3907 786 3963 quos
816 3894 1019 3950 laetitite
1045 3895 1301 3967 gaudium
1324 3911 1638 3968 speramus,
1681 3910 1732 3954 et
1758 3899 1890 3970 ‘glo-

292 3996 395 4036 1⁵Ιέ
426 3996 708 4039 coronam.

380 4073 485 4131 Vos
514 4078 651 4131 enim
674 4077 792 4135 estis
820 4078 992 4150 gloria
1022 4090 1196 4136 nostra
1226 4091 1275 4137 et
1303 4082 1574 4154 gaudium.
1609 4083 1742 4138 Boni
1776 4098 1893 4138 ma-

295 4168 477 4238 gistri,
511 4184 729 4227 omnem
757 4187 932 4241 spem,
978 4182 1033 4229 et
1066 4174 1348 4245 gaudium,
1383 4185 1438 4231 et
1462 4177 1688 4247 gloriam
1718 4175 1895 4233 solent

298 4262 572 4319 collocare
598 4263 652 4319 in
681 4265 933 4335 profectu
957 4266 1370 4338 discipulorum,

913 4358 1143 4417 CAPUT
1187 4359 1277 4416 lll.

382 4448 606 4524 Propter
630 4452 771 4523 quod
806 4468 910 4507 non
940 4454 1250 4508 sustinentes
1275 4455 1526 4527 amplius.
1558 4455 1637 4511 Ad
1676 4470 1772 4511 vos
1800 4470 1898 4512 ne-

305 4544 513 4597 minem
532 4544 791 4599 nostrum
821 4545 1032 4600 venire.

2062 3320 2230 3375 Nocte
2257 3339 2319 3375 ac
2349 3323 2433 3378 die
2464 3323 2818 3381 abundantius
2851 3337 3081 3395 orantes,
3114 3338 3171 3383 ut
3213 3329 3475 3385 rideamus
3504 3331 3588 3401 fa-

1986 3415 2117 3467 ciem
2169 3424 2411 3469 vestram.
2456 3418 2709 3471 Ostendit
2754 3429 3017 3489 quantnm
3073 3422 3195 3476 aliis
3238 3422 3589 3479 desiderandi

1988 3508 2095 3561 sint
2118 3507 2395 3575 fratribus,
2427 3525 2562 3579 quos
2595 3519 2801 3565 tantum
2826 3512 2943 3582 ipse
2968 3512 3263 3569 desiderat.
3285 3513 3419 3582 Quis
3439 3518 3584 3573 enim

1989 3614 2112 3654 cum
2143 3598 2340 3655 tamam
2366 3602 2596 3672 peperit,
2632 3604 2818 3659 videre
2847 3620 2955 3660 non
2985 3606 3207 3677 cupiat?

2065 3693 2132 3748 Et
2165 3698 2517 3768 compleantus
2543 3714 2602 3753 ea
2640 3714 2757 3768 quia
2792 3699 2975 3755 desunt
3006 3702 3129 3769 ﬁdei
3155 3712 3352 3759 vestrte.
3379 3703 3434 3761 Si
3462 3704 3591 3776 quid

1996 3787 2137 3844 ﬁdes
2165 3798 2345 3845 vestra
2378 3792 2557 3847 minus
2586 3792 2749 3848 habet
2777 3793 3061 3849 doctrinae.

2070 3881 2193 3954 Ipse
2222 3893 2395 3937 autem
2423 3882 2566 3938 Deus
2597 3892 2643 3937 et
2676 3883 2835 3939 Pater
2859 3895 3053 3953 noster,
3082 3894 3130 3940 et
3162 3885 3415 3942 Dominus
3440 3887 3597 3945 Iesus

2001 3973 2239 4029 Christus
2260 3974 2453 4045 dirigat
2481 3976 2615 4029 viam
2641 3986 2871 4031 nostram
2900 3976 2970 4031 ad
2995 3992 3103 4032 vos.
3129 3977 3375 4034 Remotis
3395 3979 3598 4037 diaboli

1998 4066 2293 4133 scandalis,
2325 4068 2521 4137 quibus
2550 4078 2740 4125 noster
2767 4068 3061 4141 impeditur
3085 4070 3151 4127 ad
3178 4086 3280 4127 vos
3308 4071 3593 4129 adventus.

2081 4160 2187 4216 Vos
2220 4170 2392 4215 autem
2422 4161 2679 4218 Dominus
2705 4165 3038 4237 multiplicat,
3071 4174 3118 4220 et
3146 4166 3411 4221 abundare
3441 4168 3601 4239 faciat

2005 4252 2308 4308 charitatem
2353 4265 2596 4311 vestram.
2643 4255 2780 4326 Quia
2807 4256 2920 4328 jam
2962 4258 3121 4329 plena
3152 4265 3209 4315 et
3243 4273 3413 4329 opere
3453 4274 3606 4317 com-

2006 4346 2237 4417 probata
2266 4358 2375 4405 est.

2077 4438 2143 4493 In
2193 4442 2409 4495 invicem
2455 4450 2502 4496 et
2534 4442 2589 4496 in
2642 4458 2838 4499 omnes.
2882 4442 2953 4500 Ut
2994 4458 3102 4500 non
3134 4444 3310 4501 solum
3350 4444 3611 4503 Christia-

2006 4548 2127 4600 nos,
2158 4533 2254 4589 sed
2287 4533 2451 4588 etiam
2480 4534 2661 4590 omnis
2692 4544 2858 4591 secta:
2905 4536 3155 4593 homines
3179 4578 3195 4605 ,
3231 4551 3338 4594 non
3369 4538 3571 4595 erroris
3592 4583 3607 4609 ,

384 4633 597 4689 Placuit
625 4635 768 4690 nobis
795 4652 1057 4691 remanere
1090 4637 1306 4693 Athenis
1343 4639 1460 4693 soli.
1500 4638 1783 4694 Maluimus
1808 4637 1911 4693 soli
1937 4627 1986 4689 Ι)
2013 4628 2109 4684 sed
2142 4639 2350 4683 natura!
2372 4627 2543 4699 gratia
2571 4628 2810 4700 diligatis
2836 4648 2848 4684 :
2873 4638 2929 4685 et
2950 4631 3030 4687 eis
3052 4630 3106 4686 in
3130 4646 3240 4699 quo
3260 4630 3610 4702 indiguerint,

306 4740 618 4791 retitanere,
650 4743 813 4799 quam
846 4729 1060 4785 nescire
1084 4730 1210 4801 quid
1238 4733 1494 4801 ageretis.

386 4815 457 4870 Et
490 4818 722 4873 misimus
747 4818 1074 4875 Timotheum
1110 4821 1325 4892 fratrem
1360 4833 1615 4879 nostrum.
1642 4825 1912 4893 Qumritur

312 4910 592 4981 quomodo
633 4911 950 4968 Timotheus
1000 4912 1199 4970 missus
1226 4922 1309 4970 est
1342 4934 1355 4970 :
1404 4916 1498 4971 sed
1534 4919 1697 4998 prius,
1724 4918 1777 4973 id
1832 4917 1915 4974 di-

310 5017 462 5060 ctum
485 5012 587 5059 εει.

391 5094 461 5149 Et
502 5095 797 5150 ministrum
834 5093 934 5151 Dei
961 5098 1015 5151 in
1045 5095 1332 5169 Evangelia
1374 5097 1584 5154 Christi.
1620 5100 1913 5171 Adjutores

320 5204 422 5260 pro
450 5187 732 5258 discipulis
760 5189 921 5243 etiam
947 5189 1107 5261 vulgo
1137 5190 1409 5245 dicuntur.

394 5280 479 5334 Ad
503 5280 887 5349 conﬁrmandos
916 5298 1004 5336 vos
1035 5291 1080 5337 et
1109 5283 1452 5338 exhortandos
1480 5301 1571 5355 pro
1594 5285 1696 5354 ﬁde
1726 5296 1912 5340 vestra.

322 5372 433 5429 Pro
462 5372 565 5427 hac
593 5387 761 5428 causa
784 5374 1064 5428 dumtaxat
1098 5393 1109 5427 :
1142 5375 1266 5445 quia
1311 5374 1546 5445 perfecte
1584 5377 1911 5433 credidistis.

404 5463 473 5520 Ut
495 5480 643 5519 nemo
666 5474 925 5519 moveatur
946 5466 1000 5520 in
1017 5466 1433 5522 tribulationibus
1458 5470 1590 5524 istis.
1610 5468 1729 5525 Non
1756 5469 1879 5526 dico
1898 5510 1914 5538 ,

329 5573 401 5614 ne
432 5571 644 5623 omnes,
675 5556 767 5612 sed
801 5572 868 5613 ne
896 5557 979 5613 vel
1011 5558 1209 5629 aliquis
1229 5569 1541 5617 moveatur.

405 5650 521 5723 Ipsi
546 5652 683 5705 enim
711 5652 872 5717 scitis,
897 5652 1035 5723 quod
1057 5653 1109 5705 in
1140 5651 1236 5706 hoc
1261 5654 1413 5722 positi
1434 5672 1633 5710 sumus.
1664 5654 1778 5711 Non
1794 5671 1924 5728 ergo

336 5742 527 5800 mirari
556 5744 787 5810 debetis,
816 5746 1053 5801 scientes
1081 5760 1181 5801 nos
1203 5746 1363 5802 aliter
1390 5751 1623 5805 transire
1658 5764 1761 5805 non
1795 5765 1924 5821 pos-

339 5850 421 5905 se,
450 5835 667 5895 diccnte
696 5836 926 5898 Domino
960 5854 973 5893 :
1007 5836 1149 5895 Ecce
1183 5853 1284 5913 ego
1320 5839 1476 5896 mitto
1505 5856 1601 5899 vos
1631 5842 1769 5900 sicut
1800 5858 1928 5907 oves

2020 4722 2451 4777 misericordiam
2476 4736 2639 4793 quam
2674 4722 2781 4779 illis
2817 4723 2871 4780 in
2906 4725 3161 4795 praesenti
3194 4724 3336 4782 Deus
3360 4723 3613 4793 exhibet,

2020 4832 2126 4872 non
2152 4814 2380 4886 negetis.

2094 4907 2541 4974 Quemadmodum
2569 4916 2616 4962 et
2645 4923 2739 4963 nos
2768 4908 2823 4963 in
2852 4909 2995 4965 vobis
3026 4909 3096 4963 ad
3117 4905 3471 4978 conﬁrmanda
3500 4921 3616 4961 cor-

2022 5002 2093 5055 da
2114 5010 2300 5055 vestra.
2334 4999 2488 5057 Fecit
2522 5001 2835 5071 abundare,
2872 5012 2929 5058 ut
2965 5012 3019 5060 et
3057 5015 3154 5058 vos
3179 5000 3411 5056 aliorum
3451 4999 3618 5058 corda

2025 5092 2277 5149 ﬁrmetls.

2092 5186 2223 5241 Sine
2268 5186 2482 5256 querela
2516 5186 2572 5239 in
2616 5188 2891 5241 sanctitate
2938 5194 3060 5240 ante
3105 5184 3271 5241 Deum
3316 5194 3364 5240 et
3406 5183 3619 5241 Patrem

2021 5288 2259 5335 nostrum
2288 5281 2343 5333 in
2383 5280 2608 5333 adventu
2655 5276 2865 5333 Domini
2897 5278 3061 5331 nostri
3097 5276 3225 5332 Iesu
3266 5274 3461 5333 Christi
3499 5294 3619 5334 cum

2023 5374 2258 5428 omnibus
2284 5372 2476 5427 sanctis
2502 5374 2637 5442 ejus.
2670 5372 2854 5425 Amen.
2884 5370 3001 5426 Non
3031 5381 3157 5427 ante
3183 5371 3451 5434 homines,
3482 5374 3625 5429 sicut

2023 5465 2093 5521 de
2134 5465 2424 5531 Zacharia,
2462 5474 2517 5518 et
2562 5463 2865 5519 Elizabeth.
2910 5464 2978 5520 Et
3013 5480 3112 5537 per
3148 5464 3339 5521 lsaiam
3376 5484 3389 5520 :
3428 5465 3493 5521 Et
3525 5479 3620 5523 vos

2027 5562 2181 5618 eritis
2212 5561 2344 5617 mihi
2374 5560 2524 5631 justi,
2549 5559 2677 5615 dicit
2714 5562 2991 5617 Dominus.

2643 5654 2876 5711 CAPUT
2916 5656 3004 5712 IV.

2106 5747 2182 5804 De
2208 5758 2391 5805 ccclero
2410 5763 2553 5819 ergo,
2576 5747 2785 5817 fratres.
2810 5748 2938 5808 Post
2969 5750 3184 5810 laudem
3213 5760 3269 5812 et
3297 5750 3630 5813 consolatio-

2032 5856 2179 5913 nem,
2218 5842 2408 5915 incipit
2441 5837 2769 5900 exhortatio.
