3978 6286
416 325 520 381 867

1449 314 1508 371 S.
1550 311 1924 369 lllERONYMI
1962 311 2242 369 OPEIlUM
2282 311 2638 369 MANTISSA.

3588 314 3690 373 868

489 437 747 505 Rogamus
781 403 894 499 vos,
940 440 990 486 et
1020 430 1344 484 obsecramus
1372 428 1427 481 in
1474 427 1698 482 Domino
1727 426 1857 482 Iesu
1889 444 1909 482 :
1940 436 1995 480 ut
2022 432 2075 489 Α
2099 428 2278 497 aliqua
2308 428 2469 483 etiam
2513 429 2579 484 ad
2626 428 2906 498 religionis
2950 429 3307 499 opprobrium
3355 431 3694 501 postulantes

415 528 839 600 quemadmodum
870 525 1138 590 accepistis
1166 540 1199 576 a
1246 523 1422 585 nobis,
1470 522 1731 592 quomodo
1763 530 1999 590 oporteat

416 637 502 675 vos
549 619 810 673 ambulare
850 626 898 670 et
940 618 1138 685 placere
1184 616 1289 669 Deo
1332 617 1453 669 :sic
1499 624 1547 669 et
1593 612 1901 677 ambuletis,
1945 621 2000 665 ut

416 714 683 766 abundetis
716 712 902 779 magis.
935 710 1141 775 Quibus
1166 710 1250 763 via
1286 707 1536 762 Christus
1566 716 1677 771 est,
1722 706 1899 775 dignis
1935 720 2002 759 eo

413 803 689 872 gressibus
716 802 991 856 ambulate
1017 819 1029 854 :
1059 803 1182 871 quia
1211 816 1334 856 cum
1365 810 1523 854 tctate
1543 800 1676 853 tich
1698 800 1879 868 augeri
1909 797 2004 851 de-

412 896 502 951 bet
521 902 576 950 et
596 910 774 949 mores
808 912 823 950 :
854 895 1131 949 sicutcinn
1165 902 1323 949 retate
1348 893 1551 958 carnis,
1584 902 1638 948 ct
1666 891 1820 947 cibus
1873 905 2001 945 cre-

413 990 510 1043 scit
543 997 596 1041 et
626 989 885 1042 Studium.

488 1078 651 1134 Scitis
683 1080 818 1132 enim
849 1095 964 1148 qua!
995 1086 1253 1147 pracepta
1278 1078 1508 1133 dederim
1540 1076 1678 1131 vobis
1710 1093 1800 1148 per
1821 1075 2004 1130 Domi-

414 1188 535 1224 num
560 1169 758 1227 Iesum.
796 1170 924 1227 Haec
958 1181 1035 1226 est
1068 1172 1203 1225 enim
1224 1171 1463 1225 voluntas
1498 1171 1620 1237 Dei,
1655 1168 2004 1236 sanctiﬁcatio

411 1278 599 1327 vesIra,
642 1274 695 1318 ut
726 1265 1028 1318 abstineatis
1055 1280 1149 1317 vos
1181 1281 1213 1317 a
1243 1264 1603 1331 fornicatione.
1636 1261 2005 1316 Sanctitlcatio

413 1362 481 1415 ali
511 1360 655 1413 muni
689 1360 1076 1413 incontinentia
1115 1370 1331 1413 revocat
1361 1357 1761 1420 Christianum,
1802 1357 1889 1410 cui
1924 1356 2007 1408 in-

413 1452 712 1505 continenti
742 1467 847 1505 non
874 1447 1095 1519 expedit
1118 1459 1365 1505 sanctum
1390 1449 1587 1503 Christi
1612 1460 1812 1514 corpus
1844 1446 2009 1499 attin-

412 1560 541 1611 gere
572 1562 582 1593 :
613 1545 851 1598 maxime
880 1558 1003 1597 cum
1035 1542 1247 1612 Moyses
1288 1544 1505 1597 Iudaeos
1536 1539 1877 1594 sanctificare
1913 1553 2008 1591 vo-

410 1638 547 1702 lens,
584 1637 838 1705 populum
866 1647 1035 1691 totum
1068 1638 1134 1690 ab
1165 1636 1361 1691 femina
1395 1651 1453 1689 se
1480 1635 1768 1689 continere
1801 1646 2005 1701 prince-

415 1729 511 1798 pit.
541 1741 597 1781 ut
623 1727 719 1781 Dei
745 1729 907 1797 potiri
934 1730 1223 1798 praesentia
1256 1733 1617 1783 mererentur.

2106 521 2175 574 ab
2205 520 2509 575 inﬁdi-libus
2534 535 2549 574 :
2581 537 2906 590 quamquam
2932 521 3000 576 ad
3028 538 3123 576 eos
3142 523 3195 576 in
3218 523 3457 577 secunda
3488 524 3696 593 plenius

2104 622 2437 688 exsequitur.
2470 618 2623 675 Unde
2649 620 2822 690 magis
2849 620 2966 674 vult
2993 634 3112 683 eos,
3142 620 3227 673 vel
3258 618 3466 687 proprii
3498 617 3692 687 negotii

2105 730 2254 781 cura,
2282 716 2363 770 vel
2396 715 2582 770 labore
2611 731 2864 768 manuum
2899 715 3177 781 occupari,
3209 726 3372 781 quam
3405 710 3695 766 otiositatis

2106 810 2508 878 detrimentum,
2536 817 2590 863 et
2616 808 3000 878 inquietudinis
3023 808 3231 862 habere
3261 814 3571 875 peculium.

2182 900 2249 956 Ut
2270 912 2318 956 et
2340 902 2543 955 honeste
2572 902 2843 955 ambuletis
2863 901 2931 953 ad
2956 917 3063 965 cos,
3086 900 3174 967 qui
3198 899 3327 969 foris
3347 906 3492 959 sunt,
3514 906 3563 951 et
3588 896 3697 949 nul-

2107 994 2207 1049 lius
2249 994 2449 1064 aliquid
2490 992 2808 1048 desideretis.
2861 993 2938 1048 Ne
2982 1008 3077 1047 vos
3121 992 3223 1062 ipsi
3262 993 3557 1057 denotant,
3610 990 3696 1060 qni

2108 1096 2370 1157 pra'stare
2400 1086 2673 1140 videntur.

2182 1176 2445 1231 Nolumus
2499 1188 2671 1232 autem
2724 1195 2811 1231 ros
2851 1179 3130 1251 ignorare,
3176 1178 3407 1246 fratres,
3459 1176 3526 1231 de
3585 1177 3698 1229 dor-

2108 1273 2402 1325 mientibus.
2437 1272 2640 1325 Dormit
2665 1272 2839 1335 enitn,
2867 1284 3028 1339 quem
3061 1280 3271 1325 eertum
3306 1278 3393 1325 est
3420 1279 3693 1324 surrectu-

2110 1378 2253 1430 rum,
2289 1362 2426 1416 sicut
2457 1362 2657 1416 dictum
2687 1371 2771 1415 est
2802 1363 2855 1415 in
2892 1363 3181 1431 Evangelia
3206 1361 3275 1415 de
3307 1362 3533 1415 Lazaro.

2184 1455 2251 1510 Ut
2280 1472 2381 1509 non
2412 1456 2812 1523 contristemini,
2846 1458 2978 1509 sicut
3008 1468 3055 1508 et
3086 1456 3277 1515 cieteri,
3308 1457 3397 1523 qui
3425 1468 3574 1521 spem
3602 1472 3695 1508 non

2110 1546 2319 1602 habent.
2354 1548 2526 1601 Aliter
2559 1547 2722 1601 debet
2764 1546 2882 1602 lieri
2920 1552 3008 1617 qui
3048 1562 3277 1617 peregre
3304 1546 3514 1617 pergit,
3545 1547 3699 1600 aliter

2112 1640 2200 1694 illc
2230 1640 2321 1710 qui
2348 1641 2596 1694 moritur.
2740 1636 2743 1637 ⁷

2186 1734 2247 1788 Si
2276 1736 2410 1787 enim
2438 1734 2713 1792 credimus.
2743 1736 2882 1801 quod
2905 1730 3063 1785 Iesus
3088 1740 3316 1785 mortuus
3337 1739 3436 1796 est,
3462 1737 3512 1784 et
3536 1746 3692 1784 restir-

490 1817 557 1872 Ut
589 1820 717 1872 sciat
749 1820 1101 1889 unusquisque
1130 1830 1352 1872 instruat
1374 1836 1462 1872 vas
1487 1835 1636 1871 suum
1663 1816 1927 1886 possidere
1952 1816 2005 1868 in
2039 1823 2081 1882 Β
2110 1826 2263 1878 rexit.
2324 1826 2379 1880 Si
2428 1840 2490 1879 ea
2532 1824 2825 1889 credimus,
2868 1834 2987 1893 qua:
3034 1839 3140 1877 non
3181 1822 3432 1876 videmus
3467 1840 3483 1875 :
3516 1833 3572 1877 et
3606 1837 3692 1889 per

412 1914 819 1982 sanctificatione
847 1925 891 1966 et
937 1912 1150 1968 honore.
1186 1914 1355 1968 Suum
1398 1926 1595 1981 corpus
1636 1911 2006 1980 unusquisque

412 2015 623 2061 castum
654 2009 920 2060 servando
960 2008 1261 2059 sanetilicet
1289 2014 1344 2060 et
1378 2004 1626 2059 honoret.
1668 2005 1839 2060 Simul
1872 2018 2007 2057 con-

413 2098 783 2165 siderandum,
818 2100 940 2167 quia
978 2098 1055 2152 eis
1100 2108 1371 2168 tamquam
1405 2096 1689 2167 perfectis,
1727 2110 1831 2149 nun
1863 2096 2008 2149 sicut

412 2191 709 2246 Corinthiis
733 2191 923 2245 scribit
954 2189 1202 2245 inﬁrmis.

488 2283 608 2337 Non
637 2285 689 2337 in
722 2284 957 2353 passione
982 2284 1248 2349 desiderii,
1278 2283 1409 2336 sicut
1440 2294 1487 2337 et
1509 2290 1702 2353 gentes,
1734 2297 1847 2350 qua:
1868 2282 2008 2349 igno-

409 2386 528 2428 rant
571 2375 755 2429 Deum.
795 2375 873 2430 Ne
911 2376 1090 2429 ttitttizt:
1135 2384 1190 2429 et
1231 2374 1602 2428 immoderata:
1650 2372 1861 2426 libidini
1891 2388 2010 2426 ser-

411 2470 639 2533 vientes,
686 2468 894 2520 similes
932 2466 1187 2535 gentibus
1225 2466 1407 2520 fialis:
1446 2480 1564 2534 qua:
1603 2464 1773 2519 Deum
1800 2472 2007 2517 amato-

412 2574 529 2614 rem
561 2559 828 2614 castitatis
860 2560 1130 2629 ignorant.

483 2652 550 2705 Et
593 2669 657 2706 ne
683 2652 795 2719 quis
833 2651 1288 2724 sup-:rgrediatur,
1335 2667 1494 2721 neque
1542 2651 1906 2705 circumveniat
1952 2650 2005 2704 in

414 2747 614 2817 negotio
647 2750 861 2815 fratrem
903 2762 1077 2799 suum.
1118 2744 1196 2799 Ne
1233 2746 1358 2814 quis
1386 2755 1509 2816 p0st
1558 2745 1803 2799 devotam
1831 2744 2007 2799 couti-

413 2839 650 2893 nentiam
669 2848 721 2892 et
742 2852 1094 2907 consensum,
1123 2838 1275 2891 fratri
1298 2852 1397 2891 suo
1410 2838 1646 2908 aliquam
1670 2838 2011 2891 circumven-

414 2933 614 2985 tiouem
644 2932 693 2985 vi
717 2930 1069 2985 circumferre
1108 2930 1310 2984 nitatur
1339 2947 1353 2982 :
1392 2931 1511 2984 sive
1558 2932 1609 2984 in
1639 2930 1885 2998 qurdibet
1916 2944 2007 2983 ne-

412 3026 580 3093 gotio,
607 3038 673 3077 ne
700 3022 821 3090 quis
846 3026 1079 3075 alterunt
1107 3021 1343 3075 frandet.

490 3113 749 3181 Quoniam
779 3113 967 3167 vindex
996 3123 1071 3166 est
1099 3110 1353 3165 Dominus
1382 3110 1445 3164 de
1468 3110 1548 3166 his
1569 3111 1805 3165 omnibus
1834 3128 1852 3165 :
1879 3110 2008 3164 sicut

2112 1922 2230 1988 eius
2253 1918 2709 1974 resurrectionem
2734 1918 2867 1970 certi
2891 1930 3078 1970 snmns
3119 1930 3225 1969 non
3259 1915 3474 1970 veniam
3515 1929 3696 1969 conse-

2114 2026 2269 2065 cutos
2305 2030 2316 2063 :
2350 2027 2447 2064 cur
2476 2010 2604 2063 illud
2633 2009 2883 2063 similiter
2914 2024 3021 2063 non
3051 2007 3363 2073 credamus,
3398 2008 3549 2077 quod
3579 2022 3698 2077 gen-

2116 2113 2194 2158 tes
2225 2104 2313 2173 qui
2348 2104 2548 2156 videnti
2574 2102 2687 2157 Deo
2714 2118 2820 2155 non
2847 2101 3075 2155 credunt
3099 2101 3124 2152 τ

2188 2194 2273 2249 Ila
2298 2208 2343 2249 et
2374 2194 2516 2247 Deus
2546 2211 2628 2248 eos
2653 2194 2741 2263 qui
2772 2194 3113 2257 dormierunt,
3150 2208 3240 2262 per
3268 2188 3453 2244 Iesum
3483 2190 3698 2243 adducet

2114 2306 2228 2343 cum
2265 2306 2342 2343 eo.
2369 2288 2469 2354 Qui
2502 2297 2669 2356 caput
2692 2287 2997 2351 suscitavit,
3032 2286 3195 2339 etiam
3218 2296 3419 2338 caitera
3457 2285 3696 2337 membra

2113 2384 2500 2439 suscitaturum
2533 2397 2593 2435 se
2626 2380 2915 2450 promi.tit.

2190 2476 2300 2529 Hoc
2320 2478 2457 2531 enim
2481 2476 2622 2529 vobis
2646 2474 2865 2527 dicimus
2892 2473 2945 2525 in
2972 2472 3125 2526 verba
3157 2470 3394 2525 Domini.
3420 2471 3501 2525 Ex
3530 2471 3695 2525 Evan-

2112 2570 2237 2639 gelii
2270 2567 2562 2622 sententia.

2188 2642 2321 2704 Quia
2349 2655 2463 2701 nos,
2492 2638 2577 2707 qui
2606 2637 2841 2703 vivimus,
2872 2635 2957 2705 qui
2976 2634 3173 2687 residui
3198 2649 3377 2687 sumus
3409 2632 3463 2685 in
3484 2632 3697 2686 adventu

2114 2732 2346 2787 Domini.
2390 2734 2617 2800 Semper
2654 2729 2948 2794 Aposmlus
2988 2727 3133 2781 diem
3182 2727 3391 2780 Domini
3438 2728 3571 2781 fecit
3609 2724 3697 2779 ba-

2112 2826 2245 2880 bere
2277 2836 2612 2894 suspectum,
2643 2821 2793 2892 quasi
2828 2836 2924 2875 e0s
2955 2821 3006 2874 in
3037 2834 3268 2888 Corpore
3301 2818 3597 2880 inveniret.

2188 2915 2308 2969 Non
2346 2916 2709 2986 prazveniemus
2740 2930 2847 2979 eos,
2878 2916 2963 2979 qui
2992 2912 3333 2966 dormierunt.
3366 2910 3501 2965 Tam
3542 2911 3694 2965 velox

2112 3010 2217 3067 erit
2242 3025 2431 3064 eorum
2460 3007 2812 3072 resurrectio,
2842 3020 3000 3074 (luam
3030 3012 3213 3057 nostra
3242 3004 3569 3070 assumptio.

2187 3100 2442 3167 Quoniam
2473 3100 2578 3169 ipse
2612 3096 2866 3149 Dominus
2896 3096 2951 3148 in
2965 3098 3145 3168 jussu,
3177 3104 3225 3148 et
3252 3095 3306 3148 in
3334 3110 3456 3148 voce
3484 3094 3701 3146 archan-

409 3208 741 3278 pra'diximus
768 3208 905 3261 vobis
924 3252 939 3275 ,
989 3219 1035 3262 et
1073 3208 1330 3277 testificati
1363 3224 1565 3261 sumus.
1595 3210 1711 3262 Non
1741 3207 1915 3263 solum
1944 3207 2003 3261 de

2141 3194 2235 3245 reti.
2293 3190 2585 3245 Terrorem
2621 3188 2762 3243 illius
2796 3185 2903 3241 dici
2934 3196 3221 3250 monstrat,
3246 3201 3352 3255 quo
3394 3188 3576 3239 omnis
3612 3200 3701 3254 po-

338 3337 343 3340 -
406 3302 762 3357 fornicatione
801 3313 856 3357 et
902 3303 1117 3373 publica
1158 3303 1491 3373 turpitudine
1518 3345 1531 3368 ,
1580 3303 1677 3358 sed
1720 3304 1881 3357 etiam
1944 3303 2011 3356 de

407 3397 839 3465 transgressione
867 3397 1150 3464 propositi.
1187 3396 1441 3467 Quisquis
1457 3396 1601 3449 enim
1622 3394 2009 3449 continentiam

409 3487 520 3544 Deo
550 3487 776 3553 vovet-it,
807 3488 930 3544 fecit
958 3490 1058 3542 sibi
1084 3489 1356 3552 illicitum,
1388 3488 1531 3557 quod
1558 3487 1774 3542 licebat.

485 3580 607 3633 Non
648 3581 785 3633 enim
832 3582 1029 3633 vocavit
1077 3596 1171 3633 nos
1214 3579 1354 3634 Deus
1399 3581 1453 3634 in
1488 3580 1837 3635 immunditia.
1880 3579 2011 3647 Qua:

416 3686 614 3740 corpus
645 3670 846 3725 Christi
877 3671 1145 3726 audenter
1176 3687 1282 3726 non
1316 3672 1575 3740 permittit
1606 3672 1800 3740 accipi.

483 3763 591 3819 Sed
622 3765 674 3816 in
700 3763 1187 3832 sanctificationem.
1232 3761 1298 3818 Ut
1338 3766 1590 3832 exotnplo
1620 3763 1819 3817 Christi
1862 3762 2009 3818 viva-

411 3858 497 3912 tis.
529 3855 629 3923 Qui
660 3873 804 3912 ennu
848 3856 1007 3911 habet
1038 3872 1189 3924 spem
1224 3856 1362 3913 hanc
1408 3858 1459 3911 in
1506 3872 1663 3925 enin,
1705 3856 2008 3912 sanctificat

409 3967 491 4019 se,
528 3953 670 4007 sicut
702 3953 790 4007 ille
824 3955 1047 4008 sanctus
1077 3963 1181 4007 est.

481 4044 666 4115 Itaque
703 4047 789 4112 qui
818 4042 930 4100 hazc
958 4047 1177 4116 spernit,
1213 4062 1317 4101 non
1358 4046 1618 4101 hominem
1646 4046 1876 4114 spernit,
1916 4046 2007 4098 sed

408 4138 573 4194 Deum
603 4155 619 4192 :
650 4139 739 4208 qui
769 4140 922 4193 etiam
952 4140 1094 4192 dedit
1120 4138 1378 4207 Spiritum
1398 4155 1548 4192 suum
1573 4148 1810 4192 sanctum
1834 4138 1886 4190 in
1914 4154 2005 4190 no-

405 4234 501 4289 bis.
536 4233 647 4289 Non
683 4250 797 4299 nte,
833 4232 927 4287 sed
956 4247 1081 4287 eum
1116 4233 1207 4301 qui
1244 4234 1296 4286 in
1334 4248 1419 4287 me
1453 4234 1693 4302 loquitur
1722 4231 2003 4286 Christus:

403 4327 560 4395 cujus
605 4325 821 4396 spiritui
852 4324 1105 4394 iniuriam
1154 4324 1286 4379 facit
1328 4323 1508 4378 omnis
1546 4326 1636 4393 qui
1680 4338 1786 4379 non
1819 4334 2006 4378 sancte

406 4426 674 4473 versatur.

480 4506 555 4561 De
605 4507 854 4561 charitate
900 4517 1075 4564 autem
1129 4508 1471 4579 fraternitatis
1528 4524 1632 4563 non
1664 4524 1868 4563 necesse
1912 4507 2005 4562 ha-

2120 3292 2286 3339 testas
2314 3276 2461 3350 cteli,
2495 3292 2548 3336 et
2578 3283 2847 3336 elementa
2874 3278 3142 3333 movenda
3173 3287 3299 3331 sunt
3326 3296 3339 3332 :
3364 3287 3425 3331 ut
3448 3291 3551 3331 nos
3570 3279 3701 3331 scia-

2115 3394 2259 3441 mus.
2286 3377 2429 3449 quali
2457 3376 2787 3430 conscientia
2821 3373 2962 3427 diem
2996 3373 3207 3427 Domini
3236 3382 3641 3441 exspectemus.

2188 3469 2253 3524 Et
2284 3468 2489 3523 intuba
2533 3466 2630 3520 Dei
2672 3466 2944 3520 descendet
2983 3465 3046 3518 de
3077 3464 3223 3519 (telo.
3256 3464 3317 3519 Si
3358 3464 3430 3519 ad
3468 3462 3703 3518 hominis

2114 3566 2295 3621 tubam
2343 3574 2488 3619 terra
2532 3562 2745 3616 videtur
2789 3559 3116 3629 permoveri,
3163 3568 3367 3628 quanto
3425 3560 3599 3629 magis
3638 3557 3698 3611 ad

2115 3655 2238 3711 Dei!
2300 3656 2442 3709 sicut
2486 3653 2629 3707 Elias
2680 3666 2898 3722 quoque
2946 3650 3243 3707 terribilem
3274 3652 3331 3705 in
3374 3663 3565 3706 monte
3594 3648 3697 3705 Do-

2114 3751 2247 3805 mini
2279 3748 2411 3803 vidit
2432 3748 2745 3803 adventum.

2184 3842 2251 3898 Et
2288 3844 2479 3897 mortui
2523 3843 2613 3914 qui
2664 3843 2716 3895 in
2758 3840 2963 3895 Christo
3015 3849 3161 3906 sunt,
3207 3851 3476 3911 resurgent
3530 3838 3697 3911 primi.

2112 3935 2308 3990 Deinde
2355 3952 2447 3989 nos
2489 3937 2577 4005 qui
2603 3934 2838 3999 vivimus,
2870 3935 2962 4004 qui
2992 3933 3355 4003 relinquimur,
3412 3932 3570 3985 simul
3612 3947 3699 3983 ra-

2110 4029 2309 4098 pientur
2338 4043 2451 4080 cum
2481 4025 2587 4080 illis
2613 4028 2667 4079 in
2697 4026 2919 4080 nubibus
2946 4026 3146 4079 obvium
3190 4023 3400 4079 Christo
3455 4026 3509 4077 in
3559 4039 3698 4078 aera.

2110 4120 2214 4189 Qui
2241 4122 2296 4175 in
2330 4120 2548 4176 Christo
2588 4120 2785 4174 mortui
2817 4119 3039 4185 fuerint,
3073 4128 3361 4189 resurgent
3390 4120 3567 4187 primo
3604 4136 3618 4172 :
3650 4124 3704 4171 et

2109 4216 2199 4286 qui
2230 4215 2340 4269 vivi
2369 4216 2579 4269 inventi
2618 4213 2818 4269 fuerint
2842 4214 3037 4277 sancti,
3061 4228 3184 4267 cum
3216 4212 3349 4281 ipsis
3381 4214 3583 4281 pariter
3618 4224 3705 4263 ra-

2110 4310 2329 4378 pientur
2371 4326 2385 4361 :
2420 4308 2511 4377 qui
2552 4323 2659 4362 non
2692 4308 3098 4376 iudicabuntur,
3143 4305 3238 4361 sed
3284 4306 3465 4377 potius
3494 4305 3705 4375 judica-

2109 4404 2266 4460 bunt.

2190 4492 2261 4548 Et
2289 4496 2362 4549 sic
2410 4509 2613 4563 semper
2640 4509 2758 4546 cum
2787 4491 3010 4546 Domino
3041 4491 3249 4547 erimus.
3284 4490 3341 4546 ιιι
3372 4492 3565 4547 eadem
3588 4490 3705 4561 glo-

402 4602 607 4656 buintus
645 4602 862 4656 scribere
909 4603 1073 4657 vobis.
1116 4602 1306 4659 Videte
1356 4616 1515 4673 quam
1560 4602 1782 4672 perfecti
1812 4610 1996 4667 erant,

2144 4588 2191 4643 ia
2217 4586 2557 4643 aeternitatis.

405 4695 472 4750 de
514 4702 665 4750 tanto
686 4702 741 4748 et
769 4700 879 4748 tam
904 4694 1213 4751 necessario
1242 4706 1515 4766 praecepto
1548 4710 1655 4751 non
1686 4693 1999 4763 indigebant

405 4784 706 4842 admoneri.

478 4880 589 4953 Ipsi
615 4880 751 4936 enim
778 4895 885 4953 vos,
908 4896 941 4935 a
969 4876 1077 4933 Deo
1108 4878 1389 4945 didicistis,
1423 4889 1478 4935 ut
1501 4878 1731 4951 diligatis
1758 4880 1994 4935 inricem.

405 4975 614 5034 Etenim
646 4975 780 5031 illud
809 4948 979 5046 facitis
1008 4974 1061 5027 in
1091 4990 1265 5028 omnes
1297 4975 1480 5043 fratres
1514 4974 1570 5027 in
1600 4974 1837 5027 universa
1873 4972 1995 5026 Ma-

401 5072 642 5128 cedonia.
676 5074 722 5128 A
751 5070 1000 5133 Christo.
1034 5070 1124 5141 qui
1158 5069 1327 5123 dixit:
1362 5067 1669 5123 Mandatum
1694 5083 1891 5122 novum
1925 5068 1996 5123 do

400 5164 573 5218 vobis.
607 5163 721 5217 lloc
748 5178 943 5218 novum
975 5171 1081 5229 est,
1117 5172 1176 5216 ut
1209 5177 1307 5230 pro
1352 5160 1620 5214 alterutro
1649 5159 1949 5214 moriamur
1980 5174 1993 5212 :

401 5256 527 5329 quia
557 5255 660 5309 hoc
686 5264 860 5319 vetns,
890 5272 996 5311 non
1021 5271 1175 5312 suum
1202 5264 1320 5310 erat
1347 5253 1780 5307 Testamentum.

478 5349 742 5419 Rogamus
773 5356 945 5402 autem
981 5364 1091 5414 vos,
1126 5352 1334 5420 fratres,
1370 5354 1423 5398 ut
1455 5343 1723 5397 abundetis
1756 5342 1919 5411 magis
1950 5351 1997 5397 et

405 5458 613 5514 Operam
639 5440 791 5495 (ictis.
820 5439 932 5495 lloc
960 5450 1064 5507 est,
1098 5452 1152 5495 ut
1194 5441 1308 5512 jam
1351 5440 1562 5508 ignotus
1588 5451 1835 5505 quosque
1876 5436 1995 5491 dili-

406 5536 566 5604 gatis.
1972 5598 1983 5608 .

483 5629 549 5684 Ut
575 5630 729 5701 quieti
750 5628 883 5694 sitis,
908 5634 953 5679 et
981 5633 1036 5679 ut
1066 5636 1285 5681 vestrum
1308 5625 1566 5701 negotium
1595 5627 1781 5695 agatis,
1808 5634 1855 5679 et
1877 5643 1995 5697 ape-

405 5724 589 5776 remini
627 5721 862 5775 manibus
887 5718 1064 5773 vestris
1101 5733 1117 5769 :
1145 5717 1274 5772 sicut
1312 5720 1646 5791 prcecepimus
1672 5717 1830 5772 vobis.
1864 5718 1994 5784 Qni-

406 5813 531 5872 dain
573 5815 809 5886 inquiele
851 5829 945 5885 per
975 5812 1313 5868 diversorum
1341 5811 1722 5869 discurrebant
1760 5809 1996 5867 domus:

2186 4679 2373 4751 Itaque
2398 4677 2741 4733 consolamini
2770 4679 2984 4736 invicem
3023 4678 3078 4731 in
3128 4677 3292 4732 verbis
3320 4677 3455 4732 istis.
3491 4676 3704 4732 Notan-

2108 4775 2235 4831 dum
2261 4774 2401 4845 qnod
2426 4773 2564 4829 lictis
2587 4774 2688 4828 hoc
2712 4772 2977 4843 pra-cipit,
3000 4780 3059 4826 nt
3076 4771 3396 4828 alterutrum
3415 4785 3475 4828 se
3501 4770 3704 4826 doctri-

2108 4866 2191 4922 nis
2214 4866 2505 4921 instruant.

2725 4999 2955 5056 CAPUT
2996 4998 3063 5055 Υ.

2174 5158 2251 5212 De
2281 5159 2591 5225 temporibus
2615 5168 2787 5214 autem
2814 5170 2860 5213 et
2900 5159 3195 5225 momentis,
3228 5162 3441 5226 fratres,
3475 5174 3579 5211 non
3615 5159 3703 5213 in-

2102 5253 2305 5324 digetis,
2338 5263 2391 5308 ut
2415 5256 2697 5308 scribamus
2726 5253 2887 5308 vobis.
2919 5250 3033 5326 Ipsi
3062 5254 3198 5307 enim
3224 5253 3504 5324 diligenter
3530 5253 3700 5308 scitis.

2105 5346 2511 5402 Evidentissima
2546 5349 2824 5418 Evangelii
2865 5349 3100 5403 lectione
3128 5348 3327 5403 cdocti.

2177 5440 2315 5506 Quia
2357 5440 2468 5493 dies
2510 5441 2718 5493 Domini
2764 5444 2892 5496 sicut
2939 5443 3023 5513 fur
3063 5442 3117 5496 in
3172 5452 3344 5513 nocte,
3392 5442 3468 5498 ita
3506 5443 3698 5497 ueniet.

2104 5532 2333 5600 Quando
2364 5545 2553 5585 omnes
2583 5535 2719 5587 sciet
2746 5534 2987 5590 dormire
3017 5549 3259 5591 securos.

2174 5626 2302 5682 Cum
2330 5629 2467 5680 enim
2493 5626 2738 5698 dixerint,
2785 5648 2889 5701 pax
2930 5640 2977 5686 et
3006 5634 3262 5687 securitas
3299 5647 3317 5687 :
3364 5642 3486 5687 tunc
3511 5647 3703 5703 repen-

2103 5721 2239 5774 tinus
2265 5720 2339 5773 eis
2362 5723 2677 5790 superveniet
2710 5723 2963 5777 interitus.
2998 5723 3152 5778 Tunc
3192 5724 3425 5780 maxime
3453 5724 3699 5779 timenda

2103 5820 2189 5870 est
2216 5826 2397 5883 ιεωιιτι,
2430 5827 2590 5883 quam
2624 5830 2767 5871 nunc
2807 5831 2912 5870 non
2941 5824 3282 5886 exspectant.
3444 5812 3453 5825 ’
