3978 6286
231 336 342 393 869

981 333 1519 393 COMMENTARIUS
1561 334 1625 391 ΙΝ
1670 332 1890 397 EPIST.
1928 331 1972 389 Il
2013 332 2105 391 AD
2144 332 2481 392 TllESSAL.
2521 333 2676 391 CAP.
2721 334 2763 391 l.

3419 334 3526 393 870

308 459 459 515 Sicut
486 460 636 513 dolor
660 458 714 511 in
745 466 890 512 utero
919 457 1177 524 habentis,
1211 470 1255 511 et
1287 474 1391 511 non
1422 458 1691 528 effugient.
1723 457 1838 512 Sic-
1867 460 1914 515 A
1945 452 2220 522 diligentia
2252 470 2400 519 cave,
2427 470 2493 509 ne
2524 455 2608 509 cui
2643 450 2929 507 inﬁrmiori
2955 452 3038 523 (ut
3060 452 3299 522 ignarus)
3328 452 3410 507 vel
3443 452 3526 505 vi-

227 561 294 609 ut
325 554 547 619 mulier,
582 552 836 608 veniente
860 563 1039 621 partu,
1068 550 1285 606 dolores
1312 565 1417 605 non
1442 550 1650 620 ell‘ugit.

316 645 423 701 Vos
449 656 645 712 autem,
686 647 894 716 fratres,
927 661 1031 701 non
1054 645 1176 699 estis
1216 645 1270 698 in
1324 643 1549 699 tenebris
1594 658 1611 697 :
1655 653 1711 697 ut
1751 659 1834 697 vos

230 738 348 793 dies
380 739 470 793 ille
496 747 767 807 tamquam
796 739 882 810 fur
910 736 1333 805 comprehendat.
1379 735 1495 791 Non
1534 736 1664 790 estis
1697 735 1831 789 adeo

230 835 577 906 ignorantes,
618 844 679 890 ut
733 834 994 890 nesciatis
1041 849 1135 888 vos
1187 847 1406 901 semper
1447 843 1664 903 paratos
1713 845 1836 886 esse

229 929 462 983 debere.

308 1022 503 1078 Omnes
531 1024 670 1077 enim
698 1038 788 1077 vos
813 1021 912 1093 ﬁlii
939 1020 1073 1077 lucis
1098 1021 1246 1087 estis,
1272 1028 1321 1075 et
1350 1020 1451 1090 ﬁlii
1478 1020 1599 1075 diei.
1645 1018 1834 1076 Scien-

232 1114 329 1169 tiaz
358 1115 630 1170 veritatis.

311 1207 441 1262 Non
484 1224 666 1262 sumus
704 1208 889 1274 noctis,
937 1222 1100 1277 neque
1124 1205 1467 1262 tenebrarum.
1519 1205 1651 1272 Quia
1694 1205 1835 1259 sicut

233 1300 503 1365 tenebrae,
539 1302 608 1354 ita
644 1308 699 1354 et
727 1301 1031 1370 ignorantia
1056 1299 1147 1354 dat
1184 1300 1433 1353 iiduciam
1460 1298 1830 1365 delinquendi.

316 1392 492 1462 Igitur
544 1410 645 1447 non
696 1393 1045 1456 dormiamus,
1092 1393 1227 1447 sicut
1268 1402 1314 1445 et
1363 1393 1556 1447 cteteri.
1605 1392 1707 1459 Qui
1755 1392 1835 1447 sic

234 1482 607 1546 dormierunt,
632 1483 794 1538 etiam
826 1483 982 1537 obliti
1007 1491 1133 1537 sunt
1163 1483 1267 1537 sui.

313 1576 423 1633 Sed
469 1576 777 1647 vigilemus,
841 1584 889 1629 et
930 1576 1090 1630 sobrii
1133 1576 1315 1629 simus.-
1360 1573 1636 1629 Attenditc
1666 1573 1821 1629 vobis

240 1686 313 1724 nc
330 1678 623 1739 graventur
640 1666 799 1722 corda
823 1676 1001 1721 vestra
1034 1667 1085 1721 in
1106 1666 1341 1735 crapula,
1377 1675 1432 1721 et
1462 1667 1513 1720 in
1543 1665 1832 1732 ebrietate,

232 1770 293 1814 et
319 1759 467 1814 curis
491 1759 649 1828 hujus
672 1758 801 1813 vita:
826 1775 840 1812 :
864 1772 993 1828 ergo
1018 1767 1077 1813 et
1096 1772 1239 1813 cura:
1269 1758 1541 1813 inebriant
1563 1767 1825 1813 mentem.

1938 559 2056 599 cem
2089 544 2215 599 mali
2248 546 2481 601 reddas:
2510 547 2630 617 quia
2665 546 2809 600 ultro
2839 545 3073 615 aliquem
3099 545 3151 601 id
3183 544 3384 609 lacere,
3418 560 3523 599 non

1940 635 2122 691 credo.
2166 637 2353 691 Omnis
2382 639 2524 693 enim
2558 638 2646 708 qui
2693 637 2945 707 injuriam
2992 638 3139 701 iacit,
3182 636 3321 691 male
3352 637 3524 692 facit:

1940 735 1997 782 et
2024 728 2114 796 qui
2144 728 2315 783 vicem
2356 729 2566 799 injuriae
2590 729 2788 797 reddit,
2822 730 3072 797 injuriain
3105 729 3253 795 facit,
3297 738 3353 783 et
3388 730 3526 785 male

1939 819 2066 875 facit
2098 838 2110 874 :
2141 820 2304 891 quia,
2338 832 2396 877 ut
2419 823 2666 892 superius
2696 825 2901 879 dictum
2931 835 3036 890 est,
3070 825 3249 879 omnis
3280 824 3372 895 qui
3397 823 3531 880 facit

1942 914 2218 983 injuriam,
2248 918 2388 971 male
2414 918 2560 973 facit.

2011 1008 2119 1063 Sed
2143 1026 2338 1081 semper
2373 1012 2512 1082 quod
2542 1011 2732 1067 bonum
2759 1022 2831 1067 est
2854 1013 3117 1068 sectamini
3138 1012 3193 1066 in
3217 1014 3452 1080 invicem,
3483 1021 3534 1067 et

1936 1097 1991 1151 in
2024 1113 2218 1153 onmes.
2254 1100 2367 1155 Non
2391 1102 2575 1157 solum
2604 1102 2657 1157 in
2692 1117 2787 1158 vos
2839 1104 3198 1171 Christianos,
3242 1103 3337 1160 sed
3370 1106 3533 1160 etiam

1936 1187 1991 1243 in
2025 1189 2294 1248 homines.

2012 1284 2229 1353 Semper
2254 1287 2492 1357 gaudete.
2523 1287 2579 1343 ln
2612 1289 2965 1344 conscientia:
2996 1290 3249 1359 puritate.

2010 1377 2136 1433 Sine
2167 1381 2548 1435 intermissione
2579 1393 2744 1437 orate.
2787 1383 2840 1437 Si
2870 1382 3072 1454 jugiter
3106 1398 3208 1438 non
3233 1392 3388 1454 poles
3426 1383 3532 1438 lin-

1935 1486 2058 1543 gua,
2095 1476 2288 1530 saltem
2316 1476 2504 1543 corde,
2530 1478 2671 1532 sicut
2698 1478 2869 1547 Moysi
2899 1479 3095 1533 tacenti
3125 1478 3324 1534 dicitur
3350 1498 3363 1533 :
3392 1478 3534 1546 Quid

1937 1564 2139 1621 clamas
2170 1568 2236 1621 ad
2265 1569 2390 1623 me?
2420 1571 2549 1625 Sive
2587 1572 2767 1625 omnis
2798 1583 2950 1625 actus
2978 1579 3161 1627 vester
3190 1571 3314 1625 talis
3340 1572 3431 1640 sit,
3463 1578 3524 1625 ut

1939 1675 2037 1729 pro
2071 1658 2223 1714 vobis
2248 1677 2462 1731 semper
2491 1664 2658 1718 Deum
2684 1670 2826 1718 oret.

2012 1750 2077 1805 In
2102 1755 2341 1809 omnibus
2374 1758 2574 1827 gratias
2617 1758 2773 1828 agite.
2816 1757 2872 1813 In
2898 1758 3173 1823 omnibus,
3220 1772 3341 1829 quae
3390 1756 3533 1813 accl-

320 1851 423 1917 Qui
462 1852 595 1905 enim
632 1851 922 1913 dormiunt,
971 1859 1117 1904 nocte
1166 1850 1461 1908 dormiunt:
1491 1859 1537 1904 et
1582 1851 1673 1920 qui
1711 1850 1836 1904 ebrii
1870 1841 1916 1902 Β
1942 1843 2142 1910 derint,
2172 1847 2435 1901 sicutJob
2461 1864 2474 1902 :
2499 1849 2640 1914 sive,
2668 1851 2720 1903 in
2744 1851 2891 1905 omni
2914 1852 3329 1906 conversatione
3347 1858 3531 1906 vestra

232 1954 383 2010 sunt,
412 1955 562 1997 nocte
583 1943 709 1998 ebrii
737 1953 879 1998 sunt.
910 1942 1037 2023 Ideo
1063 1942 1224 1998 otiosi
1264 1953 1318 1998 et
1348 1943 1484 1998 ebrii
1515 1952 1660 2011 sunt,
1711 1944 1833 2013 quia

236 2038 297 2093 in
333 2036 575 2091 tenebris
601 2046 748 2091 sunt.

316 2129 434 2183 Nos
465 2137 638 2183 autem
682 2128 771 2197 qui
800 2127 904 2182 diei
944 2142 1144 2196 sumus,
1179 2127 1341 2182 sobrii
1370 2128 1552 2182 simus.
1598 2125 1705 2181 Nos
1744 2127 1832 2197 qui

232 2222 387 2277 diem
419 2220 696 2277 Christum
737 2220 1018 2285 habemus,
1056 2236 1155 2275 nec
1183 2220 1369 2287 Otiosi,
1408 2236 1509 2274 nec
1546 2218 1682 2274 ebrii
1713 2234 1834 2274 esse

230 2315 523 2371 debemus.
966 2382 969 2383 ν

310 2406 500 2462 Induti
530 2388 747 2461 loricam
777 2407 921 2475 fidei,
961 2415 1008 2460 et
1039 2405 1334 2473 charitatis,
1367 2414 1413 2460 et
1440 2407 1644 2478 galeam
1694 2423 1835 2477 spem

226 2501 444 2554 salutis.
484 2498 615 2554 Fide
636 2509 689 2555 et
713 2499 997 2563 charitate,
1026 2507 1080 2553 et
1101 2499 1309 2567 justitia
1334 2501 1517 2553 omnia
1547 2508 1822 2564 constant,

228 2608 376 2662 quas
405 2603 462 2647 et
488 2592 668 2646 lorica:
696 2591 826 2645 alibi
857 2592 1217 2658 comparavit.
1430 2652 1433 2659 ν

312 2684 575 2748 Quoniam
628 2700 729 2737 non
761 2685 934 2753 posuit
984 2699 1079 2737 nos
1132 2682 1270 2737 Deus
1314 2684 1367 2736 in
1430 2685 1585 2751 iram,
1641 2683 1731 2737 sed
1782 2684 1837 2736 in

228 2776 630 2845 ncquisitionem
661 2776 863 2844 salutis,
916 2791 1009 2846 per
1059 2772 1344 2829 Dominum
1391 2786 1629 2829 nostrum
1657 2774 1835 2829 Iesum

232 2868 522 2923 Christum.
557 2868 613 2923 In
642 2871 719 2922 ira
740 2879 862 2924 sunt
898 2869 1087 2936 positi;
1119 2869 1243 2938 quia
1289 2868 1397 2937 jam
1424 2867 1651 2937 judicati
1682 2875 1842 2923 sunt.‘

312 2962 423 3029 Qui
480 2973 711 3016 mortuus
758 2969 832 3016 est
882 2977 976 3032 pro
1028 2961 1197 3015 nobis.
1231 2958 1301 3017 Ut
1353 2976 1451 3015 nos
1488 2978 1593 3015 non
1653 2977 1833 3017 more-

236 3069 452 3108 remur.

315 3142 389 3198 Ut
418 3143 525 3197 sive
552 3144 843 3213 vigilemus,
886 3143 990 3198 sive
1045 3142 1385 3207 dormiamus,
1410 3142 1563 3196 simul
1584 3158 1700 3197 cunt
1743 3142 1839 3196 illo

1946 1935 2173 1989 Domino
2213 1939 2402 2005 gratia:
2426 1939 2754 1994 referantur.

2014 2028 2146 2083 Ilrec
2200 2039 2272 2083 est
2314 2033 2453 2086 enim
2494 2032 2734 2088 voluntas
2789 2033 2887 2090 Dei
2930 2036 2983 2089 in
3030 2035 3234 2090 Christo
3280 2034 3429 2101 Iesu,
3474 2035 3530 2088 in

1941 2122 2177 2176 omnibus
2204 2124 2363 2178 vobis.
2416 2125 2567 2181 Sicut
2612 2127 2665 2183 in
2704 2126 2923 2183 Christo
2952 2145 3045 2198 per
3081 2130 3264 2183 omnia
3309 2131 3527 2199 impleta

1940 2226 2040 2277 est,
2074 2217 2143 2269 ita
2174 2227 2227 2271 et
2260 2217 2310 2271 in
2349 2219 2502 2274 Vobis
2530 2221 2781 2276 munibus
2821 2208 3127 2290 impleatur.

2012 2306 2271 2379 Spiritunt
2301 2310 2458 2364 nolite
2487 2314 2831 2384 exstinguere.
2883 2314 3142 2385 Spiritum
3188 2315 3528 2372 exhortatio.

1940 2402 2046 2463 nis;
2072 2404 2462 2472 quwstionibus
2506 2406 2671 2461 nolite
2711 2411 3079 2478 exstinguere.
3111 2409 3237 2465 Sive
3278 2410 3524 2479 spiritum

1940 2508 2042 2564 pro
2086 2499 2259 2565 gratia
2292 2498 2590 2568 linguarum
2625 2501 2826 2567 posuit,
2858 2502 2998 2555 sicut
3033 2500 3109 2555 ait
3138 2519 3151 2553 :
3201 2501 3254 2557 Si
3298 2514 3527 2554 oravero

1942 2585 2143 2655 lingua,
2176 2589 2400 2655 Spiritus
2424 2606 2574 2645 mens
2615 2602 2754 2647 orat.
2785 2592 3069 2658 Quomodo
3118 2595 3280 2647 etiam
3309 2593 3375 2646 ad
3418 2590 3526 2647 Co-

1943 2678 2173 2732 rinthios
2210 2679 2347 2735 dicit
2378 2702 2390 2738 :
2440 2682 2504 2736 Et
2550 2684 2694 2753 loqui
2728 2683 2929 2754 linguis
2979 2684 3148 2739 nolite
3186 2684 3477 2753 prohibere
3515 2702 3529 2739 :

1942 2767 2013 2821 ita
2044 2779 2098 2822 et
2122 2769 2209 2824 hic
2229 2771 2477 2839 Spiritum
2503 2787 2611 2826 non
2642 2774 3095 2843 exstinguendum
3120 2788 3245 2829 esse
3274 2783 3522 2829 testatur.

2014 2858 2324 2930 Prophetias
2362 2863 2521 2917 nolite
2546 2880 2811 2930 spernere.
2844 2866 3033 2919 Omnia
3059 2876 3233 2921 autem
3257 2864 3469 2937 probate
3508 2882 3529 2921 :

1940 2954 2077 3021 quod
2117 2955 2310 3009 bonum
2357 2966 2453 3024 est,
2497 2957 2794 3011 tenete:ab
2841 2959 2979 3011 onmi
3010 2959 3177 3029 specie
3204 2961 3343 3012 mala
3371 2958 3533 3013 absti-

1943 3056 2055 3100 nete
2101 3063 2211 3100 vos.
2260 3049 2385 3103 Sive
2425 3051 2604 3104 futura
2652 3051 3034 3120 praedicantes,
3087 3052 3203 3107 sive
3260 3052 3533 3121 praeterita

1943 3140 2317 3197 disserentes:
2352 3153 2578 3209 tantum,
2623 3154 2676 3199 ut
2718 3145 2991 3215 probetis,
3022 3147 3068 3200 si
3118 3145 3218 3215 legi
3258 3161 3362 3199 non
3407 3155 3534 3200 sunt

234 3235 493 3289 vivamus.
543 3233 610 3289 Ut
640 3235 755 3289 sive
798 3234 849 3289 in
887 3248 1137 3303 corpore,
1175 3234 1290 3288 sive
1336 3242 1490 3288 extra
1520 3247 1722 3303 corpus
1760 3233 1841 3287 in-
1867 3228 1910 3290 C
1944 3235 2240 3299 contraria,
2270 3250 2391 3305 qua:
2425 3236 2680 3290 dicuntur
2710 3254 2725 3292 :
2754 3238 2801 3291 si
2837 3237 2965 3307 quid
3021 3239 3128 3292 tale
3168 3236 3354 3306 fuerit,
3385 3238 3535 3293 relu-

235 3328 547 3393 veniamur,
580 3343 800 3396 semper
827 3340 950 3382 cum
985 3328 1105 3396 ipso
1137 3327 1414 3382 vivamus.

313 3418 542 3489 PrOpter
566 3418 704 3489 quod
727 3419 1073 3473 consulamini
1095 3418 1332 3483 invicem,
1349 3427 1393 3472 et
1406 3417 1660 3487 aedi/irate
1686 3417 1841 3472 alter-

235 3522 442 3579 utrum,
495 3513 623 3566 sicut
669 3521 718 3565 et
754 3510 946 3580 facitis.
988 3509 1319 3576 Notandum,
1365 3510 1488 3580 quia
1543 3510 1646 3564 hoc
1687 3510 1840 3564 laicis

239 3602 489 3673 praecipit
523 3619 537 3655 :
565 3617 703 3673 quos
746 3602 907 3657 etiam
939 3613 1145 3667 monet,
1195 3611 1251 3656 ut
1279 3600 1534 3657 Studeant
1580 3600 1841 3657 exhibere

235 3695 426 3749 ofﬁcia
456 3694 757 3749 charitatis.
1642 3752 1643 3755 η

316 3786 584 3858 Rogamus
613 3796 783 3840 autem
824 3802 933 3853 vos,
965 3785 1178 3856 fratres,
1220 3794 1273 3839 ut
1319 3786 1562 3840 noveritis
1593 3801 1701 3851 eos,
1755 3784 1844 3855 qui

237 3879 488 3934 laborant
520 3880 651 3933 inter
678 3893 785 3933 vos.
816 3877 887 3933 Ut
910 3877 1228 3948 intelligatis
1258 3877 1499 3932 laborem
1534 3892 1745 3933 eorum.

319 3971 389 4026 Et
431 3980 661 4041 praesunt
690 3970 831 4025 vobis
858 3972 911 4025 in
942 3969 1186 4036 Domino,
1213 3979 1261 4024 et
1283 3981 1488 4025 monent
1514 3986 1621 4025 vos.
1648 3971 1837 4026 Esem~

238 4068 335 4137 plo
364 4065 613 4134 justitite,
642 4080 749 4118 non
783 4070 1047 4133 potestate
1071 4074 1307 4127 terrena,
1342 4063 1488 4116 sicut
1516 4065 1593 4117 ait
1622 4062 1838 4118 Petrus.

318 4156 392 4213 Ut
416 4156 645 4212 habeatis
686 4158 805 4211 illos
834 4155 1186 4211 abundantius
1209 4156 1263 4209 in
1309 4157 1586 4223 charitate,
1624 4167 1844 4229 propter

240 4266 381 4324 Opus
424 4250 655 4313 illorum,
697 4259 741 4303 et
774 4265 952 4318 pacem
994 4247 1179 4303 habete
1220 4264 1338 4302 cum
1382 4250 1477 4303 eis.
1532 4248 1842 4319 Presbyteri

239 4341 340 4412 qui
373 4340 623 4395 laborant
646 4341 699 4394 in
722 4342 916 4405 verbo,
949 4338 1244 4408 dupliciter
1277 4339 1575 4395 linitorandi
1607 4353 1753 4406 sunt,
1789 4341 1841 4397 id

246 4448 296 4488 e-
319 4441 363 4500 t,
398 4430 676 4487 charitatis
705 4431 964 4503 obsequio
990 4440 1048 4486 et
1076 4430 1282 4485 ordinis
1308 4430 1589 4502 dignitate.

322 4525 590 4595 Rogamus
645 4533 819 4579 autem
862 4540 968 4591 vos,
1024 4526 1237 4595 fratres,
1280 4525 1522 4597 corripite
1562 4525 1843 4594 inquietos,

1945 3331 1996 3378 ta
2005 3332 2078 3381 te.

2016 3415 2142 3487 Ipse
2172 3426 2343 3474 autem
2368 3416 2512 3474 Deus
2542 3421 2706 3490 pacis.
2750 3419 2852 3488 Qui
2878 3420 3058 3475 omnia
3093 3421 3344 3489 suetinet,
3368 3424 3531 3478 etiam

1944 3505 2405 3576 blasphemantes.

2018 3600 2317 3669 Sanctiﬁcet
2338 3618 2424 3656 vos
2445 3618 2536 3674 per
2552 3603 2744 3657 omnia.
2764 3602 2891 3660 Sive
2912 3606 3105 3675 gratia,
3127 3607 3243 3663 sive
3261 3605 3532 3663 doctrina.

2021 3693 2088 3750 Ut
2140 3696 2342 3766 integer
2398 3697 2614 3765 spiritus
2659 3708 2842 3767 vester,
2893 3710 2940 3753 et
2988 3702 3181 3767 anima,
3233 3711 3282 3757 et
3324 3718 3531 3775 corpus.

1944 3784 2130 3842 Gratia
2175 3788 2400 3857 Spiritus
2435 3792 2682 3860 quamvis
2735 3791 2791 3845 iu
2833 3807 2894 3848 se
2930 3809 3150 3863 semper
3200 3796 3405 3866 integra
3436 3797 3533 3866 sit,

1946 3894 2052 3935 non
2083 3890 2259 3937 tamen
2288 3883 2357 3945 in
2402 3884 2564 3939 nobis
2606 3886 2833 3955 integra,
2884 3886 2990 3941 nisi
3040 3888 3110 3942 ab
3160 3889 3385 3960 integris
3434 3888 3531 3945 ha-

1944 3972 2154 4030 beatur.

2017 4068 2147 4124 Sine
2167 4066 2381 4139 querela
2421 4070 2476 4123 in
2505 4070 2723 4124 adventu
2755 4070 2969 4126 Domini
2997 4074 3160 4127 nostri
3179 4072 3308 4128 Iesu
3339 4073 3535 4131 Christi

1943 4170 2191 4215 servetur.
2236 4161 2415 4231 Usque
2442 4163 2493 4216 in
2524 4161 2666 4218 diem
2700 4163 2887 4232 judicii
2918 4182 2931 4219 :
2959 4166 3082 4237 quia
3115 4182 3223 4222 non
3249 4179 3374 4223 sunt
3414 4178 3533 4223 tan-

1945 4261 2056 4308 tum
2100 4254 2254 4309 initia
2287 4254 2578 4322 laudanda,
2611 4257 2706 4311 sed
2742 4260 2887 4313 linis.

2020 4346 2225 4404 Fidelis
2256 4350 2443 4420 estqui
2483 4351 2680 4405 vocavit
2711 4368 2819 4407 vos.
2867 4352 2967 4420 Qui
3014 4353 3152 4408 dixit
3189 4372 3203 4408 :
3240 4354 3434 4412 Venite
3464 4357 3531 4412 ad

1947 4456 2055 4505 me,
2087 4444 2388 4511 omnesqui
2416 4444 2694 4511 laboratis,
2726 4456 2781 4500 et
2814 4448 3022 4501 onerati
3052 4448 3207 4516 estis,
3234 4457 3291 4505 et
3317 4465 3417 4520 ego
3440 4465 3536 4508 vos

1949 4535 2293 4603 requiescere
2325 4534 2539 4589 iaciam.

239 4619 592 4673 consulamini
620 4617 995 4689 pusillanimes.
1028 4617 1133 4672 Pro
1157 4618 1476 4673 diversitate
1500 4620 1838 4688 morborum,
1874 4612 1925 4673 D
2027 4630 2128 4697 Qui
2176 4632 2333 4684 etiam
2380 4631 2561 4700 faciet.
2594 4628 2835 4698 Fratres,
2884 4642 3031 4688 orate
3060 4648 3154 4703 pro
3204 4638 3375 4691 nobis,
3430 4636 3537 4691 sa-

241 4712 538 4765 diversitas
568 4709 874 4764 adhibenda
896 4717 978 4764 est
1010 4709 1314 4765 medicinae.
1366 4709 1448 4763 llli
1480 4713 1840 4782 corripiendi,

241 4822 314 4860 ne
348 4813 575 4875 pereant
608 4821 621 4857 :
649 4806 733 4858 isti
766 4803 1089 4861 consnlaudi
1120 4813 1271 4871 sunt,
1304 4819 1372 4859 ne
1394 4802 1670 4860 deﬁciant.

324 4898 587 4969 Suscipite
609 4898 866 4967 infirmos.
899 4899 1178 4955 Sustinete
1205 4914 1377 4968 nuper
1408 4898 1719 4967 credentes,
1752 4901 1844 4972 qui

244 4993 493 5049 nondum
522 5003 648 5047 sunt
677 4992 1009 5047 conﬁrmati.

282 5080 289 5085 ’
326 5086 596 5141 Patientes
634 5094 792 5142 estote
835 5086 901 5138 ad
943 5102 1136 5142 omnes.
1188 5085 1365 5140 Etiam
1418 5086 1485 5142 ad
1537 5101 1845 5161 correptos,

243 5180 374 5252 quia
407 5180 698 5250 impatiens
729 5195 835 5233 non
868 5179 1183 5249 corrigitur,
1208 5181 1309 5245 sed
1344 5179 1607 5237 irritatur.

334 5271 517 5325 Videte
544 5288 606 5325 ne
628 5274 743 5341 quis
772 5274 963 5325 malun
995 5290 1089 5345 pro
1116 5274 1254 5327 malo
1274 5273 1433 5327 alicui
1456 5274 1657 5328 reddat.
1686 5276 1849 5332 Omni
1879 5330 1885 5335 .

1949 4721 2114 4777 lutate
2142 4726 2332 4793 fratres
2357 4738 2534 4776 omnes
2555 4724 2609 4775 in
2635 4724 2815 4778 osculo
2850 4734 3050 4780 sancto.
3073 4726 3228 4794 Quod
3261 4727 3533 4798 promisit.

2020 4814 2223 4887 Adjuro
2264 4832 2357 4886 per
2407 4813 2733 4883 Dominum,
2778 4825 2836 4871 ut
2876 4818 3082 4891 legatur
3139 4819 3375 4893 Epistola
3428 4823 3538 4879 ha'c

1949 4909 2185 4962 omnibus
2214 4906 2409 4961 sanctis
2438 4907 2710 4979 fratribus.
2756 4910 3021 4981 Adjurare
3045 4915 3398 4983 permittitur,
3428 4931 3538 4972 non

1950 5016 2157 5071 iurare.

2025 5092 2208 5149 Gratia
2231 5094 2444 5149 Domini
2470 5099 2633 5151 nostri
2659 5096 2785 5154 Iesu
2807 5098 3001 5153 Christi
3024 5099 3282 5155 vobiscum
3307 5117 3325 5156 :
3354 5101 3534 5162 Amen.

1955 5190 2140 5245 Gratia
2173 5204 2295 5245 cum
2322 5191 2573 5248 omnibus
2603 5204 2937 5263 perseveret.

279 5384 3539 5423 mw

361 5496 485 5579 IN
548 5493 1200 5579 SECUNDAM
1276 5497 1940 5581 EPISTOLAM
2018 5501 2176 5583 AD
2240 5488 3433 5592 THICSSALONICENSES.

776 5744 1009 5803 CAPUT
1048 5744 1333 5804 PRIMUM.
1422 5746 1425 5749 ⁷

330 5839 561 5912 Paulus,
592 5848 643 5896 et
670 5838 934 5911 Silvanus,
970 5848 1015 5896 et
1046 5838 1373 5909 Timotheus,
1406 5838 1653 5899 Ecclesia
1689 5840 1857 5899 Thes-

1966 5750 2365 5804 salonicensium
2408 5750 2460 5806 in
2490 5750 2597 5806 Deo
2623 5752 2783 5809 Patre
2832 5767 3030 5823 nostro,
3061 5764 3110 5810 et
3160 5756 3385 5812 Domino
3424 5756 3552 5815 Iesu

1967 5842 2199 5900 Christo.
2244 5842 2425 5900 Gratia
2456 5845 2591 5902 vobis
2621 5858 2668 5901 et
2698 5864 2803 5923 pax
2842 5864 2873 5901 a
2923 5848 3028 5902 Deo
3068 5846 3225 5904 Patre
3250 5848 3555 5909 etDomino
