3978 6286
444 305 545 365 871

1481 298 1540 361 S.
1581 296 1961 357 HlERONYMl
1999 296 2281 357 OPERUM
2322 300 2683 360 llANTIéSA.

3633 301 3740 361 872

445 423 574 479 Iesu
597 420 827 478 Cltristo.
858 415 1069 476 Gratias
1108 434 1259 493 agere
1290 417 1529 475 debemus
1564 434 1762 486 semper
1799 415 1907 470 Deo
1946 433 2039 485 pro
2068 418 2117 477 A
2145 418 2269 487 [idei
2309 420 2364 474 in
2414 422 2618 475 virtute.
2666 420 2953 489 Adjulorio
3000 419 3212 491 gratiae,
3260 428 3318 476 et
3362 418 3738 479 consolatione

447 518 608 583 vobis,
648 516 853 588 fratres,
898 516 971 567 ita
998 523 1062 567 ut
1098 513 1315 585 dignum
1353 522 1448 567 est.
1478 511 1577 580 Qui
1603 510 1706 566 sibi
1739 509 1898 565 talem
1931 509 2035 564 Ec-

448 610 672 666 clesiam
704 605 1060 678 conquisivit.

524 702 784 769 Quoniam
828 699 1167 772 supercrescit
1215 698 1345 770 ﬁdes
1396 705 1584 754 vestra.
1617 695 1743 753 Ideo
1794 695 1910 750 laus
1939 709 2035 749 au-

448 806 628 868 getur.

528 889 595 943 Et
628 888 865 944 abundat
892 886 1119 944 cbaritas
1144 886 1553 958 uniuscujusque
1579 891 1800 939 vestrum
1826 883 1882 937 in
1911 881 2045 936 invi-

453 1000 563 1038 cem
592 999 611 1038 :
641 983 716 1037 ita
746 992 801 1037 ut
830 992 877 1037 et
906 998 999 1037 nos
1035 980 1137 1053 ipsi
1166 982 1219 1034 in
1265 979 1407 1034 vobis
1436 979 1713 1052 gloriemur
1752 977 1809 1029 in
1853 973 2042 1029 Eccle-

452 1077 544 1133 siis
581 1074 699 1131 Dei.
752 1076 1021 1132 lntantum
1055 1073 1342 1145 prolicitis,
1373 1083 1447 1139 ut,
1471 1087 1579 1127 non
1608 1071 1783 1126 solum
1814 1069 1907 1124 alii
1947 1082 2044 1123 vos

453 1169 745 1225 inferiores
773 1168 972 1238 quique
997 1164 1336 1231 eollaudent,
1370 1162 1465 1220 sed
1494 1164 1656 1219 etiam
1689 1176 1789 1217 nos
1820 1159 1925 1230 ipsi
1947 1172 2046 1215 vos

454 1260 811 1334 praeferamus
838 1258 1091 1314 omnibus
1121 1254 1432 1323 imitandos.

529 1352 639 1407 Pro
694 1351 945 1423 patientia
982 1358 1151 1404 vestra
1178 1356 1225 1401 et
1253 1348 1378 1417 ﬁde,
1420 1357 1470 1402 et
1509 1348 1562 1401 in
1599 1344 1837 1399 omnibus
1877 1359 2049 1415 perse-

458 1446 749 1501 cutionibus
769 1442 968 1510 vestris,
998 1449 1047 1494 et
1076 1439 1520 1495 tribulationibus.
1553 1438 1667 1494 Nisi
1709 1437 1892 1493 futura
1920 1449 2039 1491 cre-

460 1538 688 1606 deretis,
729 1537 831 1591 ista
860 1535 1082 1590 minime
1110 1534 1342 1589 sull'erre
1364 1533 1596 1589 velletis.

534 1631 677 1697 Quas
707 1629 968 1684 sustinetis
996 1629 1050 1681 in
1099 1627 1393 1695 exemplum
1429 1626 1570 1695 justi
1602 1624 1794 1694 judicii
1824 1621 1943 1677 Dei.
1978 1619 2049 1677 Ut

459 1723 768 1793 exemplum
799 1722 960 1789 detis,
984 1721 1191 1792 justum
1217 1720 1311 1775 Dei
1352 1719 1617 1790 judicium
1645 1715 1999 1788 exspectandi
2030 1731 2047 1772 :

459 1832 622 1888 quem
655 1817 727 1871 ita
755 1814 979 1871 creditis
1003 1829 1128 1870 esse
1149 1823 1458 1869 venturum.

540 1908 609 1965 Ut
656 1909 800 1981 digni
831 1910 1124 1964 Imbeamini
1146 1910 1198 1962 in
1234 1923 1391 1979 regno
1417 1904 1538 1975 Dei,
1570 1922 1666 1979 pro
1698 1922 1801 1977 quo
1842 1914 1891 1960 et
1918 1904 2054 1975 pati-

458 2002 607 2057 mini.
658 2001 721 2057 Hi
764 2002 911 2072 digni
950 2013 1077 2055 sunt
1123 2014 1295 2070 regno
1324 1999 1447 2066 Dei,
1482 1998 1576 2069 qui
1606 1998 1833 2068 gloriam
1861 1996 1912 2052 ei
1958 1997 2057 2051 tri-

458 2095 695 2152 buerunt
748 2112 762 2150 :
820 2095 1059 2151 scientes
1123 2094 1329 2149 nullam
1384 2094 1693 2165 passionem
1747 2107 1871 2149 esse
1924 2106 2057 2148 con-

460 2187 705 2259 dignam.

534 2282 596 2338 Si
641 2292 809 2337 tamen
830 2286 1037 2355 justum
1060 2292 1137 2338 est
1166 2283 1307 2352 apud
1332 2282 1497 2336 Deum
1528 2279 1809 2334 retribuere
1840 2277 2060 2333 tribula-

461 2375 653 2429 tionem
695 2374 776 2428 his
814 2376 903 2445 qui
949 2390 1038 2429 vos
1078 2374 1345 2429 tributant.
1382 2374 1501 2441 Hic,
1539 2372 1583 2426 si
1618 2382 1821 2438 tamen,
1860 2368 2061 2424 contir-

470 2468 669 2523 mantis
702 2482 885 2523 sermo
914 2478 1019 2535 est,
1064 2484 1173 2523 non
1214 2466 1513 2522 dubitantis
1545 2483 1557 2517 :
1588 2464 1744 2533 quasi
1788 2464 1932 2518 dicat
1966 2479 1982 2519 :
2014 2462 2058 2517 si

466 2570 646 2615 tamen
675 2560 806 2614 toris
828 2569 1009 2630 potest
1023 2559 1268 2628 judicare
1292 2558 1529 2629 justitia,
1552 2556 1696 2628 quod
1725 2556 1928 2627 justum
1951 2564 2057 2610 est.

463 2653 598 2709 Nam
621 2653 761 2708 sicut
792 2651 1158 2708 indubitanter
1188 2668 1285 2722 pro
1311 2653 1529 2707 nomine
1560 2650 1777 2705 Domini
1812 2648 2061 2720 patienti-

462 2749 571 2805 bus
596 2749 847 2819 requiem
873 2767 887 2803 :
915 2749 986 2804 ita
1012 2750 1391 2806 incunctanter
1422 2748 1824 2805 tribulationem
1856 2748 1941 2803 his
1968 2746 2058 2818 qui

463 2856 562 2897 eos
589 2840 878 2910 tribulant,
908 2844 1241 2912 repromisit.

526 2931 597 2989 Et
638 2937 777 2989 vobis
805 2936 893 3004 qui
925 2936 1261 3001 tribulamini,
1309 2935 1535 3006 requiem
1583 2936 1872 2990 nobiscum.
1922 2931 2060 2999 Quia

461 3027 619 3083 nobis
648 3026 1044 3096 compatimini.

532 3119 603 3172 In
642 3117 1005 3171 reuelationem
1044 3116 1253 3173 Domini
1278 3118 1407 3173 Iesu
1443 3119 1506 3173 de
1548 3116 1675 3174 caelo
1707 3133 1822 3170 cum
1863 3116 2061 3188 angelis

464 3212 670 3267 virtutis
699 3212 835 3282 ejus.

536 3303 604 3360 In
630 3307 842 3372 ﬂamma
868 3304 1025 3375 ignis,
1059 3303 1232 3359 dantis
1264 3304 1563 3361 vindictam.
1599 3306 1655 3363 Si
1694 3308 1868 3379 potuit
1905 3307 2063 3362 llam-

463 3412 553 3453 ma
595 3397 691 3453 Dei
729 3397 961 3467 imperio
995 3406 1106 3452 tres
1147 3412 1345 3467 pueros
1382 3398 1605 3455 omnino
1648 3416 1755 3455 non
1797 3410 2061 3472 tangere:

464 3507 635 3563 quare
662 3506 769 3547 non
795 3491 984 3547 eadem
1016 3495 1259 3561 potentia
1285 3492 1414 3548 aliis
1454 3493 1672 3563 saevior,
1718 3495 1841 3549 aliis
1882 3494 2067 3549 mitior

466 3598 590 3638 esse
618 3583 915 3638 credatur?
941 3582 1053 3637 Hoc
1080 3591 1272 3637 contra
1304 3599 1400 3639 eos
1426 3596 1738 3655 propterea,
1775 3586 1919 3656 quod
1951 3601 2067 3656 pai-

466 3689 592 3729 nam
620 3674 970 3729 conscientia:
1004 3673 1375 3741 somniarunt;
1421 3676 1548 3746 quia
1580 3675 1684 3732 hoc
1725 3677 1830 3732 illis
1863 3677 2067 3749 impos—

462 3764 629 3822 sibile
658 3764 960 3820 videbatur.

543 3858 641 3915 liis
665 3860 754 3930 qui
784 3876 887 3914 non
917 3869 1166 3916 noverunt
1195 3858 1364 3915 Deum
1393 3877 1411 3915 :
1463 3872 1512 3916 et
1539 3863 1630 3935 qui
1673 3880 1778 3918 non
1823 3863 2067 3921 obediunt

468 3954 754 4026 Evangelia
787 3953 995 4010 Domini
1022 3957 1184 4010 nostri
1210 3954 1336 4011 Iesu
1367 3954 1581 4012 Christi.
1611 3956 1727 4013 Non
1760 3959 1933 4015 solum
1973 3961 2065 4031 qui

469 4062 579 4103 non
609 4058 898 4115 noverunt,
943 4047 1041 4104 sed
1082 4047 1247 4103 etiam
1273 4049 1365 4120 qui
1403 4066 1511 4105 non
1539 4050 1840 4108 obaudiunt
1884 4051 2066 4107 Evan-

467 4140 594 4211 gelii
619 4139 939 4210 disciplinis.

544 4230 648 4299 Qui
692 4248 870 4301 paruas
899 4230 1093 4286 dabunt
1140 4233 1194 4287 in
1238 4232 1451 4288 interitu
1494 4242 1734 4289 cateruas.
1775 4232 1970 4291 Pennas
2010 4231 2063 4287 in

474 4338 541 4380 eo
572 4324 663 4394 qui
690 4325 915 4394 patitur,
944 4339 1051 4381 non
1077 4333 1263 4396 potest
1288 4325 1416 4385 dici.

543 4418 587 4467 A
619 4417 753 4485 facie
806 4418 1034 4486 Domini,
1074 4427 1123 4473 et
1170 4434 1202 4473 a
1240 4419 1409 4488 gloria
1454 4417 1655 4473 virtutis
1686 4421 1817 4490 ejus.
1862 4418 1906 4472 A
1931 4417 2071 4487 justi

470 4517 790 4576 conspectu,
818 4512 1144 4567 sententiain
1171 4509 1539 4567 damnationis
1570 4511 1861 4580 accipiant.

2140 511 2384 566 scientia:
2415 514 2692 578 virtutum,
2724 529 2849 583 quae
2880 527 3016 584 opus
3042 520 3172 568 sunt
3203 511 3350 568 fidei.

2225 602 2295 657 Ut
2334 604 2649 673 clariﬁcetur
2699 621 2885 660 nomen
2932 602 3144 659 Domini
3187 604 3351 659 nostri
3396 603 3521 659 Iesu
3552 604 3741 659 Christi

2141 694 2196 747 in
2222 695 2384 759 vobis,
2409 706 2456 749 et
2483 712 2571 750 vos
2600 696 2655 751 in
2684 695 2800 752 illo.
2836 696 2903 752 Et
2929 707 2989 753 ut
3012 696 3212 752 Christi
3237 712 3434 753 nomen
3460 698 3513 752 in
3542 699 3736 753 vestris

2142 788 2353 843 actibus
2382 790 2592 845 clarum
2621 789 2715 857 sit,
2747 800 2805 847 et
2833 805 2933 846 vos
2963 790 3020 846 in
3050 792 3169 861 ejus
3209 790 3399 862 signis,
3431 800 3487 847 et
3528 790 3741 846 virtuti-

2145 878 2247 935 bus
2275 881 2521 950 gloriosi.

2216 973 2517 1028 Secundum
2573 975 2797 1047 gratiam
2844 970 2944 1029 Dei
2997 975 3162 1030 nostri
3190 1016 3207 1044 ,
3266 984 3312 1031 et
3354 973 3573 1032 Domini
3621 975 3739 1032 Iesu

2144 1064 2361 1122 Christi.
2397 1067 2617 1138 Expetit
2656 1085 2685 1123 ει
2711 1068 2891 1139 nobis,
2943 1070 3085 1142 quod
3118 1084 3405 1142 possumus
3446 1089 3460 1126 :
3493 1080 3555 1129 ut
3603 1071 3740 1143 quod

2146 1174 2256 1216 non
2287 1175 2599 1233 possumus,
2627 1162 2911 1234 largiatur.
2960 1198 2982 1233 ελ

2781 1319 3010 1379 CAPUT
3042 1320 3109 1379 ll.

2211 1429 2475 1504 Rogamus
2505 1443 2679 1489 autem
2709 1450 2818 1505 vos,
2857 1436 3066 1507 fratres,
3112 1452 3204 1509 per
3226 1438 3505 1493 aduentum
3532 1434 3740 1492 Domini

2150 1528 2312 1581 nostri
2339 1526 2469 1583 Iesu
2490 1526 2703 1584 Christi.
2732 1528 2851 1597 Quo
2882 1531 3035 1587 vobis
3054 1532 3271 1588 ebarius
3295 1530 3429 1587 nihil
3455 1547 3600 1602 esse,
3630 1547 3737 1587 sunt

2149 1619 2373 1675 certius.

2224 1711 2291 1765 Et
2319 1723 2509 1769 nostri:
2533 1717 2945 1789 congregationis
2985 1718 3039 1771 in
3075 1718 3266 1789 ipsum.
3294 1718 3522 1788 Quando
3551 1735 3583 1775 a
3621 1734 3741 1789 qna-

2077 1812 2128 1873 B
2154 1814 2276 1861 tuor
2302 1812 2481 1862 ventis
2517 1809 2640 1865 caeli
2676 1811 3148 1881 congregabuntur
3175 1812 3378 1868 electi:
3420 1821 3479 1867 ut
3516 1812 3612 1867 ubi
3641 1812 3741 1867 lue-

2158 1900 2226 1956 rit
2252 1916 2474 1972 corpus,
2507 1903 2616 1957 illic
2642 1914 2971 1959 concurrant
2999 1913 3055 1960 et
3082 1905 3303 1975 aquilas.

2234 1992 2302 2049 Ut
2334 2011 2434 2049 non
2462 1996 2562 2050 cito
2582 1998 2887 2051 moveamini
2916 2014 2947 2051 a
2974 2008 3136 2053 vestro
3160 2014 3337 2067 sensu,
3370 2015 3534 2071 neque
3558 2010 3740 2055 terrea-

2159 2086 2304 2140 mini.
2335 2085 2613 2143 Pertaeilis
2651 2097 2757 2155 est,
2789 2091 2880 2160 qui
2909 2089 2979 2145 de
3026 2090 3238 2146 Domini
3288 2091 3521 2149 adventu
3560 2103 3737 2151 contra

2159 2179 2523 2249 evangelicum
2562 2184 2882 2238 sententiam
2911 2196 3303 2241 commovetur.

2232 2274 2417 2345 Neque
2445 2292 2534 2347 per
2558 2278 2825 2347 spiritum,
2852 2295 3013 2350 neque
3039 2297 3131 2353 per
3160 2296 3465 2336 sermonem.
3494 2279 3574 2336 Ne
3601 2281 3739 2351 signa

2161 2381 2260 2422 vos
2297 2376 2558 2434 terreant,
2596 2371 2749 2440 quasi
2784 2386 2879 2440 per
2907 2373 3153 2443 spiritum
3180 2372 3319 2429 facta
3354 2390 3369 2436 ;
3402 2375 3532 2445 quia
3561 2384 3616 2429 et
3648 2373 3739 2428 hoc

2162 2458 2412 2515 Salvator
2439 2472 2563 2518 ante
2612 2466 2933 2533 praemonuit
2972 2456 2993 2521 Ξ
3030 2482 3204 2538 neque
3241 2482 3423 2524 sermo
3458 2468 3741 2525 dialectica:

2162 2570 2259 2610 vos
2287 2554 2531 2611 seducat.

2240 2645 2420 2717 Neque
2446 2665 2537 2719 per
2564 2650 2839 2719 epistolam
2861 2661 3121 2724 tamquam
3157 2669 3248 2724 per
3272 2669 3363 2709 nos
3394 2655 3621 2709 missam.
3652 2654 3744 2709 Po-

2166 2747 2342 2794 terant
2372 2750 2423 2795 et
2469 2741 2571 2797 ltoc
2596 2741 2861 2799 diabolica
2892 2746 3206 2816 excogitare
3232 2748 3500 2816 versutia,
3531 2748 3670 2802 sicut
3697 2748 3741 2801 in

2164 2833 2347 2889 multis
2382 2836 2710 2908 apocryphis
2756 2850 3003 2909 apparet,
3039 2840 3264 2910 quie’ad
3313 2840 3471 2896 ﬁdem
3517 2839 3745 2910 perﬁdia:

2164 2927 2491 2996 faciendam,
2523 2931 2891 3001 apostolorum
2918 2936 3136 2990 nomine
3165 2935 3529 2991 intitulantur.

2241 3024 2399 3091 Quasi
2436 3025 2590 3079 instet
2631 3025 2739 3079 dies
2768 3025 2999 3081 Domini.
3035 3027 3117 3081 Ne
3141 3030 3256 3099 quis
3287 3045 3377 3083 vos
3408 3027 3611 3083 seducat
3638 3026 3747 3080 ulla

2164 3118 2341 3171 modo.
2375 3118 2624 3175 Dicentes
2656 3136 2669 3175 :
2703 3118 2789 3174 bic
2812 3119 3082 3188 Christus,
3112 3136 3241 3178 ecce
3271 3123 3399 3178 illic.

2090 3207 2138 3272 C
2244 3210 2500 3276 Quoniam
2532 3214 2631 3267 nisi
2666 3214 2853 3267 venerit
2899 3213 3146 3269 discessio
3169 3216 3417 3286 primunt.
3447 3212 3563 3270 Nisi
3598 3214 3745 3269 Anti-

2165 3304 2406 3360 cltristus
2436 3305 2665 3372 venerit,
2708 3320 2815 3361 non
2853 3307 3031 3361 veniet
3061 3307 3335 3363 Christus.
3377 3307 3532 3375 Quod
3580 3319 3742 3361 autem

2166 3396 2554 3454 discessionem
2584 3399 2670 3454 hic
2697 3399 2852 3465 dicit,
2884 3399 3013 3455 alibi
3047 3400 3309 3472 refugium
3337 3400 3647 3471 appellavit.
3693 3398 3745 3452 in

2167 3488 2377 3545 Latinis
2428 3490 2831 3560 exemplaribus
2882 3501 3170 3561 utrumque
3220 3490 3292 3545 ita
3344 3490 3743 3562 intelligendum

2166 3594 2269 3648 e5t,
2302 3587 2444 3655 quod
2474 3585 2576 3640 nisi
2607 3586 2814 3640 venerit
2842 3585 3028 3657 refuga
3061 3584 3325 3652 veritatis,
3356 3586 3473 3641 sive
3502 3588 3584 3641 sui
3612 3585 3746 3654 prin-

2166 3677 2373 3746 cipatus
2406 3677 2674 3744 desertor,
2721 3678 2834 3733 sive
2872 3677 3139 3735 discessio
3166 3678 3453 3750 gentilium
3500 3694 3530 3732 a
3576 3679 3745 3748 Regna

2167 3768 2433 3837 Romano,
2462 3772 2601 3826 sicut
2632 3772 2683 3825 iit
2707 3771 2925 3827 Dauiele
2951 3789 3047 3843 per
3072 3774 3259 3829 bestia:
3290 3774 3577 3844 imaginem
3606 3772 3744 3827 dicit.

2237 3860 2305 3915 Et
2334 3862 2583 3918 revelatus
2629 3864 2783 3934 fuerit
2809 3865 2961 3919 homo
2984 3867 3199 3934 peccati.
3240 3865 3500 3922 Diabolus
3533 3866 3745 3922 scilicet.

2240 3954 2413 4010 Filius
2444 3956 2771 4025 perditionis.
2798 3956 2900 4026 Qui
2928 3974 3051 4013 cum
3084 3958 3237 4030 quasi
3264 3959 3367 4015 sibi
3410 3970 3611 4028 natum,
3643 3974 3750 4014 ser-

2166 4047 2299 4102 vitio
2327 4047 2630 4117 possidebit
2675 4066 2689 4103 :
2735 4048 2826 4120 qui
2866 4050 3164 4107 secundum
3205 4050 3396 4109 Isaiam
3437 4052 3749 4109 conturbare

2166 4138 2365 4195 dicitur
2394 4149 2606 4209 gentes.

2242 4233 2341 4300 Qui
2378 4233 2678 4289 adversatur
2701 4245 2749 4291 et
2783 4238 3050 4295 extollitur
3074 4257 3234 4312 supra
3258 4256 3427 4309 omne,
3456 4242 3594 4311 quod
3625 4238 3751 4295 dici-

2168 4333 2250 4380 tur
2280 4325 2448 4396 Deus,
2478 4336 2568 4381 aut
2594 4329 2730 4399 quod
2759 4331 2949 4385 colitur
2977 4349 2991 4387 :
3023 4332 3096 4387 ita
3130 4334 3184 4387 in
3214 4332 3403 4406 templo
3430 4331 3528 4389 Dei
3562 4334 3745 4399 sedeat,

2167 4418 2437 4474 ostendens
2462 4436 2517 4474 se
2540 4429 2798 4492 tamquam
2824 4424 2888 4477 sit
2920 4423 3080 4480 Deus.
3116 4427 3285 4496 Supra
3314 4442 3531 4482 omnem
3568 4436 3750 4497 poten-

2170 4511 2317 4577 tiam,
2346 4520 2400 4567 et
2426 4513 2788 4571 aeternitatem
2820 4531 2879 4572 se
2901 4516 3130 4587 iactabit
3157 4537 3168 4573 :
3196 4528 3254 4574 ut
3281 4528 3619 4576 sacramenta
3643 4519 3752 4574 cul-

553 4597 683 4653 Cnm
708 4602 896 4655 venerit
918 4603 1203 4675 glori/ictui
1228 4605 1283 4659 in
1312 4606 1506 4660 sanctis
1537 4605 1663 4659 suis.
1695 4604 1813 4674 Ipse
1841 4604 1894 4660 in
1941 4604 2065 4659 liliis
2090 4596 2143 4658 D
2172 4613 2305 4661 tura:
2331 4607 2623 4677 corrigere,
2644 4610 2727 4665 vel
2760 4625 2959 4682 augere
2993 4626 3053 4668 se
3081 4612 3243 4680 dicat,
3291 4624 3347 4670 et
3378 4614 3632 4685 templum
3660 4612 3750 4669 Je-

474 4689 864 4765 glorilicatidus
892 4703 977 4747 est
1003 4696 1282 4765 membris,
1312 4712 1435 4769 quas
1473 4696 1604 4753 solis
1636 4696 1926 4767 splendore
1957 4696 2063 4753 l‘ul-

473 4785 698 4855 gebunL

546 4876 616 4932 Et
666 4875 988 4932 admirabilis
1035 4878 1147 4947 fieri
1202 4880 1256 4934 in
1301 4884 1535 4938 omnibus
1576 4884 1664 4955 qui
1712 4885 2062 4942 crediderunt.

475 4969 816 5027 Mirabuntur
858 4968 1030 5040 impii,
1062 4977 1119 5025 et
1157 4970 1409 5029 irrisores
1438 4975 1789 5043 humilitatis,
1829 4978 1882 5033 in
1924 4978 2067 5050 jubi-

475 5062 675 5119 latione
698 5063 893 5119 salutis
921 5062 1210 5132 insperata:
1233 5066 1523 5132 justorum.

548 5155 687 5220 Quia
708 5156 960 5211 creditum
983 5165 1056 5211 est
1079 5155 1431 5209 testimonium
1463 5168 1695 5213 nostrum
1722 5177 1877 5234 super
1904 5178 1990 5217 vos
2011 5164 2065 5218 in

475 5246 561 5301 die
610 5248 722 5303 illo.
768 5248 902 5317 Quia
946 5249 1101 5306 multi
1141 5250 1195 5305 in
1235 5248 1471 5319 dieillo,
1521 5261 1708 5309 nostro
1754 5256 2065 5313 testimmiio

474 5339 806 5396 credidistis.

548 5429 617 5486 In
642 5447 742 5503 quo
769 5431 925 5488 etiam
955 5452 1163 5492 oramus
1190 5450 1389 5507 semper
1420 5451 1513 5505 pro
1542 5435 1701 5505 vobis,
1730 5422 2065 5510 utdiguetur

473 5540 562 5580 vos
602 5539 697 5579 sua
724 5525 989 5580 vocatione
1027 5528 1169 5584 Deus
1198 5540 1392 5585 noster.
1420 5527 1493 5586 Ut
1531 5528 1678 5600 digni
1719 5530 2065 5588 inveniantini

473 5615 543 5672 ad
576 5616 629 5673 id
657 5615 801 5689 quod
829 5619 1032 5675 vocasti
1060 5622 1232 5678 estis:
1269 5626 1393 5696 quia
1427 5625 1638 5697 priores
1676 5623 1906 5694 invitati,
1953 5641 2063 5682 non

474 5723 630 5769 erant
657 5713 824 5786 digni.

549 5802 617 5863 Et
645 5807 858 5884 impleat
888 5825 1090 5872 omnem
1110 5810 1425 5873 voluntatem
1445 5816 1688 5877 bonitatis
1709 5832 1836 5889 suat,
1861 5825 1908 5875 et
1932 5834 2062 5894 opus

2169 4698 2406 4752 rnsalem
2432 4698 2659 4755 reticere
2690 4701 2939 4768 tentabit,
2970 4718 3268 4776 omnesque
3314 4705 3475 4777 Legis
3501 4720 3754 4762 caeremo-

2170 4788 2289 4843 nias
2318 4799 2630 4847 restaurare
2669 4810 2680 4845 :
2713 4802 2918 4849 tantum
2954 4805 3011 4849 ut
3060 4795 3301 4851 veritatis
3338 4797 3538 4854 Christi
3569 4797 3751 4854 Evauo

2169 4880 2369 4950 geliutn
2419 4881 2588 4937 solvat
2630 4901 2641 4936 :
2686 4898 2806 4954 qua:
2838 4901 2927 4941 res
2968 4885 3167 4942 Judwis
3215 4902 3339 4943 eum
3392 4903 3492 4960 pro
3538 4887 3754 4945 Christo

2168 4976 2443 5044 suscipere
2464 4976 2729 5046 suadebit,
2752 4976 2804 5033 in
2823 4982 3069 5047 suo,fnon
3089 4981 3180 5038 Dei
3199 4984 3417 5041 nomine
3434 4983 3748 5041 venientem.

2244 5066 2366 5122 Non
2402 5070 2651 5137 retinetis,
2692 5073 2829 5141 quod
2873 5090 2991 5127 cum
3035 5075 3203 5130 adhuc
3253 5094 3412 5133 essent
3440 5079 3575 5149 apud
3626 5094 3749 5145 vos,

2167 5161 2277 5217 lucc
2300 5163 2529 5218 dicebant
2570 5166 2726 5221 vobis.
2761 5166 2827 5221 Et
2854 5185 2991 5223 nunc
3018 5172 3143 5241 quid
3171 5171 3418 5241 detineat,
3445 5174 3595 5230 scitis.
3641 5172 3752 5230 Hoc

2167 5264 2273 5323 est,
2302 5274 2422 5328 qua:
2449 5274 2600 5315 mora
2634 5269 2737 5326 est,
2763 5269 2822 5316 ut
2852 5277 2959 5317 non
2990 5264 3188 5320 veniat.

2244 5352 2313 5408 Ut
2345 5355 2591 5410 reveletur
2617 5356 2670 5408 in
2698 5371 2792 5411 suo
2820 5364 3063 5430 temmre.
3094 5357 3249 5428 Quod
3274 5370 3487 5433 tempus
3516 5358 3749 5417 nondum

2165 5443 2402 5500 advenn.

2241 5536 2379 5592 Nam
2413 5541 2711 5611 mysterium
2730 5543 2844 5614 jam
2873 5552 3111 5614 operatur
3131 5544 3439 5612 iniquitatis.
3469 5544 3527 5601 In
3554 5544 3635 5601 bis
3660 5546 3750 5615 qui

2166 5629 2318 5687 falsis
2367 5632 2633 5691 doctrinis
2688 5636 2807 5705 ejus
2855 5638 3116 5708 proavium
3171 5638 3374 5696 faciunt
3412 5640 3517 5697 iter
3560 5657 3574 5695 :
3612 5651 3750 5710 quos

2167 5725 2358 5781 beatus
2389 5724 2626 5783 Joannes
2660 5729 2711 5783 in
2744 5730 3001 5785 muttdum
3032 5731 3163 5787 dicit
3192 5733 3391 5789 exisse.

2235 5819 2459 5877 Tantum
2482 5830 2541 5879 ut
2577 5824 2665 5895 qui
2694 5830 2828 5881 tenet
2858 5840 3011 5894 nunc,
3043 5834 3205 5883 teneat
3242 5841 3258 5880 :
3298 5825 3459 5883 donec
3481 5825 3544 5884 de
3581 5825 3748 5883 medio
