3978 6286
190 283 309 348 875

190 410 314 481 ﬁat.
345 405 409 462 Et
442 412 563 462 tunc
592 405 910 463 revelabitur
937 406 1030 463 ille
1066 408 1297 477 iniquus.
1334 406 1519 463 Donec
1551 420 1798 479 regnum,
1829 412 1880 469 Λ
1908 407 2126 476 Currat,
2172 406 2446 464 afﬂuentia
2499 424 2511 461 :

190 499 345 572 quod
377 516 524 556 nunc
556 509 725 570 tenet,
769 500 838 558 de
865 500 1046 558 medio
1085 499 1385 569 auferatur,
1432 499 1582 573 prius
1634 515 1799 571 quam

187 592 572 649 Antichristus
603 594 906 651 reveletur.

264 685 436 753 Quem
473 684 734 743 Dominus
774 685 930 744 Iesus
980 687 1256 759 interﬁciet
1306 686 1494 761 spiritu
1551 686 1655 744 oris
1692 687 1796 744 sui.

183 778 419 839 Cmtesti
448 781 705 853 imperio,
728 782 817 838 vel
847 782 987 839 solo.

267 874 340 931 Et
377 876 603 931 destruet
648 875 997 935 itlustratione
1027 878 1279 935 adventus
1314 879 1415 935 sui.
1456 878 1614 950 Quia,
1655 878 1801 936 sicut

181 965 394 1040 fulgur,
428 969 632 1041 ubique
660 971 968 1028 coruscabit
996 970 1052 1027 in
1083 972 1311 1044 mundo,
1345 973 1541 1031 solutis
1558 988 1800 1032 commo—

184 1063 371 1134 tisque
400 1063 697 1121 elementis
720 1080 819 1137 per
851 1065 1053 1138 ignem.

255 1157 415 1225 Eum,
442 1162 597 1233 cujus
621 1169 697 1216 est
720 1158 974 1217 adventus
1002 1162 1286 1219 secundum
1314 1164 1666 1237 operationem
1694 1163 1798 1221 Sa-

180 1260 327 1309 tanae
351 1255 402 1308 in
428 1254 570 1309 omni
596 1255 804 1323 virtute,
823 1266 872 1313 et
894 1256 1060 1331 signis
1082 1267 1129 1313 et
1158 1258 1413 1331 prodigiis
1440 1258 1793 1327 mendacibus,

179 1361 231 1405 et
259 1351 316 1404 in
340 1350 484 1405 omni
503 1350 803 1406 seductione
822 1352 1135 1423 iniquitatis,
1165 1352 1248 1409 his
1272 1355 1358 1425 qui
1378 1360 1611 1426 pereunt.
1641 1351 1797 1409 Sicut

177 1454 313 1501 ante
358 1443 633 1517 prtedixit,
677 1444 883 1502 dabunt
920 1446 1096 1518 signa,
1145 1454 1207 1502 ut
1251 1446 1540 1517 seducant,
1590 1447 1636 1502 si
1677 1444 1795 1502 ﬁeri

178 1546 387 1609 potest,
419 1537 584 1594 etiam
613 1537 819 1596 electos
858 1553 959 1610 per
984 1539 1326 1611 phantasiam
1355 1539 1795 1596 simulationem-

176 1645 291 1701 que
332 1630 596 1686 virlutum
657 1648 671 1686 :
730 1633 872 1688 sicut
923 1630 1147 1689 Jamnes
1204 1639 1262 1690 et
1311 1631 1555 1689 Mambre
1606 1645 1795 1689 coram

178 1720 471 1780 Pharaone
501 1723 768 1781 fecerunt.

955 285 1499 350 COMMENTARIUS
1537 286 1607 349 ΙΝ
1649 287 1869 350 EPIST.
1910 287 1953 349 ll
1996 285 2089 349 AD
2126 283 2463 353 TllESSAL.
2503 290 2658 351 CAP.
2701 292 2791 351 ΙΙΙ.

3402 290 3509 354 874

2556 405 2970 477 magniﬁcetur,
3015 400 3321 462 auditorum
3377 422 3507 478 pro-

1904 496 2073 556 fectu.
3139 504 3143 507 '

2003 591 2073 649 Et
2106 602 2160 649 ut
2190 593 2462 650 liberentur
2487 594 2550 649 ab
2578 593 2886 667 importunis
2915 604 2960 651 et
3002 595 3155 651 malis
3192 596 3504 653 hominibus.

1904 682 2030 742 Non
2051 688 2186 743 enim
2215 688 2447 743 omniunt
2471 697 2543 744 est
2574 689 2729 760 ﬁdes.
2750 687 2871 745 Non
2892 704 3083 747 omnes
3099 689 3354 760 credunt,
3386 691 3508 747 ideo

1902 780 2305 837 contradicunt.

1975 872 2182 930 Fidelis
2215 883 2387 932 autem
2434 874 2578 932 Deus
2606 885 2699 933 est.
2729 876 2866 947 Quia
2907 892 3015 935 non
3073 878 3354 952 relinquit,
3402 879 3510 937 nisi

1900 967 2274 1039 relinquentes
2304 983 2384 1025 se.

1977 1061 2082 1130 Qui
2122 1062 2449 1132 conﬁrmabit
2477 1078 2597 1131 nos,
2637 1073 2685 1120 et
2727 1064 2984 1121 custodiet
3013 1082 3044 1121 a
3075 1066 3234 1122 malo.
3281 1064 3342 1122 In
3375 1066 3504 1139 lide,

1900 1169 1998 1228 per
2024 1154 2329 1211 doctrinam
2359 1164 2416 1212 et
2444 1156 2697 1227 gratiam.

1973 1250 2298 1321 Conﬁdimus
2339 1260 2512 1307 autem
2553 1254 2619 1307 de
2662 1252 2837 1322 vobis,
2888 1255 3095 1326 fratres,
3146 1257 3201 1311 in
3242 1255 3508 1315 Domino:

1904 1349 2151 1420 quoniam
2176 1364 2511 1421 qucecumque
2540 1351 2895 1422 prwcipimus,
2930 1361 2977 1406 et
3006 1352 3180 1423 facitis
3208 1361 3253 1407 et
3286 1353 3510 1424 facietis.

1905 1442 2162 1501 Dominus
2190 1455 2364 1502 autem
2393 1447 2585 1521 dirigat
2625 1450 2782 1504 corda
2816 1458 2988 1504 vestra
3019 1450 3072 1504 in
3102 1450 3354 1509 charitate
3388 1452 3510 1517 Dei,

1899 1546 1947 1594 et
1974 1539 2228 1611 patientia
2254 1537 2468 1594 Christi.
2495 1540 2805 1597 Revelando
2828 1552 3024 1610 quanta
3056 1543 3185 1609 sint,
3214 1559 3333 1614 qua:
3357 1557 3510 1599 amo-

1906 1631 1983 1688 ris
2012 1632 2094 1687 sui
2122 1645 2289 1688 causa
2320 1634 2676 1689 contumelias
2703 1634 3034 1705 patientibus
3065 1635 3336 1706 promisit.

1974 1724 2361 1782 Denuntiamus
2396 1737 2568 1782 autem
2603 1727 2767 1794 vobis,
2813 1732 3024 1800 fratres,
3057 1729 3109 1782 in
3148 1729 3359 1783 nomine
3401 1728 3513 1783 Do-

257 1813 343 1871 Eo
386 1816 530 1889 quod
570 1818 801 1874 veritatis
842 1818 1153 1875 charitatem
1205 1835 1309 1875 non
1355 1826 1684 1892 receperunt,
1736 1826 1795 1875 ut
1824 1816 1875 1879 B
1900 1818 2028 1873 mini
2070 1820 2239 1874 nostri
2257 1817 2386 1874 Iesu
2437 1818 2650 1887 Christi,
2700 1828 2756 1874 ut
2797 1820 3117 1875 subtrahalis
3145 1837 3233 1876 ros
3263 1820 3327 1874 ab
3370 1821 3512 1875 omni

173 1908 309 1966 salvi
342 1911 551 1981 ﬁerent.
580 1911 712 1968 Ideo
742 1914 912 1970 mittet
942 1915 1050 1970 illis
1082 1912 1225 1970 Deus
1258 1916 1609 1988 Operationem
1644 1932 1794 1973 erro-

172 2003 251 2057 ris
282 2045 299 2071 ,
344 2013 399 2058 ut
451 2006 669 2061 credant
709 2005 1002 2062 mendacio.
1056 1990 1329 2063 Permittit
1382 2008 1613 2076 venire;
1665 2023 1789 2064 nam

173 2097 222 2153 si
250 2096 392 2153 Deus
426 2096 616 2168 mittit,
647 2114 755 2156 non
787 2108 871 2156 est
894 2101 1145 2172 operatio
1174 2101 1416 2158 Satanm.

254 2188 327 2247 Ut
348 2192 656 2264 judicentur
676 2210 850 2250 omnes
876 2195 965 2267 qui
984 2212 1085 2251 non
1104 2196 1436 2252 crediderunt
1453 2195 1675 2263 veritati,
1698 2196 1791 2253 sed

172 2294 551 2340 consenserunt
579 2286 863 2359 iniquitati.
893 2288 1011 2345 Non
1043 2303 1105 2345 se
1146 2300 1369 2361 propter
1395 2290 1789 2347 incarnationis

170 2373 383 2431 Christi
404 2375 795 2437 obscuritatem
819 2391 1103 2449 excusent,
1127 2381 1325 2439 divinis
1351 2398 1459 2440 non
1484 2382 1789 2442 credidisse

167 2466 511 2528 virtutibus:
543 2487 667 2530 cum
706 2473 914 2531 homini
957 2474 1317 2546 crediderint,
1363 2476 1633 2535 diabolica
1670 2489 1788 2538 arte

180 2561 428 2620 fallente.

254 2658 377 2715 Nos
405 2665 579 2716 auum
608 2658 853 2715 debemus
880 2659 1078 2735 gratias
1117 2676 1271 2734 agere
1309 2659 1426 2717 Deo
1466 2678 1667 2737 semper
1692 2678 1788 2735 pro

164 2748 332 2819 vobis,
366 2749 559 2821 fratres
604 2750 776 2806 dilecti
821 2768 853 2806 a
891 2749 1025 2808 Deo.
1064 2751 1201 2820 Quia
1255 2752 1581 2809 charitatem
1636 2768 1789 2811 rece-

165 2843 353 2916 pimus
373 2844 645 2914 veritatis,
676 2853 731 2901 et
754 2854 981 2918 propter
1010 2847 1116 2903 hoc
1145 2860 1247 2904 nos
1276 2846 1471 2919 diligit.

244 2936 403 3006 Quod
421 2938 632 3010 elegerit
660 2955 752 2994 nos
780 2937 926 2995 Deus
956 2939 1210 3011 primitias
1239 2940 1295 2995 in
1325 2938 1547 2995 salutem
1578 2940 1634 2996 in
1662 2956 1781 2996 san-

164 3031 484 3101 ctiﬁcatione
510 3032 759 3105 spiritus,
787 3042 836 3088 et
862 3033 916 3088 in
942 3032 1046 3104 ﬁde
1067 3033 1315 3091 veritatis.
1341 3032 1546 3091 Videns
1568 3042 1787 3107 paratos

164 3122 233 3179 ad
268 3123 633 3192 credendum,
682 3124 828 3182 sicut
878 3132 934 3180 et
976 3124 1131 3194 alibi,
1189 3124 1531 3183 recumbenti
1586 3140 1618 3181 a
1662 3125 1785 3182 viro

169 3216 476 3275 Macedone
502 3218 805 3275 revelatum
836 3227 942 3275 est.

233 3309 305 3367 In
330 3329 434 3385 qua
455 3321 502 3368 et
522 3313 719 3368 vocavit
745 3328 833 3368 vos
864 3328 956 3383 per
984 3310 1331 3386 Euangelium
1351 3322 1585 3369 nostrum
1610 3313 1663 3369 in
1692 3329 1782 3369 ac-

161 3405 494 3478 quisitionem
522 3405 708 3476 gloria:
747 3403 959 3460 Domini
997 3402 1128 3460 Iesu
1153 3402 1371 3462 Christi.
1403 3404 1487 3461 Ad
1534 3406 1641 3461 hoc
1684 3418 1781 3461 vo-

162 3496 275 3553 cati
305 3511 518 3566 sumus,
553 3506 613 3553 ut
641 3495 845 3553 Christi
873 3496 1102 3569 gloriam
1141 3496 1485 3569 acquiramus
1517 3516 1530 3553 :
1562 3496 1779 3555 Scimus

160 3588 309 3646 enim
338 3590 599 3661 quoniam
626 3604 748 3645 cum
776 3590 1110 3661 apparuerit,
1140 3589 1351 3648 similes
1378 3590 1429 3647 ei
1457 3590 1683 3647 erimus.

231 3681 443 3755 Itaque,
477 3683 691 3754 fratres,
733 3692 881 3739 state.
925 3682 983 3740 In
1024 3682 1131 3741 llde
1155 3684 1403 3741 veritatis
1436 3683 1774 3741 immobiles.

234 3774 307 3830 Et
339 3786 507 3832 tenete
531 3777 837 3832 traditiones
862 3794 995 3850 quas
1024 3776 1283 3833 didicistis
1306 3822 1321 3849 ,
1345 3779 1450 3834 sive
1467 3795 1559 3850 per
1580 3794 1777 3834 sermo-

157 3885 294 3935 nem,
343 3869 451 3925 sive
498 3886 590 3940 per
617 3867 917 3942 Epistolam
955 3878 1204 3925 nostram.
1252 3870 1481 3939 Quando
1516 3885 1613 3926 sua
1659 3871 1775 3926 vult

157 3962 360 4032 teneri,
396 3977 507 4020 non
539 3963 657 4019 vult
694 3974 958 4021 extranea
984 3962 1297 4036 superaddi.
1329 3962 1640 4035 Apostolica
1677 3979 1775 4020 au-

155 4066 268 4116 tem
307 4060 532 4117 traditio
560 4068 665 4130 est,
704 4077 823 4133 qua:
850 4062 907 4118 in
935 4069 1052 4117 toto
1078 4060 1284 4117 mu‘ndo
1310 4060 1638 4133 praedicatur
1661 4101 1677 4130 ,
1714 4070 1774 4118 ut

155 4152 419 4225 baptismi
448 4164 813 4211 sacramenta.

228 4245 361 4317 Ipse
380 4256 555 4302 autem
586 4244 841 4303 Dominus
866 4255 1041 4303 noster
1066 4244 1224 4303 Iesus
1247 4244 1506 4316 Christus,
1532 4254 1581 4304 et
1602 4243 1768 4315 Deus,

155 4347 206 4394 et
236 4338 411 4395 Pater
437 4347 635 4409 noster,
681 4340 771 4412 qui
798 4340 980 4395 dilexit
1016 4355 1129 4397 nos.
1164 4338 1389 4396 Etiamsi
1445 4354 1554 4394 non
1591 4340 1771 4396 meriti

155 4429 388 4488 fuimus.
419 4429 621 4488 Contra
648 4430 839 4488 Arium
870 4430 1035 4500 facit,
1074 4431 1169 4503 qui
1202 4432 1313 4488 Deo
1355 4431 1620 4504 majorem
1666 4431 1770 4489 Pa-

159 4534 301 4582 trem
337 4534 513 4596 putat,
544 4525 672 4597 quia
703 4524 850 4597 prior
879 4523 1055 4581 soleat
1086 4524 1379 4581 nominari.

1898 1913 2063 1984 fratre
2083 1910 2384 1967 ambulante
2408 1911 2728 1981 inordinate,
2760 1922 2807 1966 et
2831 1930 2935 1967 non
2962 1913 3244 1969 secundum
3267 1913 3513 1967 traditio-

1898 2020 2037 2071 nem,
2068 2019 2229 2075 quam
2252 2012 2565 2074 acceperunt
2596 2020 2627 2056 a
2671 2003 2840 2060 nobis.
2874 2004 3007 2071 Quia
3039 2004 3093 2058 in
3120 2005 3295 2075 prima
3332 2002 3510 2059 lenius

1892 2097 2349 2164 commonuimus,
2386 2104 2441 2153 et
2484 2094 2779 2152 emendare
2808 2110 2870 2151 se
2902 2096 3215 2151 noluerunt.
3266 2094 3365 2151 Vel
3403 2096 3510 2153 hoc

1890 2191 2077 2260 modo,
2106 2191 2255 2264 quod
2286 2191 2471 2247 Sancti
2517 2206 2578 2247 se
2618 2191 2688 2246 ab
2718 2190 2800 2247 eis
2830 2198 3123 2260 separant,
3159 2188 3503 2247 erubescant.

1891 2284 2063 2356 Hujus
2107 2285 2270 2356 plane
2314 2283 2419 2341 loci
2466 2285 2790 2341 auctoritate
2827 2284 3258 2341 subtrahendum
3308 2293 3394 2341 est
3435 2286 3505 2340 ab

1890 2378 2041 2435 omni
2071 2376 2406 2447 Christiano,
2436 2375 2529 2449 qui
2556 2392 2667 2435 non
2694 2377 2993 2435 secundum
3020 2377 3267 2449 Apostoli
3298 2378 3503 2435 incedit

1888 2482 2185 2544 praecepta.

1958 2568 2078 2639 Ipsi
2104 2567 2243 2623 enim
2266 2566 2411 2624 scitis
2436 2566 2879 2640 quemadmodum
2909 2574 3148 2639 oporteat
3168 2567 3368 2623 imitari
3385 2584 3502 2636 nos,

1889 2661 2139 2735 quoniam
2181 2677 2287 2716 non
2314 2660 2532 2733 inquieti
2554 2661 2753 2733 fuimus
2789 2661 2927 2715 inter
2968 2677 3056 2716 vos
3092 2676 3113 2715 :
3156 2676 3318 2731 neque
3346 2663 3509 2733 gratis

1890 2770 2080 2828 panem
2106 2754 2534 2809 manducauimus
2571 2754 2635 2809 ab
2663 2752 2863 2824 aliqua,
2887 2754 2979 2809 sed
3005 2754 3059 2807 in
3092 2754 3271 2809 labore
3306 2764 3351 2809 et
3381 2754 3506 2825 fati-

1810 2874 1815 2879 σ
1886 2848 2114 2923 gatione,
2146 2857 2294 2902 nocte
2317 2863 2378 2901 ac
2399 2847 2487 2901 die
2510 2856 2788 2917 operantes
2816 2862 2837 2901 :
2866 2863 2929 2901 ne
2949 2862 3098 2917 quem
3130 2858 3353 2903 vestrum
3382 2864 3508 2919 gra-

1888 2959 2144 3001 varemus.
2172 2943 2277 3012 Qui
2302 2958 2489 3000 sumus
2514 2942 2688 2999 forma
2717 2941 3080 2999 credentium.

1960 3036 2088 3093 Non
2113 3037 2263 3110 quasi
2292 3053 2398 3091 non
2427 3035 2758 3091 habuerimus
2786 3044 3108 3107 potestatem.
3142 3036 3277 3107 Quia
3303 3036 3501 3109 dignus

1889 3139 1975 3190 est
1993 3130 2279 3204 operarius
2301 3132 2557 3189 mercede
2588 3146 2706 3187 sua.

1805 3201 1856 3270 θ
1959 3201 2071 3284 Sed
2099 3236 2155 3283 ut
2191 3229 2537 3299 nosmetipsos
2566 3230 2788 3300 formam
2824 3228 3067 3285 daremus
3096 3229 3239 3285 vobis
3266 3228 3338 3283 ad
3382 3230 3503 3285 imi-

1885 3322 2111 3378 tandum
2138 3338 2255 3378 nos.
2284 3320 2365 3379 Ne
2393 3322 2479 3379 cui
2525 3322 2870 3379 occasionem
2902 3322 3175 3391 avaritiae,
3217 3339 3339 3393 qua:
3378 3323 3503 3381 fons

1884 3422 1968 3471 est
1988 3414 2400 3487 inquietudinis,
2431 3414 2825 3487 prarberemus.

1956 3508 2102 3563 Nam
2129 3517 2179 3563 et
2203 3524 2317 3562 cum
2341 3523 2571 3563 essemus
2599 3508 2745 3579 apud
2770 3524 2878 3575 cos,
2911 3507 3022 3567 harc
3061 3509 3496 3568 denuntiabamus

1880 3598 2045 3657 vobis.
2071 3600 2209 3669 Quia
2239 3598 2682 3671 praevidebamus
2703 3600 2915 3671 aliquos
2946 3603 3083 3659 tales
3107 3616 3231 3659 esse
3258 3604 3494 3660 futuros.

1957 3693 2217 3763 Quoniam
2257 3694 2304 3749 si
2351 3694 2466 3764 quis
2523 3710 2630 3749 non
2676 3694 2785 3749 vult
2836 3696 3065 3764 aperari.
3110 3698 3218 3752 Aut
3269 3696 3499 3753 sedeant

1879 3787 2070 3858 quieti,
2115 3795 2208 3843 aut
2236 3787 2281 3842 si
2301 3787 2431 3855 ,νειιί
2477 3795 2606 3842 sunt
2630 3786 2883 3858 apostoli,
2936 3803 3035 3843 nos
3064 3798 3361 3859 sequantur
3395 3807 3409 3844 :
3442 3789 3494 3845 si

1878 3894 1987 3937 non
2014 3880 2278 3949 avaritite,
2314 3879 2411 3935 sed
2444 3878 2539 3933 Dei
2570 3892 2731 3934 causa
2756 3877 3037 3933 ambulare
3060 3894 3122 3935 se
3152 3879 3363 3936 dicunt.

1951 3972 2066 4029 Nec
2094 3973 2389 4028 manducet.
2437 3971 2566 4027 Haec
2602 3972 2675 4027 sit
2718 3970 3108 4042 inquietudinis
3151 3987 3264 4030 non
3310 3973 3488 4032 solum

1876 4082 2059 4142 poena,
2090 4066 2186 4123 sed
2214 4065 2379 4123 etiam
2409 4064 2739 4122 emendatio.

1947 4162 2260 4218 Audiuimus
2301 4160 2438 4216 enim
2489 4160 2625 4215 inter
2664 4177 2749 4216 vos
2791 4160 3046 4233 quosdam
3089 4162 3362 4219 ambulare
3400 4164 3487 4220 in-

1874 4256 2064 4329 quiete,
2110 4254 2244 4309 nihil
2280 4262 2574 4325 operantes.
2608 4252 2808 4310 Reddit
2853 4256 3155 4326 superioris
3199 4256 3487 4315 sententia:

1873 4364 2090 4418 causas,
2130 4349 2197 4405 ad
2237 4363 2376 4420 quos
2407 4347 2644 4419 legitime
2675 4346 2867 4405 debeat
2903 4349 3177 4420 pertinere
3211 4368 3224 4404 :
3277 4350 3488 4409 scilicet

1873 4442 1942 4498 ad
1968 4442 2207 4512 inquiete
2229 4440 2588 4508 ambulantes,
2616 4454 2721 4495 non
2752 4439 2820 4495 ad
2850 4440 3037 4512 quiete
3064 4441 3343 4500 sedentes.

1948 4533 2057 4590 Sed
2088 4533 2289 4588 curiose
2318 4540 2549 4605 agentes.
2582 4530 2945 4602 lnquirentes,
2976 4533 3105 4603 quid
3145 4534 3198 4590 in
3240 4550 3485 4607 unaqua-

231 4615 306 4672 Et
337 4616 481 4672 dedit
509 4616 917 4672 consolationem
938 4624 1207 4683 aeternam,
1237 4625 1283 4670 et
1313 4633 1454 4688 spem
1484 4616 1672 4672 bonam
1711 4616 1765 4672 in
1789 4600 1850 4667 Ῑ)
1873 4641 1979 4701 que
2010 4625 2254 4694 civitate,
2290 4600 2377 4680 vel
2406 4600 2683 4695 provincia
2706 4600 2944 4695 geratur,
2968 4600 3021 4680 et
3050 4625 3235 4681 domo.

154 4710 353 4783 gratia.
384 4708 813 4765 PromiSsionem
832 4749 851 4779 ,
898 4709 1015 4766 sive
1043 4708 1297 4781 spiritum
1326 4710 1726 4767 consolatorem
1748 4753 1765 4781 ,

151 4803 251 4875 qui
275 4801 469 4861 Graece
492 4803 821 4883 παράκλητος
848 4802 1171 4875 appellatur.
1202 4800 1388 4861 Potest
1412 4817 1536 4861 esse
1564 4813 1620 4861 et
1641 4818 1768 4874 spes

152 4898 301 4955 mala
325 4898 381 4954 in
409 4897 610 4969 gratia.

227 4988 558 5047 Exhortetur
584 4991 747 5048 corda
766 5000 958 5063 vestra,
988 5000 1038 5048 et
1058 4990 1349 5064 confirmet.
1374 4991 1680 5051 Virtutibus
1710 5001 1769 5052 et

151 5081 528 5141 revelatione.

229 5172 302 5231 In
342 5175 486 5230 omni
531 5189 685 5249 opere
729 5187 778 5233 et
824 5193 1059 5236 sermone
1091 5179 1247 5236 bono.
1274 5178 1435 5238 Prius
1476 5192 1665 5252 opere,
1708 5188 1767 5238 et

152 5279 351 5344 postea
376 5286 652 5330 sermone.

780 5342 1011 5404 CAPUT
1038 5344 1130 5404 III.

229 5455 315 5518 De
344 5468 549 5531 caetero,
580 5460 794 5533 fratres,
823 5471 965 5518 orate
991 5480 1085 5536 pro
1115 5463 1281 5522 nobis.
1313 5464 1418 5522 Dat
1445 5460 1763 5523 humilitatis

153 5558 471 5629 exemplum
498 5598 514 5626 ,
553 5566 609 5614 et
642 5558 986 5615 occasionem
1016 5546 1319 5630 charitatis,
1348 5570 1410 5617 ut
1453 5577 1556 5633 pro
1598 5563 1766 5619 alter-

154 5660 287 5708 utro
323 5650 585 5707 audacius
619 5664 937 5708 exoremus.
976 5652 1150 5709 Simul
1188 5654 1510 5725 notandum,
1550 5658 1606 5713 in
1645 5656 1767 5729 qui-

154 5744 261 5801 bus
289 5744 471 5801 causis
497 5758 652 5801 orare
685 5753 871 5816 poscat
895 5746 1210 5816 Apostolus.

234 5835 307 5897 Ut
328 5852 498 5895 sermo
525 5834 624 5893 Dei
643 5848 818 5892 currat
837 5846 887 5893 et
907 5838 1242 5914 ctari/icetur,
1270 5841 1403 5901 sicut
1422 5851 1471 5901 et
1488 5845 1629 5917 apud
1656 5862 1763 5905 τοι.

572 5935 847 6002 ΡΑΤιιοι..
886 5936 1100 6000 XXX.

1947 4718 2051 4776 His
2077 4729 2251 4774 autem
2275 4719 2366 4784 qui
2396 4716 2653 4791 ejusmodi
2680 4727 2822 4787 sunt,
2859 4716 3230 4775 denuntiamus
3256 4731 3307 4777 et
3334 4722 3479 4778 obse-

1871 4829 2080 4872 cramus
2105 4812 2160 4867 in
2187 4809 2413 4865 Domino
2440 4806 2569 4864 Iesu
2595 4808 2821 4865 Christo.
2851 4809 2969 4865 Non
3006 4812 3156 4883 ipsos
3184 4822 3308 4884 post
3340 4815 3476 4873 alte-

1870 4921 1990 4965 ram
2009 4904 2404 4962 correctionem
2433 4900 2634 4958 desinit
2661 4916 3029 4961 commonere.

1947 5000 2016 5057 Ut
2043 5016 2158 5056 cum
2186 4997 2393 5054 silentio
2419 5003 2714 5068 operantes,
2741 5013 2891 5052 suum
2921 5014 3108 5069 panem
3135 4998 3467 5058 manducent.

1866 5096 1987 5155 Non
2012 5109 2137 5152 cum
2167 5091 2539 5163 inquietudine
2558 5091 2819 5148 alienum.

1947 5189 2054 5245 Vos
2097 5196 2291 5255 autem,
2344 5188 2559 5256 fratres,
2609 5185 2770 5240 nolite
2812 5183 3034 5255 deﬁcere
3073 5185 3469 5257 benefacientes.

1864 5283 1987 5342 Non
2009 5280 2280 5352 omnibus,
2313 5278 2409 5335 sed
2434 5278 2634 5335 talibus
2664 5279 2781 5335 dari
2808 5278 3073 5349 prohibeo
3098 5296 3113 5335 :
3144 5294 3214 5338 ne
3259 5286 3469 5354 puteris

1865 5393 1955 5436 me
1984 5376 2113 5433 boni
2140 5374 2327 5448 operis
2353 5371 2801 5428 consuetudinem
2826 5379 3129 5442 amputare.

1941 5469 2093 5538 Quod
2122 5469 2165 5523 si
2184 5467 2298 5539 quis
2326 5482 2429 5521 non
2460 5464 2710 5520 obedierit
2735 5461 2884 5519 verbo
2907 5474 3106 5536 nostro,
3137 5484 3231 5539 per
3267 5470 3463 5541 episto-

1866 5562 1972 5621 lam
2012 5562 2145 5617 hunc
2170 5568 2364 5625 notate,
2409 5566 2457 5613 et
2483 5573 2586 5611 non
2616 5556 3048 5613 commisceamini
3087 5575 3202 5614 cum
3249 5561 3362 5616 illo.
3406 5560 3467 5618 Si

1866 5656 1991 5731 quis
2021 5653 2182 5710 tertio
2210 5649 2444 5707 noluerit
2472 5647 2771 5705 emendari.

1946 5747 2014 5804 Ut
2043 5744 2419 5818 confundatur.
2444 5740 2559 5797 Non
2590 5749 2651 5797 ut
2680 5740 2895 5812 penitus
2916 5740 3286 5798 abscindatur.

1945 5842 2014 5900 Et
2045 5842 2207 5900 nolite
2234 5839 2385 5913 quasi
2414 5837 2681 5895 inimicum
2706 5838 3020 5905 existimare,
3082 5837 3172 5893 sed
3202 5839 3467 5918 corripite,

2876 5929 2958 5991 28
