3986 6294
512 258 629 318 875

1551 259 1615 316 S.
1655 255 2038 316 IIIERONYMI
2075 255 2361 317 OPERUM
2404 257 2770 317 MANTISSA.
3756 256 3839 316 87

520 386 577 433 ut
607 380 841 446 fratrem.
873 371 1165 448 Corrigite,
1218 381 1279 432 ut
1304 373 1650 445 emendetur,
1701 384 1758 431 et
1807 374 1979 431 nolite
2025 374 2195 434 ab-A
2228 372 2487 446 Epistola,
2542 374 2615 429 ita
2648 374 2830 430 scribo
2884 391 2896 428 :
2939 371 3129 431 Gratia
3198 371 3407 432 Domini
3482 374 3655 431 nostri
3729 372 3877 429 Iesu

524 469 799 537 scindere,
823 475 883 524 ut
903 468 1178 539 desperet.
1230 448 1402 540 [Eger
1427 468 1705 524 curandus
1743 474 1851 534 est,
1886 480 1993 522 non
2029 479 2129 523 ne-

527 562 734 620 candus
768 578 781 615 :
811 575 880 616 ne
909 560 963 616 in
993 561 1325 631 apostasiam
1355 559 1679 632 inquietudo
1706 564 1973 616 vertatur.

599 656 723 730 Ipse
751 664 925 710 autem
952 652 1095 712 Deus
1122 657 1267 729 pacis
1288 656 1376 711 det
1396 656 1536 711 vobis
1559 670 1737 727 pacem
1763 652 2128 725 sempiternam

523 757 578 809 in
603 752 742 808 omni
765 750 897 806 loco.
923 751 1183 807 Dominus
1212 752 1279 808 sit
1308 769 1425 807 cum
1476 750 1722 807 omnibus
1757 747 1920 803 vobis.
1968 745 2131 803 Salu-

526 846 654 903 tatio
702 860 820 900 mea
856 860 1017 901 manu
1081 844 1267 917 Pauli,
1318 846 1459 920 quod
1507 853 1585 900 est
1631 844 1838 915 signant
1882 840 1939 897 in
1990 842 2133 896 omni

2233 466 2448 535 Christi,
2475 484 2595 523 cum
2622 468 2861 524 omnibus
2892 467 3071 524 vobis:
3099 468 3283 524 Amen.
3318 470 3412 525 llis
3434 469 3624 526 verbis
3649 482 3875 524 omnes

2234 558 2509 632 Epistolas
2538 560 2941 630 subscribebat,
2970 571 3200 632 excepta
3214 560 3558 628 Galatarum,
3579 576 3771 634 quam
3802 575 3875 616 ex

2240 654 2453 726 integro
2488 668 2647 710 manu
2671 654 2891 725 propria
2919 655 3238 727 perscripsit
3293 674 3304 709 ε
3349 664 3408 713 ut
3436 664 3560 728 post
3582 668 3727 712 eam
3762 668 3870 710 nec

2236 748 2363 816 sibi,
2397 762 2498 803 nec
2531 747 2725 818 angelo
2751 746 3088 805 crederetur.

970 1089 1093 1172 IN
1148 1083 1626 1172 PRIMAM
1682 1080 2115 1169 EPISTO]

2244 1082 2348 1166 .M
2405 1083 2565 1165 AD
2626 1083 3398 1199 TIMOTHEUM.

1033 1320 1265 1379 CAPUT
1330 1318 1619 1376 PRIMUM.

605 1419 803 1475 Paulus
816 1417 1088 1492 apostolus
1107 1414 1145 1471 Ι
1149 1433 1237 1471 esu
1254 1413 1470 1471 Christi.
1488 1412 1799 1471 Auctoritas
1816 1419 1870 1470 et
1883 1411 2121 1470 nominis

527 1522 580 1570 et
613 1512 783 1570 ofﬁcii
810 1519 1168 1582 pra'notatur,
1191 1517 1411 1582 propter
1432 1522 1530 1565 eos
1551 1506 1752 1578 quibus
1763 1516 1885 1564 erat
1901 1520 2129 1578 respon-

532 1620 715 1661 SIII‘US.

598 1695 904 1753 Secundum
920 1695 1197 1767 imperium
1222 1693 1339 1765 Dei,
1357 1692 1649 1750 Saluatoris
1663 1691 1849 1761 nostri,
1870 1700 1918 1749 et
1936 1691 2130 1747 Christi

532 1788 681 1856 Jesu,
711 1786 819 1859 spei
847 1786 1189 1843 nostrw.N0n
1221 1785 1520 1843 secundum
1545 1799 1719 1843 meam
1745 1784 2127 1856 prmsumptioo

533 1895 658 1936 nem
701 1896 714 1936 :
749 1879 913 1936 simul
945 1889 998 1937 et
1025 1878 1206 1936 Patris
1232 1888 1288 1936 et
1339 1878 1462 1935 Filii
1489 1894 1658 1934 unum
1710 1877 1997 1949 imperium
2029 1876 2126 1934 de-

529 1984 892 2032 monstratur.

596 2066 866 2125 Timotheo
885 2067 1084 2125 dilecto
1112 2068 1225 2137 ﬁlio
1263 2067 1318 2122 in
1339 2066 1463 2137 fide.
1508 2065 1568 2123 In
1608 2065 1712 2124 nde
1739 2064 1871 2137 ﬁlio,
1916 2080 2027 2122 non
2067 2064 2123 2121 in

525 2177 711 2218 carne.

592 2253 782 2309 Gratia
799 2263 847 2309 et
878 2254 1259 2322 misericordia,
1283 2263 1329 2310 et
1356 2269 1462 2327 pax
1482 2270 1512 2308 a
1542 2250 1654 2309 Deo
1678 2251 1836 2309 Patre
1858 2260 1903 2309 et
1920 2250 2124 2308 Christo

522 2347 650 2404 Jesu
683 2348 911 2404 Domino
932 2357 1134 2404 nostro.
1158 2348 1343 2405 Gratis
1368 2346 1798 2404 misericordiam
1820 2346 2122 2412 consecuti,

522 2440 860 2495 reconciliati
894 2454 1085 2495 sumus
1107 2439 1241 2496 Deo.

593 2531 745 2587 Sicut
775 2533 951 2602 rogavi
979 2543 1047 2599 te,
1074 2543 1129 2586 ut
1153 2548 1443 2588 remaneres
1485 2533 1705 2604 Ephesi,
1753 2550 1872 2591 cum
1914 2535 2042 2590 irem
2067 2535 2123 2590 in

521 2624 887 2680 Macedoniam
921 2644 933 2678 :
964 2635 1019 2680 ut
1044 2624 1385 2682 denuntiares
1406 2627 1743 2699 quibusdam,
1764 2644 1825 2683 ne
1854 2628 2008 2683 aliter
2029 2630 2125 2687 do-

2155 1318 2206 1379 A
2308 1316 2416 1375 Sed
2443 1318 2655 1390 injustis
2686 1327 2731 1373 et
2765 1330 2867 1370 non
2895 1311 3137 1379 subditis,
3164 1311 3340 1381 impiis
3366 1320 3413 1366 et
3446 1310 3853 1384 peccatoribus,

2230 1409 2493 1464 sceleratis
2524 1418 2570 1463 et
2594 1407 2982 1475 contaminatis,
3009 1405 3302 1478 patricidis,
3325 1403 3650 1467 matricidis,
3682 1415 3735 1457 et
3760 1404 3853 1457 Iso-

2229 1502 2456 1565 micidis,
2484 1502 2803 1573 fornicariis,
2845 1499 3198 1554 masculorum
3238 1498 3705 1566 concubitoribus,
3738 1499 3853 1568 pla-

2227 1596 2432 1668 giariis,
2483 1595 2819 1651 mendacibus
2875 1604 2923 1650 et
2971 1593 3220 1667 perjuris.
3255 1591 3371 1648 lllis
3391 1591 3660 1648 omnibus
3723 1594 3846 1647 data

2228 1697 2332 1755 cst,
2395 1703 2535 1759 quos
2582 1687 2811 1758 abjectis
2861 1686 3187 1742 criminibus
3237 1686 3430 1741 nititur
3480 1700 3791 1740 revocare.

2303 1780 2369 1837 Et
2391 1782 2437 1837 si
2466 1781 2594 1851 quid
2624 1778 2774 1834 aliud
2797 1794 2940 1835 same
2961 1778 3212 1832 doctrina:
3240 1775 3563 1843 adversatur,
3593 1793 3736 1847 qui:
3776 1790 3845 1832 est

2225 1874 2515 1929 secundum
2540 1872 2900 1946 Evangelium.
2931 1870 3066 1928 Sunt
3094 1885 3225 1943 ergo
3254 1868 3522 1926 doctrinae
3570 1885 3696 1925 non
3756 1885 3841 1924 sa—

2229 1982 2311 2023 na:
2338 1984 2350 2021 :
2380 1975 2569 2035 contra
2594 1980 2730 2037 (tuas
2756 1965 2924 2021 etiam
2958 1963 3082 2019 data
3118 1964 3206 2020 lex
3236 1972 3343 2032 est,
3377 1979 3491 2034 qum
3530 1965 3843 2019 contraria:

2225 2068 2352 2115 sunt
2382 2058 2703 2117 cmlcstibns
2755 2056 3045 2115 institutis.
3094 2055 3234 2123 Quid
3278 2071 3407 2126 ergo
3451 2054 3521 2111 ibi
3549 2068 3835 2124 qumrum,

2225 2155 2371 2227 quod
2423 2154 2513 2219 hic
2550 2170 2659 2209 non
2709 2151 2950 2208 habent?
2998 2150 3238 2207 simulet
3264 2148 3463 2222 Legem
3516 2147 3838 2222 Evangeliis

2223 2249 2568 2306 concordare
2597 2247 2964 2304 demonstrat.

2300 2342 2496 2397 Gloria:
2539 2340 2676 2395 beati
2730 2338 2848 2394 Dei.
2903 2337 3009 2394 Per
3047 2352 3205 2409 quam
3262 2333 3602 2409 gloriﬁcatur
3664 2332 3830 2391 Deus.

2299 2435 2454 2504 Quod
2477 2434 2732 2490 creditum
2777 2442 2854 2487 est
2905 2429 3051 2485 mihi.
3079 2424 3155 2487 Ne
3186 2428 3432 2487 dicerent
3460 2428 3780 2485 adversarii
3811 2446 3825 2483 :

2224 2526 2355 2596 Quis
2401 2535 2520 2583 erat
2572 2525 2704 2592 ille,
2750 2524 2838 2579 cui
2884 2521 3239 2594 Evangelium
3297 2521 3639 2583 crederetur.
3720 2522 3829 2576 ait:

2299 2618 2508 2676 Gratias
2538 2634 2640 2690 ago
2662 2618 2731 2687 ei,
2756 2618 2846 2688 qui
2896 2632 2975 2672 nte
3017 2614 3325 2686 confortavit
3367 2616 3420 2668 in
3451 2612 3665 2668 Christo
3704 2609 3829 2667 Jess

517 2716 1031 2785 cerent.Quibusin
1062 2718 1276 2776 actibus
1315 2719 1646 2791 praedixerat
1685 2719 1986 2779 intraturos
2039 2722 2120 2779 lu-
2148 2712 2451 2776 BDomino
2506 2723 2701 2769 nostra.
2760 2711 2894 2767 Cum
2946 2723 3123 2766 essem
3171 2706 3378 2765 inutilis
3436 2715 3491 2763 et
3538 2705 3825 2763 inﬁrmus.

520 2824 641 2880 pos,
671 2812 759 2880 qui
789 2808 941 2882 gregi
984 2825 1092 2867 non
1121 2821 1434 2881 parcerent.

589 2898 777 2971 Neque
812 2901 1136 2958 intenderent
1179 2901 1392 2972 tabulis.
1436 2903 1581 2971 Quas
1636 2904 1989 2962 Deuteroseis
2021 2917 2117 2976 ap-

516 2992 745 3064 pellant.
772 2991 931 3048 Unde
960 2994 1013 3048 in
1047 2993 1348 3065 Evangelio
1377 2994 1641 3052 docentes
1695 2996 1973 3054 doctrinas
2019 2996 2117 3052 ho-

523 3087 731 3141 minum
763 3084 1219 3141 condemnantur.

588 3175 654 3230 Et
679 3173 997 3249 qenealogiis
1037 3175 1407 3232 interminatis.
1464 3174 1924 3235 Generationibus
1975 3178 2116 3235 anti-

509 3282 741 3340 quorum
793 3284 808 3326 :
859 3267 912 3323 in
965 3267 1165 3340 quibus
1202 3268 1309 3323 sibi
1358 3284 1625 3325 summam
1660 3269 1945 3328 scientiam
1995 3274 2116 3329 vin.

510 3350 695 3414 dicant
721 3399 738 3426 ,
769 3358 813 3413 si
842 3373 1035 3415 omnes
1058 3358 1127 3413 ab
1162 3356 1320 3414 initio
1349 3361 1729 3430 generationes
1760 3372 2107 3419 enumerent.

585 3452 716 3521 Qua:
735 3452 1046 3524 qutestiOnes
1090 3462 1337 3524 prtcstant
1388 3453 1572 3526 magis,
1604 3472 1760 3526 quant
1803 3455 2111 3520 (veliﬁcatio-

508 3561 627 3600 nem
678 3544 793 3613 Dei,
829 3560 946 3616 qua:
996 3553 1070 3599 est
1100 3544 1154 3599 in
1185 3545 1310 3614 fide.
1342 3542 1476 3602 Tam
1532 3556 1751 3605 veteres
1803 3548 2110 3606 contrarie-

505 3642 673 3707 tates,
706 3651 870 3707 quam
892 3634 1307 3706 generationum
1340 3636 1741 3695 sollicitudines
1771 3639 2106 3713 superﬂuas.

583 3725 735 3784 Finis
776 3738 949 3783 autem
987 3728 1233 3801 prmcepti
1271 3736 1347 3784 est
1392 3727 1624 3786 charitas
1663 3732 1727 3787 de
1755 3733 1911 3788 corde
1952 3751 2107 3804 puro.

508 3820 761 3878 Charitas
790 3820 885 3877 Dei
917 3830 967 3877 et
994 3821 1262 3895 proximi,
1298 3822 1350 3877 in
1380 3837 1485 3892 qua
1515 3832 1624 3880 tota
1652 3824 1765 3882 Lex
1804 3827 2025 3899 pendet,
2056 3840 2112 3885 et

506 3913 799 3987 Propheta:
835 3931 849 3968 :
882 3915 1000 3969 hinc
1057 3913 1105 3970 si
1154 3915 1223 3971 de
1250 3915 1419 3973 corde
1443 3932 1579 3989 puro
1606 3919 1699 3988 sit,
1728 3918 1953 3978 difﬁcile
2006 3920 2108 3979 de-

509 4007 759 4081 linquere
788 4007 1114 4079 poterimus.

2299 2810 2436 2878 Quia
2467 2808 2671 2878 fidelem
2695 2821 2775 2859 me
2817 2804 3130 2860 existimavit
3161 2818 3354 2876 ponens
3399 2802 3451 2855 in
3505 2800 3823 2854 ministerio.

2224 2900 2326 2968 Qui
2350 2901 2497 2973 prius
2522 2898 2852 2970 blasphemus
2882 2896 2983 2971 fui,
3021 2904 3069 2950 et
3092 2904 3407 2967 persecutor,
3452 2901 3501 2947 et
3552 2902 3824 2947 contume-

2220 2993 2406 3050 liosus.
2458 2990 2645 3047 Justus
2695 2988 2749 3044 in
2800 2984 3099 3061 primordio
3146 2991 3432 3041 accusator
3475 2983 3560 3040 sui
3601 2992 3696 3041 est
3727 3003 3741 3038 :
3771 2993 3827 3040 ut

2218 3087 2406 3149 statim
2436 3100 2556 3143 cum
2583 3083 2836 3156 cmperit,
2872 3081 3217 3138 adversarius
3243 3077 3632 3136 contundatur.
3728 3070 3735 3077 ’

2293 3178 2401 3235 Sed
2430 3176 2839 3232 misericordiam
2866 3172 2961 3229 Dei
2991 3182 3296 3229 consecutus
3325 3188 3437 3227 sum
3461 3190 3480 3227 :
3501 3172 3628 3244 quia
3672 3174 3825 3246 igno-

2216 3285 2341 3326 rans
2370 3269 2492 3340 feci.
2516 3268 2715 3325 Levius
2734 3282 2855 3325 esse
2878 3275 3162 3338 peccatum
3194 3264 3536 3337 ignorantiae,
3589 3265 3825 3321 demon-

2218 3373 2446 3422 stratur.

2290 3456 2357 3513 In
2381 3458 2767 3514 incredulitate.
2801 3454 2938 3527 Quia
2970 3470 3077 3512 non
3100 3452 3350 3523 credens,
3379 3453 3694 3529 intelligere
3712 3469 3819 3512 non

2217 3551 2487 3609 valebam.

2295 3645 2753 3718 Superabundavit
2768 3654 2943 3701 autem
2967 3643 3139 3717 gratia
3161 3641 3374 3698 Domini
3393 3642 3555 3699 nostri
3577 3659 3694 3697 cum
3715 3642 3817 3713 ﬁde

2215 3747 2263 3807 et
2295 3738 2589 3805 dilectione,
2614 3754 2729 3810 quae
2755 3747 2827 3793 est
2858 3738 2911 3792 in.
2941 3735 3147 3791 Christo
3167 3732 3317 3791 Iesu.
3351 3734 3459 3792 Ubi
3481 3745 3667 3791 autem
3716 3734 3816 3791 ini-

2213 3832 2396 3904 quitas
2427 3829 2796 3887 abundaverat
2826 3846 2841 3897 ;
2876 3826 3057 3885 statim
3079 3836 3139 3884 ut
3160 3825 3812 3899 crcdidi,ampliuscmpi

2212 3924 2442 3997 diligere
2471 3923 2767 3990 Christum,
2802 3922 2894 3995 qui
2925 3922 3057 3979 mihi
3092 3938 3285 3994 magna
3316 3930 3533 4001 peccata
3578 3921 3807 3978 dimisit.

2289 4017 2493 4075 Fidelis
2508 4034 2674 4074 sermo
2691 4028 2738 4072 et
2751 4016 2891 4072 omni
2905 4017 3205 4089 acceptione
3216 4014 3606 4090 dignus.Quem
3620 4031 3811 4074 omnes

579 4100 650 4155 Et
680 4101 1001 4156 conscientia
1049 4101 1201 4156 bona.
1251 4100 1319 4160 Ut
1348 4103 1687 4161 conscientia
1743 4115 1828 4163 tua
1859 4108 2109 4167 testimo-
2133 4112 2180 4176 C
2211 4110 2457 4178 credant,
2494 4119 2548 4166 et
2584 4108 2826 4166 omnium
2865 4108 3219 4165 conscientia:
3248 4124 3433 4164 verum
3458 4122 3582 4165 esse
3612 4124 3812 4181 cogno-

513 4194 667 4251 nium
697 4191 984 4264 perhibeat
1003 4193 1240 4248 veritati.

580 4287 652 4342 Et
674 4286 780 4358 [ide
806 4302 907 4340 non
933 4285 1071 4356 ﬁcta.
1134 4283 1298 4343 Fides
1346 4288 1495 4344 enim
1529 4288 1654 4346 ficta
1697 4298 1806 4358 est,
1840 4307 1964 4364 quae
1990 4293 2109 4351 solo

510 4395 607 4437 ore
631 4379 987 4452 promittitur,
1017 4387 1074 4435 et
1099 4388 1223 4437 actu
1252 4391 1504 4453 negatur.

583 4478 627 4527 A
668 4474 852 4543 quibus
893 4474 1105 4547 quidam
1144 4474 1440 4531 aberrantes
1482 4478 1713 4533 conversi
1762 4489 1879 4535 sunt
1917 4479 1972 4535 in
2013 4496 2107 4535 oa-

504 4570 818 4637 niloquium,
852 4568 1079 4625 volentes
1123 4586 1235 4626 esse
1270 4569 1400 4643 legis
1440 4571 1679 4627 doctores
1710 4589 1728 4627 :
1762 4590 1863 4628 non
1906 4574 2107 4631 intelli-

507 4669 705 4732 gentes,
734 4676 894 4731 neque
922 4677 1036 4731 qua:
1081 4661 1387 4734 loquuntur,
1425 4680 1590 4737 neque
1631 4665 1695 4719 de
1727 4664 1911 4737 quibus
1952 4667 2110 4741 afﬁr-

507 4764 669 4811 ntant.
704 4753 933 4809 lntinitte
963 4753 1210 4812 stultitia:
1254 4767 1358 4829 est,
1393 4772 1498 4814 non
1560 4758 1835 4816 intellecta
1879 4760 1950 4818 de
1994 4776 2110 4817 ma-

506 4854 591 4925 gis
622 4866 729 4907 non
759 4848 1055 4905 intellectis
1087 4849 1227 4906 velle
1255 4850 1497 4908 ﬁrmare.

581 4943 791 4999 Scimus
812 4952 984 4996 autem
1015 4941 1139 5013 quia
1162 4942 1295 4998 bona
1323 4955 1397 4999 est
1429 4945 1532 5000 lex.
1576 4942 1647 5002 Ut
1665 4961 1695 5001 a
1722 4945 1834 5003 Deo
1864 4947 2109 5020 promul-

507 5048 630 5109 gata
682 5044 788 5106 est,
838 5049 939 5107 pro
1003 5035 1265 5105 qualitate
1312 5039 1624 5110 temporis:
1658 5041 1799 5098 sicut
1847 5044 1979 5100 alibi
2022 5045 2104 5101 lex

506 5139 690 5187 sancta
717 5136 799 5187 est
825 5129 1118 5201 appellata.

579 5221 641 5277 Si
668 5221 781 5293 quis
812 5238 871 5275 ea
904 5220 1131 5294 legitime
1161 5230 1362 5276 utatur.
1417 5221 1475 5280 Si
1531 5223 1653 5297 quis
1680 5225 1839 5296 sciat,
1885 5226 2101 5302 quibus,

502 5328 690 5385 quare,
726 5311 983 5383 quamdiu
1013 5312 1260 5369 habenda
1296 5311 1366 5370 sit
1396 5312 1546 5370 data.

576 5405 811 5462 Scientes
840 5403 956 5474 hoc,
1000 5406 1119 5478 quia
1150 5405 1234 5462 lea:
1249 5409 1401 5480 justo
1433 5424 1535 5463 non
1588 5418 1663 5466 est
1714 5412 1903 5482 posita.
1959 5411 2101 5483 Ergo

2212 4211 2388 4261 scant.

2289 4294 2425 4362 Quia
2446 4293 2683 4351 Christus
2711 4291 2861 4349 Iesus
2899 4292 3033 4349 venit
3077 4294 3131 4350 in
3163 4292 3305 4350 hunc
3350 4296 3600 4352 mundum
3634 4314 3807 4368 pecca-

2211 4394 2344 4443 tores
2371 4387 2543 4443 salvos
2576 4387 2766 4460 facere.
2811 4385 2954 4457 Ergo
2983 4394 3036 4443 et
3069 4401 3156 4443 me
3196 4386 3428 4446 salvavit
3467 4388 3614 4446 inter
3645 4401 3809 4448 caete-

2212 4493 2306 4536 ros
2360 4486 2674 4549 peccatores
2717 4497 2728 4532 :
2763 4488 2889 4535 tunc
2935 4478 3079 4534 enim
3140 4480 3335 4538 merito
3377 4481 3509 4538 mihi
3550 4481 3808 4556 pra-judi-

2211 4579 2459 4640 caretur,
2492 4572 2539 4628 si
2565 4570 2717 4627 solos
2741 4570 2920 4641 justos
2942 4587 3140 4628 vocare
3167 4574 3429 4631 venisset.

2286 4662 2521 4734 Quorum
2566 4664 2766 4737 primus
2788 4680 2879 4736 ego
2928 4680 3062 4719 sum.
3101 4662 3221 4733 Hic,
3253 4683 3371 4721 sum
3416 4681 3514 4740 pro
3545 4668 3626 4742 [sti
3655 4669 3805 4740 poni-

2211 4768 2298 4816 tur
2330 4777 2342 4814 :
2373 4759 2511 4815 sicut
2541 4757 2827 4815 Matthmus
2872 4757 3073 4816 dicitur
3114 4759 3459 4832 publicanus,
3509 4778 3636 4818 cum
3686 4762 3801 4835 jam

2212 4850 2420 4910 Christi
2446 4861 2595 4908 esset
2617 4851 2919 4921 apostolus.

2283 4944 2392 5003 Sed
2414 4944 2533 5000 ideo
2575 4943 2987 4999 misericordiam
3035 4952 3341 5001 consecutus
3362 4960 3498 5000 sum.
3529 4943 3606 5002 Ut
3637 4943 3800 5005 David

2206 5035 2323 5093 ait:
2352 5035 2570 5092 Docebo
2599 5036 2811 5106 iniquos
2860 5033 2974 5090 vias
3005 5044 3146 5103 tuas,
3192 5044 3250 5092 et
3287 5038 3437 5108 impii
3490 5032 3556 5093 ad
3593 5046 3646 5094 te
3672 5053 3801 5093 coa-

2206 5137 2506 5187 vertentur.
2539 5127 2601 5185 Si
2628 5127 2760 5183 mihi
2816 5127 3055 5184 viderint
3104 5128 3310 5185 indulta
3363 5139 3612 5202 peccata.
3673 5138 3800 5187 tunc

2205 5220 2413 5278 docebo
2442 5219 2713 5277 neminem
2748 5217 3043 5289 desperare
3066 5218 3289 5277 debere.

2280 5314 2349 5371 Ut
2384 5314 2441 5369 in
2478 5330 2558 5369 me
2598 5314 2768 5383 primo
2814 5313 3105 5370 ostenderet
3135 5314 3374 5370 Christus
3396 5315 3550 5371 Iesus
3596 5331 3797 5371 omnem

2204 5409 2527 5481 patientiam.
2572 5406 2675 5478 Qui
2701 5407 2864 5462 etiam
2904 5408 3352 5479 persecutoribus
3377 5410 3662 5465 conversis
3691 5424 3796 5466 non

499 5488 829 5556 Christianis
876 5513 983 5551 non
1024 5514 1160 5569 opus
1211 5508 1316 5567 cst,
1345 5499 1438 5572 qui
1484 5511 1611 5557 sunt
1658 5501 1942 5573 justiticati
1998 5520 2099 5576 per
2128 5489 2177 5551 Ι)
2202 5499 2374 5557 solum
2405 5499 2670 5572 indulget,
2699 5497 2797 5557 sed
2818 5501 2979 5557 etiam
3016 5500 3225 5558 confert
3254 5501 3591 5573 apostolatus
3622 5503 3796 5558 hono-

496 5590 776 5647 Christum
814 5588 941 5660 :qni
969 5587 1281 5646 didicerunt
1334 5593 1501 5648 etiam
1557 5596 1876 5652 occasiones
1909 5597 2092 5670 lugere

494 5681 819 5741 delictorum
853 5697 868 5737 :
899 5696 1023 5737 nam
1050 5690 1106 5737 ut
1136 5682 1267 5753 quid
1290 5683 1491 5742 dicitur
1519 5703 1530 5741 :
1564 5684 1681 5744 Non
1707 5687 1945 5759 occides,
1971 5688 2092 5763 qui-

492 5776 593 5840 bus
615 5778 774 5837 irasci
797 5791 905 5837 non
930 5776 1259 5852 permittitur
1282 5780 1306 5834 't

2202 5610 2339 5652 rcm.

2274 5687 2356 5744 Ad
2396 5689 2814 5761 informationem
2867 5706 3066 5760 eorum,
3116 5692 3207 5764 qui
3252 5689 3507 5747 credituri
3546 5699 3671 5747 sunt
3717 5690 3796 5746 illi

2194 5782 2250 5838 in
2274 5783 2429 5840 vitam
2448 5794 2719 5844 a’ternam.
2742 5782 2825 5843 Ad
2846 5783 3179 5859 exetnplum,
3211 5791 3271 5842 ut
3291 5799 3361 5844 ue
3388 5783 3704 5860 desperent.
