3978 6286
155 298 271 356 877

794 289 1344 352 COMMENTARIUS
1380 289 1451 348 IN
1489 283 1883 361 EPISTOLAM
1922 282 1945 341 Ι
1984 281 2077 340 AD
2113 280 2551 344 TIMOTHEUM.
2590 282 2746 343 CAP.
2787 283 2853 343 ΙΙ.

3362 290 3469 347 878

235 414 371 489 Regi
396 422 571 471 autem
591 411 901 469 sucularum
926 410 1231 479 immortali,
1253 408 1522 475 invisibili,
1545 406 1641 461 soli
1665 404 1770 458 Deo
1796 403 1845 462 A
1874 396 2051 455 Jesus.
2081 398 2234 457 Sicut
2264 417 2401 457 unus
2426 402 2594 471 Deus,
2638 402 2709 457 ita
2742 416 2883 459 unus
2905 409 2988 460 est
3016 403 3289 462 mediator
3326 407 3470 467 inter

156 512 331 567 honor
352 518 399 564 et
421 508 592 581 gloria
612 509 666 563 in
699 506 891 563 saecula
910 505 1223 561 steculorum
1248 519 1265 558 :
1289 502 1472 557 Amen.
1508 499 1610 568 Qui
1631 496 1766 555 mihi

156 604 382 660 veniam
408 601 735 656 tribuitnon
759 598 1019 656 merenti.
1069 597 1185 654 Rex
1214 594 1367 652 enim
1430 592 1581 666 parvi
1631 600 1767 648 tem-

156 697 314 769 poris
360 705 415 751 et
444 694 715 760 mortalis,
749 708 811 750 ac
841 692 1097 761 visibilis,
1156 700 1213 747 et
1259 704 1431 761 capax
1467 684 1765 753 consortis,

155 793 437 850 honorem
464 800 517 846 et
548 789 778 860 gloriam
809 786 1168 860 temporalem
1191 784 1395 842 habere
1424 792 1626 856 potest,
1659 796 1767 838 non

159 895 349 943 tamen
380 882 799 955 sempiternam.

237 977 361 1034 Hoc
392 986 707 1050 prteeeptum
731 974 1036 1031 commendo
1074 972 1188 1042 tibi,
1211 971 1291 1045 ﬁli
1317 969 1603 1027 Tintotltee.
1628 967 1769 1024 Huc-

158 1085 343 1144 usque
372 1069 443 1126 de
483 1076 629 1124 statu
671 1082 805 1134 suo,
844 1066 1118 1138 quomodo
1170 1063 1497 1122 adversariis
1545 1074 1772 1131 respon-

158 1164 338 1221 dere:
371 1164 499 1219 hinc
552 1163 645 1218 dat
694 1162 1081 1218 auctoritatem
1134 1156 1452 1223 ordinandi,
1507 1152 1766 1218 docendi,

158 1274 288 1331 quae
312 1265 584 1327 praecepta
618 1264 749 1309 sunt
774 1253 1145 1309 commendat.

239 1348 542 1405 Secundum
564 1347 907 1421 prtecedentes
934 1346 987 1400 in
1032 1354 1080 1399 te
1102 1343 1425 1417 praphetias.
1454 1338 1769 1397 Secundum

165 1443 317 1517 quod
347 1444 506 1498 ctiam
528 1451 655 1499 ante
682 1440 783 1498 hoc
819 1438 1082 1509 ollicium,
1118 1437 1364 1494 habebas
1392 1435 1621 1508 gratiam
1646 1449 1770 1505 pro-

170 1533 460 1608 phetandi.
1552 1586 1561 1595 κ

252 1630 324 1687 Ut
354 1632 543 1685 milites
600 1630 653 1683 in
695 1629 804 1685 illis
844 1629 1029 1683 bonam
1076 1628 1336 1683 militiam.
1389 1626 1538 1683 Bona
1580 1625 1769 1682 militia

165 1734 279 1795 est,
305 1726 362 1780 in
383 1740 486 1795 qua
516 1732 713 1778 contra
738 1722 1015 1779 diabolum
1044 1731 1098 1776 et
1130 1721 1263 1775 vitia
1299 1718 1587 1774 militatur.

1874 492 2044 549 Deum
2078 501 2133 549 ct
2160 492 2406 552 homines
2436 496 2721 552 universos
2755 514 2769 552 :
2803 497 2907 557 hoc
2944 506 3049 565 est,
3098 500 3279 555 nullus
3328 502 3469 558 alius

1871 586 2019 657 talis,
2044 602 2147 645 nec
2178 588 2414 661 Moyses,
2452 606 2555 647 nec
2577 590 2774 663 aliquis
2792 590 3084 664 propheta,
3116 593 3241 665 quia
3272 593 3363 651 hic
3414 604 3471 652 ct

1872 681 2037 738 homo
2090 691 2229 750 erat,
2282 693 2336 739 et
2384 685 2546 740 Deus.
2583 685 2690 742 Sed
2718 686 2842 759 quia
2892 687 2958 744 de
3008 688 3302 745 traditione
3351 698 3474 747 erat

1872 775 2138 843 dicturus,
2171 777 2295 833 ideo
2322 778 2595 834 hominem
2623 779 2970 837 solummodo
2990 782 3316 839 nominavit.

1946 870 2046 937 Qui
2070 870 2211 925 dedit
2242 872 2649 941 redemptionem
2696 874 3026 946 semetipsum
3073 892 3167 946 pro
3206 877 3465 934 omnibus.

1874 959 1969 1018 Ille
1999 977 2057 1018 se
2086 977 2187 1034 pro
2210 963 2461 1020 omnibus
2490 963 2658 1032 dedit,
2693 966 2741 1021 si
2768 982 2958 1023 omnes
2988 968 3183 1025 redimi
3231 971 3463 1028 vellent.

1945 1055 2111 1129 Cujus
2135 1058 2486 1112 testimonium
2513 1059 2825 1129 temporibus
2842 1062 2951 1115 suis
2979 1062 3343 1133 conﬁrmatum
3373 1072 3469 1120 est.

1874 1146 1933 1203 In
1964 1150 2331 1204 testimonium
2365 1152 2552 1221 generi
2585 1153 2847 1221 humano,
2894 1165 3101 1211 sancta:
3152 1156 3277 1214 vita:
3322 1158 3473 1215 dedit

1874 1240 2179 1311 exemplum
2207 1258 2218 1293 :
2248 1242 2372 1313 quia
2391 1251 2447 1299 et
2464 1243 2748 1315 prOphetze
2776 1247 2889 1302 suis
2916 1248 3284 1306 testimonium
3320 1251 3473 1308 fuere

1875 1335 2244 1404 temporibus:
2280 1337 2572 1394 novissime
2599 1348 2779 1396 autem
2824 1341 2971 1397 misit
3007 1342 3175 1400 ﬁlium
3207 1362 3362 1403 suum
3404 1349 3471 1403 ad

1873 1432 2123 1485 colonos.

1948 1523 2015 1579 In
2042 1542 2141 1595 quo
2189 1526 2386 1596 positus
2434 1543 2546 1582 sum
2594 1544 2686 1600 ego
2736 1530 3048 1601 praedicator
3076 1541 3125 1587 et
3173 1533 3467 1605 Apostolus.

1875 1615 1932 1673 In
1960 1616 2159 1675 Christi
2190 1618 2519 1687 testimonio,
2550 1621 2663 1677 sive
2690 1623 2930 1679 Christo.

1956 1708 2232 1765 Veritatem
2258 1712 2395 1789 dico,
2425 1729 2528 1768 non
2558 1715 2795 1785 mentior,
2828 1716 3011 1771 doctor
3038 1722 3267 1792 gentium
3295 1721 3348 1775 in
3374 1722 3479 1792 ﬁde

243 1817 461 1873 Haben,
484 1816 665 1888 ﬁdem.
694 1818 798 1874 pro
821 1815 1012 1885 armis,
1049 1815 1211 1871 ﬁdem
1245 1814 1299 1868 in
1328 1811 1545 1869 Christo
1563 1808 1771 1882 perfec-
1801 1809 1849 1869 Β
1876 1812 1924 1858 et
1951 1805 2182 1860 veritate.
2220 1805 2353 1861 Volo
2381 1823 2504 1879 ergo
2531 1809 2666 1863 viros
2689 1825 2840 1864 orare
2866 1812 2920 1866 in
2951 1816 3091 1867 omni
3116 1816 3249 1869 loco.
3283 1817 3481 1888 Magis-

165 1924 301 1969 tam.

244 2004 316 2060 Et
361 2005 549 2060 bonam
610 2002 1006 2058 conscientiam.
1061 1999 1343 2073 lmplcndo
1399 1998 1543 2070 quod
1586 1999 1772 2054 doces.

245 2100 419 2167 Quam
440 2100 653 2171 quidam
697 2096 1003 2171 repellentes
1054 2099 1195 2151 circa
1231 2095 1389 2164 ﬁdem
1428 2093 1776 2165 naufragave-

164 2202 311 2247 runt.
369 2190 512 2247 Male
554 2191 811 2257 vivendo,
866 2191 1037 2261 ipsam
1081 2203 1298 2261 quoque
1337 2186 1493 2243 [idem
1524 2184 1776 2258 perdide-

164 2294 320 2354 runt,
354 2299 515 2356 quam
549 2285 752 2341 habere
781 2283 1107 2340 videbantur
1140 2300 1153 2337 :
1180 2283 1294 2338 sive
1326 2282 1487 2337 etiam
1512 2280 1624 2352 jam
1648 2280 1775 2335 vitia

166 2380 551 2437 defendentes.

244 2472 334 2527 Ea:
353 2472 538 2544 quibus
565 2481 641 2526 est
665 2468 985 2543 Hymenaeus
1008 2480 1056 2525 et
1086 2468 1403 2525 Alexander.
1453 2466 1554 2537 Qui
1587 2480 1776 2522 amore

166 2566 429 2622 vitiorum
477 2564 545 2619 ad
592 2563 846 2619 haeresim
888 2562 1243 2618 transierunt.

246 2658 391 2725 Quos
424 2656 621 2712 tradidi
646 2657 882 2724 Satanae,
923 2667 977 2711 ut
1007 2655 1209 2710 discant
1256 2672 1357 2709 non
1396 2652 1775 2724 blasphemare.

175 2751 236 2807 in
287 2749 567 2805 interitum
620 2748 835 2815 carnis,
895 2755 955 2802 ut
1002 2764 1067 2804 ex
1118 2746 1372 2818 praesenti
1426 2743 1779 2814 correptione

170 2846 412 2909 discant,
445 2842 685 2897 futurum
734 2840 1003 2911 judicium
1055 2856 1163 2895 non
1204 2854 1444 2911 negare;
1477 2837 1545 2894 ad
1590 2855 1780 2898 emen-
1814 2882 1818 2887 .

171 2935 419 2992 dandum
451 2934 663 3005 traditi,
698 2950 806 2990 non
832 2934 897 2988 ad
934 2933 1292 3004 perdendum.

800 3024 1031 3082 CAPUT
1088 3025 1156 3081 11.

253 3123 482 3178 Obsecro
510 3122 670 3195 igitur
700 3119 927 3193 primum
967 3118 1200 3174 onmium
1226 3119 1338 3190 ﬁeri
1384 3118 1776 3176 obsecrationes.

180 3218 533 3284 Obsecratio,
558 3216 862 3287 impensior
892 3224 973 3271 est
994 3214 1194 3270 oratio.

252 3314 552 3379 Orationes,
582 3309 978 3385 postulationes,
1025 3309 1319 3379 gratiarum
1368 3309 1617 3363 actiones.
1680 3308 1785 3363 Pro

180 3423 251 3463 eo
307 3406 455 3479 quod
478 3420 578 3461 nos
610 3403 804 3477 dignos
842 3402 977 3460 fecit
1006 3446 1019 3471 ,
1069 3402 1233 3459 etiam
1290 3416 1395 3474 pro
1426 3401 1512 3459 his
1548 3401 1641 3474 qui
1690 3416 1785 3458 vos

179 3509 587 3573 persequuntur
610 3508 665 3557 et
697 3498 978 3555 tribulant.

250 3594 364 3649 Pro
391 3594 629 3649 omnibus
653 3590 969 3660 hominibus,
1021 3606 1116 3664 pro
1164 3590 1388 3661 regibus,
1446 3599 1491 3644 et
1550 3589 1787 3644 omnibus

174 3690 265 3757 qui
295 3688 352 3742 in
375 3686 694 3743 sublimitate
719 3684 989 3739 constituti
1010 3680 1575 3753 sunt.Utcognoscant
1591 3682 1782 3749 Deum,

177 3782 325 3849 sive,
354 3789 412 3834 ut
434 3778 708 3848 subjectas
767 3775 1001 3831 habeant
1030 3783 1241 3846 gentes.
1272 3773 1496 3829 Illorum
1534 3775 1682 3829 enim
1730 3774 1784 3829 in

176 3890 319 3948 pace
342 3872 708 3945 tranquillitas
733 3878 920 3927 nostra
952 3869 1208 3927 consistit
1250 3886 1263 3923 :
1306 3869 1405 3927 sed
1455 3876 1510 3925 et
1554 3868 1602 3926 si
1626 3868 1786 3925 nobis

174 3967 515 4027 Christianis
565 3968 637 4023 sit
682 3964 1080 4037 persecutionis
1136 3962 1412 4034 turbatio,
1475 3963 1655 4020 omnis
1703 3961 1785 4019 in-

176 4060 452 4135 quietudo
478 4058 738 4115 cessabit.

258 4156 332 4214 Ut
354 4157 579 4228 quietam
607 4163 653 4210 et
686 4152 1026 4225 tranquillam
1044 4153 1203 4207 vitam
1219 4167 1438 4224 agamus
1453 4152 1510 4208 in
1526 4151 1666 4208 omni
1680 4152 1789 4223 pie-

177 4259 289 4304 tate
318 4258 371 4303 et
395 4250 655 4308 castitate.
682 4245 762 4301 Ad
789 4244 898 4301 hoc
918 4259 1018 4300 nos
1038 4245 1154 4300 vult
1175 4259 1297 4300 esse
1325 4246 1561 4315 quietos,
1596 4253 1656 4300 ut
1668 4245 1785 4316 pie~

180 4351 299 4399 tate
347 4346 403 4396 et
432 4339 709 4404 castitate,
764 4353 870 4393 non
925 4336 1272 4394 dissensione
1329 4346 1497 4410 atque
1550 4337 1783 4407 luxuria,

180 4432 556 4505 tranquillitas
576 4439 761 4488 nostra
789 4431 1055 4503 proficiat.

257 4524 380 4581 Hoc
409 4524 547 4579 enim
578 4523 769 4581 bonum
801 4534 895 4590 est,
932 4534 981 4579 et
1006 4533 1274 4597 acceptum
1313 4540 1487 4580 coram
1519 4525 1788 4582 Saluatore

181 4624 365 4673 nostro
400 4617 527 4671 Deo.
549 4615 617 4672 Ut
640 4616 809 4687 quieti
842 4618 895 4673 in
926 4619 1129 4675 sanctis
1158 4620 1420 4691 operibus
1462 4622 1785 4678 serviamus.

262 4708 371 4775 Qui
390 4724 567 4762 omnes
588 4706 825 4763 homines
848 4709 953 4764 vult
982 4709 1151 4765 salvos
1172 4711 1305 4781 ﬁeri.
1330 4711 1428 4768 ilic
1450 4722 1475 4750 δ
1503 4714 1788 4784 probatur,

181 4801 668 4872 neminioportere
698 4802 765 4857 ad
795 4802 1133 4859 credendum
1166 4804 1272 4859 vim
1301 4802 1526 4872 inferre,
1561 4822 1660 4863 nec
1684 4808 1789 4863 tol-

183 4900 309 4955 lere
336 4897 549 4953 arbitrii
580 4897 914 4953 libertatem.
941 4898 1047 4955 Sed
1069 4909 1122 4954 et
1143 4898 1279 4955 illud
1324 4899 1427 4955 hoc
1476 4901 1600 4957 loco
1628 4902 1794 4959 solvi-

182 5000 279 5046 tur
303 4990 375 5045 de
406 4988 759 5046 induratione
784 4988 1113 5063 Pharaonis,
1144 4999 1199 5048 et
1240 5000 1458 5049 caetera:
1483 4991 1795 5065 hujusmodi

183 5080 525 5153 objectiouis
555 5082 912 5151 quaestiones.

262 5172 333 5229 Et
382 5174 453 5228 ad
506 5174 823 5246 agnitionem
870 5176 1099 5231 veritatis
1142 5176 1337 5233 venire.
1387 5175 1443 5235 Si
1474 5178 1575 5248 ipsi
1614 5188 1793 5237 tamen

183 5269 411 5327 vocanti
444 5269 557 5325 Deo
597 5270 909 5327 consentire
938 5271 1231 5328 voluerint.

267 5364 449 5422 Unum
469 5366 609 5419 enim
645 5365 803 5420 Deus.
838 5363 989 5423 Unus
1016 5368 1160 5423 enim
1183 5368 1326 5425 Deus
1355 5368 1517 5426 Pater
1544 5380 1598 5427 et
1629 5370 1801 5427 Filius

188 5471 251 5519 et
271 5461 521 5534 Spiritus
559 5468 817 5516 sanctus:
853 5459 904 5516 id
934 5470 1039 5532 est,
1066 5476 1173 5517 una
1220 5464 1275 5519 in
1322 5464 1499 5522 tribus
1546 5465 1799 5538 personis

193 5564 394 5609 natura
435 5561 517 5607 est
546 5552 785 5608 deitatis.

276 5646 435 5703 Unus
454 5654 501 5700 et
526 5646 782 5703 mediator
807 5646 906 5701 Dei
953 5655 1001 5702 et
1051 5646 1317 5704 hominum
1367 5652 1519 5709 homo
1564 5655 1801 5716 Christus

274 5837 307 5866 ι
334 5823 477 5883 Vide
503 5822 707 5881 Balusii
737 5833 893 5884 notas
914 5824 971 5884 in
988 5828 1353 5902 Agobardum,
1369 5848 1489 5908 pag.
1520 5835 1590 5894 '57
1611 5848 1668 5896 et
1689 5852 1813 5913 seq.

1877 1906 1960 1952 tcr
1986 1898 2223 1965 gentium
2258 1900 2352 1954 dat
2392 1901 2564 1971 legem
2605 1903 2816 1970 orandi,
2853 1915 2911 1960 ut
2937 1913 3262 1965 auctoritate
3287 1911 3482 1967 Salva-

1879 1992 2035 2059 toris,
2062 2005 2237 2061 neque
2265 1990 2318 2045 in
2358 2004 2565 2059 monte,
2600 2010 2777 2066 neque
2811 1998 2861 2051 iu
2894 1997 3249 2072 Jcrosolymis
3280 2003 3482 2075 aliquis

1876 2082 2067 2138 orandi
2098 2083 2261 2154 eligat
2292 2083 2491 2155 locum,
2526 2086 2619 2142 sed
2653 2088 2703 2143 in
2736 2089 2928 2159 spiritu
2961 2109 2971 2143 :
3012 2093 3105 2163 qui
3146 2093 3343 2166 ubique
3384 2114 3485 2152 no-

1877 2174 2085 2232 biscum
2132 2192 2253 2232 esse
2299 2177 2642 2251 intelligitur.
2694 2181 2836 2238 Sane
2877 2184 2946 2239 de
2988 2185 3090 2240 hoc
3120 2186 3263 2255 loco,
3292 2199 3347 2243 et
3377 2190 3478 2245 hac

1876 2282 2039 2325 causa
2075 2284 2105 2324 a
2144 2268 2348 2326 Iudaeis
2397 2282 2540 2328 mota
2588 2272 2692 2329 fuit
2730 2277 2983 2345 quaestio,
3036 2281 3127 2351 qui
3177 2281 3230 2336 in
3279 2284 3482 2355 templo

1878 2363 2220 2419 solummodo
2250 2365 2300 2418 in
2329 2363 2689 2438 Jerosolymis
2718 2383 2877 2425 orare
2909 2371 3227 2441 cupiebant.

1952 2459 2197 2515 Levantes
2229 2478 2388 2529 puras
2430 2479 2611 2518 manus
2652 2466 2760 2519 sine
2803 2466 2885 2520 ira
2921 2477 2969 2521 et
3003 2468 3391 2542 disceptatione.
3440 2476 3484 2529 A

1881 2557 2049 2624 (παρ,
2077 2565 2131 2612 ct
2159 2558 2447 2628 sanguine,
2480 2560 2736 2630 omnique
2783 2576 2951 2632 opere
2993 2562 3160 2619 malo.
3206 2564 3480 2621 Testimo-

1882 2652 2029 2704 nium
2061 2650 2207 2707 enim
2250 2650 2579 2706 innocentiae
2620 2663 2705 2707 eSt
2763 2668 3021 2710 manuum
3066 2655 3321 2712 elevatio.
3370 2657 3488 2714 Non

1881 2744 2055 2798 solum
2081 2754 2259 2799 autem
2290 2760 2482 2800 manus
2511 2746 2579 2802 ab
2608 2760 2799 2816 Opere,
2833 2748 2930 2805 sed
2960 2750 3125 2805 etiam
3159 2762 3392 2809 mentem
3421 2754 3489 2808 ab

1882 2834 1960 2889 ira
1993 2844 2048 2891 et
2075 2835 2484 2906 disceptationis
2510 2838 2773 2909 cogitatu,
2808 2841 2899 2910 qui
2938 2841 3045 2898 sibi
3087 2842 3288 2900 dimitti
3334 2846 3486 2917 petit,

1882 2927 2045 2983 debet
2075 2928 2275 2985 habere
2303 2928 2549 2985 mandas.
2591 2930 2761 2987 Nemo
2799 2931 3003 3004 aliquid
3048 2934 3346 3008 impetrare
3388 2953 3482 3009 po-

1887 3028 2011 3087 test,
2040 3022 2142 3077 alia
2175 3022 2487 3094 cogitando.

1959 3113 2214 3170 Similiter
2245 3125 2293 3169 et
2314 3115 2574 3172 mulieres.
2603 3116 2796 3174 Omnia
2824 3134 2944 3190 quzc
2974 3122 3089 3178 dixi
3120 3123 3190 3181 de
3219 3126 3375 3183 viris.

1811 3184 1858 3248 Ο
1958 3204 2026 3260 In
2052 3206 2229 3261 habitu
2261 3220 2464 3265 ornato.
2497 3211 2737 3268 llonesto
2775 3224 2824 3270 et
2876 3217 3219 3275 convenienti
3258 3231 3486 3280 naturae.

1959 3301 2088 3356 Cum
2116 3306 2421 3359 verecunda
2451 3315 2499 3360 et
2528 3306 2801 3363 sobrietate
2828 3321 3072 3367 ornantes
3092 3329 3167 3368 se.
3208 3314 3335 3371 Hmc
3361 3327 3493 3373 sunt

1887 3404 2205 3451 ornamenta
2232 3396 2451 3454 femina:
2480 3398 2831 3459 Christianae.

1959 3487 2028 3539 Et
2052 3504 2154 3542 non
2186 3489 2237 3542 in
2270 3491 2415 3544 tortis
2450 3491 2695 3547 crinibus.
2736 3492 2853 3550 Non
2900 3495 3099 3553 debent
3135 3503 3480 3562 occasionem

1888 3578 2019 3634 dare
2050 3580 2528 3651 concupiscentiae.

1962 3674 2064 3727 Aut
2094 3690 2245 3741 auro,
2274 3684 2359 3729 aut
2389 3678 2703 3749 margaritis.
2733 3678 2864 3748 Qua:
2897 3690 3056 3739 terra:
3084 3695 3213 3742 sunt
3253 3698 3438 3758 partes
3469 3707 3484 3745 :

1889 3766 2040 3838 cuius
2072 3778 2155 3824 est
2185 3768 2349 3824 homo
2377 3769 2626 3826 dominus
2655 3771 2957 3829 institutus.

1965 3860 2060 3917 Vel
2087 3870 2218 3917 veste
2247 3864 2489 3933 pretiosa.
2517 3864 2646 3933 Qua:
2678 3881 2790 3935 pra:
2821 3868 2983 3922 nimia
3013 3870 3343 3945 subtilitate,
3381 3891 3483 3933 nec

1891 3955 2062 4027 frigus
2088 3964 2289 4021 arceat,
2316 3965 2372 4012 et
2397 3956 2464 4014 de
2491 3958 2644 4028 cuius
2678 3959 2854 4028 pretio
2882 3960 3105 4032 plurimi
3126 3965 3316 4022 vestiri
3344 3967 3491 4040 ejus-

1889 4049 2012 4105 dem
2044 4058 2251 4105 naturac
2282 4049 2528 4106 homines
2558 4052 2885 4123 potuissent.
3178 4060 3179 4063 “

1963 4142 2072 4199 Sed
2092 4143 2231 4215 quod
2257 4143 2400 4198 decet
2428 4144 2689 4213 mulieres,
2729 4148 3084 4217 promittentes
3123 4151 3367 4222 pietatem
3401 4173 3492 4228 per

1892 4252 2049 4308 opera
2072 4237 2221 4292 bona.
2253 4235 2358 4293 ista
2388 4252 2517 4310 ergo
2562 4254 2669 4296 non
2716 4251 2842 4297 sunt
2889 4245 3343 4316 promittentium,
3391 4248 3491 4305 sed

1892 4332 2203 4404 negantium
2232 4335 2554 4392 castitatem.

1966 4425 2158 4483 Mulier
2184 4428 2235 4483 in
2260 4430 2466 4485 silentio
2496 4429 2662 4486 discat
2687 4448 2803 4487 cum
2834 4434 2975 4488 omni
3017 4435 3353 4506 subjectione.
3404 4438 3494 4493 Di-

1894 4531 2001 4577 scat
2031 4522 2273 4593 quidem,
2303 4523 2396 4578 sed
2426 4539 2548 4579 cum
2586 4527 2732 4580 omni
2781 4527 3085 4584 humilitate
3114 4539 3168 4585 et
3207 4528 3491 4587 charitatc.

1965 4612 2161 4669 Docere
2182 4626 2355 4671 autem
2372 4615 2576 4671 mulieri
2596 4634 2697 4672 non
2716 4621 2977 4689 permitto.
2999 4620 3219 4678 Publice
3237 4638 3344 4680 non
3371 4640 3493 4694 pcr-

1894 4707 2083 4763 mittit:
2110 4723 2231 4763 nam
2256 4709 2421 4763 lilium
2454 4720 2544 4765 aut
2576 4712 2794 4767 fratrem
2819 4712 2979 4770 debet
3002 4714 3200 4773 docere
3220 4718 3491 4788 privatim.

1967 4803 2151 4878 Neque
2178 4803 2440 4860 dominari
2470 4808 2521 4860 in
2551 4807 2739 4874 virum,
2768 4807 2857 4862 sed
2898 4824 3006 4864 esse
3047 4811 3102 4865 in
3140 4811 3368 4865 silentio.
3414 4810 3493 4866 No

1896 4899 2267 4968 magisterium
2313 4896 2417 4955 sibi
2466 4898 2779 4970 usurpando
2817 4902 3121 4973 superbiat,
3172 4902 3266 4959 sed
3316 4912 3492 4959 taceat

1896 4992 1952 5049 in
1986 4990 2247 5047 Ecclesia.

1970 5089 2138 5143 Adam
2170 5088 2303 5143 enim
2333 5090 2529 5162 primus
2574 5091 2828 5163 formatus
2874 5100 2970 5158 est,
3020 5090 3204 5146 deinde
3252 5090 3380 5146 Eva.
3429 5089 3499 5148 Et

1902 5182 2069 5237 Adam
2097 5199 2197 5238 non
2227 5191 2302 5237 est
2328 5183 2610 5248 seductus;
2638 5183 2822 5238 mulier
2842 5193 3013 5237 autem
3040 5182 3275 5239 seducta.
3301 5184 3501 5241 Reddit

1902 5291 2119 5333 causam
2149 5290 2320 5347 quare
2347 5289 2440 5333 eas
2472 5276 2597 5332 velit
2617 5292 2738 5332 esse
2766 5276 3040 5347 subjectas
3065 5294 3077 5329 :
3112 5276 3340 5343 scilicet,
3372 5280 3498 5349 quia

1903 5377 1958 5424 ct
1988 5369 2315 5439 posteriores
2344 5367 2396 5423 in
2431 5366 2637 5423 factura
2666 5377 2811 5433 sunt,
2843 5378 2898 5423 et
2929 5369 3145 5439 priores
3174 5371 3225 5425 in
3255 5373 3436 5443 culpa.

1978 5461 2043 5517 In
2066 5462 2484 5536 praevaricatione
2502 5464 2621 5533 fuit.
2649 5460 2948 5518 Salrabitur
2964 5474 3137 5518 autem
3164 5482 3254 5535 per
3274 5466 3504 5536 ﬁliorum

1909 5558 2306 5631 generationem.
2358 5555 2413 5609 lu
2466 5556 2913 5627 praevaricatione
2963 5556 3061 5614 luit
3103 5559 3361 5616 mandati.
3395 5560 3503 5617 Sed

1911 5676 2018 5718 non
2070 5657 2193 5715 ideo
2245 5655 2502 5728 desperet
2545 5655 2777 5712 mulier:
2832 5657 2957 5727 quia
3009 5671 3101 5728 per
3153 5656 3504 5729 baptismum,
