3978 6286
538 257 649 322 879

1587 261 1647 321 S.
1691 258 2069 322 HlERONYMl
2109 260 2395 327 OPERUM
2436 267 2812 331 MANTISSA.

3779 278 3882 349 830

539 378 687 453 quod
724 387 810 439 est
856 377 1091 436 ﬁliorum
1135 380 1438 452 generatio,
1492 381 1606 453 ipsa
1658 385 2000 441 salvabitur:
2034 401 2143 442 non
2176 390 2223 448 Α
2323 390 2536 461 Oportet
2556 402 2727 450 autem
2748 403 2799 450 et
2820 394 2973 450 illunt
3000 396 3354 454 testimonium
3382 399 3572 457 habere
3594 402 3795 460 bonum
3819 408 3882 461 ab

541 472 677 540 Eva,
708 472 806 530 sed
834 472 1066 529 credens
1110 473 1329 530 mulier.
1380 474 1514 542 Quia
1564 476 1676 532 Eva
1723 476 1790 533 ad
1836 478 2143 550 exemplum

542 564 774 621 adducta
807 574 892 622 est
920 564 1215 622 creationis
1242 583 1256 620 :
1288 580 1394 621 non
1426 567 1494 624 de
1523 568 1694 639 ipsius
1722 569 1898 627 salute
1927 570 2146 642 proprie

540 658 897 713 tractabatur.
931 656 1224 726 Caeterum,
1251 658 1524 729 quomodo
1551 662 1762 730 justitia
1794 662 1925 733 justi
1979 678 2146 734 super

540 749 721 821 ipsum
753 751 881 819 erit,
910 760 966 806 et
1008 750 1280 822 quomodo
1322 750 1461 819 Noe,
1503 751 1629 817 Job,
1678 762 1735 810 et
1775 753 1964 810 Daniel
2006 754 2146 811 ﬁlios

538 857 667 900 suos
694 844 1043 900 liberabunt:
1074 845 1155 899 sic
1184 860 1279 913 per
1306 844 1450 899 ﬁlios
1481 843 1593 899 Eva
1621 846 1943 902 salvabitur.

623 936 686 993 Si
714 938 1107 1008 permanserint.
1140 936 1292 993 Sicut
1318 939 1568 1007 superius
1597 938 1664 995 de
1692 939 1886 1009 plurali
1918 956 2147 998 numero

544 1030 858 1098 mulierum,
892 1031 959 1087 ad
992 1030 1323 1103 singularem
1356 1032 1571 1099 dicens,
1602 1032 1790 1091 Mulier
1824 1036 1879 1091 in
1922 1034 2145 1093 silentio

542 1124 719 1183 discat
744 1145 758 1182 :
792 1127 865 1181 ita
888 1134 944 1181 et
972 1125 1060 1180 hic
1089 1125 1257 1181 rediit
1283 1125 1349 1179 ad
1378 1126 1665 1197 pluralem.

611 1220 682 1275 In
709 1221 814 1291 ﬁde
841 1229 887 1276 et
914 1220 1207 1275 dilectione.
1253 1220 1479 1290 Christi,
1524 1231 1581 1279 et
1626 1221 1918 1280 dilectione
1958 1224 2143 1295 proxio

537 1328 775 1369 morum.

608 1404 681 1460 Et
707 1404 1120 1474 sanctiﬁcatione
1147 1423 1261 1461 cum
1290 1406 1586 1463 sobrietate.
1632 1407 1965 1477 Notandum,
1998 1410 2144 1481 quod

538 1495 655 1551 sola
684 1495 817 1551 ﬁdes
848 1495 917 1550 ad
945 1496 1174 1553 salutem
1203 1499 1276 1565 ei,
1312 1500 1401 1570 qui
1433 1509 1558 1570 post
1590 1500 1917 1569 baptismum
1950 1515 2144 1570 super—

538 1588 757 1653 vixerit,
784 1603 891 1643 non
921 1588 1176 1658 sufﬁciat,
1205 1590 1310 1646 nisi
1341 1592 1683 1646 sanctitatem
1716 1593 1914 1647 mentis
1941 1600 1994 1647 et
2018 1607 2143 1648 cor-

536 1682 691 1755 poris
707 1680 906 1738 habeat
932 1699 947 1737 :
976 1697 1097 1754 quae
1117 1684 1235 1739 sine
1256 1684 1549 1741 sobrietate
1570 1684 1791 1742 difﬁcile
1812 1684 2137 1743 cuswditur.

1153 1796 1381 1855 CAPUT
1423 1798 1513 1854 lli.

2248 485 2348 552 his,
2381 487 2467 555 qui
2498 488 2627 558 foris
2652 498 2793 544 sunt.
2815 489 2889 546 Ut
2910 490 3031 548 sine
3052 492 3361 551 offensione
3387 493 3615 567 Iudaeis,
3641 498 3881 555 inﬁdeli-

2245 575 2365 643 bus,
2387 589 2548 649 atque
2569 580 2795 648 Graecis,
2827 585 3018 653 prtesit
3045 586 3312 643 Ecclesiae
3341 588 3461 645 Dei.
3492 590 3704 647 Omnes
3729 593 3877 651 enim

2246 673 2565 730 naturaliter
2587 688 2855 733 noverunt
2877 678 3103 749 culpare
3124 681 3353 747 vitia,et
3375 682 3599 740 laudare
3618 684 3873 745 virtutes.

2319 764 2389 821 Ut
2416 785 2520 823 non
2537 768 2591 824 in
2614 772 2957 843 opprobrium
2978 773 3201 840 incidat,
3224 784 3273 829 et
3294 776 3349 829 in
3379 776 3625 847 laqueum
3647 778 3872 834 diaboli.

2244 857 2317 915 Ut
2367 875 2477 915 non
2529 862 2875 933 vituperetur
2921 866 3293 922 ministerium
3346 876 3621 935 nostrum,
3669 879 3736 926 et
3783 888 3877 943 per

2244 951 2393 1007 illum
2420 951 2670 1009 diabolus
2701 956 2903 1013 multos
2934 956 2990 1012 in
3023 957 3280 1029 laqueum
3320 966 3528 1031 teneat,
3577 963 3669 1033 qui
3718 973 3875 1036 pote-

2244 1054 2369 1102 rant
2395 1046 2509 1103 ﬁeri
2538 1047 2860 1106 Christiani.

2316 1139 2587 1197 Diaconos
2630 1142 2893 1199 similiter.
2926 1143 3469 1219 lrreprebensibiles,
3518 1159 3583 1207 ut
3621 1152 3869 1223 episcopi

2244 1230 2533 1304 eligantur.
2558 1234 2835 1302 Quaeritur
2855 1252 2957 1293 cur
2976 1237 3046 1293 de
3070 1239 3413 1311 presbyteris
3438 1242 3641 1299 nullam
3676 1247 3868 1303 fecerit

2243 1326 2602 1394 mentionem,
2631 1327 2727 1384 sed
2758 1344 2857 1385 eos
2901 1330 3290 1401 episcoporum
3342 1335 3565 1392 nomine
3606 1354 3865 1410 compre-

2244 1418 2528 1475 henderit:
2556 1422 2679 1492 quia
2695 1423 2991 1491 secundus,
3016 1425 3186 1481 immo
3207 1442 3349 1498 pene
3373 1444 3511 1485 unus
3532 1440 3617 1487 est
3638 1434 3860 1504 gradus:

2242 1514 2382 1569 sicut
2412 1515 2479 1570 ad
2511 1514 2895 1587 Philippenses
2924 1518 3204 1589 episcopis
3247 1535 3310 1576 ac
3352 1521 3604 1579 diaeonis
3641 1526 3854 1597 scribit,

2240 1622 2364 1663 cum
2396 1624 2504 1664 una
2532 1609 2725 1665 civitas
2756 1611 2945 1681 plures
2973 1612 3269 1683 episc0pos
3297 1615 3505 1673 habere
3528 1635 3639 1675 non
3662 1623 3853 1691 possit,

2242 1708 2297 1754 et
2317 1700 2369 1755 in
2388 1699 2614 1756 Actibus
2627 1703 2997 1772 apostolorum
3013 1707 3367 1779 presbyteros
3384 1710 3663 1782 Ecclesia,
3690 1717 3858 1775 iturus

2162 1774 2212 1836 Β
2239 1791 2637 1865 Jerosolymas,
2651 1774 3143 1867 congregans—ait:
3166 1774 3316 1856 inter
3333 1811 3529 1859 caetera
3548 1774 3733 1864 videte
3748 1825 3860 1880 gre~

604 1893 810 1956 Fidelis
836 1913 1038 1955 sermo:
1071 1896 1133 1955 Si
1162 1900 1280 1971 quis
1308 1900 1660 1971 episcopatum
1693 1902 1971 1958 desiderat.
2010 1900 2130 1959 Pri-

2258 1903 2381 1959 ;em,
2404 1887 2459 1942 in
2484 1900 2591 1959 quo
2612 1905 2709 1945 vos
2731 1890 2967 1961 Spiritus
2990 1905 3213 1951 sanctus
3238 1898 3529 1971 episcopos
3552 1902 3849 1962 ordinavit.

526 2008 679 2049 mum
696 1994 866 2049 laicos
882 1993 1137 2061 instituit,
1157 1993 1224 2049 de
1243 1992 1440 2065 quibus
1457 1996 1645 2066 Optimi
1664 1998 1864 2068 quique
1881 1998 1934 2052 in
1953 2012 2138 2053 sacer-

2310 1979 2564 2038 Pudicos.
2595 1982 2957 2041 Continentes
2984 1987 3215 2046 scilicet.

2311 2073 2437 2129 Non
2491 2075 2768 2148 bilingues.
2801 2076 3040 2135 Susurro
3064 2088 3121 2137 et
3141 2080 3403 2155 bilinguis
3426 2086 3632 2144 multos
3655 2090 3848 2161 turbat,

2234 2180 2424 2238 pacem
2456 2166 2747 2225 habentes.

2311 2257 2433 2315 Non
2460 2261 2623 2317 multo
2645 2264 2761 2318 vino
2797 2264 3020 2325 deditos.
3064 2267 3356 2328 Concessit
3395 2274 3708 2333 necessitati
3751 2292 3847 2351 pa-

2233 2369 2377 2423 rum,
2411 2357 2502 2427 qui
2534 2358 2798 2430 voluptati
2829 2362 3066 2433 amplius
3092 2364 3409 2437 denegavit.

2309 2446 2423 2503 Nec
2446 2458 2597 2523 turpe
2624 2451 2829 2507 lucrum
2853 2464 3129 2512 sectantes.
3178 2456 3369 2530 Turpe
3412 2460 3610 2519 lucrum
3650 2473 3742 2520 est
3783 2466 3852 2524 de

2233 2543 2550 2601 caelesﬁbus
2579 2547 2881 2619 mysteriis,
2914 2558 3133 2607 terrena
3164 2555 3390 2610 sectari.

2309 2634 2573 2692 Habentes
2592 2641 2893 2710 mysterium
2914 2642 3043 2711 ﬁdei
3066 2645 3119 2698 in
3137 2647 3455 2701 conscientia
3478 2666 3629 2719 pura.
3647 2650 3845 2723 Myste-

2231 2726 2369 2783 rium
2393 2737 2498 2795 est,
2522 2730 2666 2799 quod
2700 2732 2884 2800 passio
2927 2732 3135 2790 Christi
3177 2736 3487 2809 redemptio
3531 2752 3619 2797 est
3655 2744 3842 2800 salutis

2232 2819 2483 2877 humanm
2517 2838 2531 2875 :
2563 2821 2610 2876 si
2638 2838 2767 2895 ergo
2801 2825 3055 2898 intelligit
3081 2844 3239 2899 pure,
3272 2846 3379 2887 non
3412 2833 3765 2892 confunditur
3784 2838 3847 2894 de

2230 2914 2538 2975 humilitate
2558 2917 2781 2975 Christi.
2806 2920 2933 2977 Sive
2954 2922 3000 2977 si
3026 2932 3252 2995 propter
3274 2926 3377 2983 hoc
3394 2930 3571 2985 solum
3589 2934 3844 3002 praedicat

2232 3015 2558 3082 mysterium
2583 3012 2725 3081 ﬁdei,
2756 3026 2977 3086 propter
3000 3019 3146 3087 quod
3178 3019 3337 3077 debet
3364 3023 3697 3093 praedicari:
3737 3044 3838 3083 non

2232 3102 2374 3158 ultra
2418 3103 2662 3161 debitum
2705 3107 3032 3179 mysterium
3082 3123 3355 3183 quaestum
3402 3129 3525 3173 esse
3571 3118 3843 3176 existimet

2151 3168 2198 3235 Ο
2228 3192 2506 3264 pietatem.

2298 3286 2371 3343 Et
2397 3288 2455 3344 hi
2487 3298 2660 3346 autem
2704 3292 2991 3365 probentur
3031 3298 3279 3371 primum,
3325 3310 3377 3356 et
3418 3303 3496 3358 sic
3534 3306 3834 3373 ministrent,

2230 3382 2441 3436 nullum
2470 3383 2662 3438 crimen
2691 3384 2962 3444 habentes.
2992 3388 3111 3445 Non
3143 3392 3323 3448 solum
3348 3394 3624 3469 episcopi,
3654 3399 3749 3456 sed
3786 3408 3835 3456 et

2230 3470 2320 3528 isti
2346 3483 2472 3530 ante
2499 3474 2902 3535 ordinationem
2937 3482 3155 3550 probari
3187 3483 3414 3542 debent.

530 2086 737 2144 dotium
756 2085 1061 2158 eliguntur:
1090 2096 1147 2143 et
1161 2087 1239 2142 sic
1259 2086 1390 2143 dicit
1410 2088 1600 2159 quales
1614 2089 1850 2147 debeant
1864 2090 2129 2147 ordinari.

597 2183 804 2239 Bonum
826 2199 956 2254 apus
986 2182 1267 2239 desiderat.
1296 2182 1379 2237 Ad
1407 2184 1536 2240 boni
1575 2186 1759 2257 operis
1798 2185 2134 2243 desiderium

532 2291 657 2333 eum
687 2284 970 2347 provocat,
999 2289 1108 2331 non
1135 2274 1203 2330 ad
1231 2274 1518 2331 honorem.

604 2370 818 2442 Oportet
841 2370 977 2424 enim
1006 2370 1305 2441 epismpum
1338 2370 1843 2440 irrepreltensibilem
1866 2388 1997 2428 esse.
2024 2374 2135 2429 Aut

528 2463 794 2521 Ecclesia:
829 2462 1086 2535 princeps
1121 2476 1230 2517 non
1274 2463 1417 2518 erit:
1456 2479 1623 2536 quam
1665 2465 1791 2523 ideo
1837 2467 2133 2539 Apostolus

528 2559 648 2615 sine
675 2556 885 2613 macula
914 2556 1040 2612 alibi
1068 2555 1333 2613 deﬁnivit.

605 2651 772 2709 Unius
787 2652 964 2707 uxoris
978 2651 1312 2708 virum.Viris
1330 2667 1429 2710 nec
1442 2653 1545 2711 hoc
1557 2654 1703 2724 licet,
1716 2657 1861 2729 quod
1875 2657 2036 2714 velati
2049 2658 2133 2716 in-

525 2746 725 2806 cedant
741 2765 753 2801 :
769 2745 939 2802 multo
955 2745 1127 2817 magis
1147 2746 1260 2817 illa,
1281 2764 1399 2818 quae
1420 2750 1582 2806 etiam
1595 2751 1729 2808 laico
1752 2752 2127 2824 prohibentur.

594 2840 864 2897 Subrium.
900 2841 968 2896 Et
994 2852 1198 2908 mente,
1230 2852 1286 2898 et
1314 2858 1568 2915 corpore.

600 2935 879 3003 Ornatam,
906 2935 1232 3004 prudentem,
1270 2937 1535 3007 pudicum.
1566 2938 1663 2995 [lis
1687 2940 1941 2999 omnibus
1970 2942 2132 3015 spiri-

525 3029 763 3087 tualibus
786 3028 1149 3085 ornamentis.

594 3116 946 3187 Hospitalem.
1002 3116 1086 3173 Ad
1138 3116 1493 3178 humanitatis
1538 3136 1678 3195 opus
1718 3133 1914 3183 cuncta
1964 3127 2122 3199 plebs

518 3208 749 3268 rectoris
779 3208 954 3265 forma
982 3219 1330 3282 provocetur.

594 3300 891 3358 Doctorem.
940 3300 1077 3359 Tam
1116 3302 1322 3371 verbo,
1363 3319 1525 3377 quam
1564 3309 1837 3380 exemplo.
1882 3310 1941 3368 Si
1979 3312 2127 3370 enim

520 3398 765 3454 omnium
792 3404 918 3453 vota
949 3395 1091 3454 scire
1134 3396 1394 3469 voluerit,
1439 3400 1526 3457 vel
1563 3400 1808 3471 deberet,
1851 3406 2126 3476 quomodo

519 3507 709 3550 omnes
753 3491 974 3548 valeant
1016 3490 1392 3562 respondere:
1438 3504 1641 3566 quanto
1670 3497 1842 3568 magis
1870 3499 2126 3555 sacerdos

517 3587 696 3658 legem
722 3584 1009 3656 exquiret!
1044 3585 1169 3656 quia
1190 3587 1415 3656 angelus
1445 3589 1539 3645 Dei
1568 3592 1957 3662 omnipotentis
1983 3603 2086 3651 est.

592 3672 719 3732 Non
760 3674 1097 3730 vinolentum.
1149 3673 1217 3731 Ut
1260 3675 1587 3736 ﬁducialiter
1631 3682 1805 3751 possit
1848 3684 2125 3756 corripere

521 3770 794 3830 ebriosos.

580 3863 705 3920 Non
723 3875 1097 3936 percussorem.
1116 3858 1242 3918 Sive
1259 3876 1328 3919 ne
1344 3861 1416 3919 sit
1429 3865 1681 3935 petulans
1696 3866 1762 3923 ad
1780 3868 2120 3927 cedendum:

519 3958 635 4017 sive
658 3974 725 4016 ne
750 3958 895 4015 malo
914 3957 1165 4027 exemplo
1185 3959 1549 4017 conscientias
1580 3960 1738 4020 feriat
1757 3963 2117 4025 inﬁrmorum.

591 4054 703 4112 Sed
729 4051 1037 4108 modestum.
1067 4049 1171 4118 Qui
1202 4053 1384 4107 omnia
1414 4053 1577 4110 faciat
1604 4072 1729 4112 cum
1762 4073 2038 4117 mensura.

593 4146 720 4203 Non
747 4145 1051 4216 litigiosum,
1082 4145 1349 4215 cupidum,
1378 4147 1469 4202 sed
1498 4166 1608 4204 sua:
1635 4153 1812 4207 domui
1843 4153 1968 4209 bene
1987 4172 2124 4226 prte—

518 4242 766 4311 positum,
795 4238 934 4309 ﬁlios
963 4235 1229 4291 habentem
1255 4237 1484 4295 subditos
1522 4257 1639 4296 cum
1678 4245 1819 4299 omni
1864 4247 2116 4305 castitate.

524 4332 754 4389 Servum
783 4330 881 4389 Dei
914 4345 1020 4387 non
1049 4338 1267 4401 oportet
1295 4332 1526 4404 litigare.
1562 4335 1707 4392 Lites
1734 4315 2123 4412 autem'etjur-

524 4424 611 4495 gia
637 4424 871 4480 maxime
900 4439 965 4481 ex
992 4423 1381 4494 cupiditatibus
1418 4426 1691 4485 oriuntur.

2303 3565 2557 3624 Mulieres
2585 3570 2826 3627 similiter
2851 3574 3092 3646 pudicas.
3130 3577 3398 3635 Similiter
3424 3596 3547 3655 eas,
3582 3594 3639 3641 ut
3661 3585 3830 3642 diaco-

2228 3673 2331 3715 nos
2356 3662 2479 3732 eligi
2507 3662 2681 3732 jubet.
2712 3664 2870 3721 Unde
2896 3666 3242 3741 intelligitur,
3275 3674 3427 3743 quod
3458 3676 3530 3734 de
3558 3676 3641 3734 his
3674 3680 3823 3745 dicat,

2225 3768 2361 3825 quas
2388 3754 2567 3811 adhuc
2596 3754 2760 3812 hodie
2790 3759 2846 3814 in
2888 3760 3113 3819 Oriente
3155 3764 3502 3824 diaconissas
3539 3772 3824 3841 appellant.

2297 3846 2423 3903 Non
2452 3849 2798 3907 detrahentes.
2833 3852 2988 3921 Quod
3018 3856 3130 3911 illis
3176 3857 3375 3915 vitium
3423 3863 3698 3936 praecipue
3740 3864 3825 3921 doc

2224 3941 2485 4000 minatur.

2297 4035 2535 4108 Sobrius,
2581 4038 2763 4107 ﬁdeles
2802 4040 2853 4095 in
2899 4043 3156 4099 omnibus.
3198 4045 3257 4101 ln
3302 4046 3460 4105 nullo
3502 4048 3815 4107 dubitantes.

2293 4128 2552 4186 Diacones
2580 4133 2683 4185 sint
2712 4134 2865 4189 unius
2892 4137 3072 4191 uxoris
3099 4138 3218 4206 viri,
3266 4142 3363 4212 qui
3398 4140 3532 4212 ﬁliis
3568 4146 3674 4199 suis
3709 4145 3819 4199 bene

2223 4223 2459 4295 prtesint,
2494 4234 2539 4279 et
2567 4224 2675 4279 suis
2700 4226 2956 4282 domibus.
2991 4228 3108 4285 Non
3141 4241 3220 4298 ut,
3254 4233 3300 4288 si
3344 4249 3457 4290 non
3501 4235 3774 4293 habuerint
3798 4279 3815 4302 ,

2222 4316 2453 4383 ducant;
2474 4316 2567 4373 sed
2592 4332 2657 4372 ne
2679 4316 2815 4375 duas
2842 4319 3098 4376 habeant.
3124 4321 3183 4379 Si
3206 4326 3354 4379 enim
3372 4326 3679 4398 digniorem
3700 4328 3816 4383 facit

2222 4423 2381 4475 uxor,
2404 4423 2501 4465 cur
2521 4425 2630 4465 non
2653 4411 2825 4481 magis
2846 4419 2901 4466 et
2920 4413 3142 4483 digami,
3168 4425 3222 4471 et
3244 4416 3465 4488 trigami
3488 4420 3816 4477 ordinantur?

598 4516 792 4588 Siquis
817 4527 991 4572 autem
1016 4518 1195 4572 domui
1223 4534 1331 4574 sua:
1359 4519 1485 4576 bene
1524 4538 1741 4591 prwesw
1766 4526 1956 4597 nesci"
1988 4546 2121 4601 quo.
2146 4570 2203 4601 ἢ
2303 4502 2405 4568 Qui
2432 4502 2568 4556 enint
2600 4501 2725 4557 bene
2755 4503 3182 4560 ministrarerint.
3228 4508 3483 4566 Ostendit
3525 4529 3631 4568 non
3670 4513 3819 4568 mitti-

522 4607 678 4663 modo
701 4607 945 4663 Ecclesia:
966 4608 1063 4665 Dei
1082 4610 1406 4683 diligentiam
1422 4614 1661 4670 habebit?
1680 4616 1801 4688 Ipse
1822 4620 1878 4676 in
1900 4595 2121 4693 sequen-
2146 4595 2203 4636 υ
2226 4595 2452 4652 “crium
2491 4604 2717 4693 [anlum’
2742 4596 2837 4653 sed
2860 4597 3177 4668 qualitatem
3210 4600 3505 4659 miniswrii
3550 4606 3811 4676 "nmium

521 4700 667 4757 tibus
698 4699 970 4769 exposuit,
1016 4701 1060 4756 si
1107 4702 1249 4759 ﬁlios
1299 4706 1355 4760 in
1404 4706 1674 4779 castitate,
1723 4720 1780 4767 et
1820 4691 2125 4774 humilitate
2226 4691 2550 4799 Ρτῗξηθξθτίο
2585 4784 2598 4799 Ι
3099 4787 3110 4799 .

522 4794 787 4852 nutrivit:
821 4792 947 4847 hinc
972 4793 1091 4864 ejus
1120 4794 1400 4869 diligentia
1428 4806 1854 4875 comprobatur:
1885 4809 1931 4866 si
1971 4811 2120 4869 enim
2297 4780 2534 4837 Crudum
2579 4784 2769 4839 ("mum
2813 4785 2912 4839 Sibi
2955 4787 3244 4858 nequirent
3296 4789 3509 4849 Bonum
3534 4834 3551 4862 ν
3598 4792 3679 4851 hic
3719 4806 3810 4865 pro

520 4890 663 4946 ﬁlios
688 4900 816 4945 suos
844 4885 1062 4943 erudire
1088 4891 1336 4959 nescivit,
1360 4898 1633 4966 quomodo
1658 4908 1838 4957 tantos
1864 4902 1961 4960 Dei
1981 4904 2121 4963 ﬁlios

518 4983 862 5056 gubernabit,
896 4996 1129 5054 quorum
1158 4998 1339 5042 mores
1361 4992 1661 5049 secundum
1687 5012 1971 5054 numerum
1994 5010 2123 5057 sttnt

519 5077 758 5135 diversi?
785 5077 869 5134 vel
913 5091 1019 5149 qua
1065 5075 1284 5144 ﬁducia,
1331 5081 1423 5149 qui
1472 5082 1907 5158 indisciplinatos
1957 5091 2121 5152 habet

521 5170 689 5237 ﬁlios,
719 5170 939 5227 audebit
966 5166 1186 5243 exigere
1211 5169 1578 5243 disciplinam?

590 5263 716 5319 Non
739 5265 1074 5338 neophytum,
1105 5282 1167 5322 ne
1189 5266 1244 5321 in
1266 5267 1557 5340 superbiam
1577 5271 1763 5344 elatus,
1789 5276 1844 5333 in
1852 5279 2117 5350 judicium

520 5355 722 5410 incidat
768 5358 979 5413 diaboli.
1030 5358 1111 5416 Ne
1157 5375 1333 5432 nuper
1379 5373 1601 5421 renatus
1645 5369 1753 5425 cito
1797 5376 1970 5442 possit
2021 5393 2119 5448 per

2221 4893 2391 4966 gradu
2424 4895 2611 4965 majori
2640 4896 2847 4965 posuit:
2878 4906 3003 4953 sunt
3029 4898 3177 4954 enim
3208 4900 3476 4961 minores.

2293 4994 2363 5051 Et
2394 4999 2606 5053 multam
2636 4998 2883 5067 ﬁduciam
2912 5000 2966 5055 in
2990 5001 3116 5070 ﬁde,
3133 5017 3253 5071 qua:
3272 5015 3347 5059 est
3368 5006 3424 5059 in
3445 5004 3648 5062 Christo
3663 5004 3803 5062 less.

2221 5100 2381 5171 Apud
2411 5100 2698 5158 Dominum
2727 5102 2975 5173 petendi,
3007 5112 3063 5160 et
3092 5104 3237 5175 apud
3278 5104 3532 5167 homines
3566 5107 3805 5179 docendi,

2221 5193 2304 5249 vel
2337 5196 2503 5250 etiam
2540 5193 2825 5266 arguendi.

2290 5287 2422 5344 Htec
2452 5289 2542 5344 tibi
2570 5289 2761 5357 scribo,
2795 5290 2873 5359 ﬁli
2924 5290 3210 5361 Timothee,
3256 5311 3480 5363 sperans
3525 5314 3607 5352 me
3645 5297 3804 5353 mire

2217 5382 2287 5436 ad
2307 5392 2355 5436 te
2378 5384 2499 5438 cito.
2534 5383 2596 5439 Si
2614 5392 2787 5439 autem
2814 5384 3104 5453 tardauero,
3132 5396 3189 5441 ut
3216 5388 3351 5444 scias
3379 5393 3639 5457 quomodo
3661 5406 3803 5463 oper-

520 5449 880 5521 ignorantiam
910 5453 1175 5512 exaltari:
1205 5464 1259 5513 et
1291 5462 1445 5528 putet
1480 5472 1539 5515 se
1568 5474 1674 5516 non
1716 5472 1825 5521 tam
1861 5469 2110 5528 ministe-
2213 5483 2314 5528 teat
2342 5483 2391 5529 te
2416 5475 2470 5529 in
2492 5475 2645 5530 domo
2670 5475 2767 5530 Dei
2806 5449 3124 5547 conversari,
3168 5495 3285 5551 quis
3328 5490 3402 5535 est
3444 5449 3801 5538 Ecclesia'Des'

517 5543 659 5599 rium
705 5541 1047 5614 humilitatis,
1090 5562 1251 5619 quam
1279 5550 1803 5615 administrationem
1835 5564 2111 5629 saecularis
2210 5567 2332 5621 vivi.
2352 5566 2422 5624 Ut
2442 5570 2815 5626 auctoritatem
2841 5570 3041 5627 habeas
3062 5588 3161 5644 pro
3182 5588 3273 5630 me
3292 5576 3481 5631 omnia
3502 5574 3792 5643 ordinandi,

516 5635 806 5706 potestatis
854 5634 1142 5707 adeptum,
1188 5654 1243 5698 et
1285 5645 1792 5707 condemnationem
1844 5658 2111 5727 superbia:
2216 5659 2377 5731 hujus
2407 5663 2650 5732 epistola:
2677 5666 2945 5721 sententia
2975 5666 3351 5724 conﬁrmatus.

514 5744 790 5787 mereatur
822 5749 835 5786 :
868 5732 1006 5788 sicut
1032 5731 1299 5809 diabolus,
1328 5743 1418 5814 qui
1449 5758 1544 5815 per
1559 5743 1872 5816 jactantiant
1899 5749 2112 5824 judica-
2284 5731 2537 5809 Columna
2566 5768 2612 5811 et
2638 5758 3016 5826 ﬁrmamentum
3038 5761 3287 5816 veritatis.
3314 5760 3372 5817 In
3397 5777 3509 5835 qua
3530 5778 3670 5821 nunc
3691 5758 3794 5817 sola

507 5832 595 5883 tus
621 5834 783 5901 atque
812 5827 1059 5901 dejectus
1088 5840 1195 5889 est.
2210 5850 2414 5911 veritas
2438 5859 2547 5909 stat
2578 5854 2787 5911 ﬁrmata
2814 5872 2827 5912 :
2857 5869 2977 5926 qua:
3008 5864 3133 5915 ante
3162 5856 3215 5914 in
3247 5856 3366 5930 lege
3389 5827 3510 5917 erat
3537 5858 3697 5933 posita
3712 5852 3793 5913 vel
