3978 6286
118 369 228 430 εει

111 494 355 554 naturae,
383 499 504 558 qua:
532 484 651 541 sola
678 483 911 541 sustinet
940 484 1252 541 aediﬁcium.

186 581 265 638 Et
318 581 592 654 manifeste
646 596 893 653 magnum
940 587 1013 635 est
1060 579 1271 649 pietatis
1320 588 1729 635 sacramentum.

111 677 277 748 Quod
293 677 433 733 scire
448 686 501 733 te
519 676 679 745 cupio
692 683 1091 730 sacramentum
1108 672 1494 729 incarnationis
1506 672 1730 742 Christi,

110 788 219 844 per
248 787 408 843 quam
436 770 624 841 generi
655 770 895 825 humano
925 768 1101 839 pietas
1127 766 1325 822 collata
1355 775 1460 822 est.

188 867 348 933 Quod
389 865 777 934 manifestatum
824 872 901 918 est
938 863 994 919 in
1046 878 1223 918 carne.
1273 860 1431 929 Quod
1483 876 1628 919 nunc
1677 862 1730 919 in

108 975 281 1017 carne
305 960 426 1030 ejus
456 959 794 1015 declaratum
826 966 931 1015 est.

182 1053 257 1107 Et
278 1053 637 1127 justi/icatum
664 1061 737 1105 est
770 1052 823 1104 in
872 1050 1084 1121 spiritu.
1138 1049 1582 1106 Demonstralum
1624 1058 1725 1105 cst.

179 1146 447 1216 Apparuit
476 1144 699 1217 angelis.
731 1142 961 1211 Quando
987 1143 1279 1199 dicebant:
1312 1142 1495 1199 Gloria
1527 1143 1581 1198 in
1626 1158 1729 1199 cx-

108 1240 279 1297 celsis
324 1240 478 1296 Deo:
520 1236 741 1310 quando
786 1237 864 1292 illi
912 1237 965 1291 in
1004 1251 1192 1292 eremo
1246 1236 1652 1293 ministrabant.

182 1331 540 1386 Prtedicatum
570 1339 642 1384 est
673 1329 930 1399 gentibus.
966 1327 1027 1384 In
1055 1328 1307 1401 gentibus
1354 1345 1517 1387 omne
1556 1344 1730 1401 genus

110 1425 404 1483 hominum
436 1422 872 1494 comprehendit.

177 1517 452 1572 Creditum
480 1525 556 1572 est
584 1516 640 1570 in
670 1515 887 1581 mundo,
939 1523 1260 1585 assumptum
1308 1526 1387 1570 est
1436 1514 1489 1570 in
1533 1516 1724 1589 gloria.

108 1612 441 1670 Videntibus
467 1610 770 1683 Apostolis,
802 1610 1047 1665 ascendit
1074 1610 1128 1664 in
1150 1609 1371 1666 ccelum.

763 1702 993 1760 CAPUT
1032 1702 1122 1759 ιγ.

178 1801 416 1874 Spiritus
443 1808 613 1855 autem
646 1800 922 1870 manifeste
968 1798 1119 1865 dicit,
1162 1799 1291 1871 quia
1335 1800 1389 1853 in
1435 1797 1726 1853 novissimis

855 366 1408 428 COMMENTARIUS
1448 367 1514 428 ΙΝ
1554 368 1772 429 EPIST.
1815 370 1834 429 ἰ
1872 371 1964 431 AD
2003 371 2433 434 TIMOTHEUM.
2474 377 2630 435 CAP.
2674 381 2743 440 V.

3334 385 3441 447 882

1758 486 2156 548 ASanctarum
2201 491 2540 567 balnearum,
2584 500 2954 566 venationum,
3003 506 3060 559 et
3104 499 3439 575 huiusmodi,

1836 598 1958 654 qua:
1981 584 2047 639 ad
2076 583 2239 640 breve
2267 594 2477 658 tempus
2504 590 2556 645 in
2598 594 2803 649 carnali
2850 594 3140 666 proficiunt
3180 599 3434 656 sanitate.

1910 674 2086 731 Pietas
2130 688 2300 733 autem
2348 680 2416 733 ad
2466 684 2640 738 omnia
2683 686 2829 741 utilis
2875 698 2992 743 est:
3042 690 3441 761 promissionem

1836 768 2031 825 habens
2062 772 2200 839 vitta,
2229 790 2342 845 qua:
2371 791 2509 830 nunc
2538 786 2634 846 est,
2665 788 2713 833 et
2736 780 2950 857 futurw.
2984 782 3052 838 Et
3090 782 3157 838 ad
3197 798 3439 853 prmscns

1839 873 2072 936 tempus,
2103 876 2157 922 et
2188 868 2237 922 in
2265 868 2501 925 futurum
2525 890 2538 925 :
2558 887 2679 928 nam
2711 883 2765 930 et
2793 876 2909 946 ipsa
2926 875 3111 945 vidua,
3140 886 3195 934 ct
3215 876 3268 933 in
3300 893 3439 949 pra:-

1835 960 1977 1016 senti
2006 968 2155 1018 casta
2177 971 2278 1027 est,
2309 971 2363 1019 et
2391 980 2600 1023 merces
2631 968 2747 1038 ejus
2776 980 2959 1026 manet
2982 969 3035 1025 in
3062 987 3149 1028 ea.

1908 1053 2116 1111 Fidelis
2155 1071 2345 1127 sermo,
2397 1067 2444 1114 et
2490 1062 2633 1116 omni
2672 1065 2972 1133 acceptione
3008 1066 3213 1138 dignus.
3260 1066 3438 1124 Verus

1832 1159 2015 1202 sermo
2033 1147 2171 1217 apud
2191 1151 2428 1205 omnium
2449 1152 2856 1223 conscientiam,
2871 1157 3021 1211 etcui
3037 1172 3195 1214 nemo
3209 1160 3435 1218 resistit.

1905 1238 1973 1294 In
1998 1240 2095 1295 hoc
2120 1242 2256 1296 enim
2279 1241 2596 1309 laboramus,
2626 1260 2677 1300 et
2704 1246 3105 1303 maledicimur:
3152 1251 3273 1321 quia
3315 1270 3437 1323 spe-

1831 1350 2008 1389 ramus
2036 1337 2089 1390 in
2122 1334 2291 1390 Deum
2312 1338 2498 1393 vivum.
2520 1338 2655 1395 Cum
2677 1350 2881 1398 certum
2910 1343 2999 1412 sit,
3026 1344 3164 1415 apud
3190 1346 3441 1404 homines

1832 1426 1970 1482 nihil
1997 1441 2096 1483 nos
2123 1427 2343 1499 dignum
2372 1430 2499 1487 odio
2526 1442 2871 1503 perpetrasse
2896 1452 2908 1488 :
2943 1435 3069 1506 quid
3093 1436 3236 1491 aliud
3257 1438 3440 1509 sequi-

1832 1528 1942 1586 tur,
1974 1536 2132 1669 qualm
2163 1522 2303 1593 quod
2335 1532 2561 1596 propter
2598 1525 2761 1583 vitam
2808 1526 3129 1585 dissimilem
3176 1529 3437 1601 blasphe-

1832 1626 2043 1668 mamur

1831 1626 2043 1668 mamur

1905 1705 2008 1770 Qui
2027 1714 2100 1759 est
2125 1705 2368 1762 Salvator
2384 1709 2613 1764 omnium
2635 1711 2918 1779 hominum,
2940 1714 3162 1769 maxime
3178 1714 3436 1781 fidelium.

1828 1794 2103 1865 Omnium,
2134 1798 2187 1853 in
2215 1803 2467 1867 prtesenti
2493 1821 2503 1855 :
2534 1803 2797 1874 fidelium,
2824 1806 2877 1861 in
2908 1806 3110 1864 futuro.
3133 1808 3281 1878 Sive,
3309 1809 3437 1881 quia

108 1896 430 1968 temporibus
475 1893 745 1948 discedent
802 1892 1013 1964 quidam
1067 1910 1097 1947 a
1170 1894 1293 1963 ﬁde.
1351 1892 1726 1963 l‘rOphetalem
1759 1891 1808 1951 B
1833 1902 2023 1945 omnes
2051 1890 2119 1946 de
2146 1892 2399 1962 periculis
2428 1895 2643 1959 liberat,
2673 1905 2728 1952 ct
2756 1899 2987 1956 maxime
3009 1900 3217 1958 fideles.

108 1989 323 2044 inducit
371 1987 650 2054 affectum,
679 1986 843 2059 :quod
870 1986 1077 2057 antiqui
1110 1985 1367 2043 dicebant
1394 2003 1407 2039 :
1441 1986 1567 2043 llaec
1597 1984 1729 2042 dicit

109 2081 356 2153 Spiritus
386 2086 629 2137 sanctus.

180 2173 515 2229 Attendentes
546 2170 813 2243 spiritibus
845 2171 1033 2226 erroris
1064 2179 1111 2225 et
1140 2170 1390 2226 doctrinis
1433 2170 1722 2227 daemonio-

108 2284 248 2321 rum.
335 2265 523 2322 Omnis
588 2265 845 2321 hasretica
904 2264 1151 2320 doctrina
1223 2264 1530 2320 daemonum
1607 2274 1725 2320 arte

107 2360 416 2434 composita
460 2367 565 2416 est.

181 2452 250 2507 In
278 2452 565 2523 hypocrisi,
598 2451 914 2522 loquentium
939 2451 1283 2517 mendacium,
1313 2460 1360 2507 et
1387 2452 1723 2507 canteriatam

112 2546 411 2600 habentium
433 2561 581 2600 suam
607 2545 997 2599 conscientiam.
1026 2545 1080 2600 ln
1102 2546 1375 2617 hypocrisi
1399 2546 1721 2616 loquuntur:

112 2638 206 2710 qui
237 2653 361 2693 cum
393 2652 503 2693 non
534 2639 872 2706 contineant,
908 2647 1017 2693 tam
1054 2639 1188 2694 casti
1219 2640 1406 2695 volunt
1437 2640 1633 2705 videri,
1665 2649 1722 2696 ut

110 2730 807 2800 etiamnuptiasdamnent:
839 2740 945 2785 tam
969 2733 1325 2796 abstinentes,
1352 2741 1413 2787 ut
1439 2739 1722 2787 creaturas

111 2826 230 2893 Dei,
256 2840 421 2897 parce
444 2826 1214 2896 utentes,judicent,cumipsi
1231 2826 1722 2883 comessationibus
1804 2874 1809 2879 .

110 2928 335 2974 vacent.
364 2919 460 2974 llic
490 2933 623 2974 vero
650 2918 721 2974 ita
750 2920 1058 2975 castitatem
1089 2928 1145 2976 et
1172 2918 1555 2976 abstinentiam
1582 2935 1723 2991 pra:-

111 3011 283 3079 dicat,
308 3020 365 3066 ut
388 3026 487 3067 nec
511 3019 787 3078 naturam,
812 3026 913 3069 nec
935 3020 1211 3068 creaturas
1234 3011 1473 3067 damnet.
1496 3011 1569 3066 Ad
1588 3010 1720 3066 illud

110 3102 369 3159 fortiores
390 3103 674 3158 hortatur:
706 3104 847 3159 istud
876 3104 1125 3159 concedit
1151 3104 1400 3160 infirmis.
1429 3104 1507 3159 llli
1537 3112 1718 3159 autem

110 3194 216 3251 hoc
243 3209 433 3251 amore
479 3194 745 3251 castitatis
785 3204 842 3251 et
876 3196 1242 3261 abstinentiae,
1282 3196 1377 3251 sed
1415 3195 1481 3251 ad
1529 3196 1720 3251 obum-

108 3288 379 3345 brandum
412 3288 531 3359 ejus
554 3289 817 3359 justitiam
846 3288 1154 3346 faciebant:
1199 3290 1501 3345 sanctiores
1542 3289 1716 3344 videri
1747 3281 1794 3346 C

108 3383 378 3447 volentes,
402 3396 563 3452 quam
586 3382 675 3436 ille
697 3382 788 3452 qui
811 3396 997 3437 amore
1020 3380 1291 3437 castitatis
1312 3380 1473 3436 etiam
1500 3380 1716 3451 nuptias

107 3475 488 3531 concedebat:
526 3474 740 3530 scilicet
765 3489 834 3530 ne
877 3474 1250 3531 fornicationis
1293 3474 1500 3529 crimen
1536 3473 1719 3529 incur-

108 3578 315 3625 rerent.
342 3569 533 3624 Omnis
559 3568 702 3623 enim
728 3569 814 3639 qui
846 3571 1060 3639 nuptias
1085 3568 1325 3635 damnat,
1353 3580 1458 3621 non
1483 3576 1712 3632 amator,

109 3663 209 3719 sed
258 3662 514 3717 inimicus
565 3670 652 3717 est
695 3661 1003 3716 castitatis:
1054 3661 1184 3715 dum
1224 3669 1279 3714 et
1304 3658 1714 3714 continentibus

107 3756 329 3813 laudem
361 3756 524 3821 tollit,
554 3765 608 3811 et
636 3756 1124 3823 incontinentibus,
1156 3755 1373 3810 sublato
1405 3753 1712 3824 nuptiarum

106 3849 379 3915 remedio,
413 3848 786 3903 fornicationis
817 3848 945 3903 facit
975 3848 1114 3903 inire
1143 3846 1461 3902 discrimen.

180 3942 581 3998 Prohibentium
607 3944 836 3996 nubere:
866 3942 1118 3996 abstinere
1152 3958 1183 3995 a
1221 3940 1367 4007 cibis,
1400 3956 1529 4010 quos
1573 3937 1717 3992 Deus

105 4036 302 4090 crearit
330 4034 398 4087 ad
423 4032 813 4104 percipiendum
843 4049 958 4086 cum
983 4032 1269 4105 gratiarum
1308 4032 1510 4086 actione
1546 4030 1719 4101 ﬁdeli-

107 4129 207 4181 bus
238 4135 284 4181 et
340 4127 420 4180 his
447 4127 536 4198 qui
558 4110 896 4196 cbgnorerunt
917 4127 1213 4179 veritatem:
1239 4125 1375 4192 Quia
1396 4125 1562 4178 omnis
1583 4139 1719 4176 crea-

107 4232 230 4275 tura
261 4219 361 4273 Dei
391 4218 523 4273 bona
552 4229 649 4285 est,
682 4229 731 4273 et
762 4218 892 4273 nihil
915 4218 1272 4293 rejiciendum,
1299 4218 1435 4288 quod
1460 4234 1575 4272 cum
1596 4233 1716 4289 gra-

103 4315 304 4367 tiarum
343 4312 545 4367 actione
576 4312 881 4383 percipitur.
918 4312 1289 4381 Sanctificatur
1318 4311 1455 4365 enim
1480 4328 1571 4383 per
1599 4327 1714 4364 ver-

106 4408 233 4462 bum
262 4406 362 4461 Dei
390 4414 437 4462 et
460 4408 767 4462 orationem.
797 4405 853 4462 Si
900 4407 966 4461 ad
1016 4406 1398 4477 prOprietalem
1448 4404 1715 4460 sermonis

104 4500 382 4565 attendas,
430 4510 771 4556 monstruosa
820 4500 1002 4555 nescio
1028 4515 1147 4570 quae
1177 4498 1486 4569 prmdicatio
1519 4496 1714 4566 prndi-

104 4601 305 4648 catur:
338 4608 459 4663 quas
486 4602 592 4648 tam
642 4593 870 4663 nubere,
903 4608 1064 4663 quam
1108 4592 1382 4648 abstinere
1430 4590 1717 4662 prohibeat

104 4687 408 4744 dicentium
441 4687 555 4743 haec
586 4687 766 4743 omnia
792 4703 915 4759 qua:
946 4696 1266 4757 sequuntur.

185 4780 322 4835 Haec
345 4797 649 4853 pra'ponens
672 4781 942 4853 fratribus,
969 4781 1131 4835 bonus
1152 4780 1252 4835 eris
1274 4780 1508 4833 minister
1531 4778 1722 4833 Christi

102 4874 263 4930 Jesu.
299 4873 513 4930 Libram
541 4874 592 4928 in
625 4874 875 4930 omnibus
906 4882 1121 4939 tenens,
1144 4882 1197 4929 et
1220 4873 1399 4927 omnia
1426 4871 1721 4927 rationabi-

103 4968 237 5025 liter
267 4977 322 5024 et
349 4968 630 5024 moderate
661 4968 1007 5039 dispensans.

185 5058 469 5115 Enutritus
500 5060 663 5115 verbis
691 5060 814 5129 fidei
842 5069 891 5114 et
919 5062 1064 5116 bona:
1090 5060 1363 5126 doctrina),
1392 5076 1543 5132 quant
1574 5076 1714 5114 asse-

106 5161 267 5208 cutus
290 5168 363 5207 es.
388 5151 520 5221 Qui:
549 5153 718 5208 sacris
745 5152 899 5223 Legis
922 5154 1115 5208 litteris
1138 5154 1205 5207 ab
1229 5152 1447 5207 infantia
1469 5151 1714 5208 eruditus

106 5248 315 5303 fuerat.
347 5246 524 5303 Verba
551 5248 781 5317 propria:
810 5246 957 5315 fidei,
1000 5256 1130 5302 sunt
1160 5246 1377 5301 traditio
1423 5244 1668 5317 Symboli
1694 5260 1710 5311 ;

106 5342 258 5397 bona
280 5356 411 5396 vero
436 5341 702 5408 doctrina,
736 5356 837 5411 qua
865 5341 970 5396 vita
995 5341 1292 5395 instituitur
1312 5338 1637 5395 Christiana.

188 5432 408 5499 Ineptas
437 5444 607 5488 autem
638 5444 686 5489 et
737 5436 900 5490 aniles
943 5435 1146 5505 fabulas
1192 5434 1385 5491 devita.
1430 5434 1583 5490 Fidei
1625 5434 1715 5491 vel

106 5527 369 5599 religioni
397 5544 500 5582 non
532 5536 707 5598 aptas.

187 5618 395 5675 Excrce
422 5618 594 5675 alitem
618 5621 838 5690 teipsum
857 5621 926 5675 ad
949 5620 1207 5689 pietatem.
1232 5620 1411 5676 Pietas
1432 5630 1534 5686 est,
1557 5622 1717 5677 etiam

108 5729 242 5770 cum
264 5721 355 5768 tua
384 5712 751 5783 tribulatione,
780 5713 903 5769 aliis
919 5714 1229 5782 subvenire,
1258 5714 1400 5771 sicut
1421 5715 1724 5787 Sareptana

110 5805 284 5862 vidua
313 5804 460 5861 fecit.

195 5898 341 5956 Nam
363 5899 653 5971 corporalis
678 5902 978 5961 exercitatio
1023 5904 1093 5960 ad
1138 5876 1399 5960 modicum
1446 5904 1590 5967 utilis
1636 5914 1728 5965 est.

1904 1982 2141 2056 Prtecipe
2164 1985 2297 2055 haec,
2323 1995 2371 2041 et
2397 1988 2542 2043 doce.
2568 1988 2831 2061 Prtecipe,
2861 2001 2919 2046 ut
2947 1993 3078 2048 fiant
3101 2011 3113 2047 :
3142 1994 3279 2050 doce
3299 2010 3437 2067 quo-

1828 2075 1992 2131 modo
2022 2077 2171 2146 fiant,
2207 2079 2291 2134 vel
2323 2080 2471 2150 quali
2502 2082 2726 2151 prtemio
2760 2086 3154 2141 rcmuneranda
3184 2087 3315 2143 sint.

1901 2168 2073 2224 Nemo
2100 2169 2495 2226 adolescentiam
2524 2181 2666 2228 tuam
2710 2184 3024 2231 contemnat.
3072 2177 3164 2233 Sic
3204 2193 3323 2249 age,
3373 2187 3434 2235 ut

1828 2261 2171 2317 admirationi
2205 2264 2308 2329 sis,
2332 2265 2643 2336 priusquam
2666 2270 2999 2339 contemptui
3021 2269 3292 2326 habearis.
3319 2273 3433 2328 lloc

1826 2357 1971 2409 enim
2003 2353 2083 2408 illi
2112 2356 2377 2426 praecipit,
2406 2358 2548 2429 quod
2572 2359 2624 2415 in
2652 2361 2794 2416 illius
2824 2372 3094 2433 potestate
3122 2366 3430 2421 constabat.

1900 2446 2007 2504 Sed
2036 2450 2325 2521 exemplum
2347 2460 2455 2505 esto
2484 2451 2737 2520 ﬁdelium.
2766 2453 2998 2510 Parvum
3026 2467 3109 2511 est
3131 2456 3429 2513 infidelium

1826 2555 1951 2599 esse
1977 2542 2242 2599 formam:
2274 2545 2415 2615 apud
2447 2561 2583 2616 quos
2622 2548 2711 2618 qui
2760 2550 3004 2618 graviora
3049 2550 3276 2606 crimina
3321 2566 3429 2608 non

1827 2634 2013 2700 habet,
2044 2651 2269 2707 magnus
2300 2637 2550 2694 habetur.
2584 2638 2698 2695 lloc
2742 2641 2967 2696 multum
3008 2652 3113 2711 est,
3164 2652 3223 2698 ut
3268 2643 3430 2699 talem

1828 2741 1887 2783 se
1912 2726 2185 2795 exhibeat,
2212 2744 2309 2798 per
2337 2746 2496 2800 quem
2529 2732 2689 2786 etiam
2723 2734 2892 2789 saneti
2920 2733 3223 2803 proficiant.

1896 2818 1966 2873 In
1993 2821 2163 2886 verba,
2192 2821 2246 2875 in
2269 2824 2669 2878 conversatione.
2699 2824 2844 2879 Nihil
2869 2825 3014 2881 aliud
3042 2826 3213 2897 magis
3238 2827 3425 2897 loqua-

1824 2911 1923 2978 ris,
1954 2927 2113 2983 quam
2142 2913 2357 2970 Domini
2386 2915 2631 2971 verbum.
2670 2916 2971 2973 Notandum
3010 2918 3135 2989 quia
3175 2918 3426 2976 fidelibus

1825 3011 1985 3064 etiam
2018 3010 2168 3065 verbi
2196 3011 2438 3081 praebere
2463 3012 2611 3082 cupit
2636 3013 2965 3083 exemplum.

1897 3101 1964 3156 In
1987 3101 2256 3157 charitate.
2276 3102 2345 3159 Ut
2367 3105 2673 3175 exemplum
2698 3106 2802 3161 illis
2822 3105 3130 3163 dilectionis
3152 3106 3425 3164 ostendat.

1896 3194 1965 3249 1η
1989 3196 2112 3265 ﬁde.
2143 3195 2445 3262 Catholica,
2480 3198 2565 3252 vel
2598 3198 2857 3269 perfecta.

1896 3285 1965 3340 In
2006 3288 2263 3342 castitate.
2312 3289 2507 3343 Mentis
2553 3300 2609 3345 et
2655 3292 2942 3362 corporis:
2988 3291 3145 3363 cujus
3192 3293 3422 3365 insignia

1820 3382 1982 3436 etiam
2012 3380 2275 3450 gravitate
2306 3380 2522 3436 habitus
2549 3381 2932 3451 praeferuntur.

1891 3473 2027 3553 Dum
2058 3474 2206 3528 venio
2235 3476 2442 3529 attende
2472 3475 2716 3541 lectioni,
2764 3476 3120 3534 exhortationi
3149 3488 3196 3535 et
3227 3482 3425 3537 doctri-

1819 3580 1919 3619 πω.
1954 3563 2080 3629 Fac,
2111 3564 2251 3635 lege,
2287 3565 2577 3623 exltortare
2618 3577 2675 3621 ut
2724 3568 2889 3623 tiant:
2939 3568 3096 3639 doce,
3144 3573 3419 3640 quomodo

1818 3657 2192 3729 intelligantur
2218 3658 2444 3715 obscura
2472 3676 2483 3715 :
2520 3668 2578 3715 ut
2604 3662 2813 3731 possint
2844 3662 2960 3719 ﬂeri
2986 3679 3105 3733 qum
3142 3664 3415 3735 leguntur.

1892 3750 2021 3805 Noti
2050 3750 2307 3824 negligere
2331 3752 2573 3824 gratiam,
2607 3768 2720 3823 qua:
2743 3754 2892 3809 estin
2927 3762 2995 3809 te.
3026 3753 3263 3828 Negligit
3292 3773 3419 3825 gra-

1821 3842 1971 3911 tiam,
1997 3843 2089 3913 qui
2118 3852 2399 3914 acceptum
2430 3844 2693 3900 talentum
2723 3861 2829 3900 non
2857 3854 3099 3903 exercet.

1893 3933 2023 3998 Qua:
2044 3933 2168 3987 data
2192 3944 2265 3988 est
2294 3934 2385 3988 tibi
2412 3951 2506 4005 per
2545 3936 2894 4009 prophetiam,
2934 3952 3053 3991 cum
3094 3937 3421 4010 impositione

1818 4044 2067 4083 manuum
2090 4027 2409 4099 presbyterii.
2434 4027 2739 4103 Pmphetiae
2763 4029 2993 4099 gratiam
3017 4029 3270 4098 habebat,
3293 4047 3416 4088 cum

1818 4120 2164 4176 ordinatione
2195 4118 2561 4193 episcopatus.

1890 4213 2021 4269 Παῖς
2050 4214 2317 4268 meditare.
2351 4213 2540 4272 Omnis
2576 4214 2720 4271 enim
2762 4214 3040 4287 profectus
3082 4232 3150 4274 ex
3186 4218 3418 4274 medita-

1820 4308 1969 4364 tione
1992 4307 2295 4363 descendit.

1894 4400 1962 4455 In
1993 4401 2074 4455 his
2097 4409 2221 4456 esto.
2251 4399 2371 4457 Non
2399 4401 2543 4458 enim
2571 4402 2769 4471 omnis,
2797 4403 2887 4476 qui
2931 4402 2983 4459 iu
3031 4401 3115 4459 his
3154 4410 3259 4474 est,
3298 4419 3417 4463 me-

1817 4492 2039 4548 ditatur.

1895 4586 1965 4641 Ut
1991 4587 2250 4659 profectus
2283 4596 2399 4642 tuus
2425 4587 2727 4659 manifestus
2750 4588 2815 4643 sit
2844 4586 3099 4644 omnibus.
3124 4587 3279 4647 Tunc
3305 4605 3421 4647 ma-

1742 4672 1797 4734 D
1822 4680 2051 4736 niiestus
2092 4682 2216 4750 erit,
2262 4682 2307 4736 si
2348 4682 2405 4738 in
2450 4682 2796 4739 meditatione
2826 4682 2899 4739 sis
2925 4698 3181 4756 semper:
3211 4694 3266 4743 et
3291 4702 3415 4743 cum

1825 4773 2146 4828 manifesms
2175 4772 2365 4842 fueris,
2392 4783 2650 4845 poterunt
2671 4774 2923 4848 exemplo
2953 4783 3047 4833 tuo
3083 4776 3150 4833 ad
3194 4778 3420 4835 meliora

1824 4865 2114 4937 proiicere.

1895 4960 2114 5015 Attende
2138 4960 2275 5015 enim
2304 4961 2414 5029 tibi,
2454 4970 2505 5018 et
2544 4960 2795 5018 doctrina:
2843 4962 2981 5017 insta
3030 4962 3085 5017 in
3130 4962 3257 5017 illis.
3311 4960 3430 5017 Hoc

1823 5054 1959 5109 enim
2002 5054 2219 5125 faciens,
2260 5064 2309 5109 et
2347 5055 2567 5125 teipsttm
2608 5054 2809 5109 salvum
2848 5056 3030 5127 facies,
3078 5062 3125 5108 et
3156 5070 3243 5108 eos
3268 5055 3356 5125 qni
3382 5065 3430 5108 te

1820 5153 2061 5207 audiunt.
2096 5153 2278 5208 Primo
2309 5153 2426 5220 tibi,
2460 5154 2655 5209 deinde
2682 5154 2944 5209 doctrina:
2972 5172 2984 5208 ε
3025 5162 3080 5207 ιιι
3123 5153 3325 5223 ubique
3376 5164 3433 5211 et

1815 5258 1938 5305 actu
1969 5249 2146 5305 salch
2178 5248 2334 5314 illos;
2365 5256 2420 5305 et
2446 5248 2692 5305 doctrina
2726 5248 2931 5319 pariter
2960 5254 3014 5302 et
3042 5246 3320 5316 exemplo.

2450 5343 2678 5400 CAPUT
2720 5343 2784 5397 V.

1894 5436 2164 5493 Seniorem
2213 5454 2276 5493 ne
2314 5438 2694 5510 increpaveris,
2728 5436 2816 5490 sed
2862 5436 3075 5491 obsecra
3108 5444 3161 5490 ttt
3208 5444 3430 5509 patrem.

1820 5529 1899 5587 Nc
1924 5530 2142 5603 indigne
2174 5532 2358 5587 ferens
2384 5546 2442 5587 se
2467 5547 2492 5584 a
2521 5532 2742 5601 juniorc
2772 5538 3105 5601 correptum,
3135 5545 3426 5600 exaspere-

1832 5633 1941 5693 tur,
1969 5633 2150 5681 etnon
2176 5627 2448 5696 proficiat;
2479 5624 2573 5680 scd
2605 5626 2854 5691 obsecra,
2886 5634 2943 5680 ut
2975 5639 3075 5680 suo
3101 5625 3251 5695 quasi
3282 5633 3435 5695 pater

1838 5720 2089 5790 exemplo
2122 5720 2361 5775 instituat
2387 5719 2655 5791 iuniores.

1907 5811 2129 5869 Iuvenes
2160 5824 2214 5867 ιιι
2241 5814 2447 5883 fratres.
2481 5812 2619 5880 Quia
2664 5813 2765 5872 hac
2802 5814 2887 5872 via
2925 5814 3151 5872 liberius
3190 5826 3438 5873 commo-

1850 5912 2066 5979 neutur,
2097 5905 2343 5965 similiter
2374 5914 2429 5970 et
2456 5916 2727 5981 sorores.)
