3978 6286
482 359 590 419 885

548 472 693 527 Anus
718 475 771 525 ut
800 475 1009 524 matres.
1042 465 1177 522 Cum
1210 466 1356 521 omni
1384 466 1711 521 reverentia.

548 560 865 621 Iuvenculus
893 568 948 615 ut
972 576 1195 628 sorores,
1220 559 1274 613 in
1295 559 1433 614 omni
1460 559 1716 614 castitate.
1752 557 1817 613 Et
1853 554 2067 623 mentis,

479 669 531 717 et
559 670 821 726 corporis.

555 752 753 807 Viduas
797 750 1015 805 honora.
1064 746 1378 808 Necessaria
1422 745 1737 819 prrebendo,
1767 745 1850 803 vel
1880 743 2075 801 solatio

478 843 833 903 confovendo.
944 898 947 901 ,

556 940 686 1007 Qua:
709 954 822 994 vere
853 936 1023 991 vidua:
1045 944 1184 991 sunt.
1220 935 1340 990 Illas
1370 950 1527 991 veras
1559 932 1749 990 viduas
1788 948 1912 990 esse
1937 932 2075 989 deli-

478 1031 633 1099 nivit,
675 1044 795 1103 quae
832 1028 1105 1086 universis
1143 1029 1290 1086 curis
1336 1034 1513 1085 exutae
1540 1035 1686 1096 sunt,
1723 1027 1872 1084 etab
1902 1027 2077 1083 omni-

477 1126 580 1183 bus
606 1123 888 1180 desolatze.

554 1218 616 1274 Si
642 1233 758 1289 qua:
787 1224 959 1271 autem
986 1215 1141 1270 vidua
1161 1216 1301 1287 ﬁlios
1330 1226 1419 1273 aut
1444 1226 1651 1289 nepotes
1690 1216 1839 1272 habet
1860 1234 1879 1273 :
1915 1216 2081 1273 discat

480 1311 706 1385 primum
734 1310 945 1364 domum
968 1326 1115 1364 suam
1142 1325 1338 1382 regere,
1363 1319 1411 1364 et
1436 1319 1668 1365 mutuam
1688 1309 1845 1365 ricem
1866 1309 2082 1365 reddere

480 1403 798 1473 parentibus.
832 1402 945 1458 Hoc
976 1403 1111 1457 enim
1140 1414 1406 1475 acceptum
1437 1415 1511 1460 est
1535 1422 1711 1460 coram
1741 1403 1872 1462 Deo.
1911 1403 2078 1460 Tam-

480 1498 571 1555 diu
602 1498 741 1570 regit
764 1496 1007 1564 domum,
1036 1494 1295 1567 quamdiu
1326 1497 1486 1553 docet
1516 1497 1657 1552 ﬁlios
1684 1496 1959 1568 parvulos,
1990 1503 2084 1552 aut

479 1601 728 1664 nepotes,
776 1600 835 1646 ut
870 1591 1013 1663 quod
1048 1607 1079 1647 a
1114 1592 1429 1663 parentibus
1455 1592 1669 1663 pietatis
1696 1592 1923 1661 accepit,
1957 1589 2084 1645 ﬁliis

479 1684 712 1740 reddat:
742 1683 812 1739 ita
847 1693 1050 1751 tamen,
1082 1692 1141 1739 ut
1167 1699 1271 1739 non
1302 1682 1402 1739 hac
1444 1682 1796 1739 excusatione
1841 1683 2084 1739 avaritia:

480 1776 715 1845 studeat,
749 1776 843 1832 sed
875 1775 1237 1833 sufﬁcientem
1270 1785 1475 1832 tantum
1508 1776 1609 1832 sibi
1633 1785 1898 1844 reservet,
1931 1784 1987 1833 et
2018 1790 2085 1833 ne

484 1871 671 1927 liberis
690 1870 806 1942 ejus
840 1871 953 1941 ipsa
980 1870 1322 1928 occasionem
1346 1871 1439 1928 det
1463 1871 1662 1927 sarculo
1694 1870 1994 1928 serviendi.

557 1965 686 2034 Qua:
714 1976 885 2021 autem
914 1981 1027 2021 vere
1066 1966 1223 2021 vidua
1269 1977 1367 2033 est,
1417 1973 1462 2020 et
1512 1965 1767 2033 desolata,
1822 1974 1987 2037 speret
2029 1966 2084 2021 in

486 2059 675 2131 Deum,
704 2070 751 2115 et
774 2061 928 2116 instet
957 2060 1393 2117 obsecrationibus
1422 2068 1469 2113 et
1497 2058 1817 2114 orationibus
1844 2065 1992 2113 nocte
2026 2075 2085 2113 ac

487 2157 591 2210 die.
645 2155 833 2224 Qualis
875 2164 991 2210 erat
1035 2154 1190 2211 Anna
1238 2152 1345 2209 lilia
1377 2151 1644 2221 Phanuel,
1669 2152 1810 2209 tales
1843 2149 2089 2223 praecipit

490 2250 765 2306 honorari.

561 2342 700 2397 Nam
723 2359 836 2414 qua:
859 2344 910 2396 in
937 2338 1137 2397 deliciis
1160 2350 1234 2396 est
1254 2341 1448 2408 vivens,
1474 2348 1677 2394 mortua
1697 2349 1791 2394 est.
1816 2335 2089 2409 Quidquid

488 2435 709 2492 modum
749 2444 956 2490 naturae
986 2433 1221 2502 excedit,
1255 2433 1466 2488 deliciis
1493 2432 1806 2503 deputatur.
1841 2430 1940 2485 Hic
1972 2444 2089 2484 ma-

489 2532 639 2586 xime
668 2530 835 2585 nosn'i
870 2530 1128 2600 temporis
1154 2528 1344 2582 viduas
1372 2527 1561 2598 tangit,
1596 2542 1714 2597 qua:
1745 2539 1868 2579 cum
1916 2522 2093 2579 homi-

488 2639 613 2680 nem
657 2638 768 2678 sua:
814 2630 1025 2677 natura:
1072 2622 1449 2693 qualicumque
1478 2633 1656 2690 panno
1690 2632 1796 2673 non
1827 2616 2087 2687 vestiant,

488 2715 724 2787 parietes
752 2714 1004 2786 pretiosis
1032 2728 1363 2769 marmorum
1391 2708 1590 2768 ciustis
1617 2718 1901 2766 exornant.

562 2807 632 2863 Et
664 2810 759 2863 hoc
796 2810 1039 2881 praecipe,
1076 2816 1133 2861 ut
1180 2802 1659 2878 irreprehensibiles
1714 2804 1839 2859 sint.
1891 2800 2095 2857 Notan-

492 2903 619 2960 dum
643 2902 1148 2975 irreprehensibiles
1177 2916 1272 2958 eas
1303 2909 1411 2955 tam
1444 2913 1622 2971 posse,
1656 2912 1818 2968 quam
1847 2910 1968 2953 esse
1993 2894 2092 2951 de-

488 2997 642 3054 bere.

565 3090 627 3147 Si
654 3092 768 3164 quis
812 3098 984 3145 autem
1030 3104 1264 3154 suorum,
1312 3096 1359 3142 et
1405 3088 1627 3143 maxime
1672 3086 2090 3153 domesticorum,

492 3202 668 3243 curam
694 3202 796 3239 non
823 3183 990 3251 habet,
1020 3182 1176 3253 ﬁdem
1199 3181 1417 3252 negavit,
1449 3189 1496 3235 et
1525 3186 1597 3235 est
1624 3178 1824 3249 inﬁdeli
1849 3177 2089 3233 deterior.

1521 351 1579 408 S.
1625 345 2006 407 ﬂIrJRONYMl
2042 345 2331 407 OPERUM
2374 349 2737 410 MANTISSA.

3679 349 3784 406 εει

2102 463 2155 525 Α
2180 462 2309 521 llaec
2358 466 2542 538 regula
2589 482 2698 524 non
2726 465 2906 523 solum
2936 466 2993 523 iu
3028 463 3222 533 viduis,
3256 464 3350 521 sed
3402 466 3455 522 in
3485 465 3784 537 virginibus

2177 557 2600 627 continentibus,
2632 576 2753 633 quae
2783 561 3015 631 primam
3044 559 3203 616 ﬁdem
3250 558 3463 615 irritam
3510 561 3783 629 fecerunt,

2179 651 2531 724 intelligenda
2562 660 2666 709 est.

2250 744 2426 800 Simul
2461 756 2635 801 autem
2678 755 2727 802 et
2771 749 2953 803 otiosa:
3001 746 3208 802 discunt
3258 747 3532 801 circumire
3576 749 3781 802 domos.

2181 837 2374 894 Divino
2417 838 2639 896 minime
2674 840 2873 896 timore
2900 838 3158 906 detenta},
3192 854 3292 895 nec
3318 839 3499 894 mariti
3528 839 3784 910 potestati

2178 931 2483 1004 subjectae,
2541 932 2792 1004 nullaque
2845 947 2975 989 cura
3031 931 3345 988 domestica:
3413 932 3785 1003 occupationis

2181 1026 2443 1083 astricta).

2256 1120 2381 1177 Non
2411 1121 2580 1178 solum
2610 1123 2813 1189 otiosaz,
2845 1122 2934 1178 sed
2974 1129 3022 1177 et
3068 1120 3309 1187 verbosa,
3340 1128 3389 1176 et
3433 1120 3676 1188 curiose,
3714 1120 3784 1174 lo-

2181 1226 2412 1289 quentes,
2438 1234 2553 1288 qute
2574 1234 2677 1273 non
2700 1225 2921 1290 oportet.
2947 1216 3085 1272 Dum
3109 1216 3403 1272 voluntatis
3429 1231 3542 1271 sua:
3566 1216 3783 1284 cupiunt

2182 1311 2432 1383 praebere
2457 1312 2788 1383 exemplum.

2263 1403 2397 1460 Volo
2423 1414 2594 1461 autem
2610 1408 2852 1480 juniores
2880 1405 3092 1470 nubere,
3118 1402 3257 1475 filios
3282 1418 3580 1474 procreare.
3616 1401 3780 1457 Volo:

2186 1500 2308 1573 quia
2339 1516 2565 1559 necesse
2590 1510 2675 1557 est
2696 1513 2755 1556 ut
2784 1500 2917 1557 tales
2946 1507 3072 1557 ante
3095 1501 3199 1555 hoc
3222 1499 3439 1565 faciant,
3466 1513 3635 1569 quam
3662 1496 3779 1553 illud

2186 1596 2506 1666 promittant
2530 1595 2687 1651 :inde
2701 1595 2743 1649 si
2763 1602 3116 1665 transgressae
3135 1592 3359 1661 fuerint,
3383 1591 3776 1647 damnationem

2188 1690 2496 1761 acquirunt.

2262 1781 2459 1837 Matres
2486 1782 2716 1852 familias
2741 1799 2870 1837 esse.
2903 1782 3102 1838 Matres
3144 1779 3375 1836 familias
3399 1777 3509 1836 dici
3534 1787 3773 1850 possunt,

2114 1865 2164 1927 B
2191 1876 2358 1932 etiam
2383 1891 2504 1948 qua:
2534 1876 2670 1931 duos
2702 1876 2927 1941 habent,
2962 1874 3049 1931 vel
3080 1883 3190 1929 tres
3216 1886 3445 1930 servos:
3494 1872 3599 1930 hoc
3644 1870 3780 1937 dicit,

2187 1984 2258 2026 ne
2285 1984 2355 2024 ex
2390 1969 2497 2024 hoc
2525 1969 2747 2024 nomine
2776 1968 2999 2023 avaritia
3030 1965 3373 2023 defendatur.

2261 2063 2485 2119 Nullam
2508 2064 2826 2117 occasionem
2849 2062 2974 2116 dare
2993 2060 3315 2127 adversario,
3331 2057 3600 2113 maledicti
3614 2057 3781 2131 gratia.

2188 2157 2248 2215 Si
2280 2157 2678 2214 incontinentes
2708 2168 2835 2211 sunt
2863 2175 2874 2210 :
2908 2154 2991 2211 vel
3026 2170 3093 2211 ne
3124 2169 3222 2226 per
3251 2153 3374 2210 illas
3412 2152 3604 2223 religio
3641 2151 3771 2207 blas-

2190 2252 2501 2324 phemetur.

2260 2344 2384 2399 Jam
2405 2345 2538 2401 enim
2560 2344 2797 2414 qutedam
2819 2359 3081 2399 conversae
3096 2351 3214 2397 sunt
3230 2350 3369 2396 retro
3392 2350 3505 2412 post
3526 2339 3781 2396 Satanam.

2192 2435 2391 2492 Reddit
2419 2450 2613 2491 causas
2642 2452 2812 2507 quare
2844 2451 2934 2491 eas
2967 2435 3173 2491 nubere
3204 2434 3346 2490 velle
3371 2432 3691 2504 prazdixerit,
3723 2448 3786 2486 ne

2193 2543 2319 2586 eum
2358 2538 2678 2600 putaremus
2722 2541 2947 2600 optare:
3003 2529 3130 2601 quia
3178 2529 3427 2599 quaedam
3477 2526 3784 2597 promissum

2192 2619 2532 2693 propositum
2564 2620 2674 2675 Deo
2707 2637 2811 2675 non
2841 2620 3150 2688 reddentes,
3183 2619 3397 2675 fuerant
3426 2618 3717 2674 fornicata.

2268 2716 2333 2772 Si
2359 2717 2477 2788 quis
2508 2715 2682 2784 ﬁdelis
2729 2715 2881 2771 habet
2926 2717 3133 2781 viduas,
3182 2714 3531 2770 subministrat
3574 2712 3698 2780 illis,
3740 2721 3787 2763 at

2195 2826 2302 2865 non
2320 2817 2560 2881 gravetur
2582 2808 2843 2863 Ecclesia.
2868 2807 2924 2863 ln
2948 2809 3111 2864 domo
3128 2808 3366 2878 propria,
3389 2815 3445 2861 ut
3465 2803 3785 2877 parentibus.

2272 2899 2341 2957 Ut
2370 2901 2447 2955 his
2472 2916 2587 2971 qutc
2613 2916 2724 2956 vere
2749 2903 2921 2955 vidua:
2942 2908 3083 2968 sunt,
3112 2899 3347 2971 sufﬁciat.
3375 2898 3509 2967 Qua:
3531 2904 3662 2954 sunt
3682 2911 3785 2953 0m-

2198 2995 2347 3052 nium
2377 2995 2579 3051 auxilio
2609 2996 2893 3052 desolatas.

2272 3091 2378 3158 Qui
2405 3091 2527 3147 bene
2555 3100 2785 3161 praesunt
2808 3089 3111 3163 presbyteri.
3156 3088 3259 3159 Qui
3297 3089 3528 3160 implent
3564 3084 3784 3144 ofﬁcium

2195 3200 2354 3244 suum
2365 3229 2377 3242 .

492 3280 548 3336 Si
578 3278 699 3349 quis
729 3276 918 3332 viduas
946 3248 1152 3347 abjicit,
1182 3248 1279 3329 aut
1303 3272 1559 3343 pupillos,
1604 3248 1691 3326 vel
1720 3270 1953 3326 maxime
1994 3283 2082 3341 pa-

2270 3280 2483 3352 Duplici
2541 3278 2735 3334 honore
2791 3278 2937 3352 digni
2995 3277 3306 3334 habeantur.
3362 3275 3435 3331 Et
3486 3273 3691 3342 ofﬁcii,
3738 3279 3784 3329 et

493 3380 678 3427 rentes
710 3380 763 3426 et
796 3381 1081 3441 pauperes,
1111 3366 1352 3423 deterior
1377 3374 1461 3423 est
1493 3362 1731 3420 infideli:
1763 3364 1887 3436 quia
1915 3372 1970 3420 et
2010 3361 2093 3419 illi

491 3462 694 3519 habent
731 3462 1049 3518 naturaliter
1077 3460 1217 3516 circa
1250 3459 1528 3531 proximos
1556 3459 1832 3530 pietatem.
1868 3457 2015 3524 Sive,
2047 3457 2093 3512 si

492 3573 596 3627 qua
628 3555 783 3610 vidua
816 3554 955 3610 ﬁlios
984 3553 1258 3623 orphanos
1302 3553 1557 3624 negligat,
1607 3551 1764 3622 hujus
1809 3550 2095 3607 sententia:

494 3648 699 3705 crimen
733 3646 979 3701 incurrit.
1017 3645 1188 3700 Simul
1235 3644 1550 3711 notandum,
1597 3644 1857 3715 quosdam
1907 3643 2096 3700 ﬁdeles

494 3740 738 3807 nomine,
767 3739 857 3810 qui
885 3737 1195 3794 inﬁdelibus
1225 3736 1637 3791 conversatione
1686 3735 1899 3807 pejores
1942 3746 2091 3791 sunt.

572 3834 744 3889 Vidua
767 3834 987 3905 eligatur
1017 3849 1119 3887 non
1150 3832 1313 3885 minus
1352 3832 1621 3901 sexaginta
1657 3846 1936 3895 minarum,
1981 3845 2095 3901 quae

495 3928 651 4000 fuerit
694 3928 845 3982 unius
873 3927 968 3982 viri
996 3943 1145 3981 uxor.
1178 3925 1337 3981 Tales
1366 3925 1537 3980 voluit
1562 3923 1686 3995 eligi
1733 3924 2090 3996 diaconissas,

497 4039 617 4094 qua:
644 4022 896 4078 omnibus
924 4030 1105 4077 essent
1130 4021 1441 4091 exemplum
1471 4018 1710 4075 vivendi.

566 4117 635 4171 In
663 4117 899 4191 operibus
936 4115 1102 4169 bonis.
1151 4115 1206 4172 Si
1250 4131 1317 4170 ex
1370 4126 1611 4185 tempore
1660 4112 1935 4169 viduitatis
1983 4129 2093 4171 sua:

494 4210 598 4266 iSIa
627 4208 804 4266 omnia
832 4208 1146 4266 custodivit.

564 4305 935 4362 Testimonium
963 4304 1171 4359 habens.
1200 4301 1351 4359 Sicut
1377 4301 1628 4358 Tabilha.

568 4397 626 4452 Si
654 4399 791 4468 ﬁlios
821 4398 1079 4453 educavit.
1112 4395 1470 4463 Subauditur,
1508 4396 1636 4451 Deo.

569 4489 632 4544 Si
660 4489 882 4560 hospitio
904 4492 1111 4563 recepit,
1144 4490 1187 4544 si
1217 4500 1517 4544 sanctorum
1546 4487 1699 4559 pedes
1722 4488 1867 4542 lavit.
1900 4484 1958 4543 Si
1983 4501 2090 4543 non

490 4576 669 4638 solum
718 4580 1037 4637 humilitatis
1075 4581 1239 4637 habet
1284 4580 1548 4652 insignia:
1598 4578 1685 4635 cui
1740 4595 1844 4633 non
1890 4578 2094 4634 sufﬁcit

2198 3374 2478 3430 doctrinm.

2270 3467 2501 3523 Maxime
2522 3468 2611 3539 qui
2637 3467 2873 3521 laborant
2897 3467 2947 3521 in
2972 3465 3149 3532 verbo,
3171 3474 3217 3520 et
3239 3464 3498 3519 doctrina.
3522 3460 3640 3517 Non
3662 3458 3785 3517 dixit

2196 3564 2460 3629 omnium,
2494 3564 2585 3634 qui
2628 3562 2827 3619 habent
2872 3561 3119 3627 verbum,
3170 3558 3267 3613 sed
3310 3558 3401 3627 qui
3452 3546 3690 3611 laborant
3734 3552 3782 3607 in

2196 3657 2383 3713 verbo.
2416 3654 2684 3712 Caeterum
2717 3670 2905 3710 omnes
2934 3651 3199 3708 habentes
3228 3647 3479 3720 praecipit
3523 3646 3781 3702 ordinare.

2200 3752 2219 3803 7
2269 3749 2409 3803 Dicit
2439 3749 2575 3804 enim
2604 3748 2921 3818 Scriptura:
2956 3745 3079 3800 Non
3106 3742 3390 3816 infrenabis
3416 3758 3473 3797 os
3506 3739 3616 3795 bovi
3642 3740 3783 3793 tritu-

2196 3846 2373 3900 ranti:
2403 3854 2477 3912 et,
2513 3841 2718 3916 Dignus
2744 3852 2817 3897 est
2848 3841 3118 3914 aperarius
3145 3836 3382 3893 mercede
3411 3853 3527 3891 sua.
3551 3833 3675 3890 Vult
3712 3832 3783 3887 illi

2195 3948 2459 4011 praestare
2501 3938 2758 4006 carnalia,
2800 3952 2831 3991 a
2878 3936 3073 4007 quibus
3120 3934 3214 3990 alii
3261 3931 3563 4004 spiritualia
3608 3945 3787 3987 conse-

2195 4040 2470 4103 quuntur:
2502 4030 2626 4102 quia
2654 4028 2901 4100 occupati
2933 4030 2985 4083 in
3030 4027 3301 4093 doctrina,
3341 4022 3651 4081 necessaria
3692 4020 3783 4077 sibi

2195 4123 2484 4196 providere
2513 4137 2617 4178 non
2653 4129 2899 4193 possunt.

2267 4217 2524 4271 Adversus
2573 4217 2926 4287 presbyterum
2975 4212 3356 4268 accusationem
3396 4210 3506 4265 noli
3552 4211 3785 4281 recipere,

2194 4310 2295 4365 nisi
2321 4308 2416 4364 sub
2438 4307 2639 4362 duobus
2667 4316 2757 4360 aut
2784 4305 2948 4360 tribus
2976 4304 3209 4359 testibus.
3240 4302 3502 4373 Injustum
3531 4310 3616 4357 est
3638 4300 3785 4356 etiam

2194 4402 2456 4458 adversus
2487 4400 2683 4456 laicum
2711 4399 3109 4455 accusationem
3134 4397 3401 4467 recipere,
3426 4411 3550 4451 cum
3575 4393 3677 4450 hoc
3699 4408 3789 4447 nec

2194 4496 2482 4550 saeculares
2532 4492 2767 4549 faciant:
2820 4500 3025 4565 quanto
3074 4491 3248 4562 magis
3290 4490 3548 4545 adversus
3583 4486 3787 4544 Domini

2194 4586 2534 4643 sacerdotem
2561 4586 2575 4639 l

493 4674 728 4747 hospitio
758 4674 1056 4744 suscipere,
1086 4676 1181 4733 sed
1223 4678 1383 4733 etiam
1434 4690 1596 4731 manu
1644 4675 1857 4746 propria
1911 4647 2172 4731 lavareD
2270 4677 2556 4733 Peccantes
2586 4694 2761 4732 coram
2782 4676 3021 4733 omnibus
3048 4690 3227 4747 argue.
3272 4670 3330 4730 Si
3371 4670 3443 4728 de
3485 4670 3588 4727 illis
3632 4669 3787 4727 fuerit

491 4770 762 4840 hospitum
797 4767 979 4838 pedes.

564 4863 627 4919 Si
656 4861 1040 4917 tribulationem
1062 4862 1368 4931 patientibus
1387 4863 1813 4919 subministravit.
1840 4862 1954 4920 lloc
1980 4873 2083 4934 est,

490 4959 546 5014 in
583 4972 804 5014 carcere
833 4955 1044 5028 positis,
1074 4954 1159 5010 vel
1192 4958 1429 5026 aegrotis.

560 5049 623 5104 Si
653 5067 801 5105 omne
830 5066 958 5121 opus
984 5048 1173 5103 bonum
1221 5047 1493 5104 subsecuta
1535 5058 1631 5105 est.
1678 5048 1924 5109 Breviter
1967 5049 2086 5108 uni-

486 5156 644 5197 versa
672 5145 958 5200 conclusit.

560 5233 995 5292 Adolescentiores
1043 5243 1212 5291 autem
1255 5235 1435 5290 viduas
1482 5237 1665 5292 devita.
1732 5237 1915 5293 Devita
1961 5237 2082 5295 aliis

485 5325 787 5382 ministerio
806 5329 1122 5387 diaconatus
1146 5345 1481 5402 praiponere,
1508 5347 1575 5388 ne
1598 5333 1795 5387 malum
1820 5348 1915 5403 pro
1936 5331 2079 5389 bono

478 5421 640 5479 detur
666 5422 996 5491 exemplum.

555 5519 684 5575 Cum
713 5518 849 5574 enim
875 5517 1155 5575 lnxztriatte
1184 5524 1396 5592 fuerint,
1450 5524 1503 5578 in
1534 5523 1738 5579 Christo
1762 5524 1952 5577 nubere
1990 5540 2076 5578 vo—

476 5615 613 5669 lunt.
647 5615 779 5670 Cum
811 5612 912 5669 sub
956 5627 1021 5667 eo
1070 5621 1312 5683 tempore
1364 5616 1636 5686 religionis
1687 5616 2074 5671 abutnlantiam

476 5705 788 5775 habuerint,
820 5721 940 5778 quin
968 5721 1109 5776 δερμα
1140 5707 1274 5759 solet
1308 5723 1568 5776 generare
1605 5708 1775 5761 lmnri
1800 5725 1890 5760 un.

547 5797 807 5854 Habentes
834 5799 1242 5866 damnationem,
1272 5800 1391 5866 quia
1423 5802 1643 5871 primum
1678 5800 1829 5869 ﬁdem
1873 5800 2072 5855 irritant

467 5893 723 5962 fecerunt.
756 5891 889 5960 Qua:
923 5906 984 5952 se
1021 5892 1213 5950 viduas
1260 5892 1626 5961 promiserant
1663 5909 2067 5966 peruiausuras.

2196 4771 2632 4842 comprobatum.
2710 4841 2717 4845 _
2758 4838 2794 4845 __
3028 4839 3047 4845 μ

2271 4872 2340 4929 Ut
2384 4872 2557 4928 cwteri
2598 4871 2836 4926 timorem
2876 4869 3120 4925 habeant.
3171 4866 3433 4925 Videntes
3488 4874 3540 4922 te
3588 4864 3785 4922 nemini

2190 4990 2520 5049 pepercxsse.

2264 5078 2445 5134 Testor
2469 5092 2645 5132 coram
2672 5074 2805 5142 Deo,
2832 5084 2880 5130 et
2907 5072 3113 5129 Christo
3136 5071 3291 5138 Jesu,
3321 5077 3369 5125 et
3401 5069 3571 5124 electis
3590 5068 3783 5141 angelis

2188 5184 2325 5257 ejus,
2378 5192 2434 5237 ut
2478 5180 2588 5235 htec
2634 5177 2894 5232 custodias
2938 5176 3050 5243 sine
3096 5172 3423 5245 pratjudicio.
3476 5170 3784 5226 Obtestatur

2188 5286 2341 5342 illum
2371 5284 2549 5339 divina
2579 5290 2635 5338 et
2658 5278 2868 5336 cmlesti
2899 5276 3297 5345 testiﬁcatione,
3334 5283 3395 5330 ut
3424 5273 3570 5330 nulla
3592 5271 3679 5327 illi
3702 5285 3785 5326 res

2186 5385 2503 5458 pra'judicet
2543 5382 2608 5436 ad
2651 5383 2751 5437 ista
2796 5378 3085 5445 servanda,
3124 5392 3226 5434 nec
3267 5377 3426 5433 electi
3464 5374 3669 5448 angeli,
3699 5371 3783 5444 qui

2186 5490 2355 5546 sacris
2385 5486 2646 5541 assistunt
2674 5482 2957 5538 altaribus.

2255 5589 2410 5645 Nihil
2435 5587 2628 5659 faciens
2658 5588 2707 5642 in
2736 5585 2955 5642 alteram
2989 5594 3184 5654 partem
3228 5561 3559 5641 declinando.
3597 5579 3781 5651 Neque

2176 5693 2234 5749 in
2263 5691 2562 5756 dexteram,
2594 5704 2766 5761 neque
2795 5687 2849 5744 in
2880 5688 3177 5743 sinistram.

2250 5791 2439 5849 Manus
2463 5792 2565 5847 cito
2586 5792 2773 5848 nemini
2796 5789 3123 5861 inposueris.
3153 5786 3263 5843 Nisi
3291 5786 3457 5842 talem
3485 5782 3774 5849 inveneris,

2174 5895 2393 5971 qualem
2421 5895 2554 5956 dixi.
