3978 6286
219 317 330 375 885

835 266 1380 375 COMMENTARIUS
1418 315 1483 375 IN
1528 311 1917 375 EPISTOLAM
1954 316 1975 373 Ι
2019 316 2112 373 AD
2151 315 2589 378 TiMO'l‘liEUM.
2629 319 2783 377 CAP.
2831 321 2917 379 Vl.

3428 325 3534 385 886

295 440 483 512 Neque
521 438 971 495 communicaveris
1012 438 1231 507 peccatis
1267 438 1473 493 alienis.
1514 438 1827 495 Communi-
1858 434 1913 498 A
2013 436 2433 494 Ezistimantium
2462 448 2715 510 quaestum
2756 457 2865 496 esse
2903 441 3165 513 pietatem.
3214 443 3315 510 Qui
3346 454 3538 515 putant

218 548 349 589 care
385 548 508 590 eum
538 533 670 589 dicit
700 534 965 604 peccatis,
998 529 1089 603 qui
1118 544 1223 585 non
1255 530 1514 603 probatus
1544 531 1708 588 fuerit
1736 545 1832 587 or-

216 626 463 683 dinatus.

294 720 539 793 Teipsum
570 730 768 776 castum
789 721 1007 775 custodi.
1032 719 1150 777 Non
1183 719 1320 777 alios
1345 717 1615 775 custodire
1646 716 1835 789 praeci-

218 814 332 884 pit,
378 822 436 867 ut
483 813 653 883 possit
681 812 942 868 audenter
972 828 1200 884 arguere
1225 812 1623 883 delinquentes.

296 903 429 959 Noli
470 904 647 958 adhuc
676 920 866 973 aquam
898 906 1097 971 bibere,
1126 905 1216 959 sed
1260 906 1465 961 modico
1495 906 1610 958 vino
1658 913 1830 971 utere,

220 1009 439 1071 prapter
461 997 782 1053 stomachum
816 1007 958 1051 tuum
982 1039 995 1063 ,
1022 1008 1066 1052 et
1092 998 1380 1071 frrquentes
1410 1006 1527 1051 tuos
1553 996 1833 1065 inﬁrmita—

217 1100 319 1146 tcs.
345 1089 426 1145 Ne
455 1097 670 1160 putaret
693 1090 855 1145 etiam
888 1088 1231 1145 absrinentia:
1258 1103 1317 1144 se
1344 1089 1573 1143 formam
1600 1086 1830 1141 inﬁrmis

216 1183 353 1239 dare
396 1180 634 1237 debere:
667 1183 904 1237 maxime
949 1196 1068 1236 cum
1115 1180 1350 1237 audierit
1380 1197 1408 1234 a
1441 1180 1701 1250 magistro
1746 1177 1830 1234 dl-

217 1284 417 1333 cente:
450 1274 705 1329 omnibus
732 1274 933 1329 bonum
964 1287 1087 1329 esse
1118 1290 1223 1328 non
1271 1272 1457 1329 bibere
1486 1274 1689 1326 vinum.
1724 1270 1825 1325 Dat

218 1382 355 1437 ergo
378 1366 427 1422 ei
451 1365 761 1434 consilium,
782 1373 839 1418 ut
858 1364 1681 1433 plusdoctrimccausam,quam
1705 1362 1830 1415 abs-

220 1458 470 1515 tinentia:
520 1468 679 1515 curet
716 1465 814 1513 :et
840 1457 1002 1513 simul
1039 1458 1275 1514 ostendit
1322 1471 1456 1528 quas
1483 1456 1828 1512 inﬁrmitates

219 1562 601 1608 creaturarum
633 1549 903 1606 medicina
934 1550 1106 1619 possit
1135 1563 1355 1605 sanare.

296 1645 657 1713 Quorumdam
678 1643 947 1699 hominum
974 1651 1181 1716 peccata
1211 1644 1485 1715 manifesta
1515 1650 1632 1695 sunt
1654 1681 1668 1707 ,
1692 1653 1829 1713 pra:-

214 1739 459 1795 cedentia
478 1737 546 1793 ad
564 1736 848 1812 judicium.
875 1737 1079 1795 Delecti
1106 1736 1647 1794 excommunicantur
1671 1754 1683 1790 :
1708 1737 1825 1792 sive

217 1830 398 1901 plagis
430 1828 794 1900 praesentibus
821 1829 1176 1884 damnantur.

293 1922 653 1993 Quorumdam
677 1932 849 1978 autem
876 1932 925 1978 et
952 1922 1349 1994 subsequuntur.
1384 1921 1440 1977 in
1467 1920 1650 1977 futuro
1674 1919 1824 1991 judi-

217 2016 339 2072 cio:
391 2016 507 2073 sive
532 2015 620 2072 hic
645 2014 737 2071 diu
768 2015 934 2073 latere
962 2032 1070 2072 non
1099 2024 1347 2087 possunt.
1396 2013 1513 2071 Non
1565 2027 1697 2085 ergo
1725 2012 1820 2071 de-

218 2109 357 2166 bent
375 2108 535 2165 facile
551 2108 816 2164 ordinari.

292 2200 555 2257 Similiter
577 2209 622 2255 et
654 2205 796 2272 facta
821 2199 955 2254 bona
986 2198 1263 2268 manifesta
1288 2206 1444 2265 sunt,
1469 2207 1516 2251 et
1542 2211 1658 2270 quia
1676 2195 1830 2251 aliter

224 2309 277 2349 se
300 2294 512 2359 habent,
536 2292 789 2348 abscondi
810 2308 915 2347 non
930 2302 1164 2364 possunt.
1191 2291 1306 2347 Non
1334 2290 1481 2347 enim
1509 2296 1692 2361 potest
1713 2289 1829 2345 abso

221 2387 386 2443 condi
433 2386 627 2442 civitas
660 2401 822 2457 supra
855 2393 1098 2441 montem
1128 2384 1303 2456 posita
1338 2401 1352 2439 :
1386 2383 1480 2439 sed
1512 2382 1679 2439 etiam
1708 2396 1828 2453 qua:

225 2480 292 2536 ad
320 2488 537 2553 tempus
563 2478 769 2551 latent,
804 2493 910 2534 non
947 2487 1173 2550 possunt
1206 2476 1408 2533 diutius
1435 2474 1720 2532 occultari.

838 2634 1072 2693 CAPUT
1114 2634 1202 2690 Vl.

304 2772 630 2842 Quicumque
654 2779 779 2825 sunt
807 2769 902 2826 sub
936 2773 1070 2843 jugo
1096 2769 1258 2835 servi,
1283 2768 1515 2823 dominos
1543 2783 1663 2822 suos
1690 2767 1838 2824 omni

225 2867 425 2921 honore
476 2865 663 2938 dignos
712 2864 1045 2921 arbitrentur.
1096 2863 1214 2920 Non
1270 2864 1445 2919 solum
1503 2862 1828 2931 bonos,sed

226 2957 392 3013 etiam
420 2955 691 3012 inﬁdeles.

298 3047 385 3103 Ne
406 3064 593 3103 nomen
622 3046 832 3102 Domini
880 3056 927 3103 et
958 3047 1197 3102 doctrina
1224 3047 1623 3122 blasphemetur.
1652 3046 1729 3103 Ne
1751 3046 1833 3102 vi-

227 3139 462 3197 deantur
495 3155 591 3211 per
620 3141 940 3210 religionem
967 3140 1020 3195 in
1050 3141 1291 3195 deterius
1336 3140 1652 3212 profecisse.

1939 541 2180 603 quaestus
2212 532 2298 587 sui
2324 547 2485 587 causa
2505 575 2519 600 ,
2547 549 2747 589 novum
2775 535 2995 590 venisse
3024 535 3459 594 Testamentum.

2011 622 2105 677 Est
2125 634 2295 678 autem
2322 634 2543 695 quaestus
2572 643 2808 698 magnus,
2842 630 3005 697 pietas
3033 644 3148 683 cum
3191 630 3531 700 sufficientia.

1938 715 2157 771 Multum
2189 716 2441 788 inquirit,
2471 720 2558 790 qui
2594 719 2757 775 habet
2784 720 3036 789 pietatem
3063 737 3075 774 :
3101 736 3223 777 cum
3254 722 3533 778 sufﬁcien-

1939 811 2010 866 tia
2035 855 2049 880 ,
2084 827 2191 867 non
2229 812 2487 879 luxuriae,
2532 813 2629 869 sed
2659 825 2865 869 natura:
2896 822 2998 870 est.
3030 812 3155 871 Sive
3192 815 3333 871 sicut
3362 817 3535 886 pictas

1938 915 2022 963 est
2054 907 2262 961 cultura
2289 906 2423 973 Dei;
2454 907 2528 961 ita
2554 904 2805 977 impietas
2834 915 2919 962 est
2943 916 3305 978 contemptus.

2010 1000 2161 1055 Nihil
2190 1002 2326 1056 enim
2371 1000 2635 1055 intulimus
2664 1001 2719 1055 in
2745 1002 2877 1054 hunc
2905 1001 3189 1056 mundum:
3238 1002 3378 1055 haud
3428 1001 3531 1055 du-

1936 1093 2105 1158 bium,
2129 1092 2248 1163 quia
2295 1108 2387 1145 nec
2416 1098 2623 1165 auferre
2651 1092 2774 1163 quid
2803 1109 3092 1165 possumus.
3122 1094 3261 1149 Nudi
3306 1096 3417 1151 nati
3444 1111 3536 1151 su-

1934 1198 2088 1249 mus,
2139 1183 2263 1237 nudi
2296 1184 2458 1237 etiam
2492 1182 2760 1239 morituri.
2805 1183 3075 1255 Quidquid
3110 1184 3197 1240 hic
3231 1184 3527 1253 invenitur,

1935 1277 2024 1333 hic
2050 1278 2391 1350 relinquetur
2416 1297 2427 1331 :
2455 1293 2565 1333 non
2594 1287 2677 1335 est
2706 1286 2950 1333 nostrum
2970 1321 2983 1345 ,
3012 1280 3154 1349 quod
3186 1295 3289 1335 non
3315 1295 3533 1350 semper

1934 1380 2179 1427 nostrum
2209 1378 2315 1425 est.
2341 1370 2635 1442 Tamquam
2666 1372 2939 1443 peregrini
2966 1387 3095 1442 ergo
3117 1372 3403 1428 sufficienti
3430 1388 3532 1428 usn

1932 1465 2173 1519 contenti
2206 1462 2379 1518 simus
2410 1481 2423 1518 :
2457 1463 2575 1519 illas
2601 1462 2821 1519 divitias
2864 1466 3240 1533 acquiramus,
3268 1480 3402 1535 quas
3431 1481 3534 1521 no-

1931 1554 2141 1610 biscum
2173 1553 2239 1610 ad
2269 1555 2549 1611 caelestem
2581 1554 2815 1625 patriam
2848 1555 2989 1612 ferre
3022 1555 3313 1627 possimus.

2003 1647 2267 1704 Habentes
2285 1657 2456 1703 autem
2480 1650 2748 1716 alimenta,
2762 1658 2810 1704 et
2832 1649 3015 1718 quibus
3037 1659 3290 1721 tegamur,
3310 1651 3392 1707 his
3412 1668 3535 1707 con-

1931 1743 2059 1797 tenti
2084 1743 2261 1798 simus.
2292 1742 2557 1814 Superius
2578 1743 2793 1800 dixerat
2819 1742 3204 1801 sufficientiam
3233 1764 3247 1801 :
3273 1746 3535 1818 quidquid

1856 1805 1905 1866 Β
1940 1835 2026 1890 his
2057 1834 2294 1905 amplius
2322 1845 2406 1891 est
2427 1876 2441 1902 ,
2476 1835 2689 1890 divitiis
2716 1836 3031 1907 deputatur.

2004 1925 2147 1981 Nam
2166 1927 2255 1997 qui
2278 1928 2452 1981 volunt
2476 1927 2654 1981 divites
2677 1928 2813 1995 ﬁeri.
2840 1927 3186 1983 Voluntatem
3210 1928 3544 1993 divitiarum

1931 2018 2207 2075 deﬁnivit:
2230 2035 2355 2091 quas
2403 2019 2657 2077 voluntas
2679 2066 2694 2091 ,
2718 2030 2775 2077 et
2818 2021 3143 2079 habentibus
3164 2033 3247 2080 est
3263 2062 3281 2091 ,
3307 2032 3362 2079 et
3381 2038 3531 2095 quie-

1934 2112 2201 2169 rentibus.

2004 2204 2252 2261 Incidunt
2281 2206 2336 2259 in
2361 2205 2716 2274 tentationem,
2743 2214 2789 2260 et
2817 2206 2869 2260 in
2899 2205 3138 2278 laqueum
3179 2206 3393 2263 diaboli.
3421 2206 3530 2263 0c-

1930 2299 2078 2357 casio
2102 2301 2418 2357 tentationis
2440 2310 2525 2357 est
2542 2342 2556 2367 ,
2579 2309 2633 2356 et
2660 2300 2883 2371 laqueus
2906 2298 3141 2368 diaboli,
3167 2300 3307 2357 velle
3330 2300 3533 2357 habere

1931 2398 2176 2453 divitias.

2003 2490 2074 2546 Et
2096 2490 2352 2545 desideria
2384 2487 2566 2552 multa,
2590 2496 2638 2543 et
2666 2488 2897 2554 inutilia,
2929 2497 2976 2543 et
2998 2490 3199 2544 nociva.
3225 2488 3529 2561 Numquam

1931 2598 2062 2654 ergo
2084 2583 2393 2639 divitiarum
2418 2581 2690 2639 desideria
2719 2583 3005 2637 Satiantur.

2007 2675 2136 2742 Qua:
2164 2685 2399 2749 mergunt
2430 2674 2661 2730 homines
2688 2676 2741 2729 in
2770 2677 3035 2731 interitum
3066 2685 3114 2731 et
3168 2678 3531 2746 perditionem.

1933 2768 2070 2824 Dum
2099 2767 2401 2824 ambitione
2433 2769 2705 2825 bonorum
2736 2776 3010 2824 tumentes
3034 2811 3048 2834 ,
3085 2769 3151 2824 ad
3200 2770 3370 2826 caelos
3421 2770 3534 2827 eie-

1933 2861 2078 2932 vati,
2106 2876 2276 2932 usque
2303 2861 2371 2917 ad
2400 2862 2604 2918 inferos
2627 2862 3016 2932 demerguntur
3044 2882 3055 2918 :
3081 2865 3197 2920 sive
3219 2864 3536 2921 desideran-

1936 2965 2015 3010 tes
2042 2955 2252 3011 alienas
2284 2969 2416 3024 opes
2438 2996 2452 3023 ,
2479 2964 2538 3010 ut
2561 2954 2771 3021 Achab,
2797 2969 2967 3024 usque
2998 2953 3065 3011 ad
3098 2955 3380 3011 homicidii
3413 2971 3534 3027 per-

1936 3048 2162 3103 veniunt
2193 3045 2480 3103 factiones.

2008 3138 2185 3194 Radix
2211 3140 2346 3193 enim
2378 3139 2605 3192 omnium
2627 3138 2882 3193 malorum
2912 3147 2986 3192 est
3010 3139 3287 3210 cupiditas.
3313 3137 3449 3206 Quia
3478 3147 3536 3195 et

495 3190 580 3211 r"
620 3190 939 3210 ""a""""
1056 3190 1289 3195 —m~--~
1336 3190 1651 3212 r"""""'
2318 3190 2342 3192 ν-
2630 3190 2649 3191 η
2801 3190 2823 3191 η
2852 3190 2877 3192 η
3015 3190 3124 3210 ττὴ
3156 3190 3159 3191 ν
3324 3190 3449 3206 ιη-
3484 3190 3535 3195 -ν

302 3234 411 3302 Qui
441 3241 613 3287 autem
644 3233 821 3302 ﬁdeles
842 3231 1029 3288 habent
1054 3232 1314 3301 dominos,
1337 3250 1441 3287 non
1468 3239 1826 3299 contemnant,
1856 3190 1905 3256 Ο
1936 3233 2063 3287 fons
2089 3242 2173 3287 est
2201 3272 2216 3298 ,
2244 3236 2299 3286 et
2344 3231 2590 3285 omnium
2621 3230 2909 3285 criminum
2942 3241 3314 3301 augmentum.
3362 3230 3536 3285 Radix

226 3329 351 3400 quia
382 3331 571 3401 fratres
594 3338 730 3383 sunt.
755 3327 833 3384 Ne
859 3328 959 3383 sibi
986 3328 1246 3399 mqualem
1277 3335 1647 3383 contemnant.

303 3422 411 3478 Sed
437 3423 601 3493 magis
632 3424 854 3477 serviant
877 3439 895 3477 :
918 3424 1039 3494 quia
1067 3422 1245 3493 ﬁdeles
1272 3432 1389 3478 sunt
1414 3431 1461 3478 et
1491 3422 1687 3490 dilecti,
1711 3422 1833 3494 quia

229 3518 466 3586 beneﬁcii
524 3517 804 3588 participes
869 3525 1008 3572 sunt.
1067 3516 1123 3573 Si
1171 3517 1479 3573 serviebant
1524 3516 1833 3571 inlidelibus

231 3610 433 3663 timore
461 3608 690 3663 odioso:
737 3616 940 3679 quanto
980 3610 1153 3678 magis
1183 3608 1384 3665 debent
1412 3609 1617 3664 servire
1661 3607 1835 3665 ﬁdeli-

230 3702 351 3769 bus,
378 3717 608 3773 quorum
638 3701 920 3757 charitatis
946 3702 1241 3773 participes
1270 3718 1391 3759 esse
1415 3704 1723 3781 merentur!

306 3794 440 3850 Hcce
469 3795 626 3861 doce,
678 3804 725 3849 et
777 3795 1072 3851 exhortare.
1109 3794 1280 3865 Doce,
1311 3794 1384 3850 ita
1431 3794 1633 3851 debere
1672 3794 1830 3850 ﬁeri:

232 3887 528 3943 exhortare
548 3928 563 3954 ,
588 3886 1196 3958 prmmiumostendere
1226 3888 1414 3943 Deum.

309 3982 371 4037 Si
402 3982 518 4051 quis
549 3982 702 4036 aliter
743 3983 885 4036 docet
907 4022 923 4049 ,
956 3993 1002 4037 et
1034 4000 1136 4037 non
1167 3983 1437 4054 acquiescit
1470 3983 1610 4037 sanis
1640 3998 1834 4037 sermo-

237 4076 384 4129 nibus
412 4073 624 4129 Domini
650 4075 810 4130 nostri
836 4073 963 4129 Jesu
989 4074 1216 4131 Christi:
1240 4084 1288 4129 et
1319 4076 1389 4144 ei,
1417 4090 1533 4147 quae
1553 4074 1838 4129 secundum

238 4168 484 4237 piezatem
506 4175 601 4235 est,
632 4167 902 4223 doctrinae.
928 4167 1061 4224 Novi
1089 4168 1454 4225 Testamenti:
1478 4167 1836 4226 veterisenim

238 4275 436 4315 severa
468 4260 714 4315 doctrina
755 4270 860 4315 est.

313 4351 586 4423 Superbus
635 4362 750 4421 est,
784 4351 918 4406 nihil
960 4352 1147 4407 sciens.
1181 4350 1359 4422 Super
1388 4351 1525 4408 alios
1563 4364 1624 4407 se
1656 4351 1837 4406 extol-

240 4444 358 4499 lens
380 4489 394 4514 ,
423 4460 545 4499 cum
573 4444 643 4501 sit
671 4445 958 4503 desursum
986 4446 1209 4502 veniens
1231 4486 1246 4516 ,
1270 4460 1431 4517 quam
1464 4443 1721 4515 prardicat
1747 4458 1838 4499 sa-

242 4536 530 4607 pientiam.

315 4630 426 4687 Sed
452 4629 705 4704 languens
722 4630 859 4684 circa
880 4631 1207 4701 quazstiones.
1235 4631 1344 4688 Nec
1370 4633 1517 4689 enim
1543 4633 1842 4689 recusando

241 4724 465 4794 penitus
510 4724 705 4793 ﬁdem,
760 4725 1011 4792 moritur,
1071 4740 1171 4781 nec
1222 4726 1565 4782 adversitatis
1620 4728 1844 4785 scicntia

240 4817 611 4886 coitvalescit,
637 4816 732 4873 sed
760 4817 990 4873 diversis
1016 4837 1027 4868 t
1050 4818 1390 4874 ccasionibus
1426 4820 1663 4891 languet.

1934 3324 2153 3380 excisos
2176 3338 2394 3393 semper
2416 3320 2638 3377 densius
2666 3328 2883 3392 reparat
2906 3337 3119 3378 ramos:
3146 3322 3428 3379 evellenda
3450 3330 3537 3378 est

1935 3433 2068 3488 ergo
2098 3418 2283 3482 radix,
2311 3431 2379 3470 ne
2409 3416 2542 3470 rami
2570 3414 2848 3484 superﬂue
2877 3414 3219 3471 excidantur.

2012 3509 2183 3576 Quam
2204 3508 2414 3578 quidam
2439 3516 2736 3579 appetentes
2765 3517 3065 3563 erraverunt
3083 3525 3119 3564 a
3138 3508 3261 3578 fide.
3287 3506 3403 3564 Hoc
3426 3517 3533 3577 est,

1936 3610 2285 3656 recesserunt
2317 3614 2346 3654 a
2377 3600 2482 3655 ﬁde
2512 3600 2902 3670 promissorum
2934 3599 3063 3669 Dei,
3090 3599 3219 3656 dum
3254 3600 3538 3673 praesenti-

1936 3693 2037 3750 bus
2062 3693 2424 3749 obiectantur.

2010 3788 2079 3844 Et
2108 3791 2436 3844 inseruerunt
2462 3805 2516 3844 se
2537 3787 2802 3843 doloribus
2830 3787 3029 3843 multis.
3055 3790 3270 3856 Quanto
3300 3789 3537 3859 amplius

1941 3885 2264 3950 habuerint,
2288 3892 2436 3936 tanto
2460 3882 2642 3951 plures
2665 3880 3095 3937 sollicitudinum
3121 3880 3393 3935 sustinent
3412 3895 3536 3935 cru-

1940 3977 2146 4034 elatus:
2177 3976 2323 4032 unde
2351 3986 2405 4031 et
2439 3975 2700 4031 Dominus
2727 3974 3041 4029 divitiarum
3087 3988 3360 4029 aerumnas
3388 3975 3535 4029 circa

1939 4069 2147 4141 reliqua
2174 4067 2634 4139 concupiscentiae
2660 4067 2827 4122 verba
2846 4068 3081 4123 asseruit
3100 4065 3386 4121 suli'ocare.

2013 4160 2091 4216 Tu
2113 4169 2306 4230 autem,
2332 4177 2360 4214 ο
2386 4160 2537 4215 homo
2567 4158 2683 4214 Dei.
2714 4157 2831 4215 Non
2859 4158 3172 4214 divitiarum
3218 4158 3412 4225 homo,
3435 4156 3534 4213 sed

1941 4253 2069 4309 Dei:
2097 4269 2197 4309 nec
2227 4245 2551 4307 mammona:
2579 4266 2803 4318 servus,
2829 4250 2923 4307 sed
2950 4248 3153 4306 Christi
3180 4268 3192 4305 :
3215 4250 3373 4321 cujus
3410 4259 3540 4306 sunt

1941 4351 2122 4404 omnia
2159 4364 2280 4420 qua:
2307 4346 2580 4403 videntur.

2014 4442 2145 4499 Han:
2176 4446 2312 4516 fuge.
2340 4440 2504 4509 Quasi
2535 4454 2726 4496 causas
2756 4438 2995 4511 perﬁdiae
3016 4479 3033 4507 ,
3074 4438 3158 4493 vel
3190 4436 3465 4494 dolorum.

2020 4539 2233 4595 Sectare
2279 4553 2394 4592 vero
2436 4537 2694 4607 justitiam
2720 4576 2735 4604 ,
2768 4536 3026 4607 pietatem,
3057 4533 3232 4604 ﬁdem.
3282 4531 3341 4589 lu
3374 4532 3458 4605 his
3490 4543 3542 4589 te

1947 4636 2108 4706 cupio
2136 4635 2340 4690 divitiis
2366 4649 2488 4689 esse
2519 4633 2872 4703 locupletem.

2018 4726 2353 4783 Charitatem.
2376 4725 2471 4782 Dei
2492 4736 2543 4781 et
2573 4726 2826 4796 proximi.

2024 4829 2382 4896 Patientium,
2436 4827 2901 4883 mansuetudinem.
2944 4825 3297 4884 Patientiam
3384 4824 3551 4880 susti-

319 4908 387 4964 Et
421 4927 622 4983 pugnas
660 4910 951 4965 verborum.
978 4911 1191 4967 Relicto
1220 4927 1380 4967 sensu
1416 4913 1691 4983 veritatis,
1734 4929 1846 4967 am.

243 5002 545 5072 biguitates
588 5003 879 5060 verborum
919 5004 1247 5060 observant:
1292 5006 1432 5061 sicut
1470 5007 1752 5063 Manichmi
1781 5023 1848 5064 es

245 5096 450 5165 verbo,
476 5095 853 5153 diversitatem
885 5090 1383 5155 Testamentorum.

324 5186 410 5243 E1:
436 5190 621 5261 quibus
652 5192 894 5246 oriuntur
934 5192 1145 5248 invidia:
1168 5234 1182 5261 ,
1207 5193 1555 5248 contentiones
1576 5235 1590 5260 ,
1614 5192 1854 5263 blasphe-

252 5284 534 5353 miaz.Qute
562 5294 828 5356 generant
878 5284 999 5344 lites
1035 5303 1100 5343 ac
1152 5286 1516 5360 blasphemias
1538 5332 1552 5358 ,
1602 5289 1655 5345 in
1684 5287 1855 5346 Deum

252 5378 549 5450 pugnando
571 5380 934 5437 sermonibus.

329 5472 665 5544 Suspiciones
696 5474 869 5529 malta.
922 5475 1048 5531 Sive
1089 5473 1343 5532 haeresim
1382 5475 1451 5531 de
1482 5476 1655 5533 altero
1683 5478 1860 5551 suspi-

255 5574 473 5634 cantur,
498 5568 613 5623 sive
642 5566 925 5625 audientes
948 5576 1138 5640 putant
1170 5568 1389 5626 efﬁcere
1418 5571 1728 5629 veritatem.

332 5658 756 5729 Conﬂictationes
780 5661 1045 5717 hominum
1067 5670 1235 5718 mente
1258 5674 1618 5735 corruptorum
1642 5675 1731 5721 :-et
1751 5668 1877 5740 quia

262 5751 477 5804 veritate
499 5752 689 5824 prirati
715 5763 853 5810 sunt.
879 5752 963 5811 Ab
986 5755 1296 5828 integritate
1326 5756 1605 5831 Evangelii
1633 5801 1647 5828 ,
1669 5761 1754 5818 vel
1781 5776 1877 5820 na-

269 5854 429 5899 ιιιῑιυ.

1954 4933 2115 4990 nendi
2136 4979 2149 5003 ,
2181 4932 2659 4989 mansuetudinem
2692 4947 2800 4988 non
2825 4930 3078 4987 nocendi.

2028 5033 2181 5090 Certa
2210 5034 2401 5087 bonum
2430 5042 2686 5088 certamen
2716 5033 2858 5101 ﬁdei.
2887 5031 3093 5086 Bonum
3128 5037 3405 5084 certamen
3438 5034 3555 5095 est,

1959 5145 2066 5187 non
2101 5143 2198 5200 pro
2228 5129 2392 5184 rebus
2421 5128 2606 5184 saeculi
2625 5174 2640 5199 ,
2671 5127 2765 5183 sed
2800 5140 2970 5195 usque
2995 5124 3063 5180 ad
3092 5131 3323 5180 mortem
3357 5138 3458 5194 pro
3488 5121 3556 5176 fi-

1960 5232 2044 5288 dei
2074 5231 2305 5288 veritate
2333 5238 2548 5287 certare
2580 5246 2593 5285 :
2627 5228 2767 5285 sicut
2794 5225 3058 5296 scriptum
3088 5232 3175 5281 est
3202 5244 3214 5281 :
3246 5224 3305 5281 in
3350 5223 3559 5296 iustitia

1961 5334 2251 5406 agonizare
2270 5348 2370 5404 pro
2396 5331 2577 5387 anima
2600 5339 2688 5386 tua
2716 5349 2728 5385 :
2756 5336 2810 5385 et
2840 5343 3011 5398 usque
3038 5328 3104 5384 ad
3137 5323 3558 5384 mortem'certa

1971 5456 2068 5513 pro
2089 5438 2484 5511 justitia.Sive
2528 5444 2589 5491 ut
2640 5433 2720 5490 illi
2749 5431 2968 5490 student
2999 5432 3053 5487 in
3103 5430 3312 5487 divitiis
3383 5427 3569 5485 omnia

1971 5545 2225 5610 vincere,
2265 5541 2337 5597 ita
2368 5546 2427 5595 et
2454 5548 2507 5594 tu
2541 5537 2597 5593 in
2630 5536 2753 5592 ﬁde.

2048 5643 2408 5721 Apprehende.
2438 5640 2719 5711 Quomodo
2746 5652 2849 5711 ego
2879 5635 3291 5711 comprehendi.

2060 5747 2233 5803 Vitam
2257 5755 2503 5801 cateruam
2523 5758 2542 5797 :
2566 5743 2621 5798 in
2651 5759 2801 5816 quant
2826 5749 3033 5800 vocatus
3060 5756 3133 5796 es.
3186 5737 3258 5795 Ut
3287 5735 3364 5796 illi
3394 5748 3589 5810 gerere

1999 5853 2222 5923 cupiunt
2253 5845 2631 5922 temporalem.
