3978 6286
478 324 586 383 887
1489 320 1549 379 S.
1587 315 1987 386 lllERONYMI_
2008 314 2293 374 OPERUM
2334 313 2701 373 MANTISSA.
3661 319 3751 380 383

554 443 622 498 Et
650 444 913 515 confessus
943 456 995 495 es
1044 439 1229 495 bonam
1259 437 1653 510 confessionem.
1687 436 1747 491 lu
1804 432 2077 506 baptismo
2106 437 2158 497 A
2185 432 2363 503 tetigit
2385 431 2659 488 morbum.
2685 430 2919 488 Difﬁcile
2946 430 3164 489 divitem
3190 430 3431 489 invenies
3456 444 3560 487 non
3586 446 3751 504 super-

484 532 919 591 abrenuntiando
939 532 1211 587 smculoet
1232 530 1443 601 pompis
1468 529 1607 600 ejus.
2178 525 2305 581 bum
2328 567 2343 591 ,
2384 525 2475 596 qui
2510 540 2810 596 pauperes,
2862 526 2947 582 vel
2992 537 3247 597 parentes
3273 534 3533 596 agnosmt
3557 544 3568 578 :
3599 536 3650 581 et
3674 530 3749 597 qui

552 626 742 683 Coram
770 626 945 680 multis
974 625 1205 679 testibus.
1230 622 1653 690 Sacerdotibus,
1679 619 1764 676 vel
1788 618 2071 687 ministris,
2179 634 2286 676 non
2317 621 2559 691 graviter
2582 620 2721 677 ferat
2754 620 2978 680 minime
3000 622 3103 678 sibi
3131 623 3200 678 ab
3230 621 3489 678 inferiore
3513 619 3749 679 honorem

472 719 869 790 virtutibusque
898 717 1242 775 coelestibus.
2177 710 2401 769 deferri.

548 812 808 883 Prtecipio
838 810 928 866 tibi
956 826 1132 866 coram
1161 809 1294 867 Deo.
1327 807 1583 881 Przncipit
1608 805 1933 865 auctoritate
1961 818 2077 861 ma-
2252 807 2438 879 Neque
2487 824 2721 878 sperare.
2753 807 2873 864 Non
2906 807 3183 881 sperando
3214 805 3485 865 vilescunt
3526 828 3541 865 :
3569 816 3749 867 etcum

477 908 654 980 gistri.
2178 910 2539 975 spernuntur,
2566 911 2886 975 erogantur.

545 1002 648 1069 Qui
676 1000 900 1070 viviﬁcat
928 999 1120 1053 omnia.
1169 996 1361 1053 Omnia
1413 1011 1537 1067 quae
1588 996 1805 1064 vivunt,
1858 992 2074 1050 etiamsi
2249 994 2455 1051 Incerto
2480 996 2801 1051 divitiarum.
2835 995 2914 1052 De
2940 994 3137 1067 quibus
3185 994 3454 1051 incertum
3488 1003 3569 1051 est
3595 1006 3745 1055 utrum

475 1096 710 1152 areliant
730 1135 745 1159 ,
789 1109 887 1164 per
911 1094 1030 1163 ejus
1058 1092 1355 1163 potentiam
1385 1091 1757 1147 reviviscunt..
2177 1088 2283 1144 illa:
2307 1088 2398 1143 tibi
2418 1129 2434 1155 ,
2461 1104 2529 1143 an
2555 1098 2612 1143 tu
2641 1088 2748 1143 illis
2774 1088 3010 1144 celerius
3038 1086 3373 1143 subtraharis
3394 1106 3407 1142 :
3432 1089 3613 1145 multis
3630 1090 3745 1149 enim

544 1186 615 1241 Et
647 1185 852 1243 Christo
878 1183 1025 1253 Jesu,
1055 1186 1143 1255 qui
1168 1184 1513 1239 testimonium
1551 1183 1779 1238 reddidit
1806 1181 1902 1237 sub
1933 1180 2077 1238 Pon-
2178 1197 2301 1238 cum
2325 1183 2433 1238 vita
2463 1182 2693 1239 sublata:
2719 1193 2868 1238 sunt.
2892 1179 3000 1238 Alii
3028 1181 3272 1254 propriis
3303 1185 3395 1238 eas
3423 1184 3621 1239 auferri
3642 1200 3747 1241 ocu-

471 1285 543 1339 tio
572 1281 769 1347 Pilato,
800 1282 987 1335 bonam
1013 1280 1408 1350 confessionem.
1458 1277 1659 1335 Dicens
1687 1277 1755 1333 ad
1796 1276 2029 1332 Pilatum
2055 1291 2072 1331 :
2178 1277 2246 1334 lis
2265 1276 2520 1334 viderunt
2546 1294 2561 1333 :
2588 1278 2838 1335 nonnulli
2866 1278 3028 1335 etiam
3060 1277 3213 1334 inviti
3238 1278 3519 1338 extraneis
3542 1280 3740 1354 relique-

472 1378 591 1447 Ego
633 1375 700 1430 ad
729 1374 833 1430 hoc
863 1373 986 1429 veni
1016 1372 1069 1427 in
1102 1370 1261 1428 hunc
1292 1370 1585 1437 mundum,
1616 1378 1678 1424 ut
1706 1368 2074 1424 testimonium
2178 1379 2330 1428 runt.

469 1469 795 1541 perhibeam
823 1467 1040 1523 veritati
1069 1486 1080 1517 :
1105 1467 1316 1522 scilicet
1346 1480 1446 1536 pro
1474 1480 1539 1520 ea
1569 1463 1736 1520 etiam
1765 1462 2072 1519 moriendo.
2250 1463 2359 1520 Sed
2384 1462 2439 1517 in
2462 1460 2569 1516 Deo
2598 1460 2731 1516 vivo.
2758 1460 2925 1531 Cujus
2952 1468 3082 1517 sunt
3105 1462 3312 1520 omnia.

544 1561 614 1617 Ut
644 1577 811 1616 serves
843 1560 1165 1614 mandatum.
1221 1558 1374 1614 Sicut
1403 1558 1495 1614 ille
1522 1572 1696 1629 usque
1721 1556 1787 1612 ad
1818 1563 2072 1612 mortem.
2252 1557 2355 1626 Qui
2385 1564 2592 1629 prtestat
2620 1556 2770 1611 nobis
2800 1557 2974 1611 omnia
2998 1557 3224 1612 abunde.
3255 1556 3361 1625 Qui
3392 1557 3520 1613 ideo
3564 1558 3742 1617 abunde

545 1654 672 1710 Sine
732 1653 937 1706 macula
1008 1651 1468 1719 irreprehensibili.
1528 1650 1761 1706 Maculat
1804 1650 2073 1721 quodam-
2177 1659 2436 1723 praestat,
2478 1658 2537 1704 ut
2564 1650 2840 1715 vivamus,
2873 1649 3037 1705 etiam
3069 1650 3189 1705 aliis
3220 1650 3517 1720 largientes
3543 1669 3557 1708 :
3583 1668 3675 1708 non
3698 1664 3743 1707 ut

469 1748 637 1805 modo
657 1790 672 1812 ,
717 1755 772 1802 et
800 1745 1133 1816 reprehendi
1164 1746 1295 1801 facit
1314 1744 1568 1801 mandata
1590 1786 1606 1809 ,
1630 1745 1719 1816 qui
1752 1753 1962 1814 peccat.
2175 1747 2364 1819 grandi
2396 1746 2584 1803 labore
2613 1746 2961 1803 destruentes
2981 1788 2994 1811 ,
3026 1746 3232 1815 majora
3259 1746 3462 1802 horrea
3489 1747 3737 1803 faciamus.

546 1838 722 1911 Usque
754 1838 809 1891 in
832 1838 1111 1891 adventum
1138 1834 1353 1891 Domini
1382 1837 1544 1892 nostri
1568 1833 1695 1891 Iesu
1724 1834 1937 1891 Christi.
1967 1834 2069 1904 Qui
2099 1845 2147 1908 Β
2245 1841 2327 1896 Ad
2354 1839 2653 1913 fruendum.
2680 1839 2797 1896 Non
2823 1840 2889 1896 ad
2919 1840 3308 1897 occultandam
3331 1881 3349 1909 ,
3372 1840 3461 1897 vel
3491 1842 3739 1915 negotian-

470 1930 902 2004 perseveraverit
930 1945 1103 2001 usque
1133 1928 1189 1985 in
1231 1930 1414 1997 linem,
1446 1930 1533 1985 hic
1559 1928 1741 1984 salvus
1771 1928 1896 1984 erit.

547 2026 714 2094 Quem
739 2026 846 2080 suis
879 2024 1195 2094 temporibus
1225 2024 1457 2083 ostendet
1485 2023 1686 2089 beatus,
1719 2029 1767 2076 et
1796 2021 1940 2076 solus
1984 2037 2078 2091 po-

467 2129 598 2185 tens,
622 2134 715 2171 rex
735 2134 934 2187 regum,
951 2127 1000 2172 et
1026 2116 1278 2171 Dominus
1302 2115 1707 2171 dominantium.
1733 2113 1963 2183 Quando
1982 2128 2075 2169 vo-

466 2210 663 2278 luerit,
690 2210 781 2280 qui
814 2209 918 2263 hoc
948 2209 1127 2263 solum
1151 2217 1332 2279 potest
1357 2208 1523 2264 Deus.

541 2304 644 2369 Qui
671 2302 815 2356 solus
843 2300 994 2355 habet
1040 2300 1499 2355 immortalitatem.
1547 2298 1646 2355 Ille
1673 2297 1822 2353 solus
1852 2295 2074 2367 proprie

466 2396 662 2461 habet,
687 2394 779 2465 qui
812 2394 1052 2464 angelis,
1083 2401 1139 2449 et
1184 2392 1276 2464 qui
1303 2391 1616 2449 hominibus
1664 2391 1816 2447 dedit
1845 2390 2069 2473 habere.

468 2487 794 2542 Nosautem
821 2501 923 2542 nec
949 2485 1049 2540 soli
1083 2500 1184 2541 nec
1204 2501 1232 2539 a
1257 2485 1417 2540 nobis
1450 2485 1715 2540 habemus
1742 2492 1801 2538 ut
1828 2484 1939 2539 ille.
1957 2484 2073 2540 Hoc

465 2588 661 2636 contra
692 2578 1051 2646 Manichmos,
1074 2579 1165 2649 qui
1193 2577 1323 2633 mali
1349 2585 1596 2633 naturam
1626 2585 1817 2649 putant
1843 2576 2071 2633 immor-

464 2674 629 2729 talem
660 2682 822 2743 atque
851 2681 1195 2743 perpetuam.

535 2767 604 2823 Et
637 2769 800 2823 lucem
853 2768 1051 2824 habitat
1100 2768 1529 2824 inaccessibilem.
1572 2766 1732 2823 Omni
1780 2774 2064 2823 creaturae.

460 2862 639 2918 Nemo
668 2862 811 2916 enim
844 2862 994 2917 novit
1022 2861 1238 2918 Patrem
1287 2861 1388 2916 nisi
1422 2860 1608 2916 Flius:
1661 2875 1835 2933 neque
1866 2860 2067 2917 Filium

463 2951 573 3009 nisi
622 2953 806 3018 Pater,
860 2961 914 3007 et
961 2952 1197 3022 Spiritus
1249 2960 1499 3019 sanctus;
1554 2963 1841 3024 utrumque
1893 2953 2060 3010 etiam

462 3054 741 3102 scrutatur
770 3043 1037 3115 profunda
1073 3044 1190 3099 Dei.

538 3135 705 3201 Quem
736 3135 920 3189 nullus
950 3134 1221 3189 hominum
1244 3136 1370 3190 vidit
1392 3152 1411 3190 :
1433 3135 1523 3191 sed
1548 3151 1639 3190 nec
1664 3135 1838 3191 videre
1864 3146 2067 3207 potest:

2181 1935 2389 2085 dugens
2417 2042 2568 2100 agere
2591 2042 2609 2082 :
2632 2026 2815 2082 divites
2844 2024 2963 2095 ﬁeri
3007 2025 3062 2080 in
3088 2023 3328 2096 operibus
3355 2023 3526 2079 bonis.
3556 2021 3660 2079 Non
3696 2023 3739 2078 in

2177 2138 2314 2180 auro
2343 2131 2400 2178 et
2445 2129 2693 2189 argento.

2246 2212 2430 2269 Facile
2481 2213 2721 2277 tribuere,
2772 2208 3170 2264 communicare.
3213 2206 3316 2275 Qui
3346 2205 3511 2264 facile
3539 2207 3735 2274 tribuit,

2177 2308 2286 2365 cito
2306 2306 2459 2363 dives
2487 2321 2609 2362 esse
2637 2303 2893 2361 cessabit.
2919 2302 3187 2358 Tribuere
3206 2343 3221 2369 ,
3249 2302 3456 2358 donare
3478 2310 3589 2359 est:
3612 2317 3738 2360 com-

2178 2403 2459 2461 municare
2483 2415 2633 2468 vero,
2658 2400 2888 2455 multum
2929 2396 3087 2452 dare.

2243 2496 2618 2552 Thesaurizare
2647 2494 2745 2547 sibi
2772 2491 3169 2562 fundamentum
3195 2492 3388 2544 bonum
3419 2490 3470 2544 in
3498 2492 3721 2561 futurum.

2174 2588 2359 2645 Vade:
2382 2587 2570 2644 Vende
2600 2587 2812 2650 omnia,
2844 2600 2968 2657 qurc
2994 2583 3197 2650 habes,
3225 2591 3279 2637 et
3312 2583 3382 2638 da
3413 2584 3738 2654 pauperibus,

2179 2690 2235 2739 et
2260 2681 2487 2739 habebis
2518 2681 2833 2737 thesaurum
2861 2680 2914 2734 in
2941 2678 3084 2733 coelo
3110 2695 3122 2731 :
3147 2685 3203 2732 et
3226 2676 3375 2745 veni,
3404 2691 3623 2749 sequere
3648 2693 3737 2748 me,

2170 2775 2317 2849 quod
2349 2775 2697 2847 perfectionis
2729 2784 2813 2832 est
2860 2773 3295 2829 fundamentum.

2249 2870 2318 2927 Ut
2348 2870 2743 2945 apprehendant
2783 2885 2954 2924 t'eram
2983 2868 3159 2922 vitam.
3186 2867 3313 2922 llaec
3342 2866 3490 2921 enim
3537 2878 3635 2919 non
3672 2868 3741 2918 est

2172 2980 2300 3023 vera
2330 2966 2442 3020 vita
2468 3006 2483 3030 ,
2527 2979 2649 3035 quas
2679 2964 2730 3018 in
2762 2977 2861 3019 suo
2891 2976 3001 3018 non
3032 2966 3315 3032 permanet
3357 2967 3522 3016 statu.
3550 2955 3741 3011 Vanitas

2170 3058 2318 3114 enim
2347 3056 2449 3111 sub
2470 3056 2587 3112 sole
2607 3098 2622 3123 ,
2648 3054 2780 3110 dicit
2808 3052 3196 3110 Ecclesiastes.

2246 3147 2291 3203 0
2326 3146 2594 3204 Timothee
2616 3189 2631 3215 ,
2677 3147 2968 3220 depositum
3000 3141 3225 3199 custodi.
3255 3137 3689 3196 Commendatum
3712 3150 3738 3190 a

462 3236 546 3288 cui
576 3241 649 3289 est
675 3232 862 3297 honor,
886 3241 933 3287 et
960 3232 1234 3303 imperium
1265 3232 1659 3303 semﬂternum.
1681 3233 1862 3287 Amen.
1893 3232 2064 3291 Nemo
2089 3234 2137 3300 C
2170 3241 2359 3307 nobis,
2392 3239 2717 3297 servandum
2751 3237 2846 3293 tibi
2872 3278 2889 3305 ,
2922 3236 3047 3292 fidei
3077 3232 3388 3304 depositum
3420 3229 3647 3286 custodi.

464 3327 639 3393 novit,
663 3325 761 3381 sed
792 3327 1160 3396 unusquisque
1190 3339 1289 3394 pro
1313 3325 1790 3396 meritointelligit.
1813 3323 1947 3380 Nam
1969 3340 2058 3380 so-

461 3420 568 3475 lem
602 3427 753 3474 tanto
809 3418 1044 3489 amplius
1098 3417 1285 3474 vident
1337 3416 1571 3490 singuli,
1621 3426 1825 3489 quanto
1871 3418 2060 3489 purior

459 3511 625 3569 fuerit
641 3513 785 3567 acies
807 3512 1112 3567 oculorum.

534 3603 791 3657 Divitibus
812 3601 971 3675 hujus
1002 3603 1180 3657 saeculi
1203 3602 1447 3673 prtecipe.
1471 3602 1611 3658 Sunt
1628 3609 1685 3658 et
1710 3601 1933 3659 alterius
1956 3618 2061 3660 sa:-

460 3695 569 3751 culi
599 3694 830 3760 divites,
878 3694 967 3764 qui
1000 3703 1186 3749 emunt
1229 3694 1331 3749 sibi
1362 3709 1552 3749 aurum
1582 3695 1808 3766 ignitum
1838 3711 1868 3749 a
1896 3695 2050 3751 Deo:

458 3797 515 3845 et
542 3787 634 3859 qui
663 3787 870 3843 habent
898 3803 1090 3843 aurum
1120 3788 1178 3843 in
1200 3788 1363 3856 caelo,
1389 3802 1600 3844 necnon
1646 3787 1739 3859 qui
1768 3788 2053 3859 proferunt

459 3896 604 3938 nova
634 3890 689 3935 0|.
714 3889 899 3937 vetera
910 3918 923 3933 .

532 3973 659 4029 Non
686 3973 903 4029 sublime
926 3990 1126 4048 sapere.
1174 3974 1231 4031 In
1263 3975 1452 4046 primis
1482 3976 1834 4049 principalem
1862 3992 2050 4035 eorum

2254 3332 2501 3389 Devitans
2546 3330 2795 3404 profanas
2840 3344 3020 3383 vocum
3074 3327 3343 3382 novitates.
3396 3322 3552 3391 Quod
3599 3336 3625 3375 a
3667 3334 3738 3374 me

2163 3440 2273 3482 non
2301 3423 2522 3493 audisti,
2552 3438 2654 3482 nec
2670 3423 2739 3480 ab
2758 3422 2953 3496 angelo
2982 3422 3026 3478 si
3052 3420 3285 3487 dicatur,
3310 3417 3548 3473 libenter
3568 3413 3737 3470 admit-

2170 3528 2305 3664 ιθὲε
2329 3605 2680 3678 oppositiones
2706 3601 2830 3675 falsi
2850 3603 3074 3658 nominis
3098 3601 3360 3657 scientias:
3376 3617 3535 3673 quam
3551 3599 3736 3672 quidam

2162 3702 2519 3774 promittentes
2540 3740 2553 3764 ,
2580 3698 2719 3753 circa
2741 3698 2896 3766 ﬁdem
2918 3695 3238 3751 exciderunt.
3263 3694 3418 3749 Artis
3437 3694 3733 3757 dialecticae,

2162 3808 2261 3864 per
2307 3796 2442 3863 quas
2494 3789 2598 3847 sibi
2641 3789 2906 3845 infinitam
2952 3803 3137 3844 rerum
3187 3785 3470 3842 scientiam
3521 3783 3737 3841 haeretici

2161 3886 2513 3958 promittunt,
2546 3882 2668 3940 ideo
2697 3898 2727 3937 a
2761 3883 2886 3937 fidei
2920 3882 3149 3938 veritate
3177 3880 3402 3937 cadunt.

2231 3977 2418 4033 Gratia
2446 3986 2630 4032 tecum.
2650 3976 3175 4031 Amen.l’ermaneat
3202 3974 3257 4029 in
3286 3983 3576 4030 aeternum.

765 4196 891 4279 IN
964 4191 1614 4278 SECUNDAM
1687 4197 2353 4289 EPISTOLAM
2425 4196 2586 4280 AD
2661 4194 3430 4279 TIMOTHEUM.

1927 4337 2291 4355 ψ

971 4422 1202 4483 CAPUT
1240 4423 1534 4483 PRIMUM.

522 4516 723 4572 Paulus
750 4519 1014 4591 apostolus
1043 4519 1170 4576 Jesu
1200 4519 1389 4578 Christi
1427 4534 1520 4588 per
1556 4515 1893 4574 uoluntatem‘
1923 4514 2040 4572 Dei.

454 4610 572 4666 Non
601 4610 736 4666 meis
760 4612 969 4668 meritis
998 4628 1014 4669 :
1047 4612 1161 4668 sive
1191 4628 1221 4667 a
1252 4612 1471 4669 Christo
1514 4611 1710 4667 missus
1736 4652 1751 4680 ,
1790 4624 1897 4667 non
1928 4608 2048 4668 sine

456 4705 552 4762 Dei
590 4705 890 4762 voluntate.

524 4800 823 4855 Secundum
854 4799 1245 4869 promissionem
1271 4800 1411 4869 vitte,
1442 4816 1559 4874 quae
1611 4807 1683 4856 est
1737 4799 1792 4855 in
1840 4796 2046 4855 Christo

447 4890 595 4947 Jesu.
620 4893 957 4963 Condignum
989 4890 1259 4947 exhibens
1281 4895 1642 4963 promissione
1664 4893 1968 4948 servitium.

525 4984 791 5040 Timotheo
819 4984 1123 5039 charissima
1149 4984 1281 5053 ﬁlio.
1315 4985 1670 5057 Charissimo,
1711 4986 1765 5041 id
1789 4994 1893 5056 est,
1933 5001 2042 5042 Cte-

449 5074 583 5130 ιαίη
607 5077 862 5133 ριιτιῑῑονὶ.

518 5166 699 5221 Gratia
723 5180 769 5224 et
798 5173 1153 5228 misericordia
1182 5214 1197 5240 ,
1244 5181 1293 5228 et
1343 5190 1448 5244 pax
1502 5191 1533 5228 a
1574 5172 1682 5228 Deo
1733 5172 1900 5228 Patre
1934 5214 1949 5240 ,
1989 5182 2039 5230 et

448 5254 654 5311 Christo
678 5257 805 5314 Jesn
831 5264 1053 5319 Domino
1083 5273 1278 5320 nostro.
1304 5263 1453 5320 Talis
1475 5272 1558 5318 est
1582 5264 1837 5319 salutatio
1863 5264 2036 5333 Pauli,

442 5362 502 5405 ut
526 5350 577 5405 in
596 5364 658 5405 ea
679 5352 854 5404 omnia
869 5354 1044 5411 Patris
1072 5366 1126 5413 et
1144 5358 1344 5414 Christi
1365 5356 1624 5413 beneficia
1641 5366 2031 5417 memorentur.

514 5441 725 5497 Gratias
754 5457 851 5514 ago
875 5441 985 5498 Deo
1016 5464 1144 5503 meo.
1170 5450 1284 5507 Deo
1314 5448 1408 5522 qui
1430 5464 1531 5505 nos
1561 5448 1722 5505 talem
1760 5448 1816 5505 in
1866 5449 2034 5506 alter-

440 5546 621 5594 utrum
649 5538 834 5593 docuit
858 5538 1198 5600 charitatem.

514 5633 611 5688 Cui
632 5634 795 5688 servio
820 5650 853 5688 a
883 5635 1300 5708 progenitoribus
1318 5642 1443 5697 meis
1469 5642 1521 5696 in
1540 5640 1852 5696 conscientia
1873 5658 2024 5713 pura.

438 5723 632 5780 Omnis
661 5727 815 5799 origo
840 5742 958 5784 mea
982 5726 1149 5783 coluit
1177 5745 1338 5787 unum
1363 5733 1641 5789 Christum
1672 5749 1685 5787 :
1718 5748 1823 5791 non
1855 5734 2027 5800 malc-

436 5817 694 5889 volentia,
720 5820 815 5878 sed
844 5821 975 5895 legis
998 5821 1340 5881 :emulatione
1372 5826 1668 5899 vastaham.

2077 4427 2133 4489 Ῑ)
2233 4420 2387 4491 Quod
2418 4423 2529 4479 sine
2553 4424 2929 4481 intermissione
2981 4426 3196 4481 habeam
3243 4426 3320 4480 tui
3362 4427 3663 4481 memoriam
3690 4425 3738 4479 in

2154 4518 2474 4574 orationibus
2502 4521 2644 4585 meis,
2673 4530 2819 4576 nocte
2858 4536 2920 4576 ac
2977 4520 3064 4576 die
3116 4521 3415 4576 desiderans
3458 4529 3509 4576 te
3556 4521 3734 4575 videre.

2154 4608 2221 4666 Et
2262 4609 2583 4670 charitatem
2615 4615 2895 4684 ostendit,
2944 4622 3001 4671 et
3043 4612 3247 4686 jugiter
3302 4611 3496 4670 orandi
3546 4611 3736 4685 praebet

2150 4705 2484 4776 exemplum.
3200 4776 3209 4782 I

2222 4796 2425 4853 Memor
2451 4799 2802 4871 lacrymarnm
2850 4805 3059 4854 tuarum
3088 4838 3105 4868 ,
3158 4807 3217 4855 ut
3260 4798 3453 4870 gaudio
3501 4796 3732 4869 implear.

2147 4890 2293 4961 Quas
2316 4908 2412 4964 pro
2445 4908 2531 4950 me
2556 4894 2769 4950 abunde
2795 4893 3111 4965 profudisti,
3151 4900 3213 4948 ut
3240 4903 3296 4949 et
3327 4908 3417 4950 me
3458 4893 3526 4948 ad
3575 4891 3735 4948 tristi-

2147 4986 2273 5041 tiam
2305 5001 2634 5057 provocares
2655 5006 2667 5043 :
2687 5004 2820 5060 quas
2837 4998 2925 5044 tua
2941 4987 3142 5057 adopto
3164 4989 3457 5059 praesentia
3481 4984 3730 5043 revelari.

2215 5080 2653 5138 Recordationem
2676 5083 2940 5152 accipiens
2963 5085 3076 5155 ejus
3106 5081 3231 5152 ﬁdei
3252 5123 3267 5149 ,
3304 5096 3421 5153 qua:
3466 5089 3538 5133 est
3590 5081 3645 5133 in
3689 5086 3734 5131 te

2142 5189 2245 5227 non
2268 5173 2392 5244 [icta
2423 5190 2442 5229 :
2468 5193 2582 5249 qua:
2607 5184 2654 5232 et
2682 5176 2931 5230 habitavit
2955 5176 3181 5246 primum
3200 5175 3255 5229 in
3271 5175 3387 5229 avia
3426 5186 3513 5227 tua
3542 5170 3727 5226 Laida.

2142 5266 2272 5335 Qua:
2299 5283 2428 5324 vere
2452 5280 2503 5325 te
2532 5285 2653 5326 esse
2674 5270 2727 5323 in
2749 5269 3006 5341 operibus
3025 5268 3344 5338 comprobat
3373 5286 3386 5322 :
3412 5268 3550 5322 sicut
3576 5264 3732 5322 Jaco-

2140 5358 2241 5415 bus
2264 5360 2506 5416 definivit
2538 5370 2631 5416 :et
2656 5376 2777 5431 qua:
2799 5363 2867 5418 ad
2900 5373 2951 5418 te
2981 5378 3048 5418 ex
3079 5363 3238 5417 avita:
3268 5360 3634 5417 successionis
3651 5357 3729 5412 in-

2138 5453 2444 5521 stitutione,
2473 5454 2626 5524 quasi
2652 5453 3002 5512 haereditario
3029 5456 3153 5526 jure
3180 5454 3487 5512 descendit.

2209 5542 2280 5597 Et
2302 5551 2466 5599 matre
2494 5553 2580 5598 tua
2606 5544 2820 5603 Eunice.
2855 5547 2987 5617 Quia
3019 5548 3170 5619 prior
3190 5546 3444 5605 credidit.

2207 5633 2387 5690 Certus
2408 5652 2521 5690 sum
2550 5647 2719 5693 autem
2740 5640 2877 5708 quod
2902 5640 3027 5696 etin
3054 5650 3121 5696 te.
3169 5639 3397 5712 Propter
3423 5651 3572 5709 quam
3604 5649 3727 5688 rau-

2132 5744 2247 5784 sum
2271 5728 2522 5785 admoneo
2550 5740 2615 5787 te.
2642 5733 2777 5802 Quia
2800 5734 3148 5805 comprobari
3181 5733 3339 5791 ﬁdem
3371 5742 3511 5789 tuam
3533 5770 3547 5799 ,
3569 5743 3725 5787 com-

2132 5824 2346 5885 moneri
2378 5825 2604 5901 indiges,
2639 5843 2745 5885 non
2777 5827 2983 5886 doceri.
