  <div class='ocr_page' id='page_1' title='image "/cluster/home/n/w/nwhite01/storage/ocr_20150623/30/hvd.32044096580535/454.png"; bbox 0 0 3978 6286; ppageno 0'>
   <div class='ocr_carea' id='block_1_1' title="bbox 258 335 367 397">
    <p class='ocr_par' dir='ltr' id='par_1_1' title="bbox 258 335 367 397">
     <span class='ocr_line' id='line_1_1' title="bbox 258 335 367 397; baseline 0.009 -1"><span class='ocrx_word' id='word_1_1' title='bbox 258 335 367 397; x_wconf 83' lang='grc'><strong>889</strong></span> 
     </span>
    </p>
   </div>
   <div class='ocr_carea' id='block_1_2' title="bbox 896 336 2963 411">
    <p class='ocr_par' dir='ltr' id='par_1_2' title="bbox 896 336 2963 411">
     <span class='ocr_line' id='line_1_2' title="bbox 896 336 2963 411; baseline 0.007 -16"><span class='ocrx_word' id='word_1_2' title='bbox 896 336 1445 402; x_wconf 54' lang='lat' dir='ltr'><strong>COMMEATABIUS</strong></span> <span class='ocrx_word' id='word_1_3' title='bbox 1482 339 1551 398; x_wconf 82' lang='grc' dir='ltr'>ΙΝ</span> <span class='ocrx_word' id='word_1_4' title='bbox 1590 338 1981 400; x_wconf 80' lang='lat' dir='ltr'><strong>EPISTOLAM</strong></span> <span class='ocrx_word' id='word_1_5' title='bbox 2022 341 2068 400; x_wconf 88' lang='lat' dir='ltr'><strong>ll</strong></span> <span class='ocrx_word' id='word_1_6' title='bbox 2104 343 2199 403; x_wconf 78' lang='lat' dir='ltr'><strong>AD</strong></span> <span class='ocrx_word' id='word_1_7' title='bbox 2235 345 2661 410; x_wconf 69' lang='lat' dir='ltr'><strong>TlllOTllEUll.</strong></span> <span class='ocrx_word' id='word_1_8' title='bbox 2703 352 2859 410; x_wconf 73' lang='lat' dir='ltr'><strong>CAP.</strong></span> <span class='ocrx_word' id='word_1_9' title='bbox 2900 354 2963 411; x_wconf 92' lang='lat' dir='ltr'><strong>ll.</strong></span> 
     </span>
    </p>
   </div>
   <div class='ocr_carea' id='block_1_3' title="bbox 3422 342 3568 422">
    <p class='ocr_par' dir='ltr' id='par_1_3' title="bbox 3422 342 3568 422">
     <span class='ocr_line' id='line_1_3' title="bbox 3422 342 3568 422; baseline 0.007 -1"><span class='ocrx_word' id='word_1_10' title='bbox 3422 342 3437 351; x_wconf 83' lang='grc'><strong>“</strong></span> <span class='ocrx_word' id='word_1_11' title='bbox 3460 362 3568 422; x_wconf 83' lang='grc'><strong>890</strong></span> 
     </span>
    </p>
   </div>
   <div class='ocr_carea' id='block_1_4' title="bbox 330 455 3563 542">
    <p class='ocr_par' dir='ltr' id='par_1_4' title="bbox 330 455 3563 542">
     <span class='ocr_line' id='line_1_4' title="bbox 330 455 3563 542; baseline 0.006 -29"><span class='ocrx_word' id='word_1_12' title='bbox 330 455 400 513; x_wconf 87' lang='lat' dir='ltr'><strong>Ut</strong></span> <span class='ocrx_word' id='word_1_13' title='bbox 430 455 702 513; x_wconf 87' lang='lat' dir='ltr'><strong>resuscites</strong></span> <span class='ocrx_word' id='word_1_14' title='bbox 744 456 971 532; x_wconf 76' lang='lat' dir='ltr'><strong>gratiam</strong></span> <span class='ocrx_word' id='word_1_15' title='bbox 1023 456 1143 514; x_wconf 85' lang='lat' dir='ltr'><strong>Dei.</strong></span> <span class='ocrx_word' id='word_1_16' title='bbox 1191 455 1359 526; x_wconf 83' lang='lat' dir='ltr'><strong>Quasi</strong></span> <span class='ocrx_word' id='word_1_17' title='bbox 1411 456 1855 515; x_wconf 75' lang='lat' dir='ltr'><strong>tribulationibus</strong></span> <span class='ocrx_word' id='word_1_18' title='bbox 1882 456 1937 518; x_wconf 81' lang='grc' dir='ltr'><strong>Α</strong></span> <span class='ocrx_word' id='word_1_19' title='bbox 1961 466 2105 515; x_wconf 90' lang='lat' dir='ltr'><strong>ctum</strong></span> <span class='ocrx_word' id='word_1_20' title='bbox 2130 464 2529 534; x_wconf 90' lang='lat' dir='ltr'><strong>commendavi,</strong></span> <span class='ocrx_word' id='word_1_21' title='bbox 2555 466 2824 538; x_wconf 89' lang='lat' dir='ltr'><strong>adjutorio</strong></span> <span class='ocrx_word' id='word_1_22' title='bbox 2846 468 2965 538; x_wconf 78' lang='lat' dir='ltr'><strong>eius</strong></span> <span class='ocrx_word' id='word_1_23' title='bbox 3001 469 3306 542; x_wconf 82' lang='lat' dir='ltr'><strong>depositum</strong></span> <span class='ocrx_word' id='word_1_24' title='bbox 3329 476 3563 535; x_wconf 77' lang='lat' dir='ltr'><strong>custodi.</strong></span> 
     </span>
    </p>
   </div>
   <div class='ocr_carea' id='block_1_5' title="bbox 251 549 671 606">
    <p class='ocr_par' dir='ltr' id='par_1_5' title="bbox 251 549 671 606">
     <span class='ocr_line' id='line_1_5' title="bbox 251 549 671 606; baseline 0 0"><span class='ocrx_word' id='word_1_25' title='bbox 251 549 671 606; x_wconf 82' lang='lat' dir='ltr'><strong>dormitantem.</strong></span> 
     </span>
    </p>
   </div>
   <div class='ocr_carea' id='block_1_6' title="bbox 330 643 1849 718">
    <p class='ocr_par' dir='ltr' id='par_1_6' title="bbox 330 643 1849 718">
     <span class='ocr_line' id='line_1_6' title="bbox 330 643 1849 718; baseline 0.001 -18"><span class='ocrx_word' id='word_1_26' title='bbox 330 644 458 712; x_wconf 80' lang='lat' dir='ltr'><strong>Qua:</strong></span> <span class='ocrx_word' id='word_1_27' title='bbox 481 645 633 700; x_wconf 95' lang='lat' dir='ltr'><strong>estin</strong></span> <span class='ocrx_word' id='word_1_28' title='bbox 661 652 709 699; x_wconf 89' lang='lat' dir='ltr'><strong>te</strong></span> <span class='ocrx_word' id='word_1_29' title='bbox 746 662 839 718; x_wconf 89' lang='lat' dir='ltr'><strong>per</strong></span> <span class='ocrx_word' id='word_1_30' title='bbox 873 643 1256 715; x_wconf 85' lang='lat' dir='ltr'><strong>impositionem</strong></span> <span class='ocrx_word' id='word_1_31' title='bbox 1300 660 1545 700; x_wconf 91' lang='lat' dir='ltr'><strong>manuum</strong></span> <span class='ocrx_word' id='word_1_32' title='bbox 1597 661 1849 702; x_wconf 88' lang='lat' dir='ltr'><strong>mearum.</strong></span> 
     </span>
    </p>
   </div>
   <div class='ocr_carea' id='block_1_7' title="bbox 246 738 990 811">
    <p class='ocr_par' dir='ltr' id='par_1_7' title="bbox 246 738 990 811">
     <span class='ocr_line' id='line_1_7' title="bbox 246 738 990 811; baseline -0.001 -16"><span class='ocrx_word' id='word_1_33' title='bbox 246 738 332 795; x_wconf 77' lang='lat' dir='ltr'><strong>Ad</strong></span> <span class='ocrx_word' id='word_1_34' title='bbox 362 739 735 811; x_wconf 81' lang='lat' dir='ltr'><strong>episcopatum</strong></span> <span class='ocrx_word' id='word_1_35' title='bbox 760 739 990 796; x_wconf 87' lang='lat' dir='ltr'><strong>scilicet.</strong></span> 
     </span>
    </p>
   </div>
   <div class='ocr_carea' id='block_1_8' title="bbox 2033 554 3563 642">
    <p class='ocr_par' dir='ltr' id='par_1_8' title="bbox 2033 554 3563 642">
     <span class='ocr_line' id='line_1_8' title="bbox 2033 554 3563 642; baseline 0.01 -30"><span class='ocrx_word' id='word_1_36' title='bbox 2033 554 2150 612; x_wconf 90' lang='lat' dir='ltr'><strong>Scis</strong></span> <span class='ocrx_word' id='word_1_37' title='bbox 2172 558 2308 612; x_wconf 83' lang='lat' dir='ltr'><strong>enim</strong></span> <span class='ocrx_word' id='word_1_38' title='bbox 2330 558 2447 627; x_wconf 86' lang='lat' dir='ltr'><strong>hoc,</strong></span> <span class='ocrx_word' id='word_1_39' title='bbox 2470 562 2609 631; x_wconf 83' lang='lat' dir='ltr'><strong>quod</strong></span> <span class='ocrx_word' id='word_1_40' title='bbox 2639 563 2802 617; x_wconf 85' lang='lat' dir='ltr'><strong>aversi</strong></span> <span class='ocrx_word' id='word_1_41' title='bbox 2828 574 2947 618; x_wconf 87' lang='lat' dir='ltr'><strong>sunt</strong></span> <span class='ocrx_word' id='word_1_42' title='bbox 2990 582 3021 619; x_wconf 93' lang='lat' dir='ltr'><strong>a</strong></span> <span class='ocrx_word' id='word_1_43' title='bbox 3059 583 3140 621; x_wconf 91' lang='lat' dir='ltr'><strong>me</strong></span> <span class='ocrx_word' id='word_1_44' title='bbox 3182 585 3356 624; x_wconf 87' lang='lat' dir='ltr'><strong>omnes</strong></span> <span class='ocrx_word' id='word_1_45' title='bbox 3389 571 3480 642; x_wconf 85' lang='lat' dir='ltr'><strong>qui</strong></span> <span class='ocrx_word' id='word_1_46' title='bbox 3509 572 3563 628; x_wconf 87' lang='lat' dir='ltr'><strong>in</strong></span> 
     </span>
    </p>
   </div>
   <div class='ocr_carea' id='block_1_9' title="bbox 1956 650 3561 742">
    <p class='ocr_par' dir='ltr' id='par_1_9' title="bbox 1956 650 3561 742">
     <span class='ocr_line' id='line_1_9' title="bbox 1956 650 3561 742; baseline 0.014 -39"><span class='ocrx_word' id='word_1_47' title='bbox 1956 650 2083 704; x_wconf 83' lang='lat' dir='ltr'><strong>Asia</strong></span> <span class='ocrx_word' id='word_1_48' title='bbox 2110 661 2229 705; x_wconf 90' lang='lat' dir='ltr'><strong>sunt</strong></span> <span class='ocrx_word' id='word_1_49' title='bbox 2258 669 2275 708; x_wconf 91' lang='lat'><strong><em>:</em></strong></span> <span class='ocrx_word' id='word_1_50' title='bbox 2302 670 2366 707; x_wconf 77' lang='lat' dir='ltr'><strong>ea:</strong></span> <span class='ocrx_word' id='word_1_51' title='bbox 2390 654 2573 724; x_wconf 80' lang='lat' dir='ltr'><strong>quibus</strong></span> <span class='ocrx_word' id='word_1_52' title='bbox 2602 666 2676 711; x_wconf 89' lang='lat' dir='ltr'><strong>est</strong></span> <span class='ocrx_word' id='word_1_53' title='bbox 2723 656 2992 730; x_wconf 79' lang='lat' dir='ltr'><strong>Phygelus</strong></span> <span class='ocrx_word' id='word_1_54' title='bbox 3021 702 3036 728; x_wconf 92' lang='lat'><strong>,</strong></span> <span class='ocrx_word' id='word_1_55' title='bbox 3086 672 3134 717; x_wconf 91' lang='lat' dir='ltr'><strong>et</strong></span> <span class='ocrx_word' id='word_1_56' title='bbox 3182 664 3561 742; x_wconf 81' lang='lat' dir='ltr'><strong>Hermogenes.</strong></span> 
     </span>
    </p>
   </div>
   <div class='ocr_carea' id='block_1_10' title="bbox 1955 744 3558 833">
    <p class='ocr_par' dir='ltr' id='par_1_10' title="bbox 1955 744 3558 833">
     <span class='ocr_line' id='line_1_10' title="bbox 1955 744 3558 833; baseline 0.013 -32"><span class='ocrx_word' id='word_1_57' title='bbox 1955 744 2167 803; x_wconf 88' lang='lat' dir='ltr'><strong>Idcirco</strong></span> <span class='ocrx_word' id='word_1_58' title='bbox 2189 754 2243 803; x_wconf 91' lang='lat' dir='ltr'><strong>te</strong></span> <span class='ocrx_word' id='word_1_59' title='bbox 2273 763 2619 821; x_wconf 87' lang='lat' dir='ltr'><strong>commoneo,</strong></span> <span class='ocrx_word' id='word_1_60' title='bbox 2642 753 2765 823; x_wconf 88' lang='lat' dir='ltr'><strong>quia</strong></span> <span class='ocrx_word' id='word_1_61' title='bbox 2797 770 2935 826; x_wconf 90' lang='lat' dir='ltr'><strong>quos</strong></span> <span class='ocrx_word' id='word_1_62' title='bbox 2966 770 3073 813; x_wconf 93' lang='lat' dir='ltr'><strong>non</strong></span> <span class='ocrx_word' id='word_1_63' title='bbox 3118 760 3375 830; x_wconf 84' lang='lat' dir='ltr'><strong>putabam</strong></span> <span class='ocrx_word' id='word_1_64' title='bbox 3403 806 3419 833; x_wconf 97' lang='lat'><strong>,</strong></span> <span class='ocrx_word' id='word_1_65' title='bbox 3469 778 3558 822; x_wconf 84' lang='lat' dir='ltr'><strong>me</strong></span> 
     </span>
    </p>
   </div>
   <div class='ocr_carea' id='block_1_11' title="bbox 322 831 2383 912">
    <p class='ocr_par' dir='ltr' id='par_1_11' title="bbox 322 831 2383 912">
     <span class='ocr_line' id='line_1_11' title="bbox 322 831 2383 912; baseline 0.004 -24"><span class='ocrx_word' id='word_1_66' title='bbox 322 831 449 888; x_wconf 83' lang='lat' dir='ltr'><strong>Non</strong></span> <span class='ocrx_word' id='word_1_67' title='bbox 470 833 606 887; x_wconf 86' lang='lat' dir='ltr'><strong>enim</strong></span> <span class='ocrx_word' id='word_1_68' title='bbox 636 832 780 887; x_wconf 82' lang='lat' dir='ltr'><strong>dedit</strong></span> <span class='ocrx_word' id='word_1_69' title='bbox 808 832 954 887; x_wconf 88' lang='lat' dir='ltr'><strong>nobis</strong></span> <span class='ocrx_word' id='word_1_70' title='bbox 992 831 1133 887; x_wconf 92' lang='lat' dir='ltr'><strong>Deus</strong></span> <span class='ocrx_word' id='word_1_71' title='bbox 1174 832 1417 903; x_wconf 75' lang='lat' dir='ltr'><strong>spiritum</strong></span> <span class='ocrx_word' id='word_1_72' title='bbox 1461 833 1666 890; x_wconf 89' lang='lat' dir='ltr'><strong>timoris</strong></span> <span class='ocrx_word' id='word_1_73' title='bbox 1693 875 1709 904; x_wconf 89' lang='lat'><strong>,</strong></span> <span class='ocrx_word' id='word_1_74' title='bbox 1759 834 1851 890; x_wconf 89' lang='lat' dir='ltr'><strong>sed</strong></span> <span class='ocrx_word' id='word_1_75' title='bbox 1952 837 2383 912; x_wconf 88' lang='lat' dir='ltr'><strong>dereliqucrunt.</strong></span> 
     </span>
    </p>
   </div>
   <div class='ocr_carea' id='block_1_12' title="bbox 242 925 1843 997">
    <p class='ocr_par' dir='ltr' id='par_1_12' title="bbox 242 925 1843 997">
     <span class='ocr_line' id='line_1_12' title="bbox 242 925 1843 997; baseline 0.001 -15"><span class='ocrx_word' id='word_1_76' title='bbox 242 926 475 982; x_wconf 75' lang='lat' dir='ltr'><strong>virtutis.</strong></span> <span class='ocrx_word' id='word_1_77' title='bbox 515 925 916 982; x_wconf 88' lang='lat' dir='ltr'><strong>Contemnendi</strong></span> <span class='ocrx_word' id='word_1_78' title='bbox 972 939 1183 997; x_wconf 67' lang='lat' dir='ltr'><strong>pinnas.</strong></span> <span class='ocrx_word' id='word_1_79' title='bbox 1234 926 1314 981; x_wconf 86' lang='lat' dir='ltr'><strong>Illi</strong></span> <span class='ocrx_word' id='word_1_80' title='bbox 1365 927 1562 982; x_wconf 89' lang='lat' dir='ltr'><strong>merito</strong></span> <span class='ocrx_word' id='word_1_81' title='bbox 1610 927 1843 983; x_wconf 89' lang='lat' dir='ltr'><strong>humana</strong></span> 
     </span>
    </p>
   </div>
   <div class='ocr_carea' id='block_1_13' title="bbox 2022 930 3556 1013">
    <p class='ocr_par' dir='ltr' id='par_1_13' title="bbox 2022 930 3556 1013">
     <span class='ocr_line' id='line_1_13' title="bbox 2022 930 3556 1013; baseline 0.012 -28"><span class='ocrx_word' id='word_1_82' title='bbox 2022 930 2123 987; x_wconf 86' lang='lat' dir='ltr'><strong>Det</strong></span> <span class='ocrx_word' id='word_1_83' title='bbox 2172 933 2587 991; x_wconf 87' lang='lat' dir='ltr'><strong>misericordiam</strong></span> <span class='ocrx_word' id='word_1_84' title='bbox 2641 936 2896 995; x_wconf 85' lang='lat' dir='ltr'><strong>Dominus</strong></span> <span class='ocrx_word' id='word_1_85' title='bbox 2957 939 3268 1013; x_wconf 88' lang='lat' dir='ltr'><strong>Onesiphori</strong></span> <span class='ocrx_word' id='word_1_86' title='bbox 3313 946 3491 1002; x_wconf 84' lang='lat' dir='ltr'><strong>domus</strong></span> <span class='ocrx_word' id='word_1_87' title='bbox 3534 961 3556 1005; x_wconf 91' lang='lat'><strong><em>:</em></strong></span> 
     </span>
    </p>
   </div>
   <div class='ocr_carea' id='block_1_14' title="bbox 241 1016 3556 1105">
    <p class='ocr_par' dir='ltr' id='par_1_14' title="bbox 241 1016 3556 1105">
     <span class='ocr_line' id='line_1_14' title="bbox 241 1016 3556 1105; baseline 0.007 -27"><span class='ocrx_word' id='word_1_88' title='bbox 241 1021 511 1094; x_wconf 89' lang='lat' dir='ltr'><strong>supplicia</strong></span> <span class='ocrx_word' id='word_1_89' title='bbox 542 1020 794 1077; x_wconf 88' lang='lat' dir='ltr'><strong>videntur</strong></span> <span class='ocrx_word' id='word_1_90' title='bbox 810 1020 1103 1077; x_wconf 81' lang='lat' dir='ltr'><strong>formidare</strong></span> <span class='ocrx_word' id='word_1_91' title='bbox 1128 1020 1221 1092; x_wconf 89' lang='lat' dir='ltr'><strong>qui</strong></span> <span class='ocrx_word' id='word_1_92' title='bbox 1266 1027 1496 1092; x_wconf 87' lang='lat' dir='ltr'><strong>peccant</strong></span> <span class='ocrx_word' id='word_1_93' title='bbox 1542 1031 1559 1076; x_wconf 81' lang='lat'><strong>:</strong></span> <span class='ocrx_word' id='word_1_94' title='bbox 1610 1031 1670 1077; x_wconf 91' lang='lat' dir='ltr'><strong>ut</strong></span> <span class='ocrx_word' id='word_1_95' title='bbox 1714 1016 1845 1079; x_wconf 81' lang='lat' dir='ltr'><strong>alibi</strong></span> <span class='ocrx_word' id='word_1_96' title='bbox 1947 1029 2070 1093; x_wconf 88' lang='lat' dir='ltr'><strong>quia</strong></span> <span class='ocrx_word' id='word_1_97' title='bbox 2090 1045 2226 1100; x_wconf 81' lang='lat' dir='ltr'><strong>sccpe</strong></span> <span class='ocrx_word' id='word_1_98' title='bbox 2252 1047 2330 1086; x_wconf 89' lang='lat' dir='ltr'><strong>me</strong></span> <span class='ocrx_word' id='word_1_99' title='bbox 2355 1033 2716 1105; x_wconf 79' lang='lat' dir='ltr'><strong>refrigeravit,</strong></span> <span class='ocrx_word' id='word_1_100' title='bbox 2745 1044 2789 1090; x_wconf 92' lang='lat' dir='ltr'><strong>et</strong></span> <span class='ocrx_word' id='word_1_101' title='bbox 2828 1045 3063 1093; x_wconf 85' lang='lat' dir='ltr'><strong>catenam</strong></span> <span class='ocrx_word' id='word_1_102' title='bbox 3095 1057 3261 1096; x_wconf 89' lang='lat' dir='ltr'><strong>meam</strong></span> <span class='ocrx_word' id='word_1_103' title='bbox 3294 1060 3395 1098; x_wconf 86' lang='lat' dir='ltr'><strong>non</strong></span> <span class='ocrx_word' id='word_1_104' title='bbox 3436 1062 3556 1102; x_wconf 88' lang='lat' dir='ltr'><strong>cru-</strong></span> 
     </span>
    </p>
   </div>
   <div class='ocr_carea' id='block_1_15' title="bbox 240 1112 1319 1185">
    <p class='ocr_par' dir='ltr' id='par_1_15' title="bbox 240 1112 1319 1185">
     <span class='ocr_line' id='line_1_15' title="bbox 240 1112 1319 1185; baseline 0 -14"><span class='ocrx_word' id='word_1_105' title='bbox 240 1115 377 1171; x_wconf 90' lang='lat' dir='ltr'><strong>dicit</strong></span> <span class='ocrx_word' id='word_1_106' title='bbox 414 1133 427 1169; x_wconf 88' lang='lat'><strong>:</strong></span> <span class='ocrx_word' id='word_1_107' title='bbox 471 1114 529 1171; x_wconf 91' lang='lat' dir='ltr'><strong>Si</strong></span> <span class='ocrx_word' id='word_1_108' title='bbox 557 1124 738 1169; x_wconf 86' lang='lat' dir='ltr'><strong>autem</strong></span> <span class='ocrx_word' id='word_1_109' title='bbox 770 1112 1132 1185; x_wconf 87' lang='lat' dir='ltr'><strong>malefeceris,</strong></span> <span class='ocrx_word' id='word_1_110' title='bbox 1164 1113 1319 1171; x_wconf 86' lang='lat' dir='ltr'><strong>time.</strong></span> 
     </span>
    </p>
   </div>
   <div class='ocr_carea' id='block_1_16' title="bbox 313 1204 1835 1278">
    <p class='ocr_par' dir='ltr' id='par_1_16' title="bbox 313 1204 1835 1278">
     <span class='ocr_line' id='line_1_16' title="bbox 313 1204 1835 1278; baseline 0.002 -17"><span class='ocrx_word' id='word_1_111' title='bbox 313 1205 385 1261; x_wconf 87' lang='lat' dir='ltr'><strong>Et</strong></span> <span class='ocrx_word' id='word_1_112' title='bbox 410 1206 727 1272; x_wconf 79' lang='lat' dir='ltr'><strong>dilectionis,</strong></span> <span class='ocrx_word' id='word_1_113' title='bbox 751 1216 799 1261; x_wconf 88' lang='lat' dir='ltr'><strong>et</strong></span> <span class='ocrx_word' id='word_1_114' title='bbox 824 1205 1137 1262; x_wconf 83' lang='lat' dir='ltr'><strong>sobrietatis.</strong></span> <span class='ocrx_word' id='word_1_115' title='bbox 1174 1204 1302 1263; x_wconf 90' lang='lat' dir='ltr'><strong>Sive</strong></span> <span class='ocrx_word' id='word_1_116' title='bbox 1340 1221 1442 1278; x_wconf 86' lang='lat' dir='ltr'><strong>pro</strong></span> <span class='ocrx_word' id='word_1_117' title='bbox 1467 1221 1534 1263; x_wconf 90' lang='lat' dir='ltr'><strong>eo</strong></span> <span class='ocrx_word' id='word_1_118' title='bbox 1569 1206 1835 1274; x_wconf 90' lang='lat' dir='ltr'><strong>Domino,</strong></span> 
     </span>
    </p>
   </div>
   <div class='ocr_carea' id='block_1_17' title="bbox 238 1297 1840 1370">
    <p class='ocr_par' dir='ltr' id='par_1_17' title="bbox 238 1297 1840 1370">
     <span class='ocr_line' id='line_1_17' title="bbox 238 1297 1840 1370; baseline 0.001 -15"><span class='ocrx_word' id='word_1_119' title='bbox 238 1299 358 1356; x_wconf 89' lang='lat' dir='ltr'><strong>sive</strong></span> <span class='ocrx_word' id='word_1_120' title='bbox 400 1313 502 1370; x_wconf 88' lang='lat' dir='ltr'><strong>pro</strong></span> <span class='ocrx_word' id='word_1_121' title='bbox 530 1298 814 1355; x_wconf 89' lang='lat' dir='ltr'><strong>alterutro.</strong></span> <span class='ocrx_word' id='word_1_122' title='bbox 874 1297 1135 1354; x_wconf 87' lang='lat' dir='ltr'><strong>Libenter</strong></span> <span class='ocrx_word' id='word_1_123' title='bbox 1171 1299 1335 1355; x_wconf 88' lang='lat' dir='ltr'><strong>etiam</strong></span> <span class='ocrx_word' id='word_1_124' title='bbox 1389 1299 1725 1367; x_wconf 88' lang='lat' dir='ltr'><strong>moriamur,</strong></span> <span class='ocrx_word' id='word_1_125' title='bbox 1780 1308 1840 1357; x_wconf 91' lang='lat' dir='ltr'><strong>ut</strong></span> 
     </span>
    </p>
   </div>
   <div class='ocr_carea' id='block_1_18' title="bbox 236 1391 1188 1449">
    <p class='ocr_par' dir='ltr' id='par_1_18' title="bbox 236 1391 1188 1449">
     <span class='ocr_line' id='line_1_18' title="bbox 236 1391 1188 1449; baseline -0.002 -1"><span class='ocrx_word' id='word_1_126' title='bbox 236 1394 424 1448; x_wconf 90' lang='lat' dir='ltr'><strong>omnia</strong></span> <span class='ocrx_word' id='word_1_127' title='bbox 451 1393 636 1449; x_wconf 87' lang='lat' dir='ltr'><strong>sobria</strong></span> <span class='ocrx_word' id='word_1_128' title='bbox 670 1400 857 1448; x_wconf 90' lang='lat' dir='ltr'><strong>mente</strong></span> <span class='ocrx_word' id='word_1_129' title='bbox 899 1391 1188 1448; x_wconf 81' lang='lat' dir='ltr'><strong>faciamus.</strong></span> 
     </span>
    </p>
   </div>
   <div class='ocr_carea' id='block_1_19' title="bbox 308 1483 1835 1556">
    <p class='ocr_par' dir='ltr' id='par_1_19' title="bbox 308 1483 1835 1556">
     <span class='ocr_line' id='line_1_19' title="bbox 308 1483 1835 1556; baseline 0.002 -16"><span class='ocrx_word' id='word_1_130' title='bbox 308 1484 445 1540; x_wconf 86' lang='lat' dir='ltr'><strong>Noli</strong></span> <span class='ocrx_word' id='word_1_131' title='bbox 464 1486 635 1556; x_wconf 86' lang='lat' dir='ltr'><strong>itaque</strong></span> <span class='ocrx_word' id='word_1_132' title='bbox 653 1485 950 1541; x_wconf 80' lang='lat' dir='ltr'><strong>erubescere</strong></span> <span class='ocrx_word' id='word_1_133' title='bbox 978 1483 1325 1539; x_wconf 87' lang='lat' dir='ltr'><strong>testimonium</strong></span> <span class='ocrx_word' id='word_1_134' title='bbox 1373 1483 1585 1541; x_wconf 90' lang='lat' dir='ltr'><strong>Domini</strong></span> <span class='ocrx_word' id='word_1_135' title='bbox 1622 1485 1787 1542; x_wconf 85' lang='lat' dir='ltr'><strong>nostri</strong></span> <span class='ocrx_word' id='word_1_136' title='bbox 1813 1502 1835 1543; x_wconf 90' lang='lat'><strong><em>:</em></strong></span> 
     </span>
    </p>
   </div>
   <div class='ocr_carea' id='block_1_20' title="bbox 232 1578 1833 1655">
    <p class='ocr_par' dir='ltr' id='par_1_20' title="bbox 232 1578 1833 1655">
     <span class='ocr_line' id='line_1_20' title="bbox 232 1578 1833 1655; baseline 0.002 -20"><span class='ocrx_word' id='word_1_137' title='bbox 232 1599 401 1654; x_wconf 83' lang='lat' dir='ltr'><strong>neque</strong></span> <span class='ocrx_word' id='word_1_138' title='bbox 422 1597 502 1636; x_wconf 89' lang='lat' dir='ltr'><strong>me</strong></span> <span class='ocrx_word' id='word_1_139' title='bbox 531 1582 759 1637; x_wconf 84' lang='lat' dir='ltr'><strong>vinctum</strong></span> <span class='ocrx_word' id='word_1_140' title='bbox 786 1584 924 1655; x_wconf 87' lang='lat' dir='ltr'><strong>ejus.</strong></span> <span class='ocrx_word' id='word_1_141' title='bbox 946 1579 1081 1647; x_wconf 86' lang='lat' dir='ltr'><strong>Quia</strong></span> <span class='ocrx_word' id='word_1_142' title='bbox 1108 1579 1247 1636; x_wconf 90' lang='lat' dir='ltr'><strong>nihil</strong></span> <span class='ocrx_word' id='word_1_143' title='bbox 1268 1578 1590 1638; x_wconf 80' lang='lat' dir='ltr'><strong>confusione</strong></span> <span class='ocrx_word' id='word_1_144' title='bbox 1611 1581 1833 1654; x_wconf 91' lang='lat' dir='ltr'><strong>dignum</strong></span> 
     </span>
    </p>
   </div>
   <div class='ocr_carea' id='block_1_21' title="bbox 231 1671 1832 1744">
    <p class='ocr_par' dir='ltr' id='par_1_21' title="bbox 231 1671 1832 1744">
     <span class='ocr_line' id='line_1_21' title="bbox 231 1671 1832 1744; baseline -0.001 -15"><span class='ocrx_word' id='word_1_145' title='bbox 231 1671 490 1729; x_wconf 88' lang='lat' dir='ltr'><strong>Christus</strong></span> <span class='ocrx_word' id='word_1_146' title='bbox 516 1673 764 1730; x_wconf 80' lang='lat' dir='ltr'><strong>exercuit</strong></span> <span class='ocrx_word' id='word_1_147' title='bbox 794 1688 810 1728; x_wconf 88' lang='lat'><strong>:</strong></span> <span class='ocrx_word' id='word_1_148' title='bbox 836 1672 931 1728; x_wconf 89' lang='lat' dir='ltr'><strong>sed</strong></span> <span class='ocrx_word' id='word_1_149' title='bbox 956 1686 1060 1728; x_wconf 91' lang='lat' dir='ltr'><strong>nec</strong></span> <span class='ocrx_word' id='word_1_150' title='bbox 1089 1686 1210 1744; x_wconf 84' lang='lat' dir='ltr'><strong>ego,</strong></span> <span class='ocrx_word' id='word_1_151' title='bbox 1235 1687 1397 1743; x_wconf 88' lang='lat' dir='ltr'><strong>quem</strong></span> <span class='ocrx_word' id='word_1_152' title='bbox 1431 1674 1597 1741; x_wconf 90' lang='lat' dir='ltr'><strong>nosti,</strong></span> <span class='ocrx_word' id='word_1_153' title='bbox 1640 1674 1711 1730; x_wconf 91' lang='lat' dir='ltr'><strong>ob</strong></span> <span class='ocrx_word' id='word_1_154' title='bbox 1732 1674 1832 1729; x_wconf 88' lang='lat' dir='ltr'><strong>ali-</strong></span> 
     </span>
    </p>
   </div>
   <div class='ocr_carea' id='block_1_22' title="bbox 229 1763 1831 1840">
    <p class='ocr_par' dir='ltr' id='par_1_22' title="bbox 229 1763 1831 1840">
     <span class='ocr_line' id='line_1_22' title="bbox 229 1763 1831 1840; baseline 0.001 -19"><span class='ocrx_word' id='word_1_155' title='bbox 229 1768 375 1833; x_wconf 86' lang='lat' dir='ltr'><strong>quod</strong></span> <span class='ocrx_word' id='word_1_156' title='bbox 405 1766 639 1833; x_wconf 90' lang='lat' dir='ltr'><strong>crimeu,</strong></span> <span class='ocrx_word' id='word_1_157' title='bbox 661 1764 758 1821; x_wconf 89' lang='lat' dir='ltr'><strong>sed</strong></span> <span class='ocrx_word' id='word_1_158' title='bbox 782 1773 1008 1837; x_wconf 85' lang='lat' dir='ltr'><strong>propter</strong></span> <span class='ocrx_word' id='word_1_159' title='bbox 1036 1766 1205 1822; x_wconf 90' lang='lat' dir='ltr'><strong>Deum</strong></span> <span class='ocrx_word' id='word_1_160' title='bbox 1232 1763 1349 1821; x_wconf 69' lang='lat' dir='ltr'><strong>lucc</strong></span> <span class='ocrx_word' id='word_1_161' title='bbox 1376 1769 1559 1822; x_wconf 88' lang='lat' dir='ltr'><strong>omnia</strong></span> <span class='ocrx_word' id='word_1_162' title='bbox 1586 1782 1705 1837; x_wconf 75' lang='lat' dir='ltr'><strong>quae</strong></span> <span class='ocrx_word' id='word_1_163' title='bbox 1730 1782 1831 1840; x_wconf 87' lang='lat' dir='ltr'><strong>pa-</strong></span> 
     </span>
    </p>
   </div>
   <div class='ocr_carea' id='block_1_23' title="bbox 226 1859 661 1928">
    <p class='ocr_par' dir='ltr' id='par_1_23' title="bbox 226 1859 661 1928">
     <span class='ocr_line' id='line_1_23' title="bbox 226 1859 661 1928; baseline -0.005 -13"><span class='ocrx_word' id='word_1_164' title='bbox 226 1859 361 1928; x_wconf 90' lang='lat' dir='ltr'><strong>tior,</strong></span> <span class='ocrx_word' id='word_1_165' title='bbox 391 1859 661 1915; x_wconf 83' lang='lat' dir='ltr'><strong>sustineo.</strong></span> 
     </span>
    </p>
   </div>
   <div class='ocr_carea' id='block_1_24' title="bbox 300 1949 1831 2024">
    <p class='ocr_par' dir='ltr' id='par_1_24' title="bbox 300 1949 1831 2024">
     <span class='ocr_line' id='line_1_24' title="bbox 300 1949 1831 2024; baseline 0.002 -17"><span class='ocrx_word' id='word_1_166' title='bbox 300 1952 414 2007; x_wconf 89' lang='lat' dir='ltr'><strong>Sed</strong></span> <span class='ocrx_word' id='word_1_167' title='bbox 436 1950 700 2006; x_wconf 89' lang='lat' dir='ltr'><strong>collabora</strong></span> <span class='ocrx_word' id='word_1_168' title='bbox 724 1949 1033 2024; x_wconf 81' lang='lat' dir='ltr'><strong>Evangelia.</strong></span> <span class='ocrx_word' id='word_1_169' title='bbox 1061 1950 1176 2008; x_wconf 88' lang='lat' dir='ltr'><strong>Tua</strong></span> <span class='ocrx_word' id='word_1_170' title='bbox 1214 1952 1634 2010; x_wconf 85' lang='lat' dir='ltr'><strong>conversatione</strong></span> <span class='ocrx_word' id='word_1_171' title='bbox 1657 1992 1673 2022; x_wconf 87' lang='lat'><strong>,</strong></span> <span class='ocrx_word' id='word_1_172' title='bbox 1714 1952 1831 2011; x_wconf 86' lang='lat' dir='ltr'><strong>sive</strong></span> 
     </span>
    </p>
   </div>
   <div class='ocr_carea' id='block_1_25' title="bbox 220 2042 500 2099">
    <p class='ocr_par' dir='ltr' id='par_1_25' title="bbox 220 2042 500 2099">
     <span class='ocr_line' id='line_1_25' title="bbox 220 2042 500 2099; baseline -0.007 0"><span class='ocrx_word' id='word_1_173' title='bbox 220 2042 500 2099; x_wconf 88' lang='lat' dir='ltr'><strong>doctrina.</strong></span> 
     </span>
    </p>
   </div>
   <div class='ocr_carea' id='block_1_26' title="bbox 296 2135 1829 2213">
    <p class='ocr_par' dir='ltr' id='par_1_26' title="bbox 296 2135 1829 2213">
     <span class='ocr_line' id='line_1_26' title="bbox 296 2135 1829 2213; baseline 0.006 -24"><span class='ocrx_word' id='word_1_174' title='bbox 296 2135 606 2190; x_wconf 86' lang='lat' dir='ltr'><strong>Secundum</strong></span> <span class='ocrx_word' id='word_1_175' title='bbox 635 2135 878 2192; x_wconf 83' lang='lat' dir='ltr'><strong>virtutem</strong></span> <span class='ocrx_word' id='word_1_176' title='bbox 900 2135 1018 2195; x_wconf 87' lang='lat' dir='ltr'><strong>Dei.</strong></span> <span class='ocrx_word' id='word_1_177' title='bbox 1060 2136 1193 2208; x_wconf 72' lang='grc' dir='ltr'><strong>ρυω</strong></span> <span class='ocrx_word' id='word_1_178' title='bbox 1241 2152 1343 2195; x_wconf 83' lang='lat' dir='ltr'><strong>sua</strong></span> <span class='ocrx_word' id='word_1_179' title='bbox 1392 2153 1556 2196; x_wconf 89' lang='lat' dir='ltr'><strong>causa</strong></span> <span class='ocrx_word' id='word_1_180' title='bbox 1608 2138 1829 2213; x_wconf 78' lang='lat' dir='ltr'><strong>adjuvat</strong></span> 
     </span>
    </p>
   </div>
   <div class='ocr_carea' id='block_1_27' title="bbox 226 2227 570 2285">
    <p class='ocr_par' dir='ltr' id='par_1_27' title="bbox 226 2227 570 2285">
     <span class='ocr_line' id='line_1_27' title="bbox 226 2227 570 2285; baseline 0.006 -2"><span class='ocrx_word' id='word_1_181' title='bbox 226 2227 570 2285; x_wconf 85' lang='lat' dir='ltr'><strong>laborantes.</strong></span> 
     </span>
    </p>
   </div>
   <div class='ocr_carea' id='block_1_28' title="bbox 300 2320 1820 2392">
    <p class='ocr_par' dir='ltr' id='par_1_28' title="bbox 300 2320 1820 2392">
     <span class='ocr_line' id='line_1_28' title="bbox 300 2320 1820 2392; baseline 0.006 -16"><span class='ocrx_word' id='word_1_182' title='bbox 300 2321 407 2391; x_wconf 86' lang='lat' dir='ltr'><strong>Qui</strong></span> <span class='ocrx_word' id='word_1_183' title='bbox 435 2338 529 2376; x_wconf 89' lang='lat' dir='ltr'><strong>nos</strong></span> <span class='ocrx_word' id='word_1_184' title='bbox 554 2320 812 2392; x_wconf 84' lang='lat' dir='ltr'><strong>liberavit,</strong></span> <span class='ocrx_word' id='word_1_185' title='bbox 835 2332 884 2379; x_wconf 89' lang='lat' dir='ltr'><strong>et</strong></span> <span class='ocrx_word' id='word_1_186' title='bbox 921 2325 1118 2380; x_wconf 81' lang='lat' dir='ltr'><strong>vocavit</strong></span> <span class='ocrx_word' id='word_1_187' title='bbox 1161 2326 1425 2383; x_wconf 88' lang='lat' dir='ltr'><strong>vocatione</strong></span> <span class='ocrx_word' id='word_1_188' title='bbox 1470 2343 1573 2383; x_wconf 89' lang='lat' dir='ltr'><strong>sua</strong></span> <span class='ocrx_word' id='word_1_189' title='bbox 1620 2337 1820 2385; x_wconf 89' lang='lat' dir='ltr'><strong>sancta.</strong></span> 
     </span>
    </p>
   </div>
   <div class='ocr_carea' id='block_1_29' title="bbox 216 2414 807 2488">
    <p class='ocr_par' dir='ltr' id='par_1_29' title="bbox 216 2414 807 2488">
     <span class='ocr_line' id='line_1_29' title="bbox 216 2414 807 2488; baseline 0.003 -17"><span class='ocrx_word' id='word_1_190' title='bbox 216 2414 454 2471; x_wconf 88' lang='lat' dir='ltr'><strong>Scilicet</strong></span> <span class='ocrx_word' id='word_1_191' title='bbox 482 2429 511 2469; x_wconf 92' lang='lat' dir='ltr'><strong>a</strong></span> <span class='ocrx_word' id='word_1_192' title='bbox 542 2416 807 2488; x_wconf 88' lang='lat' dir='ltr'><strong>peccatis.</strong></span> 
     </span>
    </p>
   </div>
   <div class='ocr_carea' id='block_1_30' title="bbox 292 2505 1824 2587">
    <p class='ocr_par' dir='ltr' id='par_1_30' title="bbox 292 2505 1824 2587">
     <span class='ocr_line' id='line_1_30' title="bbox 292 2505 1824 2587; baseline 0.004 -24"><span class='ocrx_word' id='word_1_193' title='bbox 292 2505 425 2563; x_wconf 82' lang='lat' dir='ltr'><strong>Non</strong></span> <span class='ocrx_word' id='word_1_194' title='bbox 451 2508 734 2563; x_wconf 82' lang='lat' dir='ltr'><strong>secundum</strong></span> <span class='ocrx_word' id='word_1_195' title='bbox 763 2525 921 2581; x_wconf 80' lang='lat' dir='ltr'><strong>Opera</strong></span> <span class='ocrx_word' id='word_1_196' title='bbox 951 2518 1161 2581; x_wconf 89' lang='lat' dir='ltr'><strong>nostra,</strong></span> <span class='ocrx_word' id='word_1_197' title='bbox 1202 2512 1294 2567; x_wconf 88' lang='lat' dir='ltr'><strong>sed</strong></span> <span class='ocrx_word' id='word_1_198' title='bbox 1315 2514 1598 2569; x_wconf 88' lang='lat' dir='ltr'><strong>secundum</strong></span> <span class='ocrx_word' id='word_1_199' title='bbox 1636 2530 1824 2587; x_wconf 85' lang='lat' dir='ltr'><strong>propo-</strong></span> 
     </span>
    </p>
   </div>
   <div class='ocr_carea' id='block_1_31' title="bbox 212 2604 1822 2678">
    <p class='ocr_par' dir='ltr' id='par_1_31' title="bbox 212 2604 1822 2678">
     <span class='ocr_line' id='line_1_31' title="bbox 212 2604 1822 2678; baseline 0.004 -20"><span class='ocrx_word' id='word_1_200' title='bbox 212 2604 379 2659; x_wconf 85' lang='lat' dir='ltr'><strong>situm</strong></span> <span class='ocrx_word' id='word_1_201' title='bbox 407 2620 581 2671; x_wconf 87' lang='lat' dir='ltr'><strong>suum,</strong></span> <span class='ocrx_word' id='word_1_202' title='bbox 611 2612 661 2658; x_wconf 91' lang='lat' dir='ltr'><strong>et</strong></span> <span class='ocrx_word' id='word_1_203' title='bbox 682 2606 924 2676; x_wconf 88' lang='lat' dir='ltr'><strong>gratiam,</strong></span> <span class='ocrx_word' id='word_1_204' title='bbox 952 2622 1070 2678; x_wconf 80' lang='lat' dir='ltr'><strong>qua:</strong></span> <span class='ocrx_word' id='word_1_205' title='bbox 1088 2605 1214 2660; x_wconf 89' lang='lat' dir='ltr'><strong>data</strong></span> <span class='ocrx_word' id='word_1_206' title='bbox 1233 2616 1311 2662; x_wconf 89' lang='lat' dir='ltr'><strong>est</strong></span> <span class='ocrx_word' id='word_1_207' title='bbox 1341 2609 1487 2663; x_wconf 89' lang='lat' dir='ltr'><strong>nobis</strong></span> <span class='ocrx_word' id='word_1_208' title='bbox 1520 2609 1576 2663; x_wconf 86' lang='lat' dir='ltr'><strong>in</strong></span> <span class='ocrx_word' id='word_1_209' title='bbox 1614 2607 1822 2665; x_wconf 84' lang='lat' dir='ltr'><strong>Christo</strong></span> 
     </span>
    </p>
   </div>
   <div class='ocr_carea' id='block_1_32' title="bbox 211 2694 1816 2772">
    <p class='ocr_par' dir='ltr' id='par_1_32' title="bbox 211 2694 1816 2772">
     <span class='ocr_line' id='line_1_32' title="bbox 211 2694 1816 2772; baseline 0.004 -19"><span class='ocrx_word' id='word_1_210' title='bbox 211 2694 509 2765; x_wconf 82' lang='lat' dir='ltr'><strong>Jesu.Quo</strong></span> <span class='ocrx_word' id='word_1_211' title='bbox 542 2700 822 2770; x_wconf 89' lang='lat' dir='ltr'><strong>proposuit</strong></span> <span class='ocrx_word' id='word_1_212' title='bbox 845 2714 946 2755; x_wconf 92' lang='lat' dir='ltr'><strong>nos</strong></span> <span class='ocrx_word' id='word_1_213' title='bbox 976 2701 1145 2769; x_wconf 79' lang='lat' dir='ltr'><strong>gratis</strong></span> <span class='ocrx_word' id='word_1_214' title='bbox 1174 2702 1387 2758; x_wconf 84' lang='lat' dir='ltr'><strong>salvare</strong></span> <span class='ocrx_word' id='word_1_215' title='bbox 1404 2718 1500 2772; x_wconf 90' lang='lat' dir='ltr'><strong>per</strong></span> <span class='ocrx_word' id='word_1_216' title='bbox 1516 2702 1816 2759; x_wconf 90' lang='lat' dir='ltr'><strong>Christum.</strong></span> 
     </span>
    </p>
   </div>
   <div class='ocr_carea' id='block_1_33' title="bbox 286 2791 1819 2868">
    <p class='ocr_par' dir='ltr' id='par_1_33' title="bbox 286 2791 1819 2868">
     <span class='ocr_line' id='line_1_33' title="bbox 286 2791 1819 2868; baseline 0.005 -22"><span class='ocrx_word' id='word_1_217' title='bbox 286 2791 427 2847; x_wconf 80' lang='lat' dir='ltr'><strong>Ante</strong></span> <span class='ocrx_word' id='word_1_218' title='bbox 452 2801 686 2865; x_wconf 88' lang='lat' dir='ltr'><strong>tempora</strong></span> <span class='ocrx_word' id='word_1_219' title='bbox 704 2794 997 2849; x_wconf 68' lang='lat' dir='ltr'><strong>saecularia.</strong></span> <span class='ocrx_word' id='word_1_220' title='bbox 1027 2794 1297 2864; x_wconf 90' lang='lat' dir='ltr'><strong>Quantum</strong></span> <span class='ocrx_word' id='word_1_221' title='bbox 1326 2795 1395 2853; x_wconf 88' lang='lat' dir='ltr'><strong>ad</strong></span> <span class='ocrx_word' id='word_1_222' title='bbox 1422 2798 1819 2868; x_wconf 60' lang='lat' dir='ltr'><strong>prasscientiam</strong></span> 
     </span>
    </p>
   </div>
   <div class='ocr_carea' id='block_1_34' title="bbox 211 2884 1820 2958">
    <p class='ocr_par' dir='ltr' id='par_1_34' title="bbox 211 2884 1820 2958">
     <span class='ocr_line' id='line_1_34' title="bbox 211 2884 1820 2958; baseline 0.009 -18"><span class='ocrx_word' id='word_1_223' title='bbox 211 2884 336 2953; x_wconf 90' lang='lat' dir='ltr'><strong>Dei,</strong></span> <span class='ocrx_word' id='word_1_224' title='bbox 370 2896 497 2943; x_wconf 88' lang='lat' dir='ltr'><strong>ante</strong></span> <span class='ocrx_word' id='word_1_225' title='bbox 523 2887 720 2943; x_wconf 79' lang='lat' dir='ltr'><strong>Saecula</strong></span> <span class='ocrx_word' id='word_1_226' title='bbox 741 2887 854 2958; x_wconf 86' lang='lat' dir='ltr'><strong>jam</strong></span> <span class='ocrx_word' id='word_1_227' title='bbox 880 2888 1125 2944; x_wconf 87' lang='lat' dir='ltr'><strong>donavit.</strong></span> <span class='ocrx_word' id='word_1_228' title='bbox 1172 2889 1308 2945; x_wconf 86' lang='lat' dir='ltr'><strong>Nam</strong></span> <span class='ocrx_word' id='word_1_229' title='bbox 1353 2891 1604 2950; x_wconf 81' lang='lat' dir='ltr'><strong>homines</strong></span> <span class='ocrx_word' id='word_1_230' title='bbox 1641 2895 1820 2954; x_wconf 88' lang='lat' dir='ltr'><strong>solent</strong></span> 
     </span>
    </p>
   </div>
   <div class='ocr_carea' id='block_1_35' title="bbox 212 2978 1519 3052">
    <p class='ocr_par' dir='ltr' id='par_1_35' title="bbox 212 2978 1519 3052">
     <span class='ocr_line' id='line_1_35' title="bbox 212 2978 1519 3052; baseline 0.005 -19"><span class='ocrx_word' id='word_1_231' title='bbox 212 2978 347 3033; x_wconf 87' lang='lat' dir='ltr'><strong>liliis</strong></span> <span class='ocrx_word' id='word_1_232' title='bbox 375 2993 570 3049; x_wconf 88' lang='lat' dir='ltr'><strong>parare</strong></span> <span class='ocrx_word' id='word_1_233' title='bbox 601 2979 827 3050; x_wconf 68' lang='lat' dir='ltr'><strong>praedia,</strong></span> <span class='ocrx_word' id='word_1_234' title='bbox 858 2981 1172 3052; x_wconf 86' lang='lat' dir='ltr'><strong>priusquam</strong></span> <span class='ocrx_word' id='word_1_235' title='bbox 1202 2991 1519 3039; x_wconf 87' lang='lat' dir='ltr'><strong>nascantur.</strong></span> 
     </span>
    </p>
   </div>
   <div class='ocr_carea' id='block_1_36' title="bbox 283 3071 1705 3147">
    <p class='ocr_par' dir='ltr' id='par_1_36' title="bbox 283 3071 1705 3147">
     <span class='ocr_line' id='line_1_36' title="bbox 283 3071 1705 3147; baseline 0.008 -20"><span class='ocrx_word' id='word_1_236' title='bbox 283 3071 636 3145; x_wconf 75' lang='lat' dir='ltr'><strong>Manifestum</strong></span> <span class='ocrx_word' id='word_1_237' title='bbox 665 3083 742 3129; x_wconf 91' lang='lat' dir='ltr'><strong>est</strong></span> <span class='ocrx_word' id='word_1_238' title='bbox 771 3083 945 3130; x_wconf 89' lang='lat' dir='ltr'><strong>autem</strong></span> <span class='ocrx_word' id='word_1_239' title='bbox 974 3092 1136 3132; x_wconf 90' lang='lat' dir='ltr'><strong>nunc.</strong></span> <span class='ocrx_word' id='word_1_240' title='bbox 1166 3076 1299 3147; x_wconf 72' lang='lat' dir='ltr'><strong>Quae</strong></span> <span class='ocrx_word' id='word_1_241' title='bbox 1319 3088 1451 3137; x_wconf 88' lang='lat' dir='ltr'><strong>ante</strong></span> <span class='ocrx_word' id='word_1_242' title='bbox 1481 3080 1705 3139; x_wconf 83' lang='lat' dir='ltr'><strong>latebat.</strong></span> 
     </span>
    </p>
   </div>
   <div class='ocr_carea' id='block_1_37' title="bbox 280 3167 1819 3236">
    <p class='ocr_par' dir='ltr' id='par_1_37' title="bbox 280 3167 1819 3236">
     <span class='ocr_line' id='line_1_37' title="bbox 280 3167 1819 3236; baseline 0.008 -12"><span class='ocrx_word' id='word_1_243' title='bbox 280 3167 389 3225; x_wconf 84' lang='lat' dir='ltr'><strong>Per</strong></span> <span class='ocrx_word' id='word_1_244' title='bbox 409 3169 849 3227; x_wconf 82' lang='lat' dir='ltr'><strong>illuminationem</strong></span> <span class='ocrx_word' id='word_1_245' title='bbox 882 3171 1173 3228; x_wconf 90' lang='lat' dir='ltr'><strong>Salvatoris</strong></span> <span class='ocrx_word' id='word_1_246' title='bbox 1207 3174 1376 3230; x_wconf 85' lang='lat' dir='ltr'><strong>nostri</strong></span> <span class='ocrx_word' id='word_1_247' title='bbox 1418 3173 1547 3232; x_wconf 79' lang='lat' dir='ltr'><strong>Jesu</strong></span> <span class='ocrx_word' id='word_1_248' title='bbox 1596 3176 1819 3236; x_wconf 63' lang='lat' dir='ltr'><strong>Christi.</strong></span> 
     </span>
    </p>
   </div>
   <div class='ocr_carea' id='block_1_38' title="bbox 207 3260 1018 3335">
    <p class='ocr_par' dir='ltr' id='par_1_38' title="bbox 207 3260 1018 3335">
     <span class='ocr_line' id='line_1_38' title="bbox 207 3260 1018 3335; baseline 0.005 -19"><span class='ocrx_word' id='word_1_249' title='bbox 207 3260 406 3318; x_wconf 68' lang='lat' dir='ltr'><strong>Verbis</strong></span> <span class='ocrx_word' id='word_1_250' title='bbox 426 3262 637 3318; x_wconf 84' lang='lat' dir='ltr'><strong>scilicet</strong></span> <span class='ocrx_word' id='word_1_251' title='bbox 656 3272 709 3320; x_wconf 92' lang='lat' dir='ltr'><strong>et</strong></span> <span class='ocrx_word' id='word_1_252' title='bbox 730 3265 1018 3335; x_wconf 76' lang='lat' dir='ltr'><strong>exemplis.</strong></span> 
     </span>
    </p>
   </div>
   <div class='ocr_carea' id='block_1_39' title="bbox 278 3352 1810 3426">
    <p class='ocr_par' dir='ltr' id='par_1_39' title="bbox 278 3352 1810 3426">
     <span class='ocr_line' id='line_1_39' title="bbox 278 3352 1810 3426; baseline 0.008 -20"><span class='ocrx_word' id='word_1_253' title='bbox 278 3352 387 3421; x_wconf 89' lang='lat' dir='ltr'><strong>Qui</strong></span> <span class='ocrx_word' id='word_1_254' title='bbox 409 3353 664 3409; x_wconf 79' lang='lat' dir='ltr'><strong>destruxit</strong></span> <span class='ocrx_word' id='word_1_255' title='bbox 690 3356 895 3426; x_wconf 88' lang='lat' dir='ltr'><strong>quidem</strong></span> <span class='ocrx_word' id='word_1_256' title='bbox 913 3365 1128 3413; x_wconf 88' lang='lat' dir='ltr'><strong>mortem</strong></span> <span class='ocrx_word' id='word_1_257' title='bbox 1150 3373 1171 3414; x_wconf 90' lang='lat'><strong><em>:</em></strong></span> <span class='ocrx_word' id='word_1_258' title='bbox 1194 3357 1509 3416; x_wconf 86' lang='lat' dir='ltr'><strong>illuminavit</strong></span> <span class='ocrx_word' id='word_1_259' title='bbox 1528 3372 1705 3417; x_wconf 89' lang='lat' dir='ltr'><strong>autem</strong></span> <span class='ocrx_word' id='word_1_260' title='bbox 1734 3365 1810 3419; x_wconf 81' lang='lat' dir='ltr'><strong>vi-</strong></span> 
     </span>
    </p>
   </div>
   <div class='ocr_carea' id='block_1_40' title="bbox 200 3447 1809 3523">
    <p class='ocr_par' dir='ltr' id='par_1_40' title="bbox 200 3447 1809 3523">
     <span class='ocr_line' id='line_1_40' title="bbox 200 3447 1809 3523; baseline 0.008 -22"><span class='ocrx_word' id='word_1_261' title='bbox 200 3455 308 3501; x_wconf 86' lang='lat' dir='ltr'><strong>tam</strong></span> <span class='ocrx_word' id='word_1_262' title='bbox 330 3455 379 3502; x_wconf 90' lang='lat' dir='ltr'><strong>et</strong></span> <span class='ocrx_word' id='word_1_263' title='bbox 406 3447 876 3517; x_wconf 85' lang='lat' dir='ltr'><strong>incorruptionem.</strong></span> <span class='ocrx_word' id='word_1_264' title='bbox 935 3450 1194 3506; x_wconf 89' lang='lat' dir='ltr'><strong>Doctrina</strong></span> <span class='ocrx_word' id='word_1_265' title='bbox 1232 3467 1370 3523; x_wconf 90' lang='lat' dir='ltr'><strong>sua,</strong></span> <span class='ocrx_word' id='word_1_266' title='bbox 1417 3462 1471 3509; x_wconf 90' lang='lat' dir='ltr'><strong>et</strong></span> <span class='ocrx_word' id='word_1_267' title='bbox 1517 3470 1809 3513; x_wconf 82' lang='lat' dir='ltr'><strong>conversa-</strong></span> 
     </span>
    </p>
   </div>
   <div class='ocr_carea' id='block_1_41' title="bbox 198 3538 1807 3620">
    <p class='ocr_par' dir='ltr' id='par_1_41' title="bbox 198 3538 1807 3620">
     <span class='ocr_line' id='line_1_41' title="bbox 198 3538 1807 3620; baseline 0.008 -27"><span class='ocrx_word' id='word_1_268' title='bbox 198 3538 350 3595; x_wconf 91' lang='lat' dir='ltr'><strong>tione</strong></span> <span class='ocrx_word' id='word_1_269' title='bbox 374 3538 651 3595; x_wconf 80' lang='lat' dir='ltr'><strong>destruxit</strong></span> <span class='ocrx_word' id='word_1_270' title='bbox 674 3550 920 3611; x_wconf 87' lang='lat' dir='ltr'><strong>peecata,</strong></span> <span class='ocrx_word' id='word_1_271' title='bbox 957 3557 1079 3614; x_wconf 70' lang='lat' dir='ltr'><strong>qua:</strong></span> <span class='ocrx_word' id='word_1_272' title='bbox 1108 3550 1341 3600; x_wconf 88' lang='lat' dir='ltr'><strong>mortem</strong></span> <span class='ocrx_word' id='word_1_273' title='bbox 1373 3544 1609 3603; x_wconf 89' lang='lat' dir='ltr'><strong>hominis</strong></span> <span class='ocrx_word' id='word_1_274' title='bbox 1643 3564 1807 3620; x_wconf 84' lang='lat' dir='ltr'><strong>gene-</strong></span> 
     </span>
    </p>
   </div>
   <div class='ocr_carea' id='block_1_42' title="bbox 197 3632 1803 3714">
    <p class='ocr_par' dir='ltr' id='par_1_42' title="bbox 197 3632 1803 3714">
     <span class='ocr_line' id='line_1_42' title="bbox 197 3632 1803 3714; baseline 0.007 -27"><span class='ocrx_word' id='word_1_275' title='bbox 197 3632 399 3688; x_wconf 89' lang='lat' dir='ltr'><strong>rabant</strong></span> <span class='ocrx_word' id='word_1_276' title='bbox 438 3651 451 3687; x_wconf 89' lang='lat'><strong>:</strong></span> <span class='ocrx_word' id='word_1_277' title='bbox 486 3642 542 3689; x_wconf 85' lang='lat' dir='ltr'><strong>et</strong></span> <span class='ocrx_word' id='word_1_278' title='bbox 569 3634 809 3691; x_wconf 83' lang='lat' dir='ltr'><strong>ostendit</strong></span> <span class='ocrx_word' id='word_1_279' title='bbox 837 3637 1113 3708; x_wconf 91' lang='lat' dir='ltr'><strong>quomodo</strong></span> <span class='ocrx_word' id='word_1_280' title='bbox 1138 3636 1249 3694; x_wconf 87' lang='lat' dir='ltr'><strong>vita</strong></span> <span class='ocrx_word' id='word_1_281' title='bbox 1283 3678 1299 3707; x_wconf 89' lang='lat'><strong>,</strong></span> <span class='ocrx_word' id='word_1_282' title='bbox 1358 3647 1415 3695; x_wconf 90' lang='lat' dir='ltr'><strong>et</strong></span> <span class='ocrx_word' id='word_1_283' title='bbox 1461 3639 1803 3714; x_wconf 90' lang='lat' dir='ltr'><strong>incorruptio</strong></span> 
     </span>
    </p>
   </div>
   <div class='ocr_carea' id='block_1_43' title="bbox 192 3735 501 3795">
    <p class='ocr_par' dir='ltr' id='par_1_43' title="bbox 192 3735 501 3795">
     <span class='ocr_line' id='line_1_43' title="bbox 192 3735 501 3795; baseline 0.019 -17"><span class='ocrx_word' id='word_1_284' title='bbox 192 3735 501 3795; x_wconf 58' lang='lat' dir='ltr'><strong>quaeratur.</strong></span> 
     </span>
    </p>
   </div>
   <div class='ocr_carea' id='block_1_44' title="bbox 264 3818 1796 3901">
    <p class='ocr_par' dir='ltr' id='par_1_44' title="bbox 264 3818 1796 3901">
     <span class='ocr_line' id='line_1_44' title="bbox 264 3818 1796 3901; baseline 0.01 -28"><span class='ocrx_word' id='word_1_285' title='bbox 264 3818 378 3874; x_wconf 80' lang='lat' dir='ltr'><strong>Per</strong></span> <span class='ocrx_word' id='word_1_286' title='bbox 389 3818 1021 3892; x_wconf 64' lang='lat' dir='ltr'><strong>EvangetiumNolentes</strong></span> <span class='ocrx_word' id='word_1_287' title='bbox 1035 3824 1241 3894; x_wconf 86' lang='lat' dir='ltr'><strong>docuit,</strong></span> <span class='ocrx_word' id='word_1_288' title='bbox 1258 3841 1367 3883; x_wconf 91' lang='lat' dir='ltr'><strong>non</strong></span> <span class='ocrx_word' id='word_1_289' title='bbox 1378 3828 1557 3901; x_wconf 79' lang='lat' dir='ltr'><strong>coegit</strong></span> <span class='ocrx_word' id='word_1_290' title='bbox 1572 3829 1796 3897; x_wconf 82' lang='lat' dir='ltr'><strong>invitos.</strong></span> 
     </span>
    </p>
   </div>
   <div class='ocr_carea' id='block_1_45' title="bbox 260 3910 1799 3993">
    <p class='ocr_par' dir='ltr' id='par_1_45' title="bbox 260 3910 1799 3993">
     <span class='ocr_line' id='line_1_45' title="bbox 260 3910 1799 3993; baseline 0.009 -28"><span class='ocrx_word' id='word_1_291' title='bbox 260 3910 337 3965; x_wconf 88' lang='lat' dir='ltr'><strong>In</strong></span> <span class='ocrx_word' id='word_1_292' title='bbox 364 3928 468 3981; x_wconf 85' lang='lat' dir='ltr'><strong>quo</strong></span> <span class='ocrx_word' id='word_1_293' title='bbox 493 3914 693 3984; x_wconf 85' lang='lat' dir='ltr'><strong>positus</strong></span> <span class='ocrx_word' id='word_1_294' title='bbox 714 3930 831 3968; x_wconf 90' lang='lat' dir='ltr'><strong>sum</strong></span> <span class='ocrx_word' id='word_1_295' title='bbox 853 3931 945 3986; x_wconf 83' lang='lat' dir='ltr'><strong>ego</strong></span> <span class='ocrx_word' id='word_1_296' title='bbox 969 3917 1304 3985; x_wconf 69' lang='lat' dir='ltr'><strong>prcdicator,</strong></span> <span class='ocrx_word' id='word_1_297' title='bbox 1337 3928 1388 3974; x_wconf 89' lang='lat' dir='ltr'><strong>et</strong></span> <span class='ocrx_word' id='word_1_298' title='bbox 1412 3923 1678 3992; x_wconf 83' lang='lat' dir='ltr'><strong>apostolus</strong></span> <span class='ocrx_word' id='word_1_299' title='bbox 1700 3967 1715 3993; x_wconf 97' lang='lat'><strong>,</strong></span> <span class='ocrx_word' id='word_1_300' title='bbox 1746 3935 1799 3980; x_wconf 89' lang='lat' dir='ltr'><strong>et</strong></span> 
     </span>
    </p>
   </div>
   <div class='ocr_carea' id='block_1_46' title="bbox 184 4006 1793 4086">
    <p class='ocr_par' dir='ltr' id='par_1_46' title="bbox 184 4006 1793 4086">
     <span class='ocr_line' id='line_1_46' title="bbox 184 4006 1793 4086; baseline 0.008 -26"><span class='ocrx_word' id='word_1_301' title='bbox 184 4006 441 4078; x_wconf 84' lang='lat' dir='ltr'><strong>magister</strong></span> <span class='ocrx_word' id='word_1_302' title='bbox 464 4007 718 4078; x_wconf 84' lang='lat' dir='ltr'><strong>gentium.</strong></span> <span class='ocrx_word' id='word_1_303' title='bbox 750 4006 832 4063; x_wconf 84' lang='lat' dir='ltr'><strong>Ad</strong></span> <span class='ocrx_word' id='word_1_304' title='bbox 871 4010 1336 4079; x_wconf 89' lang='lat' dir='ltr'><strong>comparationem</strong></span> <span class='ocrx_word' id='word_1_305' title='bbox 1385 4013 1616 4069; x_wconf 88' lang='lat' dir='ltr'><strong>aliorum</strong></span> <span class='ocrx_word' id='word_1_306' title='bbox 1658 4032 1793 4086; x_wconf 86' lang='lat' dir='ltr'><strong>pos-</strong></span> 
     </span>
    </p>
   </div>
   <div class='ocr_carea' id='block_1_47' title="bbox 180 4100 1794 4183">
    <p class='ocr_par' dir='ltr' id='par_1_47' title="bbox 180 4100 1794 4183">
     <span class='ocr_line' id='line_1_47' title="bbox 180 4100 1794 4183; baseline 0.009 -29"><span class='ocrx_word' id='word_1_307' title='bbox 180 4109 320 4157; x_wconf 87' lang='lat' dir='ltr'><strong>sunt</strong></span> <span class='ocrx_word' id='word_1_308' title='bbox 340 4100 450 4158; x_wconf 89' lang='lat' dir='ltr'><strong>dici</strong></span> <span class='ocrx_word' id='word_1_309' title='bbox 478 4102 744 4174; x_wconf 82' lang='lat' dir='ltr'><strong>magistri.</strong></span> <span class='ocrx_word' id='word_1_310' title='bbox 764 4102 846 4159; x_wconf 85' lang='lat' dir='ltr'><strong>Ad</strong></span> <span class='ocrx_word' id='word_1_311' title='bbox 869 4106 1337 4176; x_wconf 87' lang='lat' dir='ltr'><strong>comparationem</strong></span> <span class='ocrx_word' id='word_1_312' title='bbox 1361 4124 1522 4165; x_wconf 90' lang='lat' dir='ltr'><strong>nemo</strong></span> <span class='ocrx_word' id='word_1_313' title='bbox 1534 4111 1794 4183; x_wconf 88' lang='lat' dir='ltr'><strong>magister</strong></span> 
     </span>
    </p>
   </div>
   <div class='ocr_carea' id='block_1_48' title="bbox 178 4208 377 4249">
    <p class='ocr_par' dir='ltr' id='par_1_48' title="bbox 178 4208 377 4249">
     <span class='ocr_line' id='line_1_48' title="bbox 178 4208 377 4249; baseline 0.015 -3"><span class='ocrx_word' id='word_1_314' title='bbox 178 4208 377 4249; x_wconf 70' lang='grc' dir='ltr'><strong>νοτυς.</strong></span> 
     </span>
    </p>
   </div>
   <div class='ocr_carea' id='block_1_49' title="bbox 256 4283 1787 4368">
    <p class='ocr_par' dir='ltr' id='par_1_49' title="bbox 256 4283 1787 4368">
     <span class='ocr_line' id='line_1_49' title="bbox 256 4283 1787 4368; baseline 0.01 -30"><span class='ocrx_word' id='word_1_315' title='bbox 256 4283 342 4339; x_wconf 93' lang='lat' dir='ltr'><strong>0b</strong></span> <span class='ocrx_word' id='word_1_316' title='bbox 367 4301 525 4356; x_wconf 88' lang='lat' dir='ltr'><strong>quam</strong></span> <span class='ocrx_word' id='word_1_317' title='bbox 552 4304 766 4342; x_wconf 88' lang='lat' dir='ltr'><strong>causam</strong></span> <span class='ocrx_word' id='word_1_318' title='bbox 796 4289 953 4344; x_wconf 88' lang='lat' dir='ltr'><strong>etiam</strong></span> <span class='ocrx_word' id='word_1_319' title='bbox 975 4289 1090 4346; x_wconf 68' lang='lat' dir='ltr'><strong>haec</strong></span> <span class='ocrx_word' id='word_1_320' title='bbox 1112 4292 1300 4363; x_wconf 88' lang='lat' dir='ltr'><strong>patior.</strong></span> <span class='ocrx_word' id='word_1_321' title='bbox 1328 4292 1444 4349; x_wconf 81' lang='lat' dir='ltr'><strong>Non</strong></span> <span class='ocrx_word' id='word_1_322' title='bbox 1468 4295 1541 4351; x_wconf 93' lang='lat' dir='ltr'><strong>ob</strong></span> <span class='ocrx_word' id='word_1_323' title='bbox 1568 4295 1787 4368; x_wconf 84' lang='lat' dir='ltr'><strong>aliquod</strong></span> 
     </span>
    </p>
   </div>
   <div class='ocr_carea' id='block_1_50' title="bbox 172 4378 1787 4453">
    <p class='ocr_par' dir='ltr' id='par_1_50' title="bbox 172 4378 1787 4453">
     <span class='ocr_line' id='line_1_50' title="bbox 172 4378 1787 4453; baseline 0.007 -20"><span class='ocrx_word' id='word_1_324' title='bbox 172 4378 427 4447; x_wconf 83' lang='lat' dir='ltr'><strong>crimen,</strong></span> <span class='ocrx_word' id='word_1_325' title='bbox 448 4378 606 4436; x_wconf 89' lang='lat' dir='ltr'><strong>sicuti</strong></span> <span class='ocrx_word' id='word_1_326' title='bbox 635 4396 735 4437; x_wconf 86' lang='lat' dir='ltr'><strong>nos</strong></span> <span class='ocrx_word' id='word_1_327' title='bbox 748 4381 857 4453; x_wconf 87' lang='lat' dir='ltr'><strong>pati</strong></span> <span class='ocrx_word' id='word_1_328' title='bbox 881 4382 1077 4439; x_wconf 83' lang='lat' dir='ltr'><strong>Petrus</strong></span> <span class='ocrx_word' id='word_1_329' title='bbox 1106 4385 1354 4441; x_wconf 84' lang='lat' dir='ltr'><strong>hortatur</strong></span> <span class='ocrx_word' id='word_1_330' title='bbox 1377 4386 1570 4443; x_wconf 90' lang='lat' dir='ltr'><strong>dicens</strong></span> <span class='ocrx_word' id='word_1_331' title='bbox 1587 4405 1601 4444; x_wconf 90' lang='lat'><strong>:</strong></span> <span class='ocrx_word' id='word_1_332' title='bbox 1617 4388 1787 4445; x_wconf 87' lang='lat' dir='ltr'><strong>Nemo</strong></span> 
     </span>
    </p>
   </div>
   <div class='ocr_carea' id='block_1_51' title="bbox 171 4473 1786 4545">
    <p class='ocr_par' dir='ltr' id='par_1_51' title="bbox 171 4473 1786 4545">
     <span class='ocr_line' id='line_1_51' title="bbox 171 4473 1786 4545; baseline 0.007 -20"><span class='ocrx_word' id='word_1_333' title='bbox 171 4479 434 4526; x_wconf 79' lang='lat' dir='ltr'><strong>vestrum</strong></span> <span class='ocrx_word' id='word_1_334' title='bbox 483 4473 722 4542; x_wconf 88' lang='lat' dir='ltr'><strong>patiatur</strong></span> <span class='ocrx_word' id='word_1_335' title='bbox 768 4476 925 4545; x_wconf 86' lang='lat' dir='ltr'><strong>quasi</strong></span> <span class='ocrx_word' id='word_1_336' title='bbox 978 4475 1242 4533; x_wconf 86' lang='lat' dir='ltr'><strong>homicida</strong></span> <span class='ocrx_word' id='word_1_337' title='bbox 1299 4494 1314 4539; x_wconf 84' lang='lat'><strong>;</strong></span> <span class='ocrx_word' id='word_1_338' title='bbox 1367 4477 1451 4535; x_wconf 90' lang='lat' dir='ltr'><strong>sic</strong></span> <span class='ocrx_word' id='word_1_339' title='bbox 1488 4488 1670 4535; x_wconf 90' lang='lat' dir='ltr'><strong>autem</strong></span> <span class='ocrx_word' id='word_1_340' title='bbox 1725 4490 1786 4538; x_wconf 87' lang='lat' dir='ltr'><strong>ut</strong></span> 
     </span>
    </p>
   </div>
   <div class='ocr_carea' id='block_1_52' title="bbox 168 4561 1038 4632">
    <p class='ocr_par' dir='ltr' id='par_1_52' title="bbox 168 4561 1038 4632">
     <span class='ocr_line' id='line_1_52' title="bbox 168 4561 1038 4632; baseline 0.008 -15"><span class='ocrx_word' id='word_1_341' title='bbox 168 4561 562 4632; x_wconf 83' lang='lat' dir='ltr'><strong>Christianus,</strong></span> <span class='ocrx_word' id='word_1_342' title='bbox 594 4580 701 4621; x_wconf 91' lang='lat' dir='ltr'><strong>non</strong></span> <span class='ocrx_word' id='word_1_343' title='bbox 729 4566 1038 4624; x_wconf 88' lang='lat' dir='ltr'><strong>erubescat.</strong></span> 
     </span>
    </p>
   </div>
   <div class='ocr_carea' id='block_1_53' title="bbox 1946 1120 3550 1204">
    <p class='ocr_par' dir='ltr' id='par_1_53' title="bbox 1946 1120 3550 1204">
     <span class='ocr_line' id='line_1_53' title="bbox 1946 1120 3550 1204; baseline 0.012 -31"><span class='ocrx_word' id='word_1_344' title='bbox 1946 1120 2074 1179; x_wconf 83' lang='lat' dir='ltr'><strong>(mit.</strong></span> <span class='ocrx_word' id='word_1_345' title='bbox 2102 1121 2386 1195; x_wconf 79' lang='lat' dir='ltr'><strong>Vituperat</strong></span> <span class='ocrx_word' id='word_1_346' title='bbox 2412 1124 2728 1183; x_wconf 87' lang='lat' dir='ltr'><strong>desertores</strong></span> <span class='ocrx_word' id='word_1_347' title='bbox 2753 1169 2766 1192; x_wconf 88' lang='lat'><strong>,</strong></span> <span class='ocrx_word' id='word_1_348' title='bbox 2814 1136 2870 1185; x_wconf 90' lang='lat' dir='ltr'><strong>et</strong></span> <span class='ocrx_word' id='word_1_349' title='bbox 2898 1130 3087 1188; x_wconf 87' lang='lat' dir='ltr'><strong>laudat</strong></span> <span class='ocrx_word' id='word_1_350' title='bbox 3129 1149 3550 1204; x_wconf 85' lang='lat' dir='ltr'><strong>permanentes:</strong></span> 
     </span>
    </p>
   </div>
   <div class='ocr_carea' id='block_1_54' title="bbox 1944 1214 3549 1301">
    <p class='ocr_par' dir='ltr' id='par_1_54' title="bbox 1944 1214 3549 1301">
     <span class='ocr_line' id='line_1_54' title="bbox 1944 1214 3549 1301; baseline 0.011 -32"><span class='ocrx_word' id='word_1_351' title='bbox 1944 1222 2005 1269; x_wconf 88' lang='lat' dir='ltr'><strong>ut</strong></span> <span class='ocrx_word' id='word_1_352' title='bbox 2030 1214 2401 1273; x_wconf 85' lang='lat' dir='ltr'><strong>deterreatab</strong></span> <span class='ocrx_word' id='word_1_353' title='bbox 2431 1218 2736 1278; x_wconf 82' lang='lat' dir='ltr'><strong>imitatione</strong></span> <span class='ocrx_word' id='word_1_354' title='bbox 2763 1222 2907 1277; x_wconf 89' lang='lat' dir='ltr'><strong>mala</strong></span> <span class='ocrx_word' id='word_1_355' title='bbox 2936 1263 2952 1291; x_wconf 92' lang='lat'><strong>,</strong></span> <span class='ocrx_word' id='word_1_356' title='bbox 3012 1233 3067 1282; x_wconf 88' lang='lat' dir='ltr'><strong>et</strong></span> <span class='ocrx_word' id='word_1_357' title='bbox 3116 1225 3185 1281; x_wconf 80' lang='lat' dir='ltr'><strong>ad</strong></span> <span class='ocrx_word' id='word_1_358' title='bbox 3240 1229 3549 1301; x_wconf 82' lang='lat' dir='ltr'><strong>exemplum</strong></span> 
     </span>
    </p>
   </div>
   <div class='ocr_carea' id='block_1_55' title="bbox 1947 1308 2495 1378">
    <p class='ocr_par' dir='ltr' id='par_1_55' title="bbox 1947 1308 2495 1378">
     <span class='ocr_line' id='line_1_55' title="bbox 1947 1308 2495 1378; baseline 0.009 -17"><span class='ocrx_word' id='word_1_359' title='bbox 1947 1317 2213 1378; x_wconf 86' lang='lat' dir='ltr'><strong>provocet</strong></span> <span class='ocrx_word' id='word_1_360' title='bbox 2235 1308 2463 1366; x_wconf 89' lang='lat' dir='ltr'><strong>bonum.</strong></span> <span class='ocrx_word' id='word_1_361' title='bbox 2481 1318 2495 1347; x_wconf 52' lang='grc' dir='ltr'><strong>λ</strong></span> 
     </span>
    </p>
   </div>
   <div class='ocr_carea' id='block_1_56' title="bbox 2015 1400 3550 1487">
    <p class='ocr_par' dir='ltr' id='par_1_56' title="bbox 2015 1400 3550 1487">
     <span class='ocr_line' id='line_1_56' title="bbox 2015 1400 3550 1487; baseline 0.012 -33"><span class='ocrx_word' id='word_1_362' title='bbox 2015 1400 2124 1455; x_wconf 88' lang='lat' dir='ltr'><strong>Sed</strong></span> <span class='ocrx_word' id='word_1_363' title='bbox 2159 1419 2277 1456; x_wconf 87' lang='lat' dir='ltr'><strong>cum</strong></span> <span class='ocrx_word' id='word_1_364' title='bbox 2305 1403 2527 1459; x_wconf 83' lang='lat' dir='ltr'><strong>Romam</strong></span> <span class='ocrx_word' id='word_1_365' title='bbox 2558 1406 2809 1474; x_wconf 85' lang='lat' dir='ltr'><strong>venisset,</strong></span> <span class='ocrx_word' id='word_1_366' title='bbox 2832 1408 3056 1465; x_wconf 83' lang='lat' dir='ltr'><strong>sollicite</strong></span> <span class='ocrx_word' id='word_1_367' title='bbox 3095 1424 3176 1467; x_wconf 90' lang='lat' dir='ltr'><strong>me</strong></span> <span class='ocrx_word' id='word_1_368' title='bbox 3203 1415 3436 1483; x_wconf 75' lang='lat' dir='ltr'><strong>quwsivit</strong></span> <span class='ocrx_word' id='word_1_369' title='bbox 3456 1462 3469 1487; x_wconf 96' lang='lat'><strong>,</strong></span> <span class='ocrx_word' id='word_1_370' title='bbox 3500 1426 3550 1473; x_wconf 91' lang='lat' dir='ltr'><strong>ct</strong></span> 
     </span>
    </p>
   </div>
   <div class='ocr_carea' id='block_1_57' title="bbox 1938 1492 3547 1567">
    <p class='ocr_par' dir='ltr' id='par_1_57' title="bbox 1938 1492 3547 1567">
     <span class='ocr_line' id='line_1_57' title="bbox 1938 1492 3547 1567; baseline 0.012 -20"><span class='ocrx_word' id='word_1_371' title='bbox 1938 1492 2153 1549; x_wconf 86' lang='lat' dir='ltr'><strong>invenit.</strong></span> <span class='ocrx_word' id='word_1_372' title='bbox 2177 1494 2279 1551; x_wconf 90' lang='lat' dir='ltr'><strong>Det</strong></span> <span class='ocrx_word' id='word_1_373' title='bbox 2302 1497 2384 1552; x_wconf 87' lang='lat' dir='ltr'><strong>illi</strong></span> <span class='ocrx_word' id='word_1_374' title='bbox 2416 1498 2670 1557; x_wconf 89' lang='lat' dir='ltr'><strong>Dominus</strong></span> <span class='ocrx_word' id='word_1_375' title='bbox 2700 1502 3354 1561; x_wconf 81' lang='lat' dir='ltr'><strong>inveniremisericordiam</strong></span> <span class='ocrx_word' id='word_1_376' title='bbox 3380 1526 3411 1562; x_wconf 91' lang='lat' dir='ltr'><strong>a</strong></span> <span class='ocrx_word' id='word_1_377' title='bbox 3433 1509 3547 1567; x_wconf 87' lang='lat' dir='ltr'><strong>Do-</strong></span> 
     </span>
    </p>
   </div>
   <div class='ocr_carea' id='block_1_58' title="bbox 1937 1586 3544 1669">
    <p class='ocr_par' dir='ltr' id='par_1_58' title="bbox 1937 1586 3544 1669">
     <span class='ocr_line' id='line_1_58' title="bbox 1937 1586 3544 1669; baseline 0.011 -30"><span class='ocrx_word' id='word_1_378' title='bbox 1937 1586 2078 1639; x_wconf 89' lang='lat' dir='ltr'><strong>mino</strong></span> <span class='ocrx_word' id='word_1_379' title='bbox 2103 1586 2159 1641; x_wconf 90' lang='lat' dir='ltr'><strong>in</strong></span> <span class='ocrx_word' id='word_1_380' title='bbox 2188 1587 2283 1641; x_wconf 89' lang='lat' dir='ltr'><strong>illa</strong></span> <span class='ocrx_word' id='word_1_381' title='bbox 2309 1590 2417 1646; x_wconf 88' lang='lat' dir='ltr'><strong>die.</strong></span> <span class='ocrx_word' id='word_1_382' title='bbox 2453 1590 2523 1645; x_wconf 88' lang='lat' dir='ltr'><strong>Et</strong></span> <span class='ocrx_word' id='word_1_383' title='bbox 2556 1603 2752 1663; x_wconf 89' lang='lat' dir='ltr'><strong>quanta</strong></span> <span class='ocrx_word' id='word_1_384' title='bbox 2794 1592 2992 1667; x_wconf 84' lang='lat' dir='ltr'><strong>Ephesi</strong></span> <span class='ocrx_word' id='word_1_385' title='bbox 3029 1598 3339 1653; x_wconf 79' lang='lat' dir='ltr'><strong>ministravit</strong></span> <span class='ocrx_word' id='word_1_386' title='bbox 3386 1602 3544 1669; x_wconf 86' lang='lat' dir='ltr'><strong>mihi,</strong></span> 
     </span>
    </p>
   </div>
   <div class='ocr_carea' id='block_1_59' title="bbox 1937 1678 3544 1764">
    <p class='ocr_par' dir='ltr' id='par_1_59' title="bbox 1937 1678 3544 1764">
     <span class='ocr_line' id='line_1_59' title="bbox 1937 1678 3544 1764; baseline 0.013 -35"><span class='ocrx_word' id='word_1_387' title='bbox 1937 1686 1995 1731; x_wconf 90' lang='lat' dir='ltr'><strong>tu</strong></span> <span class='ocrx_word' id='word_1_388' title='bbox 2026 1678 2214 1735; x_wconf 87' lang='lat' dir='ltr'><strong>melius</strong></span> <span class='ocrx_word' id='word_1_389' title='bbox 2246 1682 2401 1735; x_wconf 88' lang='lat' dir='ltr'><strong>nosti.</strong></span> <span class='ocrx_word' id='word_1_390' title='bbox 2427 1682 2638 1740; x_wconf 85' lang='lat' dir='ltr'><strong>Idcirco</strong></span> <span class='ocrx_word' id='word_1_391' title='bbox 2670 1687 2898 1755; x_wconf 84' lang='lat' dir='ltr'><strong>invenit,</strong></span> <span class='ocrx_word' id='word_1_392' title='bbox 2933 1690 3060 1758; x_wconf 88' lang='lat' dir='ltr'><strong>quia</strong></span> <span class='ocrx_word' id='word_1_393' title='bbox 3088 1691 3318 1748; x_wconf 89' lang='lat' dir='ltr'><strong>sollicite</strong></span> <span class='ocrx_word' id='word_1_394' title='bbox 3345 1695 3544 1764; x_wconf 74' lang='lat' dir='ltr'><strong>quaesi-</strong></span> 
     </span>
    </p>
   </div>
   <div class='ocr_carea' id='block_1_60' title="bbox 1936 1769 3547 1861">
    <p class='ocr_par' dir='ltr' id='par_1_60' title="bbox 1936 1769 3547 1861">
     <span class='ocr_line' id='line_1_60' title="bbox 1936 1769 3547 1861; baseline 0.015 -39"><span class='ocrx_word' id='word_1_395' title='bbox 1936 1769 2013 1823; x_wconf 90' lang='lat' dir='ltr'><strong>vit</strong></span> <span class='ocrx_word' id='word_1_396' title='bbox 2039 1787 2050 1822; x_wconf 87' lang='lat'><strong>:</strong></span> <span class='ocrx_word' id='word_1_397' title='bbox 2084 1771 2230 1826; x_wconf 90' lang='lat' dir='ltr'><strong>unde</strong></span> <span class='ocrx_word' id='word_1_398' title='bbox 2256 1782 2312 1828; x_wconf 89' lang='lat' dir='ltr'><strong>et</strong></span> <span class='ocrx_word' id='word_1_399' title='bbox 2337 1777 2664 1848; x_wconf 88' lang='lat' dir='ltr'><strong>ostenditur,</strong></span> <span class='ocrx_word' id='word_1_400' title='bbox 2695 1780 3041 1850; x_wconf 88' lang='lat' dir='ltr'><strong>quiaidcirco</strong></span> <span class='ocrx_word' id='word_1_401' title='bbox 3062 1798 3170 1839; x_wconf 91' lang='lat' dir='ltr'><strong>non</strong></span> <span class='ocrx_word' id='word_1_402' title='bbox 3195 1800 3383 1844; x_wconf 87' lang='lat' dir='ltr'><strong>omnes</strong></span> <span class='ocrx_word' id='word_1_403' title='bbox 3397 1803 3547 1861; x_wconf 74' lang='lat' dir='ltr'><strong>qua:-</strong></span> 
     </span>
    </p>
   </div>
   <div class='ocr_carea' id='block_1_61' title="bbox 1861 1859 3310 1948">
    <p class='ocr_par' dir='ltr' id='par_1_61' title="bbox 1861 1859 3310 1948">
     <span class='ocr_line' id='line_1_61' title="bbox 1861 1859 3310 1948; baseline 0.008 -27"><span class='ocrx_word' id='word_1_404' title='bbox 1861 1859 1912 1921; x_wconf 87' lang='lat' dir='ltr'><strong>B</strong></span> <span class='ocrx_word' id='word_1_405' title='bbox 1938 1872 2123 1919; x_wconf 88' lang='lat' dir='ltr'><strong>rentes</strong></span> <span class='ocrx_word' id='word_1_406' title='bbox 2153 1865 2456 1937; x_wconf 87' lang='lat' dir='ltr'><strong>inveniunt,</strong></span> <span class='ocrx_word' id='word_1_407' title='bbox 2486 1870 2614 1942; x_wconf 91' lang='lat' dir='ltr'><strong>quia</strong></span> <span class='ocrx_word' id='word_1_408' title='bbox 2644 1873 2982 1943; x_wconf 81' lang='lat' dir='ltr'><strong>negligenter</strong></span> <span class='ocrx_word' id='word_1_409' title='bbox 3011 1876 3310 1948; x_wconf 87' lang='lat' dir='ltr'><strong>inquirunt.</strong></span> 
     </span>
    </p>
   </div>
   <div class='ocr_carea' id='block_1_62' title="bbox 2568 1961 2906 2021">
    <p class='ocr_par' dir='ltr' id='par_1_62' title="bbox 2568 1961 2906 2021">
     <span class='ocr_line' id='line_1_62' title="bbox 2568 1961 2906 2021; baseline 0.006 -2"><span class='ocrx_word' id='word_1_410' title='bbox 2568 1961 2799 2021; x_wconf 80' lang='lat' dir='ltr'><strong>CAPUT</strong></span> <span class='ocrx_word' id='word_1_411' title='bbox 2843 1965 2906 2021; x_wconf 88' lang='lat' dir='ltr'><strong>ll.</strong></span> 
     </span>
    </p>
   </div>
   <div class='ocr_carea' id='block_1_63' title="bbox 2006 2048 3541 2133">
    <p class='ocr_par' dir='ltr' id='par_1_63' title="bbox 2006 2048 3541 2133">
     <span class='ocr_line' id='line_1_63' title="bbox 2006 2048 3541 2133; baseline 0.014 -29"><span class='ocrx_word' id='word_1_412' title='bbox 2006 2048 2089 2105; x_wconf 84' lang='lat' dir='ltr'><strong>Tu</strong></span> <span class='ocrx_word' id='word_1_413' title='bbox 2112 2067 2255 2122; x_wconf 88' lang='lat' dir='ltr'><strong>ergo,</strong></span> <span class='ocrx_word' id='word_1_414' title='bbox 2287 2051 2370 2124; x_wconf 73' lang='lat' dir='ltr'><strong>ﬁli</strong></span> <span class='ocrx_word' id='word_1_415' title='bbox 2396 2053 2487 2123; x_wconf 91' lang='lat' dir='ltr'><strong>mi,</strong></span> <span class='ocrx_word' id='word_1_416' title='bbox 2517 2060 2814 2129; x_wconf 83' lang='lat' dir='ltr'><strong>confortare</strong></span> <span class='ocrx_word' id='word_1_417' title='bbox 2842 2060 2899 2114; x_wconf 88' lang='lat' dir='ltr'><strong>in</strong></span> <span class='ocrx_word' id='word_1_418' title='bbox 2937 2060 3110 2131; x_wconf 84' lang='lat' dir='ltr'><strong>gratia</strong></span> <span class='ocrx_word' id='word_1_419' title='bbox 3139 2104 3155 2130; x_wconf 94' lang='lat'><strong>,</strong></span> <span class='ocrx_word' id='word_1_420' title='bbox 3202 2080 3320 2133; x_wconf 68' lang='lat' dir='ltr'><strong>quia</strong></span> <span class='ocrx_word' id='word_1_421' title='bbox 3363 2076 3441 2123; x_wconf 90' lang='lat' dir='ltr'><strong>est</strong></span> <span class='ocrx_word' id='word_1_422' title='bbox 3487 2070 3541 2126; x_wconf 90' lang='lat' dir='ltr'><strong>in</strong></span> 
     </span>
    </p>
   </div>
   <div class='ocr_carea' id='block_1_64' title="bbox 1932 2143 3535 2228">
    <p class='ocr_par' dir='ltr' id='par_1_64' title="bbox 1932 2143 3535 2228">
     <span class='ocr_line' id='line_1_64' title="bbox 1932 2143 3535 2228; baseline 0.012 -30"><span class='ocrx_word' id='word_1_423' title='bbox 1932 2143 2138 2201; x_wconf 81' lang='lat' dir='ltr'><strong>Christo</strong></span> <span class='ocrx_word' id='word_1_424' title='bbox 2161 2145 2289 2202; x_wconf 84' lang='lat' dir='ltr'><strong>Jesu</strong></span> <span class='ocrx_word' id='word_1_425' title='bbox 2314 2165 2334 2203; x_wconf 91' lang='lat'><strong><em>:</em></strong></span> <span class='ocrx_word' id='word_1_426' title='bbox 2363 2158 2412 2203; x_wconf 89' lang='lat' dir='ltr'><strong>et</strong></span> <span class='ocrx_word' id='word_1_427' title='bbox 2432 2167 2549 2221; x_wconf 74' lang='lat' dir='ltr'><strong>qua:</strong></span> <span class='ocrx_word' id='word_1_428' title='bbox 2571 2153 2764 2207; x_wconf 86' lang='lat' dir='ltr'><strong>audisti</strong></span> <span class='ocrx_word' id='word_1_429' title='bbox 2806 2170 2838 2207; x_wconf 92' lang='lat' dir='ltr'><strong>a</strong></span> <span class='ocrx_word' id='word_1_430' title='bbox 2890 2170 2970 2209; x_wconf 90' lang='lat' dir='ltr'><strong>me</strong></span> <span class='ocrx_word' id='word_1_431' title='bbox 3004 2172 3096 2228; x_wconf 90' lang='lat' dir='ltr'><strong>per</strong></span> <span class='ocrx_word' id='word_1_432' title='bbox 3140 2157 3333 2213; x_wconf 91' lang='lat' dir='ltr'><strong>multos</strong></span> <span class='ocrx_word' id='word_1_433' title='bbox 3363 2170 3535 2219; x_wconf 83' lang='lat' dir='ltr'><strong>testes.</strong></span> 
     </span>
    </p>
   </div>
   <div class='ocr_carea' id='block_1_65' title="bbox 1932 2234 3537 2324">
    <p class='ocr_par' dir='ltr' id='par_1_65' title="bbox 1932 2234 3537 2324">
     <span class='ocr_line' id='line_1_65' title="bbox 1932 2234 3537 2324; baseline 0.013 -33"><span class='ocrx_word' id='word_1_434' title='bbox 1932 2234 2062 2292; x_wconf 89' lang='lat' dir='ltr'><strong>Sive</strong></span> <span class='ocrx_word' id='word_1_435' title='bbox 2086 2240 2455 2309; x_wconf 61' lang='lat' dir='ltr'><strong>praesentibus</strong></span> <span class='ocrx_word' id='word_1_436' title='bbox 2486 2243 2697 2313; x_wconf 90' lang='lat' dir='ltr'><strong>multis,</strong></span> <span class='ocrx_word' id='word_1_437' title='bbox 2726 2245 2820 2300; x_wconf 90' lang='lat' dir='ltr'><strong>tibi</strong></span> <span class='ocrx_word' id='word_1_438' title='bbox 2840 2245 2966 2302; x_wconf 89' lang='lat' dir='ltr'><strong>dedi</strong></span> <span class='ocrx_word' id='word_1_439' title='bbox 2997 2249 3273 2316; x_wconf 79' lang='lat' dir='ltr'><strong>mandata,</strong></span> <span class='ocrx_word' id='word_1_440' title='bbox 3297 2254 3537 2324; x_wconf 85' lang='lat' dir='ltr'><strong>qualiter</strong></span> 
     </span>
    </p>
   </div>
   <div class='ocr_carea' id='block_1_66' title="bbox 1927 2326 3534 2414">
    <p class='ocr_par' dir='ltr' id='par_1_66' title="bbox 1927 2326 3534 2414">
     <span class='ocr_line' id='line_1_66' title="bbox 1927 2326 3534 2414; baseline 0.012 -29"><span class='ocrx_word' id='word_1_441' title='bbox 1927 2326 2128 2387; x_wconf 87' lang='lat' dir='ltr'><strong>docere</strong></span> <span class='ocrx_word' id='word_1_442' title='bbox 2153 2331 2353 2388; x_wconf 88' lang='lat' dir='ltr'><strong>debeas</strong></span> <span class='ocrx_word' id='word_1_443' title='bbox 2383 2350 2397 2388; x_wconf 90' lang='lat'><strong>:</strong></span> <span class='ocrx_word' id='word_1_444' title='bbox 2428 2335 2543 2391; x_wconf 89' lang='lat' dir='ltr'><strong>sive</strong></span> <span class='ocrx_word' id='word_1_445' title='bbox 2580 2350 2701 2407; x_wconf 87' lang='lat' dir='ltr'><strong>quae</strong></span> <span class='ocrx_word' id='word_1_446' title='bbox 2726 2336 2873 2406; x_wconf 87' lang='lat' dir='ltr'><strong>dixi,</strong></span> <span class='ocrx_word' id='word_1_447' title='bbox 2905 2340 3094 2397; x_wconf 90' lang='lat' dir='ltr'><strong>multis</strong></span> <span class='ocrx_word' id='word_1_448' title='bbox 3134 2340 3534 2414; x_wconf 83' lang='lat' dir='ltr'><strong>Prophetarum</strong></span> 
     </span>
    </p>
   </div>
   <div class='ocr_carea' id='block_1_67' title="bbox 1927 2423 3027 2494">
    <p class='ocr_par' dir='ltr' id='par_1_67' title="bbox 1927 2423 3027 2494">
     <span class='ocr_line' id='line_1_67' title="bbox 1927 2423 3027 2494; baseline 0.009 -18"><span class='ocrx_word' id='word_1_449' title='bbox 1927 2423 2211 2494; x_wconf 81' lang='lat' dir='ltr'><strong>exemplis,</strong></span> <span class='ocrx_word' id='word_1_450' title='bbox 2242 2433 2299 2479; x_wconf 89' lang='lat' dir='ltr'><strong>et</strong></span> <span class='ocrx_word' id='word_1_451' title='bbox 2330 2427 2662 2484; x_wconf 85' lang='lat' dir='ltr'><strong>testimoniis</strong></span> <span class='ocrx_word' id='word_1_452' title='bbox 2684 2431 3027 2486; x_wconf 81' lang='lat' dir='ltr'><strong>conﬁrmavi.</strong></span> 
     </span>
    </p>
   </div>
   <div class='ocr_carea' id='block_1_68' title="bbox 2001 2517 3533 2597">
    <p class='ocr_par' dir='ltr' id='par_1_68' title="bbox 2001 2517 3533 2597">
     <span class='ocr_line' id='line_1_68' title="bbox 2001 2517 3533 2597; baseline 0.01 -26"><span class='ocrx_word' id='word_1_453' title='bbox 2001 2517 2130 2573; x_wconf 77' lang='lat' dir='ltr'><strong>Htec</strong></span> <span class='ocrx_word' id='word_1_454' title='bbox 2151 2522 2459 2576; x_wconf 88' lang='lat' dir='ltr'><strong>commenda</strong></span> <span class='ocrx_word' id='word_1_455' title='bbox 2488 2522 2729 2591; x_wconf 82' lang='lat' dir='ltr'><strong>ﬁdelibus</strong></span> <span class='ocrx_word' id='word_1_456' title='bbox 2784 2525 3100 2582; x_wconf 75' lang='lat' dir='ltr'><strong>hominibus.</strong></span> <span class='ocrx_word' id='word_1_457' title='bbox 3146 2525 3249 2597; x_wconf 87' lang='lat' dir='ltr'><strong>Qui</strong></span> <span class='ocrx_word' id='word_1_458' title='bbox 3298 2528 3533 2587; x_wconf 84' lang='lat' dir='ltr'><strong>ﬁdeliter</strong></span> 
     </span>
    </p>
   </div>
   <div class='ocr_carea' id='block_1_69' title="bbox 1924 2614 3529 2690">
    <p class='ocr_par' dir='ltr' id='par_1_69' title="bbox 1924 2614 3529 2690">
     <span class='ocr_line' id='line_1_69' title="bbox 1924 2614 3529 2690; baseline 0.01 -26"><span class='ocrx_word' id='word_1_459' title='bbox 1924 2620 2155 2680; x_wconf 88' lang='lat' dir='ltr'><strong>possunt</strong></span> <span class='ocrx_word' id='word_1_460' title='bbox 2184 2614 2414 2683; x_wconf 78' lang='lat' dir='ltr'><strong>gratiam</strong></span> <span class='ocrx_word' id='word_1_461' title='bbox 2442 2615 2539 2672; x_wconf 91' lang='lat' dir='ltr'><strong>Dei</strong></span> <span class='ocrx_word' id='word_1_462' title='bbox 2572 2615 2893 2688; x_wconf 85' lang='lat' dir='ltr'><strong>dispensare</strong></span> <span class='ocrx_word' id='word_1_463' title='bbox 2918 2634 2933 2671; x_wconf 93' lang='lat'><strong>:</strong></span> <span class='ocrx_word' id='word_1_464' title='bbox 2967 2619 3071 2675; x_wconf 89' lang='lat' dir='ltr'><strong>hoc</strong></span> <span class='ocrx_word' id='word_1_465' title='bbox 3100 2628 3204 2690; x_wconf 88' lang='lat' dir='ltr'><strong>est,</strong></span> <span class='ocrx_word' id='word_1_466' title='bbox 3232 2621 3403 2678; x_wconf 86' lang='lat' dir='ltr'><strong>solius</strong></span> <span class='ocrx_word' id='word_1_467' title='bbox 3431 2622 3529 2680; x_wconf 84' lang='lat' dir='ltr'><strong>Dei</strong></span> 
     </span>
    </p>
   </div>
   <div class='ocr_carea' id='block_1_70' title="bbox 1924 2705 2448 2774">
    <p class='ocr_par' dir='ltr' id='par_1_70' title="bbox 1924 2705 2448 2774">
     <span class='ocr_line' id='line_1_70' title="bbox 1924 2705 2448 2774; baseline 0.013 -16"><span class='ocrx_word' id='word_1_468' title='bbox 1924 2717 2087 2759; x_wconf 89' lang='lat' dir='ltr'><strong>causa</strong></span> <span class='ocrx_word' id='word_1_469' title='bbox 2120 2705 2448 2774; x_wconf 61' lang='lat' dir='ltr'><strong>praedicare.</strong></span> 
     </span>
    </p>
   </div>
   <div class='ocr_carea' id='block_1_71' title="bbox 1998 2796 3526 2879">
    <p class='ocr_par' dir='ltr' id='par_1_71' title="bbox 1998 2796 3526 2879">
     <span class='ocr_line' id='line_1_71' title="bbox 1998 2796 3526 2879; baseline 0.01 -30"><span class='ocrx_word' id='word_1_470' title='bbox 1998 2796 2101 2863; x_wconf 87' lang='lat' dir='ltr'><strong>Qui</strong></span> <span class='ocrx_word' id='word_1_471' title='bbox 2121 2796 2292 2852; x_wconf 85' lang='lat' dir='ltr'><strong>idonei</strong></span> <span class='ocrx_word' id='word_1_472' title='bbox 2317 2807 2465 2853; x_wconf 87' lang='lat' dir='ltr'><strong>erunt</strong></span> <span class='ocrx_word' id='word_1_473' title='bbox 2487 2807 2533 2853; x_wconf 87' lang='lat' dir='ltr'><strong>et</strong></span> <span class='ocrx_word' id='word_1_474' title='bbox 2556 2797 2692 2854; x_wconf 89' lang='lat' dir='ltr'><strong>alios</strong></span> <span class='ocrx_word' id='word_1_475' title='bbox 2716 2799 2921 2858; x_wconf 86' lang='lat' dir='ltr'><strong>docere.</strong></span> <span class='ocrx_word' id='word_1_476' title='bbox 2950 2801 3071 2861; x_wconf 82' lang='lat' dir='ltr'><strong>Non</strong></span> <span class='ocrx_word' id='word_1_477' title='bbox 3105 2804 3283 2861; x_wconf 88' lang='lat' dir='ltr'><strong>solum</strong></span> <span class='ocrx_word' id='word_1_478' title='bbox 3317 2806 3418 2879; x_wconf 88' lang='lat' dir='ltr'><strong>ipsi</strong></span> <span class='ocrx_word' id='word_1_479' title='bbox 3447 2808 3526 2865; x_wconf 83' lang='lat' dir='ltr'><strong>fa-</strong></span> 
     </span>
    </p>
   </div>
   <div class='ocr_carea' id='block_1_72' title="bbox 1922 2890 2701 2958">
    <p class='ocr_par' dir='ltr' id='par_1_72' title="bbox 1922 2890 2701 2958">
     <span class='ocr_line' id='line_1_72' title="bbox 1922 2890 2701 2958; baseline 0.003 -14"><span class='ocrx_word' id='word_1_480' title='bbox 1922 2901 2070 2958; x_wconf 91' lang='lat' dir='ltr'><strong>cere,</strong></span> <span class='ocrx_word' id='word_1_481' title='bbox 2096 2890 2190 2945; x_wconf 90' lang='lat' dir='ltr'><strong>sed</strong></span> <span class='ocrx_word' id='word_1_482' title='bbox 2216 2899 2272 2946; x_wconf 91' lang='lat' dir='ltr'><strong>et</strong></span> <span class='ocrx_word' id='word_1_483' title='bbox 2301 2892 2439 2947; x_wconf 89' lang='lat' dir='ltr'><strong>alios</strong></span> <span class='ocrx_word' id='word_1_484' title='bbox 2463 2891 2701 2949; x_wconf 90' lang='lat' dir='ltr'><strong>erudire.</strong></span> 
     </span>
    </p>
   </div>
   <div class='ocr_carea' id='block_1_73' title="bbox 1993 2982 3517 3053">
    <p class='ocr_par' dir='ltr' id='par_1_73' title="bbox 1993 2982 3517 3053">
     <span class='ocr_line' id='line_1_73' title="bbox 1993 2982 3517 3053; baseline 0.01 -16"><span class='ocrx_word' id='word_1_485' title='bbox 1993 2982 2199 3039; x_wconf 76' lang='lat' dir='ltr'><strong>Laboro</strong></span> <span class='ocrx_word' id='word_1_486' title='bbox 2226 2986 2360 3041; x_wconf 87' lang='lat' dir='ltr'><strong>sicut</strong></span> <span class='ocrx_word' id='word_1_487' title='bbox 2392 2988 2555 3042; x_wconf 87' lang='lat' dir='ltr'><strong>bonus</strong></span> <span class='ocrx_word' id='word_1_488' title='bbox 2576 2988 2723 3042; x_wconf 88' lang='lat' dir='ltr'><strong>miles</strong></span> <span class='ocrx_word' id='word_1_489' title='bbox 2741 2986 2937 3044; x_wconf 84' lang='lat' dir='ltr'><strong>Christi</strong></span> <span class='ocrx_word' id='word_1_490' title='bbox 2961 2989 3108 3048; x_wconf 76' lang='lat' dir='ltr'><strong>Iesu.</strong></span> <span class='ocrx_word' id='word_1_491' title='bbox 3142 2990 3272 3050; x_wconf 82' lang='lat' dir='ltr'><strong>Ideo</strong></span> <span class='ocrx_word' id='word_1_492' title='bbox 3313 2993 3517 3053; x_wconf 86' lang='lat' dir='ltr'><strong>milites</strong></span> 
     </span>
    </p>
   </div>
   <div class='ocr_carea' id='block_1_74' title="bbox 1920 3075 3517 3157">
    <p class='ocr_par' dir='ltr' id='par_1_74' title="bbox 1920 3075 3517 3157">
     <span class='ocr_line' id='line_1_74' title="bbox 1920 3075 3517 3157; baseline 0.009 -26"><span class='ocrx_word' id='word_1_493' title='bbox 1920 3075 2171 3147; x_wconf 88' lang='lat' dir='ltr'><strong>dicimur,</strong></span> <span class='ocrx_word' id='word_1_494' title='bbox 2194 3081 2319 3150; x_wconf 89' lang='lat' dir='ltr'><strong>quia</strong></span> <span class='ocrx_word' id='word_1_495' title='bbox 2351 3080 2538 3137; x_wconf 90' lang='lat' dir='ltr'><strong>hostes</strong></span> <span class='ocrx_word' id='word_1_496' title='bbox 2565 3079 3057 3149; x_wconf 86' lang='lat' dir='ltr'><strong>babemus,contra</strong></span> <span class='ocrx_word' id='word_1_497' title='bbox 3083 3101 3218 3157; x_wconf 89' lang='lat' dir='ltr'><strong>quos</strong></span> <span class='ocrx_word' id='word_1_498' title='bbox 3240 3086 3517 3147; x_wconf 87' lang='lat' dir='ltr'><strong>laboriose</strong></span> 
     </span>
    </p>
   </div>
   <div class='ocr_carea' id='block_1_75' title="bbox 1920 3166 2500 3230">
    <p class='ocr_par' dir='ltr' id='par_1_75' title="bbox 1920 3166 2500 3230">
     <span class='ocr_line' id='line_1_75' title="bbox 1920 3166 2500 3230; baseline 0.01 -8"><span class='ocrx_word' id='word_1_499' title='bbox 1920 3166 2185 3225; x_wconf 86' lang='lat' dir='ltr'><strong>debemus</strong></span> <span class='ocrx_word' id='word_1_500' title='bbox 2214 3171 2500 3230; x_wconf 88' lang='lat' dir='ltr'><strong>dimicare.</strong></span> 
     </span>
    </p>
   </div>
   <div class='ocr_carea' id='block_1_76' title="bbox 1835 3253 3520 3346">
    <p class='ocr_par' dir='ltr' id='par_1_76' title="bbox 1835 3253 3520 3346">
     <span class='ocr_line' id='line_1_76' title="bbox 1835 3253 3520 3346; baseline 0.01 -27"><span class='ocrx_word' id='word_1_501' title='bbox 1835 3253 1884 3319; x_wconf 87' lang='lat' dir='ltr'><strong>C</strong></span> <span class='ocrx_word' id='word_1_502' title='bbox 1988 3263 2160 3319; x_wconf 88' lang='lat' dir='ltr'><strong>Nemo</strong></span> <span class='ocrx_word' id='word_1_503' title='bbox 2190 3266 2424 3323; x_wconf 87' lang='lat' dir='ltr'><strong>militans</strong></span> <span class='ocrx_word' id='word_1_504' title='bbox 2454 3267 2596 3336; x_wconf 89' lang='lat' dir='ltr'><strong>Deo,</strong></span> <span class='ocrx_word' id='word_1_505' title='bbox 2630 3269 2869 3341; x_wconf 86' lang='lat' dir='ltr'><strong>implicat</strong></span> <span class='ocrx_word' id='word_1_506' title='bbox 2900 3287 2956 3328; x_wconf 91' lang='lat' dir='ltr'><strong>se</strong></span> <span class='ocrx_word' id='word_1_507' title='bbox 2994 3274 3213 3346; x_wconf 87' lang='lat' dir='ltr'><strong>negotiis</strong></span> <span class='ocrx_word' id='word_1_508' title='bbox 3250 3279 3520 3335; x_wconf 86' lang='lat' dir='ltr'><strong>sceculari-</strong></span> 
     </span>
    </p>
   </div>
   <div class='ocr_carea' id='block_1_77' title="bbox 1913 3356 3519 3439">
    <p class='ocr_par' dir='ltr' id='par_1_77' title="bbox 1913 3356 3519 3439">
     <span class='ocr_line' id='line_1_77' title="bbox 1913 3356 3519 3439; baseline 0.012 -28"><span class='ocrx_word' id='word_1_509' title='bbox 1913 3356 2027 3426; x_wconf 88' lang='lat' dir='ltr'><strong>bus,</strong></span> <span class='ocrx_word' id='word_1_510' title='bbox 2050 3367 2105 3412; x_wconf 91' lang='lat' dir='ltr'><strong>ut</strong></span> <span class='ocrx_word' id='word_1_511' title='bbox 2134 3358 2341 3431; x_wconf 87' lang='lat' dir='ltr'><strong>placeat</strong></span> <span class='ocrx_word' id='word_1_512' title='bbox 2368 3364 2414 3417; x_wconf 90' lang='lat' dir='ltr'><strong>ei</strong></span> <span class='ocrx_word' id='word_1_513' title='bbox 2444 3364 2528 3417; x_wconf 87' lang='lat' dir='ltr'><strong>cui</strong></span> <span class='ocrx_word' id='word_1_514' title='bbox 2554 3379 2610 3418; x_wconf 88' lang='lat' dir='ltr'><strong>se</strong></span> <span class='ocrx_word' id='word_1_515' title='bbox 2634 3364 2890 3436; x_wconf 81' lang='lat' dir='ltr'><strong>probavit.</strong></span> <span class='ocrx_word' id='word_1_516' title='bbox 2922 3364 3343 3439; x_wconf 89' lang='lat' dir='ltr'><strong>Comparatione</strong></span> <span class='ocrx_word' id='word_1_517' title='bbox 3370 3375 3519 3430; x_wconf 88' lang='lat' dir='ltr'><strong>mili-</strong></span> 
     </span>
    </p>
   </div>
   <div class='ocr_carea' id='block_1_78' title="bbox 1909 3449 3517 3537">
    <p class='ocr_par' dir='ltr' id='par_1_78' title="bbox 1909 3449 3517 3537">
     <span class='ocr_line' id='line_1_78' title="bbox 1909 3449 3517 3537; baseline 0.011 -33"><span class='ocrx_word' id='word_1_518' title='bbox 1909 3449 2139 3505; x_wconf 89' lang='lat' dir='ltr'><strong>tantium</strong></span> <span class='ocrx_word' id='word_1_519' title='bbox 2170 3452 2359 3518; x_wconf 89' lang='lat' dir='ltr'><strong>utitur,</strong></span> <span class='ocrx_word' id='word_1_520' title='bbox 2397 3463 2452 3509; x_wconf 92' lang='lat' dir='ltr'><strong>ut</strong></span> <span class='ocrx_word' id='word_1_521' title='bbox 2481 3456 2736 3511; x_wconf 89' lang='lat' dir='ltr'><strong>ostendat</strong></span> <span class='ocrx_word' id='word_1_522' title='bbox 2762 3457 2931 3514; x_wconf 92' lang='lat' dir='ltr'><strong>multo</strong></span> <span class='ocrx_word' id='word_1_523' title='bbox 2954 3460 3127 3531; x_wconf 90' lang='lat' dir='ltr'><strong>magis</strong></span> <span class='ocrx_word' id='word_1_524' title='bbox 3156 3477 3256 3517; x_wconf 92' lang='lat' dir='ltr'><strong>nos</strong></span> <span class='ocrx_word' id='word_1_525' title='bbox 3286 3478 3316 3519; x_wconf 88' lang='lat' dir='ltr'><strong>a</strong></span> <span class='ocrx_word' id='word_1_526' title='bbox 3346 3480 3517 3537; x_wconf 85' lang='lat' dir='ltr'><strong>nego-</strong></span> 
     </span>
    </p>
   </div>
   <div class='ocr_carea' id='block_1_79' title="bbox 1910 3541 3514 3629">
    <p class='ocr_par' dir='ltr' id='par_1_79' title="bbox 1910 3541 3514 3629">
     <span class='ocr_line' id='line_1_79' title="bbox 1910 3541 3514 3629; baseline 0.012 -33"><span class='ocrx_word' id='word_1_527' title='bbox 1910 3541 2000 3597; x_wconf 88' lang='lat' dir='ltr'><strong>tiis</strong></span> <span class='ocrx_word' id='word_1_528' title='bbox 2026 3545 2382 3602; x_wconf 78' lang='lat' dir='ltr'><strong>saecularibus</strong></span> <span class='ocrx_word' id='word_1_529' title='bbox 2411 3547 2615 3605; x_wconf 88' lang='lat' dir='ltr'><strong>liberos</strong></span> <span class='ocrx_word' id='word_1_530' title='bbox 2644 3564 2768 3605; x_wconf 89' lang='lat' dir='ltr'><strong>esse</strong></span> <span class='ocrx_word' id='word_1_531' title='bbox 2800 3550 3025 3621; x_wconf 88' lang='lat' dir='ltr'><strong>debere,</strong></span> <span class='ocrx_word' id='word_1_532' title='bbox 3057 3563 3119 3609; x_wconf 91' lang='lat' dir='ltr'><strong>ut</strong></span> <span class='ocrx_word' id='word_1_533' title='bbox 3147 3556 3372 3614; x_wconf 86' lang='lat' dir='ltr'><strong>Christo</strong></span> <span class='ocrx_word' id='word_1_534' title='bbox 3400 3559 3514 3629; x_wconf 91' lang='lat' dir='ltr'><strong>pla-</strong></span> 
     </span>
    </p>
   </div>
   <div class='ocr_carea' id='block_1_80' title="bbox 1904 3640 3506 3719">
    <p class='ocr_par' dir='ltr' id='par_1_80' title="bbox 1904 3640 3506 3719">
     <span class='ocr_line' id='line_1_80' title="bbox 1904 3640 3506 3719; baseline 0.012 -31"><span class='ocrx_word' id='word_1_535' title='bbox 1904 3646 2128 3691; x_wconf 89' lang='lat' dir='ltr'><strong>ceamus</strong></span> <span class='ocrx_word' id='word_1_536' title='bbox 2160 3653 2171 3688; x_wconf 96' lang='lat'>:</span> <span class='ocrx_word' id='word_1_537' title='bbox 2203 3652 2323 3691; x_wconf 89' lang='lat' dir='ltr'><strong>eum</strong></span> <span class='ocrx_word' id='word_1_538' title='bbox 2347 3640 2514 3695; x_wconf 86' lang='lat' dir='ltr'><strong>etiam</strong></span> <span class='ocrx_word' id='word_1_539' title='bbox 2540 3642 2723 3696; x_wconf 82' lang='lat' dir='ltr'><strong>saeculi</strong></span> <span class='ocrx_word' id='word_1_540' title='bbox 2758 3641 2959 3701; x_wconf 88' lang='lat' dir='ltr'><strong>milites</strong></span> <span class='ocrx_word' id='word_1_541' title='bbox 2990 3660 3019 3700; x_wconf 88' lang='lat' dir='ltr'><strong>a</strong></span> <span class='ocrx_word' id='word_1_542' title='bbox 3044 3646 3272 3719; x_wconf 88' lang='lat' dir='ltr'><strong>reliquis</strong></span> <span class='ocrx_word' id='word_1_543' title='bbox 3293 3650 3506 3709; x_wconf 90' lang='lat' dir='ltr'><strong>actibus</strong></span> 
     </span>
    </p>
   </div>
   <div class='ocr_carea' id='block_1_81' title="bbox 1904 3732 3497 3813">
    <p class='ocr_par' dir='ltr' id='par_1_81' title="bbox 1904 3732 3497 3813">
     <span class='ocr_line' id='line_1_81' title="bbox 1904 3732 3497 3813; baseline 0.013 -32"><span class='ocrx_word' id='word_1_544' title='bbox 1904 3737 2119 3791; x_wconf 86' lang='lat' dir='ltr'><strong>vacent.</strong></span> <span class='ocrx_word' id='word_1_545' title='bbox 2154 3739 2211 3784; x_wconf 92' lang='lat' dir='ltr'><strong>ut</strong></span> <span class='ocrx_word' id='word_1_546' title='bbox 2239 3732 2451 3802; x_wconf 89' lang='lat' dir='ltr'><strong>possint</strong></span> <span class='ocrx_word' id='word_1_547' title='bbox 2478 3734 2795 3804; x_wconf 88' lang='lat' dir='ltr'><strong>imperatori</strong></span> <span class='ocrx_word' id='word_1_548' title='bbox 2827 3751 2928 3793; x_wconf 92' lang='lat' dir='ltr'><strong>suo</strong></span> <span class='ocrx_word' id='word_1_549' title='bbox 2971 3739 3193 3809; x_wconf 89' lang='lat' dir='ltr'><strong>placere</strong></span> <span class='ocrx_word' id='word_1_550' title='bbox 3235 3743 3497 3813; x_wconf 88' lang='lat' dir='ltr'><strong>perfecte.</strong></span> 
     </span>
    </p>
   </div>
   <div class='ocr_carea' id='block_1_82' title="bbox 1975 3821 3507 3902">
    <p class='ocr_par' dir='ltr' id='par_1_82' title="bbox 1975 3821 3507 3902">
     <span class='ocr_line' id='line_1_82' title="bbox 1975 3821 3507 3902; baseline 0.012 -27"><span class='ocrx_word' id='word_1_551' title='bbox 1975 3821 2119 3877; x_wconf 74' lang='lat' dir='ltr'><strong>Nam</strong></span> <span class='ocrx_word' id='word_1_552' title='bbox 2143 3832 2189 3878; x_wconf 86' lang='lat' dir='ltr'><strong>et</strong></span> <span class='ocrx_word' id='word_1_553' title='bbox 2214 3827 2304 3895; x_wconf 88' lang='lat' dir='ltr'><strong>qui</strong></span> <span class='ocrx_word' id='word_1_554' title='bbox 2334 3837 2495 3881; x_wconf 84' lang='lat' dir='ltr'><strong>certat</strong></span> <span class='ocrx_word' id='word_1_555' title='bbox 2516 3830 2570 3883; x_wconf 89' lang='lat' dir='ltr'><strong>in</strong></span> <span class='ocrx_word' id='word_1_556' title='bbox 2595 3846 2780 3902; x_wconf 86' lang='lat' dir='ltr'><strong>agone,</strong></span> <span class='ocrx_word' id='word_1_557' title='bbox 2806 3848 2911 3886; x_wconf 89' lang='lat' dir='ltr'><strong>non</strong></span> <span class='ocrx_word' id='word_1_558' title='bbox 2934 3835 3270 3889; x_wconf 89' lang='lat' dir='ltr'><strong>coronabitur</strong></span> <span class='ocrx_word' id='word_1_559' title='bbox 3301 3838 3402 3891; x_wconf 90' lang='lat' dir='ltr'><strong>nisi</strong></span> <span class='ocrx_word' id='word_1_560' title='bbox 3432 3840 3507 3894; x_wconf 88' lang='lat' dir='ltr'><strong>Ie-</strong></span> 
     </span>
    </p>
   </div>
   <div class='ocr_carea' id='block_1_83' title="bbox 1898 3913 3500 3997">
    <p class='ocr_par' dir='ltr' id='par_1_83' title="bbox 1898 3913 3500 3997">
     <span class='ocr_line' id='line_1_83' title="bbox 1898 3913 3500 3997; baseline 0.014 -32"><span class='ocrx_word' id='word_1_561' title='bbox 1898 3913 2074 3986; x_wconf 85' lang='lat' dir='ltr'><strong>gitime</strong></span> <span class='ocrx_word' id='word_1_562' title='bbox 2103 3920 2392 3973; x_wconf 88' lang='lat' dir='ltr'><strong>certaverit.</strong></span> <span class='ocrx_word' id='word_1_563' title='bbox 2429 3920 2549 3975; x_wconf 85' lang='lat' dir='ltr'><strong>Alia</strong></span> <span class='ocrx_word' id='word_1_564' title='bbox 2590 3924 2998 3989; x_wconf 81' lang='lat' dir='ltr'><strong>comparatione</strong></span> <span class='ocrx_word' id='word_1_565' title='bbox 3044 3925 3097 3981; x_wconf 88' lang='lat' dir='ltr'><strong>id</strong></span> <span class='ocrx_word' id='word_1_566' title='bbox 3146 3926 3319 3997; x_wconf 89' lang='lat' dir='ltr'><strong>ipsum</strong></span> <span class='ocrx_word' id='word_1_567' title='bbox 3347 3929 3500 3988; x_wconf 91' lang='lat' dir='ltr'><strong>dicit.</strong></span> 
     </span>
    </p>
   </div>
   <div class='ocr_carea' id='block_1_84' title="bbox 1897 4004 3501 4090">
    <p class='ocr_par' dir='ltr' id='par_1_84' title="bbox 1897 4004 3501 4090">
     <span class='ocr_line' id='line_1_84' title="bbox 1897 4004 3501 4090; baseline 0.014 -30"><span class='ocrx_word' id='word_1_568' title='bbox 1897 4004 2049 4063; x_wconf 80' lang='lat' dir='ltr'><strong>Multi</strong></span> <span class='ocrx_word' id='word_1_569' title='bbox 2079 4009 2223 4065; x_wconf 87' lang='lat' dir='ltr'><strong>enim</strong></span> <span class='ocrx_word' id='word_1_570' title='bbox 2254 4021 2468 4067; x_wconf 87' lang='lat' dir='ltr'><strong>certant</strong></span> <span class='ocrx_word' id='word_1_571' title='bbox 2499 4027 2513 4066; x_wconf 90' lang='lat'><strong>:</strong></span> <span class='ocrx_word' id='word_1_572' title='bbox 2541 4013 2637 4069; x_wconf 91' lang='lat' dir='ltr'><strong>sed</strong></span> <span class='ocrx_word' id='word_1_573' title='bbox 2668 4014 2758 4070; x_wconf 86' lang='lat' dir='ltr'><strong>ille</strong></span> <span class='ocrx_word' id='word_1_574' title='bbox 2793 4016 2971 4085; x_wconf 90' lang='lat' dir='ltr'><strong>solus,</strong></span> <span class='ocrx_word' id='word_1_575' title='bbox 2999 4018 3091 4090; x_wconf 88' lang='lat' dir='ltr'><strong>qui</strong></span> <span class='ocrx_word' id='word_1_576' title='bbox 3145 4028 3251 4075; x_wconf 90' lang='lat' dir='ltr'><strong>tota</strong></span> <span class='ocrx_word' id='word_1_577' title='bbox 3301 4022 3501 4081; x_wconf 85' lang='lat' dir='ltr'><strong>virtute</strong></span> 
     </span>
    </p>
   </div>
   <div class='ocr_carea' id='block_1_85' title="bbox 1893 4099 2445 4171">
    <p class='ocr_par' dir='ltr' id='par_1_85' title="bbox 1893 4099 2445 4171">
     <span class='ocr_line' id='line_1_85' title="bbox 1893 4099 2445 4171; baseline 0.018 -18"><span class='ocrx_word' id='word_1_578' title='bbox 1893 4099 2107 4171; x_wconf 88' lang='lat' dir='ltr'><strong>vicerit,</strong></span> <span class='ocrx_word' id='word_1_579' title='bbox 2132 4114 2445 4163; x_wconf 90' lang='lat' dir='ltr'><strong>coronatur.</strong></span> 
     </span>
    </p>
   </div>
   <div class='ocr_carea' id='block_1_86' title="bbox 1965 4195 3497 4281">
    <p class='ocr_par' dir='ltr' id='par_1_86' title="bbox 1965 4195 3497 4281">
     <span class='ocr_line' id='line_1_86' title="bbox 1965 4195 3497 4281; baseline 0.012 -31"><span class='ocrx_word' id='word_1_580' title='bbox 1965 4195 2311 4254; x_wconf 86' lang='lat' dir='ltr'><strong>Laborantem</strong></span> <span class='ocrx_word' id='word_1_581' title='bbox 2334 4202 2617 4273; x_wconf 85' lang='lat' dir='ltr'><strong>agricolam</strong></span> <span class='ocrx_word' id='word_1_582' title='bbox 2649 4214 2851 4275; x_wconf 86' lang='lat' dir='ltr'><strong>oportet</strong></span> <span class='ocrx_word' id='word_1_583' title='bbox 2879 4206 3105 4277; x_wconf 87' lang='lat' dir='ltr'><strong>primum</strong></span> <span class='ocrx_word' id='word_1_584' title='bbox 3147 4212 3211 4264; x_wconf 88' lang='lat' dir='ltr'><strong>de</strong></span> <span class='ocrx_word' id='word_1_585' title='bbox 3243 4212 3497 4281; x_wconf 81' lang='lat' dir='ltr'><strong>fructibus</strong></span> 
     </span>
    </p>
   </div>
   <div class='ocr_carea' id='block_1_87' title="bbox 1890 4291 3494 4372">
    <p class='ocr_par' dir='ltr' id='par_1_87' title="bbox 1890 4291 3494 4372">
     <span class='ocr_line' id='line_1_87' title="bbox 1890 4291 3494 4372; baseline 0.012 -27"><span class='ocrx_word' id='word_1_586' title='bbox 1890 4291 2142 4361; x_wconf 84' lang='lat' dir='ltr'><strong>accipere.</strong></span> <span class='ocrx_word' id='word_1_587' title='bbox 2173 4292 2250 4349; x_wconf 83' lang='lat' dir='ltr'><strong>Nc</strong></span> <span class='ocrx_word' id='word_1_588' title='bbox 2281 4293 2505 4360; x_wconf 89' lang='lat' dir='ltr'><strong>diceret,</strong></span> <span class='ocrx_word' id='word_1_589' title='bbox 2541 4294 2696 4353; x_wconf 90' lang='lat' dir='ltr'><strong>Unde</strong></span> <span class='ocrx_word' id='word_1_590' title='bbox 2726 4314 2855 4369; x_wconf 82' lang='lat' dir='ltr'><strong>ergo</strong></span> <span class='ocrx_word' id='word_1_591' title='bbox 2878 4300 3121 4357; x_wconf 87' lang='lat' dir='ltr'><strong>victurus</strong></span> <span class='ocrx_word' id='word_1_592' title='bbox 3146 4317 3299 4372; x_wconf 91' lang='lat' dir='ltr'><strong>sum,</strong></span> <span class='ocrx_word' id='word_1_593' title='bbox 3332 4305 3376 4360; x_wconf 91' lang='lat' dir='ltr'><strong>si</strong></span> <span class='ocrx_word' id='word_1_594' title='bbox 3404 4322 3494 4364; x_wconf 89' lang='lat' dir='ltr'><strong>me</strong></span> 
     </span>
    </p>
   </div>
   <div class='ocr_carea' id='block_1_88' title="bbox 1890 4388 3491 4467">
    <p class='ocr_par' dir='ltr' id='par_1_88' title="bbox 1890 4388 3491 4467">
     <span class='ocr_line' id='line_1_88' title="bbox 1890 4388 3491 4467; baseline 0.011 -30"><span class='ocrx_word' id='word_1_595' title='bbox 1890 4390 2060 4439; x_wconf 92' lang='lat' dir='ltr'><strong>totum</strong></span> <span class='ocrx_word' id='word_1_596' title='bbox 2095 4388 2436 4457; x_wconf 78' lang='lat' dir='ltr'><strong>occupavere</strong></span> <span class='ocrx_word' id='word_1_597' title='bbox 2464 4388 2515 4443; x_wconf 90' lang='lat' dir='ltr'><strong>in</strong></span> <span class='ocrx_word' id='word_1_598' title='bbox 2538 4388 2820 4445; x_wconf 82' lang='lat' dir='ltr'><strong>doctrina?</strong></span> <span class='ocrx_word' id='word_1_599' title='bbox 2863 4392 3097 4448; x_wconf 87' lang='lat' dir='ltr'><strong>ostendit</strong></span> <span class='ocrx_word' id='word_1_600' title='bbox 3128 4409 3251 4450; x_wconf 90' lang='lat' dir='ltr'><strong>cum</strong></span> <span class='ocrx_word' id='word_1_601' title='bbox 3302 4400 3491 4467; x_wconf 87' lang='lat' dir='ltr'><strong>primi-</strong></span> 
     </span>
    </p>
   </div>
   <div class='ocr_carea' id='block_1_89' title="bbox 1890 4475 3490 4557">
    <p class='ocr_par' dir='ltr' id='par_1_89' title="bbox 1890 4475 3490 4557">
     <span class='ocr_line' id='line_1_89' title="bbox 1890 4475 3490 4557; baseline 0.009 -26"><span class='ocrx_word' id='word_1_602' title='bbox 1890 4475 1994 4532; x_wconf 88' lang='lat' dir='ltr'><strong>tias</strong></span> <span class='ocrx_word' id='word_1_603' title='bbox 2022 4477 2293 4534; x_wconf 91' lang='lat' dir='ltr'><strong>fructuum</strong></span> <span class='ocrx_word' id='word_1_604' title='bbox 2323 4494 2352 4534; x_wconf 90' lang='lat' dir='ltr'><strong>a</strong></span> <span class='ocrx_word' id='word_1_605' title='bbox 2386 4481 2588 4551; x_wconf 87' lang='lat' dir='ltr'><strong>p0pulo</strong></span> <span class='ocrx_word' id='word_1_606' title='bbox 2610 4481 2810 4539; x_wconf 88' lang='lat' dir='ltr'><strong>debere</strong></span> <span class='ocrx_word' id='word_1_607' title='bbox 2834 4485 3106 4555; x_wconf 89' lang='lat' dir='ltr'><strong>accipere,</strong></span> <span class='ocrx_word' id='word_1_608' title='bbox 3132 4497 3490 4557; x_wconf 65' lang='lat' dir='ltr'><strong>praetermer-</strong></span> 
     </span>
    </p>
   </div>
   <div class='ocr_carea' id='block_1_90' title="bbox 1883 4568 3162 4645">
    <p class='ocr_par' dir='ltr' id='par_1_90' title="bbox 1883 4568 3162 4645">
     <span class='ocr_line' id='line_1_90' title="bbox 1883 4568 3162 4645; baseline 0.009 -21"><span class='ocrx_word' id='word_1_609' title='bbox 1883 4568 2096 4640; x_wconf 90' lang='lat' dir='ltr'><strong>cedem,</strong></span> <span class='ocrx_word' id='word_1_610' title='bbox 2124 4586 2285 4642; x_wconf 89' lang='lat' dir='ltr'><strong>quam</strong></span> <span class='ocrx_word' id='word_1_611' title='bbox 2314 4588 2344 4627; x_wconf 90' lang='lat' dir='ltr'><strong>a</strong></span> <span class='ocrx_word' id='word_1_612' title='bbox 2366 4571 2596 4628; x_wconf 89' lang='lat' dir='ltr'><strong>Domino</strong></span> <span class='ocrx_word' id='word_1_613' title='bbox 2625 4575 2853 4645; x_wconf 86' lang='lat' dir='ltr'><strong>accipiet</strong></span> <span class='ocrx_word' id='word_1_614' title='bbox 2881 4577 2932 4631; x_wconf 92' lang='lat' dir='ltr'><strong>in</strong></span> <span class='ocrx_word' id='word_1_615' title='bbox 2962 4577 3162 4636; x_wconf 89' lang='lat' dir='ltr'><strong>futuro.</strong></span> 
     </span>
    </p>
   </div>
   <div class='ocr_carea' id='block_1_91' title="bbox 246 4635 3487 4740">
    <p class='ocr_par' dir='ltr' id='par_1_91' title="bbox 246 4635 3487 4740">
     <span class='ocr_line' id='line_1_91' title="bbox 246 4635 3487 4740; baseline 0.007 -30"><span class='ocrx_word' id='word_1_616' title='bbox 246 4658 290 4711; x_wconf 72' lang='grc' dir='ltr'><em>ε</em></span> <span class='ocrx_word' id='word_1_617' title='bbox 298 4656 364 4710; x_wconf 86' lang='lat' dir='ltr'><strong>ed</strong></span> <span class='ocrx_word' id='word_1_618' title='bbox 391 4672 495 4712; x_wconf 90' lang='lat' dir='ltr'><strong>non</strong></span> <span class='ocrx_word' id='word_1_619' title='bbox 524 4659 839 4729; x_wconf 80' lang='lat' dir='ltr'><strong>confundor.</strong></span> <span class='ocrx_word' id='word_1_620' title='bbox 875 4660 975 4716; x_wconf 84' lang='lat' dir='ltr'><strong>llic</strong></span> <span class='ocrx_word' id='word_1_621' title='bbox 1004 4676 1112 4717; x_wconf 90' lang='lat' dir='ltr'><strong>non</strong></span> <span class='ocrx_word' id='word_1_622' title='bbox 1138 4661 1413 4720; x_wconf 89' lang='lat' dir='ltr'><strong>erubescit</strong></span> <span class='ocrx_word' id='word_1_623' title='bbox 1442 4665 1497 4721; x_wconf 91' lang='lat' dir='ltr'><strong>in</strong></span> <span class='ocrx_word' id='word_1_624' title='bbox 1532 4670 1741 4725; x_wconf 87' lang='lat' dir='ltr'><strong>catenis</strong></span> <span class='ocrx_word' id='word_1_625' title='bbox 1760 4711 1776 4740; x_wconf 88' lang='lat'><strong>,</strong></span> <span class='ocrx_word' id='word_1_626' title='bbox 1808 4635 1862 4699; x_wconf 79' lang='lat' dir='ltr'><strong>D</strong></span> <span class='ocrx_word' id='word_1_627' title='bbox 1958 4635 2201 4736; x_wconf 75' lang='lat' dir='ltr'><strong>Intellige</strong></span> <span class='ocrx_word' id='word_1_628' title='bbox 2220 4682 2335 4738; x_wconf 75' lang='lat' dir='ltr'><strong>quct’</strong></span> <span class='ocrx_word' id='word_1_629' title='bbox 2355 4668 2491 4723; x_wconf 87' lang='lat' dir='ltr'><strong>dico.</strong></span> <span class='ocrx_word' id='word_1_630' title='bbox 2520 4666 2675 4723; x_wconf 82' lang='lat' dir='ltr'><strong>Dabit</strong></span> <span class='ocrx_word' id='word_1_631' title='bbox 2695 4672 2832 4723; x_wconf 87' lang='lat' dir='ltr'><strong>enim</strong></span> <span class='ocrx_word' id='word_1_632' title='bbox 2856 4671 2949 4725; x_wconf 87' lang='lat' dir='ltr'><strong>tibi</strong></span> <span class='ocrx_word' id='word_1_633' title='bbox 2972 4670 3227 4731; x_wconf 87' lang='lat' dir='ltr'><strong>Dominus</strong></span> <span class='ocrx_word' id='word_1_634' title='bbox 3273 4676 3325 4731; x_wconf 89' lang='lat' dir='ltr'><strong>in</strong></span> <span class='ocrx_word' id='word_1_635' title='bbox 3372 4695 3487 4734; x_wconf 85' lang='lat' dir='ltr'><strong>om-</strong></span> 
     </span>
    </p>
   </div>
   <div class='ocr_carea' id='block_1_92' title="bbox 166 4750 1469 4825">
    <p class='ocr_par' dir='ltr' id='par_1_92' title="bbox 166 4750 1469 4825">
     <span class='ocr_line' id='line_1_92' title="bbox 166 4750 1469 4825; baseline 0.007 -19"><span class='ocrx_word' id='word_1_636' title='bbox 166 4765 302 4806; x_wconf 90' lang='lat' dir='ltr'><strong>cum</strong></span> <span class='ocrx_word' id='word_1_637' title='bbox 334 4765 439 4805; x_wconf 88' lang='lat' dir='ltr'><strong>nos</strong></span> <span class='ocrx_word' id='word_1_638' title='bbox 470 4750 523 4805; x_wconf 93' lang='lat' dir='ltr'><strong>in</strong></span> <span class='ocrx_word' id='word_1_639' title='bbox 553 4753 688 4809; x_wconf 87' lang='lat' dir='ltr'><strong>solis</strong></span> <span class='ocrx_word' id='word_1_640' title='bbox 719 4755 1027 4825; x_wconf 88' lang='lat' dir='ltr'><strong>opprobriis</strong></span> <span class='ocrx_word' id='word_1_641' title='bbox 1055 4756 1469 4816; x_wconf 89' lang='lat' dir='ltr'><strong>confundamur.</strong></span> 
     </span>
    </p>
   </div>
   <div class='ocr_carea' id='block_1_93' title="bbox 243 4842 1775 4923">
    <p class='ocr_par' dir='ltr' id='par_1_93' title="bbox 243 4842 1775 4923">
     <span class='ocr_line' id='line_1_93' title="bbox 243 4842 1775 4923; baseline 0.007 -24"><span class='ocrx_word' id='word_1_642' title='bbox 243 4842 380 4899; x_wconf 87' lang='lat' dir='ltr'><strong>Scio</strong></span> <span class='ocrx_word' id='word_1_643' title='bbox 400 4842 536 4896; x_wconf 89' lang='lat' dir='ltr'><strong>enim</strong></span> <span class='ocrx_word' id='word_1_644' title='bbox 557 4843 642 4898; x_wconf 87' lang='lat' dir='ltr'><strong>cui</strong></span> <span class='ocrx_word' id='word_1_645' title='bbox 663 4846 882 4913; x_wconf 85' lang='lat' dir='ltr'><strong>credidi,</strong></span> <span class='ocrx_word' id='word_1_646' title='bbox 914 4854 962 4900; x_wconf 90' lang='lat' dir='ltr'><strong>et</strong></span> <span class='ocrx_word' id='word_1_647' title='bbox 985 4856 1154 4901; x_wconf 87' lang='lat' dir='ltr'><strong>certus</strong></span> <span class='ocrx_word' id='word_1_648' title='bbox 1178 4864 1315 4918; x_wconf 83' lang='lat' dir='ltr'><strong>sum,</strong></span> <span class='ocrx_word' id='word_1_649' title='bbox 1340 4852 1464 4921; x_wconf 90' lang='lat' dir='ltr'><strong>quia</strong></span> <span class='ocrx_word' id='word_1_650' title='bbox 1485 4863 1667 4923; x_wconf 89' lang='lat' dir='ltr'><strong>potens</strong></span> <span class='ocrx_word' id='word_1_651' title='bbox 1680 4863 1775 4910; x_wconf 91' lang='lat' dir='ltr'><strong>est.</strong></span> 
     </span>
    </p>
   </div>
   <div class='ocr_carea' id='block_1_94' title="bbox 163 4934 1284 5011">
    <p class='ocr_par' dir='ltr' id='par_1_94' title="bbox 163 4934 1284 5011">
     <span class='ocr_line' id='line_1_94' title="bbox 163 4934 1284 5011; baseline 0.005 -19"><span class='ocrx_word' id='word_1_652' title='bbox 163 4934 306 4992; x_wconf 91' lang='lat' dir='ltr'><strong>Scio</strong></span> <span class='ocrx_word' id='word_1_653' title='bbox 323 4934 473 4990; x_wconf 87' lang='lat' dir='ltr'><strong>enim</strong></span> <span class='ocrx_word' id='word_1_654' title='bbox 502 4952 624 4992; x_wconf 90' lang='lat' dir='ltr'><strong>eum</strong></span> <span class='ocrx_word' id='word_1_655' title='bbox 655 4936 866 4994; x_wconf 85' lang='lat' dir='ltr'><strong>fidelem</strong></span> <span class='ocrx_word' id='word_1_656' title='bbox 897 4948 949 4995; x_wconf 90' lang='lat' dir='ltr'><strong>et</strong></span> <span class='ocrx_word' id='word_1_657' title='bbox 978 4948 1284 5011; x_wconf 90' lang='lat' dir='ltr'><strong>potentem.</strong></span> 
     </span>
    </p>
   </div>
   <div class='ocr_carea' id='block_1_95' title="bbox 240 5027 1774 5109">
    <p class='ocr_par' dir='ltr' id='par_1_95' title="bbox 240 5027 1774 5109">
     <span class='ocr_line' id='line_1_95' title="bbox 240 5027 1774 5109; baseline 0.012 -29"><span class='ocrx_word' id='word_1_658' title='bbox 240 5027 552 5100; x_wconf 82' lang='lat' dir='ltr'><strong>Depositum</strong></span> <span class='ocrx_word' id='word_1_659' title='bbox 574 5046 743 5084; x_wconf 90' lang='lat' dir='ltr'><strong>meum</strong></span> <span class='ocrx_word' id='word_1_660' title='bbox 761 5048 961 5087; x_wconf 78' lang='lat' dir='ltr'><strong>servare</strong></span> <span class='ocrx_word' id='word_1_661' title='bbox 995 5033 1049 5087; x_wconf 87' lang='lat' dir='ltr'><strong>in</strong></span> <span class='ocrx_word' id='word_1_662' title='bbox 1080 5033 1230 5089; x_wconf 89' lang='lat' dir='ltr'><strong>illum</strong></span> <span class='ocrx_word' id='word_1_663' title='bbox 1271 5037 1426 5094; x_wconf 90' lang='lat' dir='ltr'><strong>diem.</strong></span> <span class='ocrx_word' id='word_1_664' title='bbox 1480 5038 1638 5109; x_wconf 84' lang='lat' dir='ltr'><strong>Apud</strong></span> <span class='ocrx_word' id='word_1_665' title='bbox 1687 5057 1774 5099; x_wconf 91' lang='lat' dir='ltr'><strong>me</strong></span> 
     </span>
    </p>
   </div>
   <div class='ocr_carea' id='block_1_96' title="bbox 157 5120 1770 5206">
    <p class='ocr_par' dir='ltr' id='par_1_96' title="bbox 157 5120 1770 5206">
     <span class='ocr_line' id='line_1_96' title="bbox 157 5120 1770 5206; baseline 0.009 -32"><span class='ocrx_word' id='word_1_666' title='bbox 157 5120 320 5191; x_wconf 87' lang='lat' dir='ltr'><strong>ipse,</strong></span> <span class='ocrx_word' id='word_1_667' title='bbox 354 5121 500 5191; x_wconf 91' lang='lat' dir='ltr'><strong>quod</strong></span> <span class='ocrx_word' id='word_1_668' title='bbox 531 5122 825 5192; x_wconf 87' lang='lat' dir='ltr'><strong>deposuit,</strong></span> <span class='ocrx_word' id='word_1_669' title='bbox 879 5125 1224 5182; x_wconf 85' lang='lat' dir='ltr'><strong>conservabit</strong></span> <span class='ocrx_word' id='word_1_670' title='bbox 1274 5144 1290 5183; x_wconf 90' lang='lat'><strong>:</strong></span> <span class='ocrx_word' id='word_1_671' title='bbox 1338 5130 1455 5185; x_wconf 91' lang='lat' dir='ltr'><strong>sive</strong></span> <span class='ocrx_word' id='word_1_672' title='bbox 1494 5132 1638 5203; x_wconf 90' lang='lat' dir='ltr'><strong>quod</strong></span> <span class='ocrx_word' id='word_1_673' title='bbox 1669 5149 1770 5206; x_wconf 88' lang='lat' dir='ltr'><strong>ego</strong></span> 
     </span>
    </p>
   </div>
   <div class='ocr_carea' id='block_1_97' title="bbox 156 5211 1473 5285">
    <p class='ocr_par' dir='ltr' id='par_1_97' title="bbox 156 5211 1473 5285">
     <span class='ocr_line' id='line_1_97' title="bbox 156 5211 1473 5285; baseline 0.01 -19"><span class='ocrx_word' id='word_1_674' title='bbox 156 5211 310 5285; x_wconf 82' lang='lat' dir='ltr'><strong>apud</strong></span> <span class='ocrx_word' id='word_1_675' title='bbox 346 5212 500 5267; x_wconf 91' lang='lat' dir='ltr'><strong>illum</strong></span> <span class='ocrx_word' id='word_1_676' title='bbox 527 5215 875 5282; x_wconf 89' lang='lat' dir='ltr'><strong>commendo,</strong></span> <span class='ocrx_word' id='word_1_677' title='bbox 908 5218 1154 5275; x_wconf 87' lang='lat' dir='ltr'><strong>restituet</strong></span> <span class='ocrx_word' id='word_1_678' title='bbox 1184 5218 1240 5275; x_wconf 93' lang='lat' dir='ltr'><strong>in</strong></span> <span class='ocrx_word' id='word_1_679' title='bbox 1269 5219 1473 5279; x_wconf 89' lang='lat' dir='ltr'><strong>futuro.</strong></span> 
     </span>
    </p>
   </div>
   <div class='ocr_carea' id='block_1_98' title="bbox 237 5305 1770 5387">
    <p class='ocr_par' dir='ltr' id='par_1_98' title="bbox 237 5305 1770 5387">
     <span class='ocr_line' id='line_1_98' title="bbox 237 5305 1770 5387; baseline 0.01 -27"><span class='ocrx_word' id='word_1_680' title='bbox 237 5305 497 5361; x_wconf 76' lang='lat' dir='ltr'><strong>Formam</strong></span> <span class='ocrx_word' id='word_1_681' title='bbox 520 5308 647 5364; x_wconf 86' lang='lat' dir='ltr'><strong>habe</strong></span> <span class='ocrx_word' id='word_1_682' title='bbox 672 5325 918 5364; x_wconf 88' lang='lat' dir='ltr'><strong>sanorum</strong></span> <span class='ocrx_word' id='word_1_683' title='bbox 947 5313 1238 5379; x_wconf 84' lang='lat' dir='ltr'><strong>verborum,</strong></span> <span class='ocrx_word' id='word_1_684' title='bbox 1269 5332 1385 5387; x_wconf 71' lang='lat' dir='ltr'><strong>qua:</strong></span> <span class='ocrx_word' id='word_1_685' title='bbox 1411 5335 1443 5370; x_wconf 93' lang='lat' dir='ltr'><strong>a</strong></span> <span class='ocrx_word' id='word_1_686' title='bbox 1469 5334 1549 5374; x_wconf 88' lang='lat' dir='ltr'><strong>me</strong></span> <span class='ocrx_word' id='word_1_687' title='bbox 1575 5321 1770 5376; x_wconf 86' lang='lat' dir='ltr'><strong>audisti</strong></span> 
     </span>
    </p>
   </div>
   <div class='ocr_carea' id='block_1_99' title="bbox 153 5397 1762 5468">
    <p class='ocr_par' dir='ltr' id='par_1_99' title="bbox 153 5397 1762 5468">
     <span class='ocr_line' id='line_1_99' title="bbox 153 5397 1762 5468; baseline 0.009 -15"><span class='ocrx_word' id='word_1_688' title='bbox 153 5400 210 5453; x_wconf 84' lang='lat' dir='ltr'><strong>in</strong></span> <span class='ocrx_word' id='word_1_689' title='bbox 240 5397 397 5468; x_wconf 71' lang='lat' dir='ltr'><strong>fidei,</strong></span> <span class='ocrx_word' id='word_1_690' title='bbox 428 5408 477 5453; x_wconf 92' lang='lat' dir='ltr'><strong>et</strong></span> <span class='ocrx_word' id='word_1_691' title='bbox 506 5400 557 5453; x_wconf 87' lang='lat' dir='ltr'><strong>in</strong></span> <span class='ocrx_word' id='word_1_692' title='bbox 598 5400 875 5458; x_wconf 87' lang='lat' dir='ltr'><strong>dilectione</strong></span> <span class='ocrx_word' id='word_1_693' title='bbox 921 5404 973 5457; x_wconf 88' lang='lat' dir='ltr'><strong>in</strong></span> <span class='ocrx_word' id='word_1_694' title='bbox 1010 5402 1217 5461; x_wconf 90' lang='lat' dir='ltr'><strong>Christo</strong></span> <span class='ocrx_word' id='word_1_695' title='bbox 1259 5405 1408 5464; x_wconf 84' lang='lat' dir='ltr'><strong>Jesu.</strong></span> <span class='ocrx_word' id='word_1_696' title='bbox 1456 5410 1762 5467; x_wconf 87' lang='lat' dir='ltr'><strong>Secundum</strong></span> 
     </span>
    </p>
   </div>
   <div class='ocr_carea' id='block_1_100' title="bbox 160 5489 1764 5569">
    <p class='ocr_par' dir='ltr' id='par_1_100' title="bbox 160 5489 1764 5569">
     <span class='ocr_line' id='line_1_100' title="bbox 160 5489 1764 5569; baseline 0.011 -24"><span class='ocrx_word' id='word_1_697' title='bbox 160 5506 351 5547; x_wconf 82' lang='lat' dir='ltr'><strong>meam</strong></span> <span class='ocrx_word' id='word_1_698' title='bbox 380 5489 610 5548; x_wconf 79' lang='lat' dir='ltr'><strong>formam</strong></span> <span class='ocrx_word' id='word_1_699' title='bbox 632 5493 756 5552; x_wconf 84' lang='lat' dir='ltr'><strong>vide</strong></span> <span class='ocrx_word' id='word_1_700' title='bbox 776 5502 832 5551; x_wconf 87' lang='lat' dir='ltr'><strong>et</strong></span> <span class='ocrx_word' id='word_1_701' title='bbox 853 5494 1010 5561; x_wconf 87' lang='lat' dir='ltr'><strong>doce,</strong></span> <span class='ocrx_word' id='word_1_702' title='bbox 1038 5512 1198 5569; x_wconf 89' lang='lat' dir='ltr'><strong>quam</strong></span> <span class='ocrx_word' id='word_1_703' title='bbox 1222 5515 1251 5555; x_wconf 92' lang='lat' dir='ltr'><strong>a</strong></span> <span class='ocrx_word' id='word_1_704' title='bbox 1284 5516 1370 5558; x_wconf 92' lang='lat' dir='ltr'><strong>me</strong></span> <span class='ocrx_word' id='word_1_705' title='bbox 1398 5502 1639 5560; x_wconf 82' lang='lat' dir='ltr'><strong>breviter</strong></span> <span class='ocrx_word' id='word_1_706' title='bbox 1670 5520 1764 5562; x_wconf 86' lang='lat' dir='ltr'><strong>ac-</strong></span> 
     </span>
    </p>
   </div>
   <div class='ocr_carea' id='block_1_101' title="bbox 155 5581 1765 5660">
    <p class='ocr_par' dir='ltr' id='par_1_101' title="bbox 155 5581 1765 5660">
     <span class='ocr_line' id='line_1_101' title="bbox 155 5581 1765 5660; baseline 0.012 -24"><span class='ocrx_word' id='word_1_707' title='bbox 155 5581 384 5653; x_wconf 83' lang='lat' dir='ltr'><strong>cepisti,</strong></span> <span class='ocrx_word' id='word_1_708' title='bbox 409 5584 686 5655; x_wconf 92' lang='lat' dir='ltr'><strong>quomodo</strong></span> <span class='ocrx_word' id='word_1_709' title='bbox 718 5586 930 5660; x_wconf 85' lang='lat' dir='ltr'><strong>integre</strong></span> <span class='ocrx_word' id='word_1_710' title='bbox 958 5590 1187 5648; x_wconf 88' lang='lat' dir='ltr'><strong>credere</strong></span> <span class='ocrx_word' id='word_1_711' title='bbox 1237 5603 1292 5649; x_wconf 90' lang='lat' dir='ltr'><strong>ct</strong></span> <span class='ocrx_word' id='word_1_712' title='bbox 1329 5594 1650 5653; x_wconf 88' lang='lat' dir='ltr'><strong>alterutrum</strong></span> <span class='ocrx_word' id='word_1_713' title='bbox 1682 5598 1765 5655; x_wconf 90' lang='lat' dir='ltr'><strong>di-</strong></span> 
     </span>
    </p>
   </div>
   <div class='ocr_carea' id='block_1_102' title="bbox 148 5674 682 5745">
    <p class='ocr_par' dir='ltr' id='par_1_102' title="bbox 148 5674 682 5745">
     <span class='ocr_line' id='line_1_102' title="bbox 148 5674 682 5745; baseline 0.009 -15"><span class='ocrx_word' id='word_1_714' title='bbox 148 5674 334 5745; x_wconf 89' lang='lat' dir='ltr'><strong>ligere</strong></span> <span class='ocrx_word' id='word_1_715' title='bbox 360 5674 682 5735; x_wconf 88' lang='lat' dir='ltr'><strong>debeamus.</strong></span> 
     </span>
    </p>
   </div>
   <div class='ocr_carea' id='block_1_103' title="bbox 223 5764 1755 5857">
    <p class='ocr_par' dir='ltr' id='par_1_103' title="bbox 223 5764 1755 5857">
     <span class='ocr_line' id='line_1_103' title="bbox 223 5764 1755 5857; baseline 0.014 -37"><span class='ocrx_word' id='word_1_716' title='bbox 223 5764 440 5822; x_wconf 88' lang='lat' dir='ltr'><strong>Bonum</strong></span> <span class='ocrx_word' id='word_1_717' title='bbox 468 5770 763 5842; x_wconf 87' lang='lat' dir='ltr'><strong>depositum</strong></span> <span class='ocrx_word' id='word_1_718' title='bbox 791 5778 1016 5845; x_wconf 87' lang='lat' dir='ltr'><strong>custodi,</strong></span> <span class='ocrx_word' id='word_1_719' title='bbox 1048 5796 1140 5853; x_wconf 89' lang='lat' dir='ltr'><strong>per</strong></span> <span class='ocrx_word' id='word_1_720' title='bbox 1189 5781 1449 5853; x_wconf 86' lang='lat' dir='ltr'><strong>Spiritum</strong></span> <span class='ocrx_word' id='word_1_721' title='bbox 1490 5794 1755 5857; x_wconf 89' lang='lat' dir='ltr'><strong>sanctum,</strong></span> 
     </span>
    </p>
   </div>
   <div class='ocr_carea' id='block_1_104' title="bbox 142 5860 1753 5954">
    <p class='ocr_par' dir='ltr' id='par_1_104' title="bbox 142 5860 1753 5954">
     <span class='ocr_line' id='line_1_104' title="bbox 142 5860 1753 5954; baseline 0.017 -41"><span class='ocrx_word' id='word_1_722' title='bbox 142 5860 247 5931; x_wconf 76' lang='lat' dir='ltr'><strong>qui</strong></span> <span class='ocrx_word' id='word_1_723' title='bbox 276 5860 477 5918; x_wconf 79' lang='lat' dir='ltr'><strong>habitat</strong></span> <span class='ocrx_word' id='word_1_724' title='bbox 502 5864 557 5919; x_wconf 86' lang='lat' dir='ltr'><strong>in</strong></span> <span class='ocrx_word' id='word_1_725' title='bbox 584 5870 749 5924; x_wconf 87' lang='lat' dir='ltr'><strong>nobis.</strong></span> <span class='ocrx_word' id='word_1_726' title='bbox 775 5870 928 5943; x_wconf 87' lang='lat' dir='ltr'><strong>Quod</strong></span> <span class='ocrx_word' id='word_1_727' title='bbox 959 5874 1099 5946; x_wconf 89' lang='lat' dir='ltr'><strong>apud</strong></span> <span class='ocrx_word' id='word_1_728' title='bbox 1133 5882 1184 5933; x_wconf 89' lang='lat' dir='ltr'><strong>te</strong></span> <span class='ocrx_word' id='word_1_729' title='bbox 1214 5889 1311 5954; x_wconf 85' lang='lat' dir='ltr'><strong>per</strong></span> <span class='ocrx_word' id='word_1_730' title='bbox 1335 5875 1596 5953; x_wconf 88' lang='lat' dir='ltr'><strong>Spiritum</strong></span> <span class='ocrx_word' id='word_1_731' title='bbox 1625 5896 1753 5939; x_wconf 87' lang='lat' dir='ltr'><strong>san-</strong></span> 
     </span>
    </p>
   </div>
   <div class='ocr_carea' id='block_1_105' title="bbox 1884 4758 3487 4839">
    <p class='ocr_par' dir='ltr' id='par_1_105' title="bbox 1884 4758 3487 4839">
     <span class='ocr_line' id='line_1_105' title="bbox 1884 4758 3487 4839; baseline 0.008 -26"><span class='ocrx_word' id='word_1_732' title='bbox 1884 4758 2039 4813; x_wconf 89' lang='lat' dir='ltr'><strong>nibus</strong></span> <span class='ocrx_word' id='word_1_733' title='bbox 2062 4758 2407 4814; x_wconf 87' lang='lat' dir='ltr'><strong>intellectum.</strong></span> <span class='ocrx_word' id='word_1_734' title='bbox 2436 4760 2637 4817; x_wconf 89' lang='lat' dir='ltr'><strong>Eorum</strong></span> <span class='ocrx_word' id='word_1_735' title='bbox 2663 4778 2783 4835; x_wconf 68' lang='lat' dir='ltr'><strong>qua:</strong></span> <span class='ocrx_word' id='word_1_736' title='bbox 2815 4774 3039 4835; x_wconf 83' lang='lat' dir='ltr'><strong>pmpter</strong></span> <span class='ocrx_word' id='word_1_737' title='bbox 3059 4778 3363 4839; x_wconf 65' lang='lat' dir='ltr'><strong>quaerentes</strong></span> <span class='ocrx_word' id='word_1_738' title='bbox 3394 4786 3487 4826; x_wconf 85' lang='lat' dir='ltr'><strong>oc-</strong></span> 
     </span>
    </p>
   </div>
   <div class='ocr_carea' id='block_1_106' title="bbox 1881 4851 3486 4923">
    <p class='ocr_par' dir='ltr' id='par_1_106' title="bbox 1881 4851 3486 4923">
     <span class='ocr_line' id='line_1_106' title="bbox 1881 4851 3486 4923; baseline 0.009 -19"><span class='ocrx_word' id='word_1_739' title='bbox 1881 4851 2192 4919; x_wconf 89' lang='lat' dir='ltr'><strong>casionem,</strong></span> <span class='ocrx_word' id='word_1_740' title='bbox 2233 4853 2661 4923; x_wconf 88' lang='lat' dir='ltr'><strong>comparationis</strong></span> <span class='ocrx_word' id='word_1_741' title='bbox 2704 4855 2977 4914; x_wconf 88' lang='lat' dir='ltr'><strong>velamine</strong></span> <span class='ocrx_word' id='word_1_742' title='bbox 3030 4859 3249 4916; x_wconf 87' lang='lat' dir='ltr'><strong>fuerant</strong></span> <span class='ocrx_word' id='word_1_743' title='bbox 3302 4863 3486 4918; x_wconf 87' lang='lat' dir='ltr'><strong>obum-</strong></span> 
     </span>
    </p>
   </div>
   <div class='ocr_carea' id='block_1_107' title="bbox 1878 4943 2054 5001">
    <p class='ocr_par' dir='ltr' id='par_1_107' title="bbox 1878 4943 2054 5001">
     <span class='ocr_line' id='line_1_107' title="bbox 1878 4943 2054 5001; baseline -0.006 0"><span class='ocrx_word' id='word_1_744' title='bbox 1878 4943 2054 5001; x_wconf 90' lang='lat' dir='ltr'><strong>brata.</strong></span> 
     </span>
    </p>
   </div>
   <div class='ocr_carea' id='block_1_108' title="bbox 1950 5040 3481 5108">
    <p class='ocr_par' dir='ltr' id='par_1_108' title="bbox 1950 5040 3481 5108">
     <span class='ocr_line' id='line_1_108' title="bbox 1950 5040 3481 5108; baseline 0.009 -14"><span class='ocrx_word' id='word_1_745' title='bbox 1950 5040 2151 5096; x_wconf 80' lang='lat' dir='ltr'><strong>Memor</strong></span> <span class='ocrx_word' id='word_1_746' title='bbox 2178 5052 2283 5097; x_wconf 90' lang='lat' dir='ltr'><strong>esto</strong></span> <span class='ocrx_word' id='word_1_747' title='bbox 2306 5040 2591 5099; x_wconf 90' lang='lat' dir='ltr'><strong>Dominum</strong></span> <span class='ocrx_word' id='word_1_748' title='bbox 2618 5043 2798 5101; x_wconf 74' lang='lat' dir='ltr'><strong>Iesum</strong></span> <span class='ocrx_word' id='word_1_749' title='bbox 2826 5045 3091 5102; x_wconf 86' lang='lat' dir='ltr'><strong>Christum</strong></span> <span class='ocrx_word' id='word_1_750' title='bbox 3136 5050 3481 5108; x_wconf 74' lang='lat' dir='ltr'><strong>resurrexisse</strong></span> 
     </span>
    </p>
   </div>
   <div class='ocr_carea' id='block_1_109' title="bbox 1877 5138 3480 5213">
    <p class='ocr_par' dir='ltr' id='par_1_109' title="bbox 1877 5138 3480 5213">
     <span class='ocr_line' id='line_1_109' title="bbox 1877 5138 3480 5213; baseline 0.007 -24"><span class='ocrx_word' id='word_1_751' title='bbox 1877 5152 1909 5189; x_wconf 89' lang='lat' dir='ltr'><strong>a</strong></span> <span class='ocrx_word' id='word_1_752' title='bbox 1930 5138 2167 5207; x_wconf 83' lang='lat' dir='ltr'><strong>mortuis,</strong></span> <span class='ocrx_word' id='word_1_753' title='bbox 2198 5153 2264 5191; x_wconf 82' lang='lat' dir='ltr'><strong>ea:</strong></span> <span class='ocrx_word' id='word_1_754' title='bbox 2289 5139 2483 5192; x_wconf 88' lang='lat' dir='ltr'><strong>semine</strong></span> <span class='ocrx_word' id='word_1_755' title='bbox 2514 5138 2705 5193; x_wconf 83' lang='lat' dir='ltr'><strong>David.</strong></span> <span class='ocrx_word' id='word_1_756' title='bbox 2740 5138 2853 5195; x_wconf 89' lang='lat' dir='ltr'><strong>Hoc</strong></span> <span class='ocrx_word' id='word_1_757' title='bbox 2878 5150 3064 5195; x_wconf 90' lang='lat' dir='ltr'><strong>contra</strong></span> <span class='ocrx_word' id='word_1_758' title='bbox 3098 5140 3217 5195; x_wconf 88' lang='lat' dir='ltr'><strong>illos</strong></span> <span class='ocrx_word' id='word_1_759' title='bbox 3244 5142 3333 5213; x_wconf 89' lang='lat' dir='ltr'><strong>qui</strong></span> <span class='ocrx_word' id='word_1_760' title='bbox 3365 5159 3480 5201; x_wconf 86' lang='lat' dir='ltr'><strong>car-</strong></span> 
     </span>
    </p>
   </div>
   <div class='ocr_carea' id='block_1_110' title="bbox 1878 5227 3481 5303">
    <p class='ocr_par' dir='ltr' id='par_1_110' title="bbox 1878 5227 3481 5303">
     <span class='ocr_line' id='line_1_110' title="bbox 1878 5227 3481 5303; baseline 0.007 -23"><span class='ocrx_word' id='word_1_761' title='bbox 1878 5227 1961 5281; x_wconf 91' lang='lat' dir='ltr'><strong>nis</strong></span> <span class='ocrx_word' id='word_1_762' title='bbox 1989 5228 2446 5282; x_wconf 89' lang='lat' dir='ltr'><strong>rcsurrectionem</strong></span> <span class='ocrx_word' id='word_1_763' title='bbox 2469 5239 2683 5301; x_wconf 85' lang='lat' dir='ltr'><strong>negant,</strong></span> <span class='ocrx_word' id='word_1_764' title='bbox 2709 5242 3109 5303; x_wconf 88' lang='lat' dir='ltr'><strong>consequenter</strong></span> <span class='ocrx_word' id='word_1_765' title='bbox 3129 5234 3292 5288; x_wconf 86' lang='lat' dir='ltr'><strong>etiam</strong></span> <span class='ocrx_word' id='word_1_766' title='bbox 3321 5234 3481 5292; x_wconf 78' lang='lat' dir='ltr'><strong>Chri-</strong></span> 
     </span>
    </p>
   </div>
   <div class='ocr_carea' id='block_1_111' title="bbox 1876 5321 3475 5397">
    <p class='ocr_par' dir='ltr' id='par_1_111' title="bbox 1876 5321 3475 5397">
     <span class='ocr_line' id='line_1_111' title="bbox 1876 5321 3475 5397; baseline 0.008 -23"><span class='ocrx_word' id='word_1_767' title='bbox 1876 5321 1943 5374; x_wconf 92' lang='lat' dir='ltr'><strong>sti</strong></span> <span class='ocrx_word' id='word_1_768' title='bbox 1975 5321 2273 5391; x_wconf 85' lang='lat' dir='ltr'><strong>negabant;</strong></span> <span class='ocrx_word' id='word_1_769' title='bbox 2296 5321 2391 5376; x_wconf 90' lang='lat' dir='ltr'><strong>sed</strong></span> <span class='ocrx_word' id='word_1_770' title='bbox 2423 5331 2478 5377; x_wconf 91' lang='lat' dir='ltr'><strong>et</strong></span> <span class='ocrx_word' id='word_1_771' title='bbox 2509 5323 2772 5379; x_wconf 83' lang='lat' dir='ltr'><strong>adversus</strong></span> <span class='ocrx_word' id='word_1_772' title='bbox 2792 5324 2935 5390; x_wconf 86' lang='lat' dir='ltr'><strong>illos,</strong></span> <span class='ocrx_word' id='word_1_773' title='bbox 2962 5324 3055 5397; x_wconf 91' lang='lat' dir='ltr'><strong>qui</strong></span> <span class='ocrx_word' id='word_1_774' title='bbox 3088 5335 3289 5397; x_wconf 86' lang='lat' dir='ltr'><strong>negant</strong></span> <span class='ocrx_word' id='word_1_775' title='bbox 3316 5329 3475 5385; x_wconf 86' lang='lat' dir='ltr'><strong>Chri-</strong></span> 
     </span>
    </p>
   </div>
   <div class='ocr_carea' id='block_1_112' title="bbox 1875 5413 3472 5487">
    <p class='ocr_par' dir='ltr' id='par_1_112' title="bbox 1875 5413 3472 5487">
     <span class='ocr_line' id='line_1_112' title="bbox 1875 5413 3472 5487; baseline 0.008 -20"><span class='ocrx_word' id='word_1_776' title='bbox 1875 5420 2017 5467; x_wconf 91' lang='lat' dir='ltr'><strong>stum</strong></span> <span class='ocrx_word' id='word_1_777' title='bbox 2048 5413 2098 5467; x_wconf 93' lang='lat' dir='ltr'><strong>in</strong></span> <span class='ocrx_word' id='word_1_778' title='bbox 2130 5427 2295 5469; x_wconf 89' lang='lat' dir='ltr'><strong>carne</strong></span> <span class='ocrx_word' id='word_1_779' title='bbox 2320 5414 2535 5471; x_wconf 85' lang='lat' dir='ltr'><strong>venisse</strong></span> <span class='ocrx_word' id='word_1_780' title='bbox 2589 5432 2601 5469; x_wconf 90' lang='lat'><strong>:</strong></span> <span class='ocrx_word' id='word_1_781' title='bbox 2642 5430 2782 5487; x_wconf 89' lang='lat' dir='ltr'><strong>quos</strong></span> <span class='ocrx_word' id='word_1_782' title='bbox 2833 5415 3071 5475; x_wconf 84' lang='lat' dir='ltr'><strong>Joannes</strong></span> <span class='ocrx_word' id='word_1_783' title='bbox 3123 5420 3472 5479; x_wconf 88' lang='lat' dir='ltr'><strong>antichristos</strong></span> 
     </span>
    </p>
   </div>
   <div class='ocr_carea' id='block_1_113' title="bbox 1872 5507 2130 5581">
    <p class='ocr_par' dir='ltr' id='par_1_113' title="bbox 1872 5507 2130 5581">
     <span class='ocr_line' id='line_1_113' title="bbox 1872 5507 2130 5581; baseline -0.008 -19"><span class='ocrx_word' id='word_1_784' title='bbox 1872 5507 2130 5581; x_wconf 84' lang='lat' dir='ltr'><strong>appellat.</strong></span> 
     </span>
    </p>
   </div>
   <div class='ocr_carea' id='block_1_114' title="bbox 1942 5602 3467 5680">
    <p class='ocr_par' dir='ltr' id='par_1_114' title="bbox 1942 5602 3467 5680">
     <span class='ocr_line' id='line_1_114' title="bbox 1942 5602 3467 5680; baseline 0.009 -23"><span class='ocrx_word' id='word_1_785' title='bbox 1942 5602 2236 5657; x_wconf 86' lang='lat' dir='ltr'><strong>Secundum</strong></span> <span class='ocrx_word' id='word_1_786' title='bbox 2266 5602 2605 5677; x_wconf 82' lang='lat' dir='ltr'><strong>Evangelium</strong></span> <span class='ocrx_word' id='word_1_787' title='bbox 2636 5621 2821 5662; x_wconf 87' lang='lat' dir='ltr'><strong>meum.</strong></span> <span class='ocrx_word' id='word_1_788' title='bbox 2855 5604 3166 5665; x_wconf 91' lang='lat' dir='ltr'><strong>Secundum</strong></span> <span class='ocrx_word' id='word_1_789' title='bbox 3205 5609 3347 5680; x_wconf 90' lang='lat' dir='ltr'><strong>quod</strong></span> <span class='ocrx_word' id='word_1_790' title='bbox 3380 5626 3467 5670; x_wconf 84' lang='lat' dir='ltr'><strong>me</strong></span> 
     </span>
    </p>
   </div>
   <div class='ocr_carea' id='block_1_115' title="bbox 1867 5696 2580 5767">
    <p class='ocr_par' dir='ltr' id='par_1_115' title="bbox 1867 5696 2580 5767">
     <span class='ocr_line' id='line_1_115' title="bbox 1867 5696 2580 5767; baseline 0 -14"><span class='ocrx_word' id='word_1_791' title='bbox 1867 5696 2166 5767; x_wconf 73' lang='lat' dir='ltr'><strong>prcedicare</strong></span> <span class='ocrx_word' id='word_1_792' title='bbox 2196 5712 2305 5755; x_wconf 91' lang='lat' dir='ltr'><strong>non</strong></span> <span class='ocrx_word' id='word_1_793' title='bbox 2338 5699 2580 5755; x_wconf 86' lang='lat' dir='ltr'><strong>nescitis.</strong></span> 
     </span>
    </p>
   </div>
   <div class='ocr_carea' id='block_1_116' title="bbox 1940 5791 3466 5870">
    <p class='ocr_par' dir='ltr' id='par_1_116' title="bbox 1940 5791 3466 5870">
     <span class='ocr_line' id='line_1_116' title="bbox 1940 5791 3466 5870; baseline 0.007 -25"><span class='ocrx_word' id='word_1_794' title='bbox 1940 5791 2002 5846; x_wconf 87' lang='lat' dir='ltr'><strong>In</strong></span> <span class='ocrx_word' id='word_1_795' title='bbox 2029 5809 2131 5864; x_wconf 90' lang='lat' dir='ltr'><strong>quo</strong></span> <span class='ocrx_word' id='word_1_796' title='bbox 2152 5792 2330 5848; x_wconf 88' lang='lat' dir='ltr'><strong>laboro</strong></span> <span class='ocrx_word' id='word_1_797' title='bbox 2353 5808 2510 5864; x_wconf 84' lang='lat' dir='ltr'><strong>usque</strong></span> <span class='ocrx_word' id='word_1_798' title='bbox 2532 5794 2602 5848; x_wconf 89' lang='lat' dir='ltr'><strong>ad</strong></span> <span class='ocrx_word' id='word_1_799' title='bbox 2634 5795 2843 5851; x_wconf 82' lang='lat' dir='ltr'><strong>vincula</strong></span> <span class='ocrx_word' id='word_1_800' title='bbox 2869 5794 3020 5869; x_wconf 88' lang='lat' dir='ltr'><strong>quasi</strong></span> <span class='ocrx_word' id='word_1_801' title='bbox 3057 5798 3193 5852; x_wconf 89' lang='lat' dir='ltr'><strong>male</strong></span> <span class='ocrx_word' id='word_1_802' title='bbox 3222 5814 3466 5870; x_wconf 85' lang='lat' dir='ltr'><strong>operans.</strong></span> 
     </span>
    </p>
   </div>
   <div class='ocr_carea' id='block_1_117' title="bbox 1862 5883 2375 5944">
    <p class='ocr_par' dir='ltr' id='par_1_117' title="bbox 1862 5883 2375 5944">
     <span class='ocr_line' id='line_1_117' title="bbox 1862 5883 2375 5944; baseline 0.008 -5"><span class='ocrx_word' id='word_1_803' title='bbox 1862 5883 1981 5943; x_wconf 80' lang='lat' dir='ltr'><strong>Non</strong></span> <span class='ocrx_word' id='word_1_804' title='bbox 2006 5894 2186 5943; x_wconf 87' lang='lat' dir='ltr'><strong>tamen</strong></span> <span class='ocrx_word' id='word_1_805' title='bbox 2214 5886 2375 5944; x_wconf 81' lang='lat' dir='ltr'><strong>male.</strong></span> 
     </span>
    </p>
   </div>
  </div>
