3978 6286
456 389 559 448 8)!

1489 397 1547 454 S.
1593 398 1976 459 HIERONYMI
2015 401 2303 464 OPERUM
2345 409 2714 469 MANTISSA.

3658 420 3761 479 893

530 507 640 565 Sed
671 508 873 565 verbum
897 507 993 565 Dei
1026 526 1125 565 non
1158 520 1230 567 cst
1253 512 1551 582 alligatum.
1574 514 1710 582 Quia
1733 525 1787 571 et
1820 531 2058 586 praasen-
2085 524 2134 583 Α
2166 537 2273 577 non
2303 533 2429 579 sunt
2456 525 2697 605 seducti,
2730 526 2811 582 vel
2856 528 2986 584 moti
3018 546 3030 583 :
3064 536 3119 585 et
3162 529 3266 587 hoc
3295 531 3420 602 quia
3457 531 3553 588 Dei
3583 545 3763 591 essent

460 610 545 658 tes
580 601 898 660 lidueialiter
920 603 1090 660 doceo
1108 650 1122 674 ,
1150 614 1203 660 et
1229 605 1425 661 litteris
1446 609 1699 664 absentes
1726 608 2052 666 conlirmare

460 712 570 752 non
600 710 778 751 CCSSO.

533 792 667 848 Ideo
696 793 867 847 omnia
897 792 1126 847 sustineo
1160 803 1373 864 propter
1404 793 1613 849 electos.
1674 794 1799 849 ldeo
1853 794 2054 850 tribuni

460 886 723 941 auxilium
758 886 947 957 petivi,
984 900 1046 941 ac
1074 899 1260 957 postea
1277 886 1546 942 Caesarem
1578 886 1865 958 appellavi,
1886 899 1938 942 ut
1961 903 2057 957 per

464 996 553 1037 me
578 980 996 1049 conﬁrmentur,
1022 996 1144 1035 cum
1180 981 1276 1036 bas
1307 980 1586 1050 passiones
1633 981 1903 1053 potuerim
1944 997 2058 1037 mo-

464 1075 656 1131 riendo
690 1075 869 1131 ﬁnire.

540 1167 609 1223 Ut
630 1179 677 1223 et
704 1168 805 1239 ipsi
833 1168 1051 1222 salutem
1078 1176 1488 1237 consequantur,
1520 1184 1634 1238 qum
1669 1177 1741 1222 est
1774 1168 1829 1223 in
1853 1167 2059 1223 Christo

462 1259 589 1316 Iesu
619 1279 735 1316 cum
766 1263 934 1333 gloria
963 1260 1177 1315 caelesti.
1214 1261 1345 1330 Quae
1376 1261 1522 1316 salus
1563 1260 1616 1316 in
1659 1261 1877 1317 Christo
1930 1272 2007 1315 est
2043 1302 2058 1330 ,

465 1370 574 1410 non
599 1354 763 1425 nuda,
793 1354 887 1410 sed
918 1354 1089 1426 gloria
1110 1354 1305 1409 vestita
1333 1372 1343 1406 :
1377 1369 1477 1410 nec
1504 1361 1720 1410 terrena
1745 1354 1938 1426 gloria,
1968 1354 2062 1411 sed

465 1447 694 1503 cmlesti.

538 1539 740 1595 Fidelis
769 1555 936 1594 sermo
963 1555 982 1593 :
1006 1554 1125 1593 nam
1152 1539 1197 1593 si
1220 1538 1521 1594 commortui
1551 1555 1729 1594 sumus
1756 1581 1771 1607 ,
1804 1549 1850 1593 et
1882 1542 2063 1595 conri-

465 1651 658 1689 vemus.
683 1633 935 1690 Veritatis
958 1636 1168 1690 ratione
1198 1635 1482 1690 subnixus.
1530 1636 1585 1691 Si
1642 1637 1788 1691 enim
1842 1651 1872 1690 a
1922 1636 2069 1689 vitiis

466 1734 521 1781 ct
548 1725 914 1794 voluptatibus
940 1742 1129 1781 sumus
1151 1726 1476 1781 commortui
1534 1726 1755 1783 Christo
1774 1768 1789 1794 ,
1821 1728 2069 1783 vivemus

470 1834 592 1873 cum
616 1817 728 1872 illo.
761 1817 1014 1889 Alioquin
1043 1818 1315 1889 quomodo
1340 1833 1565 1889 sperare
1596 1819 1896 1889 poterimus
1924 1820 2067 1875 hoc?

2158 614 2422 671 habentes
2451 618 2740 686 judicium,
2774 619 2917 674 sicut
2948 621 3114 693 Moysi
3151 630 3394 693 tempore
3426 624 3548 695 fuit,
3575 625 3631 682 in
3661 644 3761 698 quo

2156 707 2367 762 Dathau
2394 719 2448 765 et
2478 711 2681 766 Abiron
2712 713 2959 769 subversi
2990 724 3115 770 sunt
3143 734 3155 771 :
3187 732 3295 772 non
3323 717 3485 772 simul
3509 734 3636 775 cum
3669 720 3761 777 im-

2158 802 2261 871 piis
2302 804 2604 871 perierunt,
2643 806 2754 862 Deo
2790 806 2912 862 illos
2942 823 3063 864 esse
3093 810 3327 879 Optimos
3374 824 3757 888 cognoscente,

2158 908 2215 952 ut
2247 898 2297 952 iu
2331 898 2549 955 Numeri
2582 900 2842 970 scriptum
2875 912 2961 958 est
2989 904 3151 959 libro.

2231 989 2478 1059 Coqnorit
2512 990 2769 1048 Dominus
2793 994 2879 1063 qui
2899 1006 3018 1049 sunt
3049 998 3161 1069 ejus
3197 1013 3214 1051 :
3243 1007 3287 1052 et
3314 998 3547 1054 discedet
3573 999 3635 1053 ab
3666 999 3756 1054 ini-

2159 1084 2354 1155 quitate
2384 1085 2546 1139 omnis
2576 1088 2665 1156 qui
2698 1086 2902 1142 invocat
2931 1105 3116 1145 nomen
3160 1088 3388 1145 Domini.
3424 1090 3499 1148 Ut
3529 1091 3657 1149 Sion
3684 1094 3754 1147 si-

2164 1177 2274 1231 tnul
2303 1186 2489 1248 pereat
2518 1193 2640 1234 cum
2672 1180 2893 1252 iniquis.

2237 1267 2301 1323 In
2334 1288 2523 1342 magna
2553 1282 2723 1327 autem
2749 1274 2921 1329 domo.
2956 1275 3204 1345 Magnam
3231 1275 3480 1345 domum,
3528 1293 3636 1335 non
3662 1278 3753 1336 Ec-

2164 1362 2389 1418 clesium
2412 1364 2560 1430 dicit,
2598 1376 2655 1420 ut
2678 1366 2897 1437 quidam
2923 1378 3137 1440 putant,
3166 1386 3289 1442 qua:
3319 1388 3428 1428 non
3461 1372 3624 1430 habet
3652 1392 3753 1429 ma-

2166 1456 2343 1510 culam
2390 1472 2565 1527 neque
2604 1474 2814 1529 rugam,
2852 1460 2946 1515 sed
2987 1463 3268 1518 mundum.
3314 1464 3473 1521 Unde
3514 1468 3587 1522 ait
3613 1466 3751 1523 lere-

2170 1547 2305 1601 mias
2339 1566 2351 1601 :
2385 1548 2429 1603 0
2461 1550 2657 1618 lsrael,
2685 1567 2843 1622 quam
2887 1570 3082 1626 magna
3112 1568 3195 1612 εει
3219 1555 3413 1614 domus
3440 1559 3677 1617 Domini!
3704 1570 3753 1619 et

2169 1650 2387 1698 caetera.
2419 1642 2475 1697 In
2507 1661 2625 1714 qua:
2652 1655 2777 1701 sunt
2808 1647 3016 1703 zizauia
3050 1650 3216 1703 mixta
3245 1667 3368 1705 cum
3399 1652 3616 1711 tritico:
3639 1670 3750 1710 nam

2172 1736 2626 1794 resurrectionem
2658 1750 2940 1812 negantes,
2974 1742 3031 1797 in
3065 1741 3309 1801 Ecclesia
3340 1760 3469 1803 esse
3496 1760 3602 1803 non
3634 1762 3744 1818 pos-

2172 1838 2320 1883 sunt.

546 1919 607 1975 Si
629 1919 960 1983 sustinemus,
991 1930 1038 1975 et
1070 1922 1518 1993 conregnabimus.
1556 1921 1615 1977 Si
1642 1923 2062 1978 sustinuerimns
2098 1910 2140 1970 Β
2242 1921 2364 1978 Non
2395 1925 2563 1979 solum
2585 1934 2703 1981 sunt
2732 1942 2856 1982 rasa
2882 1943 3039 1983 aurea
3065 1936 3112 1984 et
3138 1939 3407 2003 argentea.
3439 1932 3671 1992 Prctiou
3698 1945 3745 1991 et

470 2029 591 2069 curn
624 2028 847 2069 necesse
877 2014 1061 2083 fuerit,
1092 2015 1235 2085 quod
1263 2014 1352 2070 ille
1380 2015 1659 2083 sustinuit,
1692 2023 1821 2072 tunc
1845 2017 2061 2072 demum

471 2121 701 2178 regnare
732 2108 1029 2177 poterimus
1052 2107 1238 2163 simul.

544 2200 604 2257 Si
632 2200 1070 2274 negaveriinuget
1090 2200 1181 2257 ille
1206 2201 1409 2273 negabit
1433 2219 1527 2258 nos
1552 2217 1570 2256 :
1595 2202 1640 2257 si
1658 2217 1759 2256 non
1784 2201 2063 2269 credimur,

468 2293 558 2349 ille
587 2294 758 2365 ﬁdelis
784 2308 1044 2366 permanet
1070 2313 1087 2351 :
1116 2312 1304 2366 negare
1330 2296 1555 2368 seipsum
1578 2312 1680 2350 non
1710 2304 1893 2368 potest.
1940 2294 2067 2353 Sive

471 2388 785 2453 credamus,
815 2390 930 2444 sive
957 2404 1063 2444 non
1095 2390 1417 2446 credamus:
1449 2405 1556 2444 non
1586 2388 1733 2443 aliud
1764 2396 1942 2458 potest
1968 2403 2068 2443 ex-

472 2478 662 2536 hibere
683 2481 932 2552 singulis,
962 2496 1124 2552 quam
1156 2482 1424 2552 promisit.
1455 2482 1588 2550 Quia
1634 2480 1833 2538 veritas
1878 2492 2065 2538 contra

472 2588 531 2627 se
562 2587 668 2627 non
696 2572 875 2637 faciet,
907 2588 976 2629 ne
997 2588 1056 2628 se
1084 2589 1282 2645 negare
1325 2574 1600 2629 videatur.

549 2663 673 2719 llam
705 2666 1267 2736 commonetestiﬁcans
1289 2683 1465 2721 coram
1508 2664 1638 2722 Deo.
1671 2666 1783 2724 Sub
1813 2668 2068 2725 testiﬁca-

476 2758 620 2813 tione
639 2759 732 2815 Dei
756 2761 1092 2834 constringe.

543 2851 673 2907 Noli
696 2854 1003 2909 contendere
1024 2855 1222 2920 verbis;
1250 2854 1319 2908 ad
1352 2854 1483 2910 nihil
1510 2858 1645 2911 enim
1680 2857 1805 2911 utile
1831 2866 1933 2924 est,
1968 2858 2070 2911 nisi

470 2945 540 2999 ad
559 2944 939 3001 subversionem
966 2947 1313 3001 audientium.
1340 2947 1469 3003 Siue
1485 2947 1807 3004 testimoniis
1820 2947 2066 3018 Scriptu-

474 3052 657 3092 rarum
693 3037 998 3106 bujusmodi
1018 3037 1187 3093 etiam
1219 3039 1495 3095 contentio
1526 3055 1633 3095 non
1674 3038 1902 3094 :edilicat
1925 3082 1939 3107 ,
1972 3041 2067 3096 sed

476 3129 712 3183 destruit
736 3128 1018 3185 audientes
1066 3147 1079 3183 :
1116 3140 1309 3201 putant
1348 3133 1494 3188 enim
1526 3136 1710 3194 omnia
1738 3138 1985 3195 acumine
2014 3147 2070 3194 et

476 3223 779 3280 subtilitate
810 3224 1133 3282 subsistere.
1158 3225 1287 3283 Sive
1313 3242 1327 3282 :
1359 3226 1469 3282 noli
1490 3230 1677 3286 verbis
1700 3232 1944 3302 vincere,
1972 3232 2065 3287 sed

471 3316 651 3371 lactis.

547 3410 783 3467 Sollicita
810 3422 981 3468 autem
1029 3431 1153 3469 cura
1186 3425 1233 3469 te
1270 3415 1439 3488 ipsum
1474 3418 1791 3491 probabilem
1836 3419 2071 3475 exhibere

478 3503 609 3559 Deo.
634 3502 775 3560 Ante
804 3506 988 3561 omnia
1019 3508 1120 3562 hoc
1146 3508 1352 3578 labora,
1382 3519 1439 3565 ut
1473 3512 1635 3568 talem
1670 3522 1719 3568 te
1741 3512 1881 3582 apud
1904 3513 2072 3568 Deum

475 3595 754 3659 exhibeas,
789 3612 896 3666 quo
927 3600 1121 3653 merito
1146 3601 1322 3669 possit
1350 3602 1444 3657 tibi
1476 3604 1706 3673 p0pulus
1728 3604 2016 3661 obaudire.

553 3685 864 3758 Operarium
888 3689 1326 3760 inconfusibilem.
1357 3692 1433 3749 Ita
1466 3696 1610 3763 vive,
1643 3712 1713 3753 ne
1742 3696 1886 3752 dicta
1918 3698 2075 3755 factis

476 3778 858 3836 deficientibus
883 3782 1228 3840 erubescant.

548 3880 702 3937 Recte
722 3892 1028 3939 tractantem
1060 3886 1534 3945 verbumreritatis.
1565 3890 1660 3946 Ille
1691 3899 1839 3947 recte
1859 3900 2075 3961 tractat,

478 3974 567 4045 qui
590 3976 855 4047 exemplis
884 3993 979 4033 sua
1010 3979 1152 4035 dicta
1178 3983 1487 4037 conlirmat.
1509 3982 1899 4041 Ornamentum
1932 3988 2076 4043 enim

479 4069 623 4131 vitae,
655 4069 903 4124 doctrina
935 4089 947 4125 :
982 4072 1382 4129 ﬁrmamentum
1418 4078 1590 4145 verbi,
1615 4093 1773 4149 opus.

550 4159 787 4233 Profuna
819 4176 993 4218 autem
1023 4174 1068 4219 et
1106 4167 1403 4238 vaniloquia
1437 4169 1628 4225 devita.
1673 4170 1901 4226 Multum
1945 4176 2081 4229 enim

479 4256 755 4325 proﬁciunt
795 4257 864 4311 ad
913 4257 1247 4330 impietatem.
1310 4259 1649 4332 lrreligiosas
1702 4264 2084 4323 bieretieornm

477 4346 709 4417 fabulas,
738 4352 827 4421 qui
856 4362 1057 4423 negant
1082 4356 1561 4423 resurrectionem,
1594 4372 1689 4426 per
1720 4372 1875 4427 quas,
1902 4361 2087 4430 utique

472 4438 671 4508 judicis
704 4444 897 4500 timore
930 4446 1143 4502 subluto
1176 4488 1190 4515 ,
1221 4447 1286 4502 ad
1318 4462 1536 4505 omnem
1567 4451 1907 4521 impietatem
1936 4461 1992 4508 et
2019 4452 2086 4509 ad

480 4543 674 4588 cuncta
704 4537 932 4593 crimina
963 4542 1300 4610 pervenitur.

556 4625 738 4682 Sermo
769 4644 943 4685 eorum
974 4642 1028 4689 ut
1057 4652 1242 4691 cancer
1268 4638 1447 4710 serpit.
1485 4635 1693 4695 Cancer
1732 4640 1927 4697 dicitur
1963 4640 2086 4695 vul-

494 4734 626 4786 nus,
679 4720 824 4788 quod
866 4721 919 4775 iu
969 4727 1224 4783 mamillis
1272 4732 1513 4788 nascitur
1566 4732 1889 4789 feminarum
1935 4752 1946 4786 :

487 4811 591 4868 nisi
632 4812 741 4868 cito
789 4814 1116 4872 subventum
1163 4819 1343 4886 fuerit,
1388 4839 1510 4879 cum
1546 4826 1696 4883 virus
1740 4826 1809 4881 ad
1844 4842 1937 4884 cor
1974 4842 2089 4883 ser-

490 4904 665 4974 pendo
691 4906 1018 4976 pervenerit,
1053 4911 1259 4966 nullum
1293 4916 1592 4973 remedium
1628 4928 1731 4976 est.
1773 4919 1850 4974 lta
1890 4929 1944 4976 et
1974 4921 2088 4976 ba:-

489 5001 782 5057 reticorum
815 5011 942 5057 sunt
981 5001 1195 5058 vitanda
1229 5008 1497 5079 colloquia
1526 5052 1540 5079 ,
1587 5028 1657 5071 ne
1688 5028 1787 5085 per
1829 5027 1986 5070 aures
2017 5013 2091 5069 ir-

492 5092 917 5151 remediabiliter
947 5093 1234 5151 vulnerent
1265 5109 1500 5155 mentes.

563 5193 649 5249 Ea:
673 5198 854 5267 quibus
880 5207 956 5253 est
988 5198 1299 5272 Hymenaeus
1329 5210 1375 5256 et
1404 5199 1641 5260 Philetas
1663 5246 1677 5272 ,
1704 5206 1791 5273 qui
1818 5224 1851 5262 α
1886 5208 2092 5265 veritate

492 5286 811 5344 exciderunt.
860 5290 1088 5349 Nomina
1128 5292 1328 5366 signat,
1363 5302 1423 5349 ut
1462 5298 1692 5367 noverit,
1724 5316 1859 5371 quos
1899 5300 2095 5358 debeat

496 5392 827 5449 przecavere.

565 5472 803 5527 Dicentes
830 5481 1251 5535 resurrectionem
1269 5482 1388 5552 jam
1419 5480 1631 5551 factam,
1663 5492 1710 5537 et
1736 5484 2095 5543 subuerterant

491 5568 833 5636 quorumdam
878 5569 1055 5639 ﬁdem.
1110 5573 1167 5628 In
1219 5576 1364 5643 ﬁliis,
1416 5576 1530 5634 sive
1567 5593 1691 5636 ossa
1734 5578 1994 5635 viviﬁcata
2039 5582 2091 5637 in

493 5660 780 5719 Ezechiele
824 5661 1059 5729 lsraelis,
1119 5666 1616 5738 interpretabantur
1665 5672 1733 5728 de
1781 5674 2095 5743 captivitate

497 5754 751 5825 collecta,
784 5758 938 5827 quasi
970 5761 1360 5821 resurrexisse.

569 5846 676 5901 Sed
702 5849 908 5917 ﬁrmum
939 5852 1328 5922 fundamentum
1357 5857 1455 5913 Dei
1476 5870 1597 5929 stat,
1633 5860 1827 5917 habens
1858 5862 2096 5933 signacu-

492 5937 602 5994 lum
632 5938 753 5997 hoc.
786 5940 845 6003 lu
868 5958 1101 6014 quorum
1123 5948 1289 6009 corde
1318 5949 1454 6011 ﬁdes
1474 5952 1679 6018 ChriSti
1702 5964 1821 6015 erat
1851 5956 2090 6026 fundata,

2169 2013 2348 2069 fortia.

2242 2106 2348 2161 Sed
2376 2116 2421 2160 et
2452 2108 2624 2179 lignea
2650 2117 2697 2164 et
2726 2109 2929 2179 ﬁctilia.
2960 2110 3200 2168 Inﬁrma.

2242 2202 2310 2257 Et
2336 2204 2571 2274 qua’dam
2598 2208 2804 2276 quidem
2839 2209 2889 2261 in
2930 2207 3197 2277 honorem,
3228 2212 3475 2282 quadam
3508 2225 3668 2269 autem
3702 2216 3745 2269 in

2167 2297 2555 2351 contumeliam.
2592 2298 2654 2354 Si
2683 2300 2794 2368 quis
2824 2317 2944 2372 ergo
2972 2319 3026 2356 sc
3050 2304 3397 2358 emendaverit
3426 2305 3491 2359 ab
3520 2307 3643 2374 istis,
3663 2309 3744 2364 erit

2170 2404 2258 2442 vas
2285 2389 2337 2443 in
2364 2388 2609 2445 honorem
2632 2394 3033 2463 sanctiﬁcatum,
3067 2405 3112 2448 et
3138 2396 3264 2449 utile
3285 2394 3513 2451 Domino
3539 2399 3603 2451 ad
3620 2415 3748 2453 autne

2171 2497 2298 2549 apus
2332 2481 2519 2535 bonum
2549 2492 2813 2553 paratum.
2852 2484 2907 2541 Si
2934 2486 3054 2555 quis
3092 2502 3150 2541 se
3189 2502 3221 2542 a
3253 2486 3565 2545 doctoribus
3592 2491 3745 2545 barre-

2173 2575 2291 2628 tieis
2341 2575 2703 2643 mundaverit,
2758 2588 2811 2632 et
2858 2577 3155 2634 crediderit
3205 2580 3258 2635 in
3310 2583 3742 2640 resurrectionem

2173 2665 2427 2735 futuram,
2475 2667 2744 2737 judicium
2781 2670 2872 2726 Dei
2913 2686 3009 2742 per
3038 2688 3202 2731 omne
3251 2690 3390 2747 opus
3430 2677 3627 2735 bonum
3664 2678 3749 2734 im-

2174 2759 2321 2829 plere
2347 2762 2551 2818 studet.

2241 2852 2502 2909 Juvenilia
2532 2865 2699 2911 autem
2730 2858 2986 2913 desideria
3015 2864 3152 2932 fuge.
3183 2860 3318 2929 Quia
3350 2860 3407 2916 hi
3446 2877 3513 2918 ex
3543 2863 3751 2920 seniori.

2171 2948 2271 3005 bus
2292 2964 2412 3005 esse
2435 2965 2540 3005 non
2567 2962 2811 3022 possunt,
2843 2953 2886 3008 si
2910 2952 3028 3011 haec
3048 2964 3211 3026 agant
3238 2971 3358 3026 qnze
3381 2957 3629 3027 gravitati
3657 2972 3753 3012 non

2173 3044 2507 3099 conveniunt
2544 3042 2891 3112 Christiana;
2920 3056 2979 3102 et
3006 3063 3034 3103 a
3059 3047 3348 3119 juvenibus
3379 3049 3681 3117 vincuntur,
3712 3048 3754 3104 si

2176 3136 2422 3191 habeant
2448 3136 2747 3193 levitatem.

2250 3229 2462 3285 Sectare
2486 3248 2600 3285 vero
2616 3232 2895 3301 justitiam,
2922 3232 3097 3303 ﬁdem,
3126 3249 3291 3305 spem,
3322 3234 3640 3291 charitatem.
3670 3234 3754 3292 Hic

2098 3304 2141 3366 (ἶ
2176 3321 2339 3378 ﬁdem
2374 3323 2741 3394 integritatem
2774 3324 2927 3379 dicit.

2247 3412 2315 3470 Et
2346 3431 2543 3488 pacem.
2576 3416 2724 3472 Illam
2754 3433 2965 3488 pacem,
2996 3435 3119 3489 qua:
3147 3420 3397 3492 religioni
3428 3421 3666 3478 debetur.

2248 3506 2377 3561 Cum
2404 3508 2483 3561 his
2510 3508 2598 3579 qui
2619 3511 2859 3563 invocant
2886 3509 3161 3565 Dominum
3187 3512 3250 3567 de
3268 3514 3426 3569 corde
3448 3532 3596 3587 puro.
3622 3512 3750 3570 Beati

2178 3599 2380 3655 mundo
2423 3600 2634 3656 corde:
2666 3601 2737 3657 de
2779 3601 2975 3673 quibus
3003 3604 3226 3671 dicitur,
3269 3606 3404 3677 quid
3443 3624 3531 3663 me
3573 3608 3749 3663 vocatis

2181 3692 2375 3757 Deum,
2403 3703 2458 3749 et
2488 3710 2591 3750 non
2625 3693 2806 3750 facitis
2834 3711 2953 3763 quae
2982 3696 3143 3752 dico?

2254 3789 2456 3843 Stultas
2492 3798 2664 3843 autem
2689 3798 2740 3844 et
2778 3791 2888 3844 sine
2918 3790 3191 3863 disciplina
3234 3794 3545 3863 quaestiones
3584 3793 3745 3859 derita,

2181 3883 2345 3936 sciens
2375 3904 2389 3947 ,
2423 3883 2547 3953 quia
2570 3890 2815 3954 generant
2847 3884 2979 3937 lites.
3014 3883 3209 3940 Stulta:
3234 3900 3427 3941 ontnes
3457 3895 3514 3943 et
3536 3886 3645 3941 sine
3677 3883 3745 3938 di-

2182 3973 2412 4041 sciplina
2444 3973 2578 4043 legis
2606 3984 2728 4027 sunt
2761 3976 3115 4045 qnmstiones.

2258 4066 2476 4121 Servum
2505 4078 2677 4120 autem
2707 4065 2922 4120 Domini
2952 4085 3053 4121 non
3084 4077 3281 4140 oportet
3310 4068 3535 4140 litigare.
3578 4068 3742 4124 Servus

2186 4170 2267 4215 Cal
2317 4160 2563 4226 Christi,
2615 4160 2704 4231 qui
2754 4176 2863 4215 non
2911 4160 3185 4227 clamavit,
3235 4177 3409 4232 neque
3460 4161 3739 4224 contendit,

2191 4268 2364 4324 neque
2393 4253 2598 4307 audivit
2620 4255 2904 4324 quisquam
2932 4269 3119 4311 vocem
3145 4255 3284 4325 ejus,
3317 4256 3604 4312 secundum
3624 4250 3737 4326 quod

2194 4344 2337 4413 Doeg
2371 4343 2631 4414 propheta
2658 4345 2925 4415 praedixit.

2264 4437 2369 4493 Sed
2401 4447 2723 4493 mansuetum
2755 4454 2861 4493 esse
2890 4438 2958 4492 ad
2976 4454 3172 4495 omnes.
3202 4438 3323 4497 Non
3344 4439 3520 4497 solum
3546 4436 3607 4495 ad
3633 4434 3735 4493 snti-

2192 4545 2308 4585 COS.

2270 4624 2570 4693 Docibilem,
2620 4626 2897 4697 patientem
2920 4667 2937 4695 ,
2976 4645 3094 4681 cum
3136 4628 3381 4683 modestia
3430 4627 3733 4696 corripientem

1995 4731 2085 4788 cui
2122 4700 2169 4761 ί)
2194 4733 2277 4771 eos
2303 4718 2391 4787 qui
2430 4720 2671 4771 resistunt
2705 4720 2925 4771 veritati.
2958 4718 3160 4773 Omnes
3207 4733 3427 4787 semper
3457 4718 3632 4773 docere
3661 4727 3731 4783 pl-

2196 4810 2413 4880 tienter,
2448 4826 2553 4865 non
2581 4812 2633 4866 in
2660 4811 2865 4879 furore,
2896 4811 2988 4867 sed
3013 4827 3137 4866 cum
3169 4811 3456 4867 modestia.

2268 4913 2352 4969 Ne
2376 4912 2583 4980 quando
2604 4913 2689 4967 det
2716 4911 2821 4966 illis
2850 4911 2982 4967 Deus
3006 4913 3359 4985 paenitentiam
3385 4914 3453 4966 ad
3480 4923 3740 4983 cognoscen-

2194 5005 2315 5060 dam
2354 5005 2632 5070 veritatem,
2661 5014 2708 5058 et
2736 5004 3033 5075 resipiscam
3074 5021 3106 5058 a
3143 5004 3336 5058 diaboli
3364 5005 3576 5075 laqueis,
3609 5018 3636 5054 ιι
3663 5014 3739 5072 quo

2196 5097 2383 5170 captivi
2407 5106 2635 5152 tenentur
2666 5097 2734 5150 ad
2768 5096 2925 5169 ipsius
2958 5096 3291 5151 voluntatem.
3322 5095 3439 5151 Non
3473 5095 3539 5151 de
3564 5091 3646 5148 Dei
3667 5088 3742 5144 b0-

2203 5189 2371 5245 nitate
2418 5188 2651 5255 dubitat,
2686 5187 2781 5243 sed
2822 5186 2887 5241 de
2929 5186 3316 5255 accipientium
3360 5186 3628 5257 pravitate.
3670 5178 3745 5233 Del

2203 5282 2308 5339 illis
2336 5282 2477 5338 Deus
2506 5291 2840 5353 perpetuam.
2870 5281 3082 5343 mitem,
3107 5280 3465 5352 blandamque
3489 5271 3748 5345 correptio-

2202 5391 2347 5441 nem,
2374 5383 2433 5430 ut
2460 5383 2678 5445 accepta
2709 5374 2943 5441 ratione,
2968 5373 3307 5444 resipiscant.
3324 5373 3498 5429 Simul
3519 5379 3570 5427 et
3595 5376 3749 5424 contra

2203 5466 2529 5524 Novatianos
2554 5466 2888 5538 paenitentia:
2915 5477 3220 5538 negatores,
3241 5467 3331 5538 qui
3357 5465 3629 5522 hatretieos
3648 5472 3749 5515 con-

2204 5575 2389 5618 versos
2422 5560 2636 5616 veniam
2669 5575 2775 5616 non
2801 5573 2961 5632 posse
2981 5558 3241 5630 consequi
3271 5557 3571 5629 perhibent.

2829 5660 3054 5718 CAPUT
3085 5659 3170 5717 III.

2276 5765 2390 5820 Hoc
2420 5774 2592 5821 autem
2618 5766 2765 5836 scito,
2796 5764 2916 5837 quia
2938 5765 2994 5818 in
3014 5762 3301 5820 novissimis
3322 5760 3499 5817 diebus
3527 5755 3762 5819 instabunt

2199 5872 2432 5932 tempora
2464 5860 2777 5935 periculosa.
2808 5858 2922 5916 Non
2950 5858 3019 5915 sit
3051 5858 3145 5915 tibi
3187 5857 3407 5924 mirum,
3440 5853 3581 5927 quod
3610 5845 3766 5924 quoti-

2197 5955 2286 6013 die
2316 5955 2499 6028 pejora
2526 5954 2771 6012 veniunt.
