  <div class='ocr_page' id='page_1' title='image "/cluster/home/n/w/nwhite01/storage/ocr_20150623/30/hvd.32044096580535/456.png"; bbox 0 0 3978 6286; ppageno 0'>
   <div class='ocr_carea' id='block_1_1' title="bbox 242 423 351 481">
    <p class='ocr_par' dir='ltr' id='par_1_1' title="bbox 242 423 351 481">
     <span class='ocr_line' id='line_1_1' title="bbox 242 423 351 481; baseline 0.018 -2"><span class='ocrx_word' id='word_1_1' title='bbox 242 423 351 481; x_wconf 79' lang='grc'><strong><em>89³5</em></strong></span> 
     </span>
    </p>
   </div>
   <div class='ocr_carea' id='block_1_2' title="bbox 862 416 2963 501">
    <p class='ocr_par' dir='ltr' id='par_1_2' title="bbox 862 416 2963 501">
     <span class='ocr_line' id='line_1_2' title="bbox 862 416 2963 501; baseline -0.002 -22"><span class='ocrx_word' id='word_1_2' title='bbox 862 418 1405 479; x_wconf 82' lang='lat' dir='ltr'><strong><em>COMMENTARIUS</em></strong></span> <span class='ocrx_word' id='word_1_3' title='bbox 1444 419 1511 477; x_wconf 84' lang='lat' dir='ltr'><strong>IN</strong></span> <span class='ocrx_word' id='word_1_4' title='bbox 1553 416 1945 477; x_wconf 70' lang='lat' dir='ltr'><strong><em>EPISTOLA.“</em></strong></span> <span class='ocrx_word' id='word_1_5' title='bbox 1990 417 2031 473; x_wconf 92' lang='lat' dir='ltr'><strong><em>ll</em></strong></span> <span class='ocrx_word' id='word_1_6' title='bbox 2075 418 2165 474; x_wconf 83' lang='lat' dir='ltr'><strong><em>AD</em></strong></span> <span class='ocrx_word' id='word_1_7' title='bbox 2206 418 2635 501; x_wconf 73' lang='lat' dir='ltr'><strong><em>TllilDTllEUM.</em></strong></span> <span class='ocrx_word' id='word_1_8' title='bbox 2677 420 2829 476; x_wconf 73' lang='lat' dir='ltr'><strong><em>CAP.</em></strong></span> <span class='ocrx_word' id='word_1_9' title='bbox 2874 419 2963 476; x_wconf 91' lang='lat' dir='ltr'><strong><em>lV.</em></strong></span> 
     </span>
    </p>
   </div>
   <div class='ocr_carea' id='block_1_3' title="bbox 3442 419 3549 479">
    <p class='ocr_par' dir='ltr' id='par_1_3' title="bbox 3442 419 3549 479">
     <span class='ocr_line' id='line_1_3' title="bbox 3442 419 3549 479; baseline 0.028 -4"><span class='ocrx_word' id='word_1_10' title='bbox 3442 419 3549 479; x_wconf 67' lang='grc'><strong><em>894</em></strong></span> 
     </span>
    </p>
   </div>
   <div class='ocr_carea' id='block_1_4' title="bbox 314 537 3553 611">
    <p class='ocr_par' dir='ltr' id='par_1_4' title="bbox 314 537 3553 611">
     <span class='ocr_line' id='line_1_4' title="bbox 314 537 3553 611; baseline 0.001 -17"><span class='ocrx_word' id='word_1_11' title='bbox 314 539 380 594; x_wconf 81' lang='lat' dir='ltr'><strong><em>Et</em></strong></span> <span class='ocrx_word' id='word_1_12' title='bbox 407 547 554 595; x_wconf 90' lang='lat' dir='ltr'><strong><em>erunt</em></strong></span> <span class='ocrx_word' id='word_1_13' title='bbox 577 538 809 595; x_wconf 76' lang='lat' dir='ltr'><strong><em>homines</em></strong></span> <span class='ocrx_word' id='word_1_14' title='bbox 831 538 1027 610; x_wconf 90' lang='lat' dir='ltr'><strong><em>seipsos</em></strong></span> <span class='ocrx_word' id='word_1_15' title='bbox 1050 547 1299 595; x_wconf 88' lang='lat' dir='ltr'><strong><em>amantes.</em></strong></span> <span class='ocrx_word' id='word_1_16' title='bbox 1331 537 1447 594; x_wconf 86' lang='lat' dir='ltr'><strong><em>Non</em></strong></span> <span class='ocrx_word' id='word_1_17' title='bbox 1472 538 1564 595; x_wconf 88' lang='lat' dir='ltr'><strong><em>Dei</em></strong></span> <span class='ocrx_word' id='word_1_18' title='bbox 1592 537 1842 610; x_wconf 75' lang='lat' dir='ltr'><strong><em>gloriam,</em></strong></span> <span class='ocrx_word' id='word_1_19' title='bbox 1877 539 1915 598; x_wconf 75' lang='grc' dir='ltr'>Λ</span> <span class='ocrx_word' id='word_1_20' title='bbox 1952 538 2355 604; x_wconf 77' lang='lat' dir='ltr'><strong><em>persecutionem</em></strong></span> <span class='ocrx_word' id='word_1_21' title='bbox 2410 538 2693 607; x_wconf 84' lang='lat' dir='ltr'><strong><em>patientur.</em></strong></span> <span class='ocrx_word' id='word_1_22' title='bbox 2746 537 2862 594; x_wconf 81' lang='lat' dir='ltr'><strong><em>Non</em></strong></span> <span class='ocrx_word' id='word_1_23' title='bbox 2920 537 3097 593; x_wconf 90' lang='lat' dir='ltr'><strong><em>solum</em></strong></span> <span class='ocrx_word' id='word_1_24' title='bbox 3151 553 3253 611; x_wconf 90' lang='lat' dir='ltr'><strong><em>ego</em></strong></span> <span class='ocrx_word' id='word_1_25' title='bbox 3282 579 3296 605; x_wconf 87' lang='lat'><strong><em>,</em></strong></span> <span class='ocrx_word' id='word_1_26' title='bbox 3349 539 3446 595; x_wconf 88' lang='lat' dir='ltr'><strong><em>sed</em></strong></span> <span class='ocrx_word' id='word_1_27' title='bbox 3496 551 3553 597; x_wconf 87' lang='lat' dir='ltr'><strong><em>et</em></strong></span> 
     </span>
    </p>
   </div>
   <div class='ocr_carea' id='block_1_5' title="bbox 235 632 804 706">
    <p class='ocr_par' dir='ltr' id='par_1_5' title="bbox 235 632 804 706">
     <span class='ocr_line' id='line_1_5' title="bbox 235 632 804 706; baseline -0.005 -14"><span class='ocrx_word' id='word_1_28' title='bbox 235 632 333 692; x_wconf 85' lang='lat' dir='ltr'><strong><em>sed</em></strong></span> <span class='ocrx_word' id='word_1_29' title='bbox 354 648 452 690; x_wconf 89' lang='lat' dir='ltr'><strong><em>sua</em></strong></span> <span class='ocrx_word' id='word_1_30' title='bbox 475 644 804 706; x_wconf 65' lang='lat' dir='ltr'><strong><em>quaerentes.</em></strong></span> 
     </span>
    </p>
   </div>
   <div class='ocr_carea' id='block_1_6' title="bbox 310 724 1710 799">
    <p class='ocr_par' dir='ltr' id='par_1_6' title="bbox 310 724 1710 799">
     <span class='ocr_line' id='line_1_6' title="bbox 310 724 1710 799; baseline -0.001 -18"><span class='ocrx_word' id='word_1_31' title='bbox 310 725 521 799; x_wconf 88' lang='lat' dir='ltr'><strong><em>Cupidi,</em></strong></span> <span class='ocrx_word' id='word_1_32' title='bbox 554 726 697 781; x_wconf 87' lang='lat' dir='ltr'><strong><em>elati.</em></strong></span> <span class='ocrx_word' id='word_1_33' title='bbox 727 725 925 791; x_wconf 82' lang='lat' dir='ltr'><strong>Avari,</strong></span> <span class='ocrx_word' id='word_1_34' title='bbox 958 735 1013 782; x_wconf 90' lang='lat' dir='ltr'><strong><em>et</em></strong></span> <span class='ocrx_word' id='word_1_35' title='bbox 1045 725 1097 779; x_wconf 92' lang='lat' dir='ltr'><strong><em>in</em></strong></span> <span class='ocrx_word' id='word_1_36' title='bbox 1127 726 1352 781; x_wconf 88' lang='lat' dir='ltr'><strong><em>avaritia</em></strong></span> <span class='ocrx_word' id='word_1_37' title='bbox 1374 724 1710 797; x_wconf 84' lang='lat' dir='ltr'><strong><em>jactabundi.</em></strong></span> 
     </span>
    </p>
   </div>
   <div class='ocr_carea' id='block_1_7' title="bbox 312 817 1838 893">
    <p class='ocr_par' dir='ltr' id='par_1_7' title="bbox 312 817 1838 893">
     <span class='ocr_line' id='line_1_7' title="bbox 312 817 1838 893; baseline -0.003 -16"><span class='ocrx_word' id='word_1_38' title='bbox 312 819 563 891; x_wconf 77' lang='lat' dir='ltr'><strong><em>Superbi,</em></strong></span> <span class='ocrx_word' id='word_1_39' title='bbox 587 819 892 893; x_wconf 79' lang='lat' dir='ltr'><strong><em>blasphemi.</em></strong></span> <span class='ocrx_word' id='word_1_40' title='bbox 918 817 1054 875; x_wconf 89' lang='lat' dir='ltr'><strong><em>Cum</em></strong></span> <span class='ocrx_word' id='word_1_41' title='bbox 1076 818 1251 874; x_wconf 89' lang='lat' dir='ltr'><strong><em>nolint</em></strong></span> <span class='ocrx_word' id='word_1_42' title='bbox 1271 819 1503 889; x_wconf 88' lang='lat' dir='ltr'><strong><em>discere,</em></strong></span> <span class='ocrx_word' id='word_1_43' title='bbox 1535 817 1838 874; x_wconf 76' lang='lat' dir='ltr'><strong><em>doctrinam</em></strong></span> 
     </span>
    </p>
   </div>
   <div class='ocr_carea' id='block_1_8' title="bbox 233 922 519 983">
    <p class='ocr_par' dir='ltr' id='par_1_8' title="bbox 233 922 519 983">
     <span class='ocr_line' id='line_1_8' title="bbox 233 922 519 983; baseline -0.01 -14"><span class='ocrx_word' id='word_1_44' title='bbox 233 922 519 983; x_wconf 83' lang='lat' dir='ltr'><strong><em>usurpant.</em></strong></span> 
     </span>
    </p>
   </div>
   <div class='ocr_carea' id='block_1_9' title="bbox 312 1002 1833 1075">
    <p class='ocr_par' dir='ltr' id='par_1_9' title="bbox 312 1002 1833 1075">
     <span class='ocr_line' id='line_1_9' title="bbox 312 1002 1833 1075; baseline -0.003 -17"><span class='ocrx_word' id='word_1_45' title='bbox 312 1004 624 1061; x_wconf 86' lang='lat' dir='ltr'><strong><em>Parentibus</em></strong></span> <span class='ocrx_word' id='word_1_46' title='bbox 651 1020 756 1059; x_wconf 88' lang='lat' dir='ltr'><strong><em>non</em></strong></span> <span class='ocrx_word' id='word_1_47' title='bbox 780 1002 1091 1069; x_wconf 89' lang='lat' dir='ltr'><strong><em>obedientes,</em></strong></span> <span class='ocrx_word' id='word_1_48' title='bbox 1124 1004 1339 1075; x_wconf 76' lang='lat' dir='ltr'><strong><em>ingrati,</em></strong></span> <span class='ocrx_word' id='word_1_49' title='bbox 1368 1004 1592 1072; x_wconf 74' lang='lat' dir='ltr'><strong><em>scelesti,</em></strong></span> <span class='ocrx_word' id='word_1_50' title='bbox 1625 1003 1733 1057; x_wconf 90' lang='lat' dir='ltr'><strong><em>sine</em></strong></span> <span class='ocrx_word' id='word_1_51' title='bbox 1760 1003 1833 1074; x_wconf 75' lang='lat' dir='ltr'><strong><em>af-</em></strong></span> 
     </span>
    </p>
   </div>
   <div class='ocr_carea' id='block_1_10' title="bbox 234 1095 1841 1169">
    <p class='ocr_par' dir='ltr' id='par_1_10' title="bbox 234 1095 1841 1169">
     <span class='ocr_line' id='line_1_10' title="bbox 234 1095 1841 1169; baseline -0.001 -17"><span class='ocrx_word' id='word_1_52' title='bbox 234 1099 478 1169; x_wconf 81' lang='lat' dir='ltr'><strong><em>fectione.</em></strong></span> <span class='ocrx_word' id='word_1_53' title='bbox 512 1097 802 1154; x_wconf 80' lang='lat' dir='ltr'><strong><em>Veteribus</em></strong></span> <span class='ocrx_word' id='word_1_54' title='bbox 846 1096 1053 1153; x_wconf 75' lang='lat' dir='ltr'><strong><em>scilicet</em></strong></span> <span class='ocrx_word' id='word_1_55' title='bbox 1097 1095 1445 1164; x_wconf 88' lang='lat' dir='ltr'><strong><em>doctoribus,</em></strong></span> <span class='ocrx_word' id='word_1_56' title='bbox 1486 1096 1579 1168; x_wconf 88' lang='lat' dir='ltr'><strong><em>qui</em></strong></span> <span class='ocrx_word' id='word_1_57' title='bbox 1619 1110 1714 1151; x_wconf 92' lang='lat' dir='ltr'><strong><em>eos</em></strong></span> <span class='ocrx_word' id='word_1_58' title='bbox 1747 1111 1841 1166; x_wconf 87' lang='lat' dir='ltr'><strong><em>per</em></strong></span> 
     </span>
    </p>
   </div>
   <div class='ocr_carea' id='block_1_11' title="bbox 235 1191 945 1262">
    <p class='ocr_par' dir='ltr' id='par_1_11' title="bbox 235 1191 945 1262">
     <span class='ocr_line' id='line_1_11' title="bbox 235 1191 945 1262; baseline -0.006 -14"><span class='ocrx_word' id='word_1_59' title='bbox 235 1191 591 1262; x_wconf 85' lang='lat' dir='ltr'><strong><em>Evangelium</em></strong></span> <span class='ocrx_word' id='word_1_60' title='bbox 621 1200 945 1261; x_wconf 82' lang='lat' dir='ltr'><strong><em>genuerunt.</em></strong></span> 
     </span>
    </p>
   </div>
   <div class='ocr_carea' id='block_1_12' title="bbox 309 1282 1571 1355">
    <p class='ocr_par' dir='ltr' id='par_1_12' title="bbox 309 1282 1571 1355">
     <span class='ocr_line' id='line_1_12' title="bbox 309 1282 1571 1355; baseline -0.002 -18"><span class='ocrx_word' id='word_1_61' title='bbox 309 1285 438 1339; x_wconf 82' lang='lat' dir='ltr'><strong><em>Sine</em></strong></span> <span class='ocrx_word' id='word_1_62' title='bbox 464 1301 613 1355; x_wconf 87' lang='lat' dir='ltr'><strong><em>pace,</em></strong></span> <span class='ocrx_word' id='word_1_63' title='bbox 644 1284 1025 1338; x_wconf 78' lang='lat' dir='ltr'><strong><em>criminatores.</em></strong></span> <span class='ocrx_word' id='word_1_64' title='bbox 1060 1282 1213 1338; x_wconf 87' lang='lat' dir='ltr'><strong><em>Pacis</em></strong></span> <span class='ocrx_word' id='word_1_65' title='bbox 1240 1289 1571 1339; x_wconf 90' lang='lat' dir='ltr'><strong><em>sanctorum.</em></strong></span> 
     </span>
    </p>
   </div>
   <div class='ocr_carea' id='block_1_13' title="bbox 308 1371 1839 1447">
    <p class='ocr_par' dir='ltr' id='par_1_13' title="bbox 308 1371 1839 1447">
     <span class='ocr_line' id='line_1_13' title="bbox 308 1371 1839 1447; baseline -0.001 -16"><span class='ocrx_word' id='word_1_66' title='bbox 308 1376 719 1447; x_wconf 87' lang='lat' dir='ltr'><strong><em>Incontinentes,</em></strong></span> <span class='ocrx_word' id='word_1_67' title='bbox 743 1378 987 1443; x_wconf 79' lang='lat' dir='ltr'><strong><em>immites,</em></strong></span> <span class='ocrx_word' id='word_1_68' title='bbox 1018 1377 1127 1432; x_wconf 89' lang='lat' dir='ltr'><strong><em>sine</em></strong></span> <span class='ocrx_word' id='word_1_69' title='bbox 1154 1376 1484 1446; x_wconf 80' lang='lat' dir='ltr'><strong><em>benignitate.</em></strong></span> <span class='ocrx_word' id='word_1_70' title='bbox 1509 1373 1570 1430; x_wconf 87' lang='lat' dir='ltr'><strong><em>In</em></strong></span> <span class='ocrx_word' id='word_1_71' title='bbox 1591 1371 1839 1429; x_wconf 87' lang='lat' dir='ltr'><strong><em>omnibus</em></strong></span> 
     </span>
    </p>
   </div>
   <div class='ocr_carea' id='block_1_14' title="bbox 236 1473 409 1527">
    <p class='ocr_par' dir='ltr' id='par_1_14' title="bbox 236 1473 409 1527">
     <span class='ocr_line' id='line_1_14' title="bbox 236 1473 409 1527; baseline -0.012 0"><span class='ocrx_word' id='word_1_72' title='bbox 236 1473 409 1527; x_wconf 88' lang='lat' dir='ltr'><strong><em>vitiis.</em></strong></span> 
     </span>
    </p>
   </div>
   <div class='ocr_carea' id='block_1_15' title="bbox 305 1563 1839 1636">
    <p class='ocr_par' dir='ltr' id='par_1_15' title="bbox 305 1563 1839 1636">
     <span class='ocr_line' id='line_1_15' title="bbox 305 1563 1839 1636; baseline -0.006 -15"><span class='ocrx_word' id='word_1_73' title='bbox 305 1564 566 1632; x_wconf 88' lang='lat' dir='ltr'><strong><em>Protervi,</em></strong></span> <span class='ocrx_word' id='word_1_74' title='bbox 593 1563 798 1631; x_wconf 87' lang='lat' dir='ltr'><strong><em>tumidi,</em></strong></span> <span class='ocrx_word' id='word_1_75' title='bbox 821 1571 867 1617; x_wconf 91' lang='lat' dir='ltr'><strong><em>et</em></strong></span> <span class='ocrx_word' id='word_1_76' title='bbox 887 1563 1206 1636; x_wconf 79' lang='lat' dir='ltr'><strong><em>voluptatum</em></strong></span> <span class='ocrx_word' id='word_1_77' title='bbox 1226 1570 1478 1616; x_wconf 82' lang='lat' dir='ltr'><strong><em>amatores</em></strong></span> <span class='ocrx_word' id='word_1_78' title='bbox 1500 1568 1663 1632; x_wconf 79' lang='lat' dir='ltr'><strong><em>magis</em></strong></span> <span class='ocrx_word' id='word_1_79' title='bbox 1685 1575 1839 1629; x_wconf 80' lang='lat' dir='ltr'><strong><em>quam</em></strong></span> 
     </span>
    </p>
   </div>
   <div class='ocr_carea' id='block_1_16' title="bbox 232 1654 1836 1717">
    <p class='ocr_par' dir='ltr' id='par_1_16' title="bbox 232 1654 1836 1717">
     <span class='ocr_line' id='line_1_16' title="bbox 232 1654 1836 1717; baseline -0.006 -1"><span class='ocrx_word' id='word_1_80' title='bbox 232 1660 356 1717; x_wconf 86' lang='lat' dir='ltr'><strong><em>Dei.</em></strong></span> <span class='ocrx_word' id='word_1_81' title='bbox 392 1659 719 1717; x_wconf 73' lang='lat' dir='ltr'><strong><em>Sollicitudo</em></strong></span> <span class='ocrx_word' id='word_1_82' title='bbox 751 1657 1005 1713; x_wconf 89' lang='lat' dir='ltr'><strong><em>indicium</em></strong></span> <span class='ocrx_word' id='word_1_83' title='bbox 1036 1667 1117 1713; x_wconf 88' lang='lat' dir='ltr'><strong><em>est</em></strong></span> <span class='ocrx_word' id='word_1_84' title='bbox 1159 1654 1567 1712; x_wconf 80' lang='lat' dir='ltr'><strong><em>abundantioris</em></strong></span> <span class='ocrx_word' id='word_1_85' title='bbox 1599 1654 1836 1710; x_wconf 89' lang='lat' dir='ltr'><strong><em>amoris:</em></strong></span> 
     </span>
    </p>
   </div>
   <div class='ocr_carea' id='block_1_17' title="bbox 229 1750 1835 1825">
    <p class='ocr_par' dir='ltr' id='par_1_17' title="bbox 229 1750 1835 1825">
     <span class='ocr_line' id='line_1_17' title="bbox 229 1750 1835 1825; baseline -0.006 -15"><span class='ocrx_word' id='word_1_86' title='bbox 229 1756 323 1825; x_wconf 88' lang='lat' dir='ltr'><strong><em>qui</em></strong></span> <span class='ocrx_word' id='word_1_87' title='bbox 364 1754 513 1810; x_wconf 91' lang='lat' dir='ltr'><strong><em>enim</em></strong></span> <span class='ocrx_word' id='word_1_88' title='bbox 543 1753 729 1809; x_wconf 76' lang='lat' dir='ltr'><strong><em>saeculi</em></strong></span> <span class='ocrx_word' id='word_1_89' title='bbox 760 1754 1061 1821; x_wconf 72' lang='lat' dir='ltr'><strong><em>voluptates</em></strong></span> <span class='ocrx_word' id='word_1_90' title='bbox 1089 1794 1102 1817; x_wconf 91' lang='lat'><strong><em>,</em></strong></span> <span class='ocrx_word' id='word_1_91' title='bbox 1135 1766 1299 1822; x_wconf 72' lang='lat' dir='ltr'><strong><em>quam</em></strong></span> <span class='ocrx_word' id='word_1_92' title='bbox 1329 1750 1538 1806; x_wconf 88' lang='lat' dir='ltr'><strong><em>Domini</em></strong></span> <span class='ocrx_word' id='word_1_93' title='bbox 1568 1756 1835 1819; x_wconf 56' lang='lat' dir='ltr'><strong><em>praecepta</em></strong></span> 
     </span>
    </p>
   </div>
   <div class='ocr_carea' id='block_1_18' title="bbox 231 1842 1388 1915">
    <p class='ocr_par' dir='ltr' id='par_1_18' title="bbox 231 1842 1388 1915">
     <span class='ocr_line' id='line_1_18' title="bbox 231 1842 1388 1915; baseline -0.006 -12"><span class='ocrx_word' id='word_1_94' title='bbox 231 1847 497 1903; x_wconf 84' lang='lat' dir='ltr'><strong><em>libentius</em></strong></span> <span class='ocrx_word' id='word_1_95' title='bbox 525 1845 693 1911; x_wconf 86' lang='lat' dir='ltr'><strong><em>audit,</em></strong></span> <span class='ocrx_word' id='word_1_96' title='bbox 722 1854 814 1899; x_wconf 88' lang='lat' dir='ltr'><strong><em>aut</em></strong></span> <span class='ocrx_word' id='word_1_97' title='bbox 841 1843 1104 1915; x_wconf 87' lang='lat' dir='ltr'><strong><em>loquitur,</em></strong></span> <span class='ocrx_word' id='word_1_98' title='bbox 1138 1842 1256 1897; x_wconf 89' lang='lat' dir='ltr'><strong><em>talis</em></strong></span> <span class='ocrx_word' id='word_1_99' title='bbox 1282 1851 1388 1899; x_wconf 90' lang='lat' dir='ltr'><strong><em>est.</em></strong></span> 
     </span>
    </p>
   </div>
   <div class='ocr_carea' id='block_1_19' title="bbox 310 1931 1914 2011">
    <p class='ocr_par' dir='ltr' id='par_1_19' title="bbox 310 1931 1914 2011">
     <span class='ocr_line' id='line_1_19' title="bbox 310 1931 1914 2011; baseline 0 -18"><span class='ocrx_word' id='word_1_100' title='bbox 310 1938 575 1995; x_wconf 82' lang='lat' dir='ltr'><strong><em>Habentes</em></strong></span> <span class='ocrx_word' id='word_1_101' title='bbox 613 1939 835 2011; x_wconf 79' lang='lat' dir='ltr'><strong><em>speciem</em></strong></span> <span class='ocrx_word' id='word_1_102' title='bbox 873 1937 1080 2008; x_wconf 87' lang='lat' dir='ltr'><strong><em>quidem</em></strong></span> <span class='ocrx_word' id='word_1_103' title='bbox 1126 1937 1354 2008; x_wconf 88' lang='lat' dir='ltr'><strong><em>pietatis.</em></strong></span> <span class='ocrx_word' id='word_1_104' title='bbox 1389 1936 1447 1992; x_wconf 88' lang='lat' dir='ltr'><strong><em>In</em></strong></span> <span class='ocrx_word' id='word_1_105' title='bbox 1493 1932 1701 2001; x_wconf 85' lang='lat' dir='ltr'><strong><em>habitu,</em></strong></span> <span class='ocrx_word' id='word_1_106' title='bbox 1748 1932 1833 1988; x_wconf 90' lang='lat' dir='ltr'><strong><em>vel</em></strong></span> <span class='ocrx_word' id='word_1_107' title='bbox 1864 1931 1914 1993; x_wconf 88' lang='grc' dir='ltr'><strong>Β</strong></span> 
     </span>
    </p>
   </div>
   <div class='ocr_carea' id='block_1_20' title="bbox 231 2032 504 2090">
    <p class='ocr_par' dir='ltr' id='par_1_20' title="bbox 231 2032 504 2090">
     <span class='ocr_line' id='line_1_20' title="bbox 231 2032 504 2090; baseline -0.018 0"><span class='ocrx_word' id='word_1_108' title='bbox 231 2032 504 2090; x_wconf 86' lang='lat' dir='ltr'><strong><em>doctrina.</em></strong></span> 
     </span>
    </p>
   </div>
   <div class='ocr_carea' id='block_1_21' title="bbox 314 2123 1837 2200">
    <p class='ocr_par' dir='ltr' id='par_1_21' title="bbox 314 2123 1837 2200">
     <span class='ocr_line' id='line_1_21' title="bbox 314 2123 1837 2200; baseline -0.001 -19"><span class='ocrx_word' id='word_1_109' title='bbox 314 2127 571 2184; x_wconf 80' lang='lat' dir='ltr'><strong><em>Virtutem</em></strong></span> <span class='ocrx_word' id='word_1_110' title='bbox 596 2134 771 2180; x_wconf 89' lang='lat' dir='ltr'><strong><em>autem</em></strong></span> <span class='ocrx_word' id='word_1_111' title='bbox 800 2128 911 2199; x_wconf 85' lang='lat' dir='ltr'><strong><em>ejus</em></strong></span> <span class='ocrx_word' id='word_1_112' title='bbox 939 2125 1262 2200; x_wconf 87' lang='lat' dir='ltr'><strong><em>abneganles.</em></strong></span> <span class='ocrx_word' id='word_1_113' title='bbox 1294 2123 1470 2196; x_wconf 85' lang='lat' dir='ltr'><strong><em>Ipsam</em></strong></span> <span class='ocrx_word' id='word_1_114' title='bbox 1503 2137 1617 2179; x_wconf 87' lang='lat' dir='ltr'><strong><em>rem</em></strong></span> <span class='ocrx_word' id='word_1_115' title='bbox 1654 2123 1837 2193; x_wconf 84' lang='lat' dir='ltr'><strong><em>operi-</em></strong></span> 
     </span>
    </p>
   </div>
   <div class='ocr_carea' id='block_1_22' title="bbox 233 2220 721 2288">
    <p class='ocr_par' dir='ltr' id='par_1_22' title="bbox 233 2220 721 2288">
     <span class='ocr_line' id='line_1_22' title="bbox 233 2220 721 2288; baseline -0.008 -12"><span class='ocrx_word' id='word_1_116' title='bbox 233 2221 341 2276; x_wconf 95' lang='lat' dir='ltr'><strong><em>bus</em></strong></span> <span class='ocrx_word' id='word_1_117' title='bbox 367 2220 721 2288; x_wconf 89' lang='lat' dir='ltr'><strong><em>abnegantes.</em></strong></span> 
     </span>
    </p>
   </div>
   <div class='ocr_carea' id='block_1_23' title="bbox 312 2306 1837 2382">
    <p class='ocr_par' dir='ltr' id='par_1_23' title="bbox 312 2306 1837 2382">
     <span class='ocr_line' id='line_1_23' title="bbox 312 2306 1837 2382; baseline -0.001 -16"><span class='ocrx_word' id='word_1_118' title='bbox 312 2313 376 2367; x_wconf 87' lang='lat' dir='ltr'><strong><em>Et</em></strong></span> <span class='ocrx_word' id='word_1_119' title='bbox 407 2312 500 2367; x_wconf 88' lang='lat' dir='ltr'><strong><em>hos</em></strong></span> <span class='ocrx_word' id='word_1_120' title='bbox 531 2312 718 2367; x_wconf 79' lang='lat' dir='ltr'><strong><em>devita.</em></strong></span> <span class='ocrx_word' id='word_1_121' title='bbox 752 2310 828 2367; x_wconf 86' lang='lat' dir='ltr'><strong><em>Ne</em></strong></span> <span class='ocrx_word' id='word_1_122' title='bbox 858 2316 1209 2382; x_wconf 83' lang='lat' dir='ltr'><strong><em>corrumpant</em></strong></span> <span class='ocrx_word' id='word_1_123' title='bbox 1244 2323 1423 2365; x_wconf 91' lang='lat' dir='ltr'><strong><em>mores</em></strong></span> <span class='ocrx_word' id='word_1_124' title='bbox 1459 2306 1632 2364; x_wconf 90' lang='lat' dir='ltr'><strong><em>bonos</em></strong></span> <span class='ocrx_word' id='word_1_125' title='bbox 1671 2308 1837 2365; x_wconf 91' lang='lat' dir='ltr'><strong><em>collo-</em></strong></span> 
     </span>
    </p>
   </div>
   <div class='ocr_carea' id='block_1_24' title="bbox 229 2409 579 2481">
    <p class='ocr_par' dir='ltr' id='par_1_24' title="bbox 229 2409 579 2481">
     <span class='ocr_line' id='line_1_24' title="bbox 229 2409 579 2481; baseline -0.009 -16"><span class='ocrx_word' id='word_1_126' title='bbox 229 2409 360 2481; x_wconf 89' lang='lat' dir='ltr'><strong><em>quia</em></strong></span> <span class='ocrx_word' id='word_1_127' title='bbox 390 2423 579 2480; x_wconf 85' lang='lat' dir='ltr'><strong><em>prava.</em></strong></span> 
     </span>
    </p>
   </div>
   <div class='ocr_carea' id='block_1_25' title="bbox 308 2494 1835 2569">
    <p class='ocr_par' dir='ltr' id='par_1_25' title="bbox 308 2494 1835 2569">
     <span class='ocr_line' id='line_1_25' title="bbox 308 2494 1835 2569; baseline -0.003 -14"><span class='ocrx_word' id='word_1_128' title='bbox 308 2501 395 2556; x_wconf 80' lang='lat' dir='ltr'><strong><em>Ea:</em></strong></span> <span class='ocrx_word' id='word_1_129' title='bbox 432 2502 513 2555; x_wconf 88' lang='lat' dir='ltr'><strong><em>his</em></strong></span> <span class='ocrx_word' id='word_1_130' title='bbox 547 2501 683 2554; x_wconf 90' lang='lat' dir='ltr'><strong><em>enim</em></strong></span> <span class='ocrx_word' id='word_1_131' title='bbox 724 2506 841 2553; x_wconf 88' lang='lat' dir='ltr'><strong><em>sunt</em></strong></span> <span class='ocrx_word' id='word_1_132' title='bbox 874 2497 963 2568; x_wconf 90' lang='lat' dir='ltr'><strong><em>qui</em></strong></span> <span class='ocrx_word' id='word_1_133' title='bbox 991 2504 1255 2569; x_wconf 88' lang='lat' dir='ltr'><strong><em>penetrant</em></strong></span> <span class='ocrx_word' id='word_1_134' title='bbox 1286 2494 1466 2551; x_wconf 88' lang='lat' dir='ltr'><strong><em>domos</em></strong></span> <span class='ocrx_word' id='word_1_135' title='bbox 1486 2537 1502 2563; x_wconf 92' lang='lat'><strong><em>,</em></strong></span> <span class='ocrx_word' id='word_1_136' title='bbox 1534 2503 1579 2550; x_wconf 90' lang='lat' dir='ltr'><strong><em>et</em></strong></span> <span class='ocrx_word' id='word_1_137' title='bbox 1609 2497 1835 2569; x_wconf 87' lang='lat' dir='ltr'><strong><em>captivas</em></strong></span> 
     </span>
    </p>
   </div>
   <div class='ocr_carea' id='block_1_26' title="bbox 231 2588 1834 2662">
    <p class='ocr_par' dir='ltr' id='par_1_26' title="bbox 231 2588 1834 2662">
     <span class='ocr_line' id='line_1_26' title="bbox 231 2588 1834 2662; baseline -0.003 -14"><span class='ocrx_word' id='word_1_138' title='bbox 231 2598 433 2650; x_wconf 88' lang='lat' dir='ltr'><strong><em>ducunt</em></strong></span> <span class='ocrx_word' id='word_1_139' title='bbox 487 2592 817 2647; x_wconf 88' lang='lat' dir='ltr'><strong><em>mulierculas</em></strong></span> <span class='ocrx_word' id='word_1_140' title='bbox 861 2600 1101 2646; x_wconf 89' lang='lat' dir='ltr'><strong><em>oneratas</em></strong></span> <span class='ocrx_word' id='word_1_141' title='bbox 1141 2591 1381 2662; x_wconf 84' lang='lat' dir='ltr'><strong><em>peccatis.</em></strong></span> <span class='ocrx_word' id='word_1_142' title='bbox 1421 2588 1544 2645; x_wconf 88' lang='lat' dir='ltr'><strong><em>Illas</em></strong></span> <span class='ocrx_word' id='word_1_143' title='bbox 1591 2590 1834 2658; x_wconf 90' lang='lat' dir='ltr'><strong><em>capiunt,</em></strong></span> 
     </span>
    </p>
   </div>
   <div class='ocr_carea' id='block_1_27' title="bbox 230 2681 1835 2759">
    <p class='ocr_par' dir='ltr' id='par_1_27' title="bbox 230 2681 1835 2759">
     <span class='ocr_line' id='line_1_27' title="bbox 230 2681 1835 2759; baseline -0.004 -16"><span class='ocrx_word' id='word_1_144' title='bbox 230 2703 360 2759; x_wconf 82' lang='lat' dir='ltr'><strong><em>quae</em></strong></span> <span class='ocrx_word' id='word_1_145' title='bbox 406 2696 534 2743; x_wconf 91' lang='lat' dir='ltr'><strong><em>sunt</em></strong></span> <span class='ocrx_word' id='word_1_146' title='bbox 569 2692 809 2742; x_wconf 83' lang='lat' dir='ltr'><strong><em>oneratae</em></strong></span> <span class='ocrx_word' id='word_1_147' title='bbox 858 2684 1099 2754; x_wconf 88' lang='lat' dir='ltr'><strong><em>peccatis</em></strong></span> <span class='ocrx_word' id='word_1_148' title='bbox 1146 2700 1162 2737; x_wconf 82' lang='lat'><strong>:</strong></span> <span class='ocrx_word' id='word_1_149' title='bbox 1210 2681 1589 2753; x_wconf 79' lang='lat' dir='ltr'><strong><em>impunitatem</em></strong></span> <span class='ocrx_word' id='word_1_150' title='bbox 1622 2681 1730 2738; x_wconf 92' lang='lat' dir='ltr'><strong><em>illis</em></strong></span> <span class='ocrx_word' id='word_1_151' title='bbox 1771 2697 1835 2737; x_wconf 91' lang='lat' dir='ltr'><strong><em>ac</em></strong></span> 
     </span>
    </p>
   </div>
   <div class='ocr_carea' id='block_1_28' title="bbox 232 2775 1837 2849">
    <p class='ocr_par' dir='ltr' id='par_1_28' title="bbox 232 2775 1837 2849">
     <span class='ocr_line' id='line_1_28' title="bbox 232 2775 1837 2849; baseline -0.002 -13"><span class='ocrx_word' id='word_1_152' title='bbox 232 2781 455 2836; x_wconf 86' lang='lat' dir='ltr'><strong><em>veniam</em></strong></span> <span class='ocrx_word' id='word_1_153' title='bbox 513 2780 899 2849; x_wconf 86' lang='lat' dir='ltr'><strong><em>promittentes</em></strong></span> <span class='ocrx_word' id='word_1_154' title='bbox 937 2793 952 2835; x_wconf 88' lang='lat'><strong>:</strong></span> <span class='ocrx_word' id='word_1_155' title='bbox 990 2776 1105 2833; x_wconf 88' lang='lat' dir='ltr'><strong><em>sive</em></strong></span> <span class='ocrx_word' id='word_1_156' title='bbox 1154 2775 1395 2832; x_wconf 89' lang='lat' dir='ltr'><strong><em>inﬁrmas</em></strong></span> <span class='ocrx_word' id='word_1_157' title='bbox 1438 2784 1670 2844; x_wconf 87' lang='lat' dir='ltr'><strong><em>mentes,</em></strong></span> <span class='ocrx_word' id='word_1_158' title='bbox 1716 2790 1837 2847; x_wconf 69' lang='lat' dir='ltr'><strong><em>qua:</em></strong></span> 
     </span>
    </p>
   </div>
   <div class='ocr_carea' id='block_1_29' title="bbox 233 2869 1778 2941">
    <p class='ocr_par' dir='ltr' id='par_1_29' title="bbox 233 2869 1778 2941">
     <span class='ocr_line' id='line_1_29' title="bbox 233 2869 1778 2941; baseline -0.008 -13"><span class='ocrx_word' id='word_1_159' title='bbox 233 2869 463 2928; x_wconf 84' lang='lat' dir='ltr'><strong><em>feminis</em></strong></span> <span class='ocrx_word' id='word_1_160' title='bbox 491 2881 892 2941; x_wconf 86' lang='lat' dir='ltr'><strong><em>comparantur.</em></strong></span> <span class='ocrx_word' id='word_1_161' title='bbox 1412 2912 1413 2915; x_wconf 50' lang='grc' dir='ltr'><strong>η</strong></span> <span class='ocrx_word' id='word_1_162' title='bbox 1774 2881 1778 2886; x_wconf 66' lang='grc'><strong>’</strong></span> 
     </span>
    </p>
   </div>
   <div class='ocr_carea' id='block_1_30' title="bbox 313 2958 1840 3032">
    <p class='ocr_par' dir='ltr' id='par_1_30' title="bbox 313 2958 1840 3032">
     <span class='ocr_line' id='line_1_30' title="bbox 313 2958 1840 3032; baseline -0.003 -13"><span class='ocrx_word' id='word_1_163' title='bbox 313 2964 444 3030; x_wconf 79' lang='lat' dir='ltr'><strong><em>Qua:</em></strong></span> <span class='ocrx_word' id='word_1_164' title='bbox 488 2964 751 3018; x_wconf 89' lang='lat' dir='ltr'><strong><em>ducuntur</em></strong></span> <span class='ocrx_word' id='word_1_165' title='bbox 790 2964 945 3019; x_wconf 86' lang='lat' dir='ltr'><strong><em>variis</em></strong></span> <span class='ocrx_word' id='word_1_166' title='bbox 990 2961 1285 3019; x_wconf 84' lang='lat' dir='ltr'><strong><em>desideriis.</em></strong></span> <span class='ocrx_word' id='word_1_167' title='bbox 1324 2960 1474 3018; x_wconf 83' lang='lat' dir='ltr'><strong><em>Nova</em></strong></span> <span class='ocrx_word' id='word_1_168' title='bbox 1504 2976 1721 3032; x_wconf 86' lang='lat' dir='ltr'><strong><em>semper</em></strong></span> <span class='ocrx_word' id='word_1_169' title='bbox 1756 2958 1840 3017; x_wconf 92' lang='lat' dir='ltr'><strong><em>di-</em></strong></span> 
     </span>
    </p>
   </div>
   <div class='ocr_carea' id='block_1_31' title="bbox 231 3058 716 3126">
    <p class='ocr_par' dir='ltr' id='par_1_31' title="bbox 231 3058 716 3126">
     <span class='ocr_line' id='line_1_31' title="bbox 231 3058 716 3126; baseline -0.004 -11"><span class='ocrx_word' id='word_1_170' title='bbox 231 3073 394 3115; x_wconf 87' lang='lat' dir='ltr'><strong><em>scere</em></strong></span> <span class='ocrx_word' id='word_1_171' title='bbox 415 3058 716 3126; x_wconf 87' lang='lat' dir='ltr'><strong><em>cupientes.</em></strong></span> 
     </span>
    </p>
   </div>
   <div class='ocr_carea' id='block_1_32' title="bbox 310 3149 1840 3223">
    <p class='ocr_par' dir='ltr' id='par_1_32' title="bbox 310 3149 1840 3223">
     <span class='ocr_line' id='line_1_32' title="bbox 310 3149 1840 3223; baseline -0.002 -15"><span class='ocrx_word' id='word_1_172' title='bbox 310 3152 525 3223; x_wconf 87' lang='lat' dir='ltr'><strong><em>Semper</em></strong></span> <span class='ocrx_word' id='word_1_173' title='bbox 552 3152 824 3217; x_wconf 85' lang='lat' dir='ltr'><strong><em>discentes,</em></strong></span> <span class='ocrx_word' id='word_1_174' title='bbox 859 3158 905 3205; x_wconf 91' lang='lat' dir='ltr'><strong><em>et</em></strong></span> <span class='ocrx_word' id='word_1_175' title='bbox 938 3167 1220 3219; x_wconf 88' lang='lat' dir='ltr'><strong><em>numquam</em></strong></span> <span class='ocrx_word' id='word_1_176' title='bbox 1259 3151 1328 3204; x_wconf 92' lang='lat' dir='ltr'><strong><em>ad</em></strong></span> <span class='ocrx_word' id='word_1_177' title='bbox 1354 3149 1620 3205; x_wconf 85' lang='lat' dir='ltr'><strong><em>scientiam</em></strong></span> <span class='ocrx_word' id='word_1_178' title='bbox 1657 3150 1840 3205; x_wconf 87' lang='lat' dir='ltr'><strong><em>verita-</em></strong></span> 
     </span>
    </p>
   </div>
   <div class='ocr_carea' id='block_1_33' title="bbox 231 3244 1839 3316">
    <p class='ocr_par' dir='ltr' id='par_1_33' title="bbox 231 3244 1839 3316">
     <span class='ocr_line' id='line_1_33' title="bbox 231 3244 1839 3316; baseline -0.001 -16"><span class='ocrx_word' id='word_1_179' title='bbox 231 3248 299 3301; x_wconf 86' lang='lat' dir='ltr'><strong><em>tis</em></strong></span> <span class='ocrx_word' id='word_1_180' title='bbox 327 3246 693 3316; x_wconf 88' lang='lat' dir='ltr'><strong><em>pervenientes.</em></strong></span> <span class='ocrx_word' id='word_1_181' title='bbox 728 3245 862 3313; x_wconf 86' lang='lat' dir='ltr'><strong><em>Quia</em></strong></span> <span class='ocrx_word' id='word_1_182' title='bbox 893 3244 1025 3299; x_wconf 89' lang='lat' dir='ltr'><strong><em>nihil</em></strong></span> <span class='ocrx_word' id='word_1_183' title='bbox 1055 3244 1337 3299; x_wconf 85' lang='lat' dir='ltr'><strong><em>deﬁnittun</em></strong></span> <span class='ocrx_word' id='word_1_184' title='bbox 1372 3253 1578 3307; x_wconf 83' lang='lat' dir='ltr'><strong><em>tenent,</em></strong></span> <span class='ocrx_word' id='word_1_185' title='bbox 1609 3244 1839 3313; x_wconf 90' lang='lat' dir='ltr'><strong><em>quisque</em></strong></span> 
     </span>
    </p>
   </div>
   <div class='ocr_carea' id='block_1_34' title="bbox 1947 630 3550 703">
    <p class='ocr_par' dir='ltr' id='par_1_34' title="bbox 1947 630 3550 703">
     <span class='ocr_line' id='line_1_34' title="bbox 1947 630 3550 703; baseline 0.004 -18"><span class='ocrx_word' id='word_1_186' title='bbox 1947 645 2182 695; x_wconf 89' lang='lat' dir='ltr'><strong><em>omnes,</em></strong></span> <span class='ocrx_word' id='word_1_187' title='bbox 2242 632 2333 703; x_wconf 91' lang='lat' dir='ltr'><strong><em>qui</em></strong></span> <span class='ocrx_word' id='word_1_188' title='bbox 2379 647 2487 687; x_wconf 92' lang='lat' dir='ltr'><strong><em>non</em></strong></span> <span class='ocrx_word' id='word_1_189' title='bbox 2548 630 2805 688; x_wconf 89' lang='lat' dir='ltr'><strong><em>occidunt</em></strong></span> <span class='ocrx_word' id='word_1_190' title='bbox 2878 632 3087 687; x_wconf 90' lang='lat' dir='ltr'><strong><em>animas</em></strong></span> <span class='ocrx_word' id='word_1_191' title='bbox 3146 631 3199 687; x_wconf 93' lang='lat' dir='ltr'><strong><em>in</em></strong></span> <span class='ocrx_word' id='word_1_192' title='bbox 3249 632 3550 691; x_wconf 82' lang='lat' dir='ltr'><strong><em>adulando.</em></strong></span> 
     </span>
    </p>
   </div>
   <div class='ocr_carea' id='block_1_35' title="bbox 1947 724 3552 802">
    <p class='ocr_par' dir='ltr' id='par_1_35' title="bbox 1947 724 3552 802">
     <span class='ocr_line' id='line_1_35' title="bbox 1947 724 3552 802; baseline 0.007 -24"><span class='ocrx_word' id='word_1_193' title='bbox 1947 724 2269 781; x_wconf 87' lang='lat' dir='ltr'><strong><em>Timendum</em></strong></span> <span class='ocrx_word' id='word_1_194' title='bbox 2298 743 2426 798; x_wconf 87' lang='lat' dir='ltr'><strong><em>ergo</em></strong></span> <span class='ocrx_word' id='word_1_195' title='bbox 2458 728 2615 783; x_wconf 89' lang='lat' dir='ltr'><strong><em>nobis</em></strong></span> <span class='ocrx_word' id='word_1_196' title='bbox 2642 736 2746 793; x_wconf 87' lang='lat' dir='ltr'><strong><em>est,</em></strong></span> <span class='ocrx_word' id='word_1_197' title='bbox 2797 743 2865 784; x_wconf 93' lang='lat' dir='ltr'><strong><em>ne</em></strong></span> <span class='ocrx_word' id='word_1_198' title='bbox 2898 744 3007 785; x_wconf 90' lang='lat' dir='ltr'><strong><em>non</em></strong></span> <span class='ocrx_word' id='word_1_199' title='bbox 3041 730 3131 802; x_wconf 88' lang='lat' dir='ltr'><strong><em>pie</em></strong></span> <span class='ocrx_word' id='word_1_200' title='bbox 3159 730 3426 799; x_wconf 80' lang='lat' dir='ltr'><strong><em>vivamus,</em></strong></span> <span class='ocrx_word' id='word_1_201' title='bbox 3456 732 3552 801; x_wconf 86' lang='lat' dir='ltr'><strong><em>qui</em></strong></span> 
     </span>
    </p>
   </div>
   <div class='ocr_carea' id='block_1_36' title="bbox 1947 816 2822 890">
    <p class='ocr_par' dir='ltr' id='par_1_36' title="bbox 1947 816 2822 890">
     <span class='ocr_line' id='line_1_36' title="bbox 1947 816 2822 890; baseline 0.003 -18"><span class='ocrx_word' id='word_1_202' title='bbox 1947 816 2081 873; x_wconf 85' lang='lat' dir='ltr'><strong><em>nihil</em></strong></span> <span class='ocrx_word' id='word_1_203' title='bbox 2107 817 2342 888; x_wconf 86' lang='lat' dir='ltr'><strong><em>patimur</em></strong></span> <span class='ocrx_word' id='word_1_204' title='bbox 2374 831 2596 890; x_wconf 88' lang='lat' dir='ltr'><strong><em>propter</em></strong></span> <span class='ocrx_word' id='word_1_205' title='bbox 2627 820 2822 876; x_wconf 87' lang='lat' dir='ltr'><strong><em>Deutu.</em></strong></span> 
     </span>
    </p>
   </div>
   <div class='ocr_carea' id='block_1_37' title="bbox 2017 908 3550 984">
    <p class='ocr_par' dir='ltr' id='par_1_37' title="bbox 2017 908 3550 984">
     <span class='ocr_line' id='line_1_37' title="bbox 2017 908 3550 984; baseline 0.005 -22"><span class='ocrx_word' id='word_1_206' title='bbox 2017 908 2153 963; x_wconf 82' lang='lat' dir='ltr'><strong><em>Mali</em></strong></span> <span class='ocrx_word' id='word_1_207' title='bbox 2199 919 2368 964; x_wconf 88' lang='lat' dir='ltr'><strong><em>autem</em></strong></span> <span class='ocrx_word' id='word_1_208' title='bbox 2421 912 2692 979; x_wconf 80' lang='lat' dir='ltr'><strong><em>homines,</em></strong></span> <span class='ocrx_word' id='word_1_209' title='bbox 2738 920 2789 966; x_wconf 89' lang='lat' dir='ltr'><strong><em>et</em></strong></span> <span class='ocrx_word' id='word_1_210' title='bbox 2826 914 3143 982; x_wconf 84' lang='lat' dir='ltr'><strong><em>seductores,</em></strong></span> <span class='ocrx_word' id='word_1_211' title='bbox 3194 913 3464 984; x_wconf 77' lang='lat' dir='ltr'><strong><em>proficient</em></strong></span> <span class='ocrx_word' id='word_1_212' title='bbox 3494 914 3550 969; x_wconf 88' lang='lat' dir='ltr'><strong><em>in</em></strong></span> 
     </span>
    </p>
   </div>
   <div class='ocr_carea' id='block_1_38' title="bbox 1945 1004 3547 1075">
    <p class='ocr_par' dir='ltr' id='par_1_38' title="bbox 1945 1004 3547 1075">
     <span class='ocr_line' id='line_1_38' title="bbox 1945 1004 3547 1075; baseline 0.005 -20"><span class='ocrx_word' id='word_1_213' title='bbox 1945 1007 2113 1075; x_wconf 85' lang='lat' dir='ltr'><strong><em>pejus,</em></strong></span> <span class='ocrx_word' id='word_1_214' title='bbox 2171 1012 2435 1070; x_wconf 88' lang='lat' dir='ltr'><strong><em>errantes,</em></strong></span> <span class='ocrx_word' id='word_1_215' title='bbox 2492 1014 2541 1058; x_wconf 87' lang='lat' dir='ltr'><strong><em>et</em></strong></span> <span class='ocrx_word' id='word_1_216' title='bbox 2592 1005 2644 1058; x_wconf 88' lang='lat' dir='ltr'><strong><em>in</em></strong></span> <span class='ocrx_word' id='word_1_217' title='bbox 2685 1021 2911 1060; x_wconf 88' lang='lat' dir='ltr'><strong><em>errorem</em></strong></span> <span class='ocrx_word' id='word_1_218' title='bbox 2969 1006 3242 1060; x_wconf 82' lang='lat' dir='ltr'><strong><em>mittentes.</em></strong></span> <span class='ocrx_word' id='word_1_219' title='bbox 3315 1006 3427 1062; x_wconf 87' lang='lat' dir='ltr'><strong><em>Hoc</em></strong></span> <span class='ocrx_word' id='word_1_220' title='bbox 3478 1004 3547 1063; x_wconf 79' lang='lat' dir='ltr'><strong><em>de</em></strong></span> 
     </span>
    </p>
   </div>
   <div class='ocr_carea' id='block_1_39' title="bbox 1944 1095 3541 1168">
    <p class='ocr_par' dir='ltr' id='par_1_39' title="bbox 1944 1095 3541 1168">
     <span class='ocr_line' id='line_1_39' title="bbox 1944 1095 3541 1168; baseline 0.003 -18"><span class='ocrx_word' id='word_1_221' title='bbox 1944 1095 2312 1152; x_wconf 74' lang='lat' dir='ltr'><strong><em>adulatoribus</em></strong></span> <span class='ocrx_word' id='word_1_222' title='bbox 2369 1097 2535 1163; x_wconf 89' lang='lat' dir='ltr'><strong><em>dicit,</em></strong></span> <span class='ocrx_word' id='word_1_223' title='bbox 2589 1098 2677 1168; x_wconf 89' lang='lat' dir='ltr'><strong><em>qui</em></strong></span> <span class='ocrx_word' id='word_1_224' title='bbox 2727 1098 2854 1154; x_wconf 91' lang='lat' dir='ltr'><strong><em>dum</em></strong></span> <span class='ocrx_word' id='word_1_225' title='bbox 2906 1113 2939 1154; x_wconf 85' lang='lat' dir='ltr'><strong><em>a</em></strong></span> <span class='ocrx_word' id='word_1_226' title='bbox 2994 1099 3173 1154; x_wconf 86' lang='lat' dir='ltr'><strong><em>stultis</em></strong></span> <span class='ocrx_word' id='word_1_227' title='bbox 3230 1098 3541 1156; x_wconf 89' lang='lat' dir='ltr'><strong><em>hominibus</em></strong></span> 
     </span>
    </p>
   </div>
   <div class='ocr_carea' id='block_1_40' title="bbox 1945 1188 3543 1261">
    <p class='ocr_par' dir='ltr' id='par_1_40' title="bbox 1945 1188 3543 1261">
     <span class='ocr_line' id='line_1_40' title="bbox 1945 1188 3543 1261; baseline 0.003 -19"><span class='ocrx_word' id='word_1_228' title='bbox 1945 1188 2261 1259; x_wconf 84' lang='lat' dir='ltr'><strong><em>diliguntur,</em></strong></span> <span class='ocrx_word' id='word_1_229' title='bbox 2314 1189 2484 1260; x_wconf 88' lang='lat' dir='ltr'><strong><em>magis</em></strong></span> <span class='ocrx_word' id='word_1_230' title='bbox 2533 1189 2750 1261; x_wconf 87' lang='lat' dir='ltr'><strong><em>decepti</em></strong></span> <span class='ocrx_word' id='word_1_231' title='bbox 2792 1189 3069 1261; x_wconf 88' lang='lat' dir='ltr'><strong><em>decipiunt</em></strong></span> <span class='ocrx_word' id='word_1_232' title='bbox 3110 1208 3124 1247; x_wconf 92' lang='lat'><strong>:</strong></span> <span class='ocrx_word' id='word_1_233' title='bbox 3162 1189 3278 1246; x_wconf 89' lang='lat' dir='ltr'><strong><em>sive</em></strong></span> <span class='ocrx_word' id='word_1_234' title='bbox 3323 1190 3393 1247; x_wconf 89' lang='lat' dir='ltr'><strong><em>de</em></strong></span> <span class='ocrx_word' id='word_1_235' title='bbox 3432 1189 3543 1247; x_wconf 62' lang='lat' dir='ltr'><strong><em>ha)-</em></strong></span> 
     </span>
    </p>
   </div>
   <div class='ocr_carea' id='block_1_41' title="bbox 1943 1282 2547 1355">
    <p class='ocr_par' dir='ltr' id='par_1_41' title="bbox 1943 1282 2547 1355">
     <span class='ocr_line' id='line_1_41' title="bbox 1943 1282 2547 1355; baseline 0 -17"><span class='ocrx_word' id='word_1_236' title='bbox 1943 1283 2125 1338; x_wconf 90' lang='lat' dir='ltr'><strong><em>reticis</em></strong></span> <span class='ocrx_word' id='word_1_237' title='bbox 2154 1282 2547 1355; x_wconf 88' lang='lat' dir='ltr'><strong><em>accipiendum.</em></strong></span> 
     </span>
    </p>
   </div>
   <div class='ocr_carea' id='block_1_42' title="bbox 2017 1372 3539 1448">
    <p class='ocr_par' dir='ltr' id='par_1_42' title="bbox 2017 1372 3539 1448">
     <span class='ocr_line' id='line_1_42' title="bbox 2017 1372 3539 1448; baseline -0.001 -19"><span class='ocrx_word' id='word_1_238' title='bbox 2017 1375 2091 1430; x_wconf 91' lang='lat' dir='ltr'><strong><em>Tu</em></strong></span> <span class='ocrx_word' id='word_1_239' title='bbox 2121 1391 2237 1429; x_wconf 81' lang='lat' dir='ltr'><strong><em>vero</em></strong></span> <span class='ocrx_word' id='word_1_240' title='bbox 2276 1391 2515 1448; x_wconf 82' lang='lat' dir='ltr'><strong><em>permane</em></strong></span> <span class='ocrx_word' id='word_1_241' title='bbox 2554 1376 2609 1429; x_wconf 89' lang='lat' dir='ltr'><strong><em>in</em></strong></span> <span class='ocrx_word' id='word_1_242' title='bbox 2658 1374 2759 1444; x_wconf 88' lang='lat' dir='ltr'><strong><em>his,</em></strong></span> <span class='ocrx_word' id='word_1_243' title='bbox 2789 1390 2904 1445; x_wconf 66' lang='lat' dir='ltr'><strong><em>quae</em></strong></span> <span class='ocrx_word' id='word_1_244' title='bbox 2955 1375 3230 1430; x_wconf 83' lang='lat' dir='ltr'><strong><em>didicistis.</em></strong></span> <span class='ocrx_word' id='word_1_245' title='bbox 3265 1372 3399 1429; x_wconf 83' lang='lat' dir='ltr'><strong><em>Nolo</em></strong></span> <span class='ocrx_word' id='word_1_246' title='bbox 3438 1373 3539 1429; x_wconf 86' lang='lat' dir='ltr'><strong><em>ista</em></strong></span> 
     </span>
    </p>
   </div>
   <div class='ocr_carea' id='block_1_43' title="bbox 1945 1467 2725 1535">
    <p class='ocr_par' dir='ltr' id='par_1_43' title="bbox 1945 1467 2725 1535">
     <span class='ocr_line' id='line_1_43' title="bbox 1945 1467 2725 1535; baseline 0 -12"><span class='ocrx_word' id='word_1_247' title='bbox 1945 1478 1996 1523; x_wconf 89' lang='lat' dir='ltr'><strong><em>te</em></strong></span> <span class='ocrx_word' id='word_1_248' title='bbox 2029 1476 2290 1535; x_wconf 87' lang='lat' dir='ltr'><strong><em>terreant,</em></strong></span> <span class='ocrx_word' id='word_1_249' title='bbox 2325 1468 2411 1523; x_wconf 87' lang='lat' dir='ltr'><strong><em>vel</em></strong></span> <span class='ocrx_word' id='word_1_250' title='bbox 2441 1467 2725 1523; x_wconf 74' lang='lat' dir='ltr'><strong><em>seducunt.</em></strong></span> 
     </span>
    </p>
   </div>
   <div class='ocr_carea' id='block_1_44' title="bbox 2016 1559 3091 1631">
    <p class='ocr_par' dir='ltr' id='par_1_44' title="bbox 2016 1559 3091 1631">
     <span class='ocr_line' id='line_1_44' title="bbox 2016 1559 3091 1631; baseline 0.002 -17"><span class='ocrx_word' id='word_1_251' title='bbox 2016 1559 2080 1614; x_wconf 90' lang='lat' dir='ltr'><strong><em>Et</em></strong></span> <span class='ocrx_word' id='word_1_252' title='bbox 2110 1561 2306 1615; x_wconf 84' lang='lat' dir='ltr'><strong><em>credita</em></strong></span> <span class='ocrx_word' id='word_1_253' title='bbox 2334 1569 2453 1616; x_wconf 88' lang='lat' dir='ltr'><strong><em>sunt</em></strong></span> <span class='ocrx_word' id='word_1_254' title='bbox 2485 1561 2596 1615; x_wconf 84' lang='lat' dir='ltr'><strong><em>tibi.</em></strong></span> <span class='ocrx_word' id='word_1_255' title='bbox 2633 1562 2673 1616; x_wconf 86' lang='lat' dir='ltr'><strong>A</strong></span> <span class='ocrx_word' id='word_1_256' title='bbox 2708 1561 2817 1615; x_wconf 89' lang='lat' dir='ltr'><strong><em>Deo</em></strong></span> <span class='ocrx_word' id='word_1_257' title='bbox 2846 1575 2941 1631; x_wconf 88' lang='lat' dir='ltr'><strong><em>per</em></strong></span> <span class='ocrx_word' id='word_1_258' title='bbox 2973 1576 3091 1617; x_wconf 90' lang='lat' dir='ltr'><strong><em>nos.</em></strong></span> 
     </span>
    </p>
   </div>
   <div class='ocr_carea' id='block_1_45' title="bbox 2014 1652 3547 1725">
    <p class='ocr_par' dir='ltr' id='par_1_45' title="bbox 2014 1652 3547 1725">
     <span class='ocr_line' id='line_1_45' title="bbox 2014 1652 3547 1725; baseline 0.003 -20"><span class='ocrx_word' id='word_1_259' title='bbox 2014 1653 2194 1709; x_wconf 89' lang='lat' dir='ltr'><strong><em>Sciens</em></strong></span> <span class='ocrx_word' id='word_1_260' title='bbox 2231 1671 2262 1708; x_wconf 90' lang='lat' dir='ltr'><strong><em>a</em></strong></span> <span class='ocrx_word' id='word_1_261' title='bbox 2303 1671 2403 1725; x_wconf 89' lang='lat' dir='ltr'><strong><em>quo</em></strong></span> <span class='ocrx_word' id='word_1_262' title='bbox 2434 1654 2697 1708; x_wconf 83' lang='lat' dir='ltr'><strong><em>didiceris.</em></strong></span> <span class='ocrx_word' id='word_1_263' title='bbox 2739 1652 2808 1706; x_wconf 87' lang='lat' dir='ltr'><strong><em>Et</em></strong></span> <span class='ocrx_word' id='word_1_264' title='bbox 2850 1654 2972 1725; x_wconf 88' lang='lat' dir='ltr'><strong><em>quia</em></strong></span> <span class='ocrx_word' id='word_1_265' title='bbox 3012 1654 3075 1707; x_wconf 88' lang='lat' dir='ltr'><strong><em>ab</em></strong></span> <span class='ocrx_word' id='word_1_266' title='bbox 3114 1654 3334 1724; x_wconf 78' lang='lat' dir='ltr'><strong><em>infantia</em></strong></span> <span class='ocrx_word' id='word_1_267' title='bbox 3370 1671 3547 1710; x_wconf 85' lang='lat' dir='ltr'><strong><em>sacras</em></strong></span> 
     </span>
    </p>
   </div>
   <div class='ocr_carea' id='block_1_46' title="bbox 1943 1746 3544 1818">
    <p class='ocr_par' dir='ltr' id='par_1_46' title="bbox 1943 1746 3544 1818">
     <span class='ocr_line' id='line_1_46' title="bbox 1943 1746 3544 1818; baseline 0.002 -19"><span class='ocrx_word' id='word_1_268' title='bbox 1943 1746 2140 1801; x_wconf 87' lang='lat' dir='ltr'><strong><em>litteras</em></strong></span> <span class='ocrx_word' id='word_1_269' title='bbox 2171 1749 2322 1802; x_wconf 88' lang='lat' dir='ltr'><strong><em>nosti.</em></strong></span> <span class='ocrx_word' id='word_1_270' title='bbox 2374 1746 2499 1803; x_wconf 88' lang='lat' dir='ltr'><strong><em>Sive</em></strong></span> <span class='ocrx_word' id='word_1_271' title='bbox 2538 1762 2568 1802; x_wconf 90' lang='lat' dir='ltr'><strong><em>a</em></strong></span> <span class='ocrx_word' id='word_1_272' title='bbox 2599 1762 2728 1803; x_wconf 90' lang='lat' dir='ltr'><strong><em>vero</em></strong></span> <span class='ocrx_word' id='word_1_273' title='bbox 2760 1746 3033 1817; x_wconf 86' lang='lat' dir='ltr'><strong><em>apostolo,</em></strong></span> <span class='ocrx_word' id='word_1_274' title='bbox 3074 1746 3191 1802; x_wconf 89' lang='lat' dir='ltr'><strong><em>sive</em></strong></span> <span class='ocrx_word' id='word_1_275' title='bbox 3231 1762 3328 1818; x_wconf 91' lang='lat' dir='ltr'><strong><em>per</em></strong></span> <span class='ocrx_word' id='word_1_276' title='bbox 3366 1748 3544 1818; x_wconf 87' lang='lat' dir='ltr'><strong><em>legem</em></strong></span> 
     </span>
    </p>
   </div>
   <div class='ocr_carea' id='block_1_47' title="bbox 1942 1839 2129 1894">
    <p class='ocr_par' dir='ltr' id='par_1_47' title="bbox 1942 1839 2129 1894">
     <span class='ocr_line' id='line_1_47' title="bbox 1942 1839 2129 1894; baseline 0 -2"><span class='ocrx_word' id='word_1_277' title='bbox 1942 1855 1971 1892; x_wconf 88' lang='lat' dir='ltr'><strong><em>a</em></strong></span> <span class='ocrx_word' id='word_1_278' title='bbox 1998 1839 2129 1894; x_wconf 87' lang='lat' dir='ltr'><strong><em>Deo.</em></strong></span> 
     </span>
    </p>
   </div>
   <div class='ocr_carea' id='block_1_48' title="bbox 2012 1930 3546 2003">
    <p class='ocr_par' dir='ltr' id='par_1_48' title="bbox 2012 1930 3546 2003">
     <span class='ocr_line' id='line_1_48' title="bbox 2012 1930 3546 2003; baseline -0.001 -17"><span class='ocrx_word' id='word_1_279' title='bbox 2012 1932 2141 1998; x_wconf 75' lang='lat' dir='ltr'><strong><em>Quae</em></strong></span> <span class='ocrx_word' id='word_1_280' title='bbox 2188 1940 2234 1985; x_wconf 90' lang='lat' dir='ltr'><strong><em>te</em></strong></span> <span class='ocrx_word' id='word_1_281' title='bbox 2282 1940 2495 2001; x_wconf 82' lang='lat' dir='ltr'><strong><em>possunt</em></strong></span> <span class='ocrx_word' id='word_1_282' title='bbox 2538 1932 2793 1985; x_wconf 86' lang='lat' dir='ltr'><strong><em>instruere</em></strong></span> <span class='ocrx_word' id='word_1_283' title='bbox 2836 1931 2904 1984; x_wconf 91' lang='lat' dir='ltr'><strong><em>ad</em></strong></span> <span class='ocrx_word' id='word_1_284' title='bbox 2932 1931 3183 1995; x_wconf 85' lang='lat' dir='ltr'><strong><em>salutem,</em></strong></span> <span class='ocrx_word' id='word_1_285' title='bbox 3226 1948 3320 2003; x_wconf 89' lang='lat' dir='ltr'><strong><em>per</em></strong></span> <span class='ocrx_word' id='word_1_286' title='bbox 3363 1930 3546 2002; x_wconf 81' lang='lat' dir='ltr'><strong><em>ﬁdem,</em></strong></span> 
     </span>
    </p>
   </div>
   <div class='ocr_carea' id='block_1_49' title="bbox 1940 2022 3546 2097">
    <p class='ocr_par' dir='ltr' id='par_1_49' title="bbox 1940 2022 3546 2097">
     <span class='ocr_line' id='line_1_49' title="bbox 1940 2022 3546 2097; baseline -0.001 -16"><span class='ocrx_word' id='word_1_287' title='bbox 1940 2042 2057 2097; x_wconf 76' lang='lat' dir='ltr'><strong><em>qua:</em></strong></span> <span class='ocrx_word' id='word_1_288' title='bbox 2087 2037 2158 2081; x_wconf 91' lang='lat' dir='ltr'><strong><em>est</em></strong></span> <span class='ocrx_word' id='word_1_289' title='bbox 2188 2028 2240 2080; x_wconf 90' lang='lat' dir='ltr'><strong><em>in</em></strong></span> <span class='ocrx_word' id='word_1_290' title='bbox 2268 2024 2471 2081; x_wconf 83' lang='lat' dir='ltr'><strong><em>Christo</em></strong></span> <span class='ocrx_word' id='word_1_291' title='bbox 2495 2024 2647 2080; x_wconf 74' lang='lat' dir='ltr'><strong><em>Iesu.</em></strong></span> <span class='ocrx_word' id='word_1_292' title='bbox 2682 2026 2813 2082; x_wconf 90' lang='lat' dir='ltr'><strong><em>Sine</em></strong></span> <span class='ocrx_word' id='word_1_293' title='bbox 2856 2025 2964 2082; x_wconf 89' lang='lat' dir='ltr'><strong><em>ﬁde</em></strong></span> <span class='ocrx_word' id='word_1_294' title='bbox 2992 2026 3135 2081; x_wconf 89' lang='lat' dir='ltr'><strong><em>enim</em></strong></span> <span class='ocrx_word' id='word_1_295' title='bbox 3163 2022 3392 2093; x_wconf 87' lang='lat' dir='ltr'><strong><em>Christi,</em></strong></span> <span class='ocrx_word' id='word_1_296' title='bbox 3431 2024 3546 2096; x_wconf 88' lang='lat' dir='ltr'><strong><em>jam</em></strong></span> 
     </span>
    </p>
   </div>
   <div class='ocr_carea' id='block_1_50' title="bbox 1942 2120 2725 2177">
    <p class='ocr_par' dir='ltr' id='par_1_50' title="bbox 1942 2120 2725 2177">
     <span class='ocr_line' id='line_1_50' title="bbox 1942 2120 2725 2177; baseline 0.001 -2"><span class='ocrx_word' id='word_1_297' title='bbox 1942 2136 2046 2176; x_wconf 92' lang='lat' dir='ltr'><strong><em>non</em></strong></span> <span class='ocrx_word' id='word_1_298' title='bbox 2074 2120 2347 2177; x_wconf 82' lang='lat' dir='ltr'><strong><em>sufﬁciunt</em></strong></span> <span class='ocrx_word' id='word_1_299' title='bbox 2376 2121 2442 2176; x_wconf 89' lang='lat' dir='ltr'><strong><em>ad</em></strong></span> <span class='ocrx_word' id='word_1_300' title='bbox 2471 2120 2725 2176; x_wconf 83' lang='lat' dir='ltr'><strong><em>salutem.</em></strong></span> 
     </span>
    </p>
   </div>
   <div class='ocr_carea' id='block_1_51' title="bbox 2014 2211 3547 2287">
    <p class='ocr_par' dir='ltr' id='par_1_51' title="bbox 2014 2211 3547 2287">
     <span class='ocr_line' id='line_1_51' title="bbox 2014 2211 3547 2287; baseline -0.005 -16"><span class='ocrx_word' id='word_1_301' title='bbox 2014 2216 2194 2271; x_wconf 87' lang='lat' dir='ltr'><strong><em>Omnis</em></strong></span> <span class='ocrx_word' id='word_1_302' title='bbox 2217 2217 2353 2270; x_wconf 89' lang='lat' dir='ltr'><strong><em>enim</em></strong></span> <span class='ocrx_word' id='word_1_303' title='bbox 2385 2215 2661 2287; x_wconf 88' lang='lat' dir='ltr'><strong><em>Scriptura</em></strong></span> <span class='ocrx_word' id='word_1_304' title='bbox 2683 2214 2929 2268; x_wconf 89' lang='lat' dir='ltr'><strong><em>divinitus</em></strong></span> <span class='ocrx_word' id='word_1_305' title='bbox 2955 2213 3209 2281; x_wconf 86' lang='lat' dir='ltr'><strong><em>inspirata</em></strong></span> <span class='ocrx_word' id='word_1_306' title='bbox 3232 2252 3247 2278; x_wconf 93' lang='lat'><strong><em>,</em></strong></span> <span class='ocrx_word' id='word_1_307' title='bbox 3281 2211 3426 2266; x_wconf 87' lang='lat' dir='ltr'><strong><em>utilis</em></strong></span> <span class='ocrx_word' id='word_1_308' title='bbox 3473 2218 3547 2269; x_wconf 81' lang='lat' dir='ltr'><strong><em>est</em></strong></span> 
     </span>
    </p>
   </div>
   <div class='ocr_carea' id='block_1_52' title="bbox 1938 2304 3548 2379">
    <p class='ocr_par' dir='ltr' id='par_1_52' title="bbox 1938 2304 3548 2379">
     <span class='ocr_line' id='line_1_52' title="bbox 1938 2304 3548 2379; baseline -0.002 -18"><span class='ocrx_word' id='word_1_309' title='bbox 1938 2310 2007 2362; x_wconf 87' lang='lat' dir='ltr'><strong><em>ad</em></strong></span> <span class='ocrx_word' id='word_1_310' title='bbox 2054 2308 2365 2375; x_wconf 86' lang='lat' dir='ltr'><strong><em>docendum,</em></strong></span> <span class='ocrx_word' id='word_1_311' title='bbox 2407 2308 2476 2360; x_wconf 88' lang='lat' dir='ltr'><strong><em>ad</em></strong></span> <span class='ocrx_word' id='word_1_312' title='bbox 2514 2306 2863 2379; x_wconf 83' lang='lat' dir='ltr'><strong><em>arguendum,</em></strong></span> <span class='ocrx_word' id='word_1_313' title='bbox 2915 2304 2983 2359; x_wconf 89' lang='lat' dir='ltr'><strong><em>ad</em></strong></span> <span class='ocrx_word' id='word_1_314' title='bbox 3028 2304 3434 2375; x_wconf 88' lang='lat' dir='ltr'><strong><em>corripiendum,</em></strong></span> <span class='ocrx_word' id='word_1_315' title='bbox 3478 2304 3548 2357; x_wconf 90' lang='lat' dir='ltr'><strong><em>ad</em></strong></span> 
     </span>
    </p>
   </div>
   <div class='ocr_carea' id='block_1_53' title="bbox 1939 2395 3546 2472">
    <p class='ocr_par' dir='ltr' id='par_1_53' title="bbox 1939 2395 3546 2472">
     <span class='ocr_line' id='line_1_53' title="bbox 1939 2395 3546 2472; baseline -0.003 -17"><span class='ocrx_word' id='word_1_316' title='bbox 1939 2400 2281 2455; x_wconf 89' lang='lat' dir='ltr'><strong><em>erudiendum</em></strong></span> <span class='ocrx_word' id='word_1_317' title='bbox 2309 2401 2363 2454; x_wconf 90' lang='lat' dir='ltr'><strong><em>in</em></strong></span> <span class='ocrx_word' id='word_1_318' title='bbox 2382 2400 2590 2472; x_wconf 89' lang='lat' dir='ltr'><strong><em>justitia</em></strong></span> <span class='ocrx_word' id='word_1_319' title='bbox 2616 2415 2634 2454; x_wconf 91' lang='lat'><strong><em>:</em></strong></span> <span class='ocrx_word' id='word_1_320' title='bbox 2665 2410 2721 2453; x_wconf 89' lang='lat' dir='ltr'><strong><em>ut</em></strong></span> <span class='ocrx_word' id='word_1_321' title='bbox 2748 2399 3020 2469; x_wconf 79' lang='lat' dir='ltr'><strong><em>perfectius</em></strong></span> <span class='ocrx_word' id='word_1_322' title='bbox 3061 2399 3125 2453; x_wconf 89' lang='lat' dir='ltr'><strong><em>sit</em></strong></span> <span class='ocrx_word' id='word_1_323' title='bbox 3163 2396 3318 2451; x_wconf 86' lang='lat' dir='ltr'><strong><em>homo</em></strong></span> <span class='ocrx_word' id='word_1_324' title='bbox 3347 2395 3446 2450; x_wconf 82' lang='lat' dir='ltr'><strong><em>Dei</em></strong></span> <span class='ocrx_word' id='word_1_325' title='bbox 3474 2396 3546 2451; x_wconf 88' lang='lat' dir='ltr'><strong><em>ad</em></strong></span> 
     </span>
    </p>
   </div>
   <div class='ocr_carea' id='block_1_54' title="bbox 1941 2487 3547 2562">
    <p class='ocr_par' dir='ltr' id='par_1_54' title="bbox 1941 2487 3547 2562">
     <span class='ocr_line' id='line_1_54' title="bbox 1941 2487 3547 2562; baseline -0.001 -17"><span class='ocrx_word' id='word_1_326' title='bbox 1941 2508 2089 2546; x_wconf 88' lang='lat' dir='ltr'><strong><em>omne</em></strong></span> <span class='ocrx_word' id='word_1_327' title='bbox 2118 2508 2248 2562; x_wconf 84' lang='lat' dir='ltr'><strong><em>Opus</em></strong></span> <span class='ocrx_word' id='word_1_328' title='bbox 2275 2491 2461 2545; x_wconf 89' lang='lat' dir='ltr'><strong><em>bonum</em></strong></span> <span class='ocrx_word' id='word_1_329' title='bbox 2513 2492 2820 2545; x_wconf 85' lang='lat' dir='ltr'><strong><em>instructus.</em></strong></span> <span class='ocrx_word' id='word_1_330' title='bbox 2863 2489 2989 2545; x_wconf 86' lang='lat' dir='ltr'><strong><em>ldeu</em></strong></span> <span class='ocrx_word' id='word_1_331' title='bbox 3018 2490 3143 2543; x_wconf 87' lang='lat' dir='ltr'><strong><em>data</em></strong></span> <span class='ocrx_word' id='word_1_332' title='bbox 3173 2496 3259 2544; x_wconf 89' lang='lat' dir='ltr'><strong><em>est</em></strong></span> <span class='ocrx_word' id='word_1_333' title='bbox 3293 2488 3432 2559; x_wconf 83' lang='lat' dir='ltr'><strong><em>legis</em></strong></span> <span class='ocrx_word' id='word_1_334' title='bbox 3462 2487 3547 2543; x_wconf 89' lang='lat' dir='ltr'><strong><em>in-</em></strong></span> 
     </span>
    </p>
   </div>
   <div class='ocr_carea' id='block_1_55' title="bbox 1939 2580 3549 2659">
    <p class='ocr_par' dir='ltr' id='par_1_55' title="bbox 1939 2580 3549 2659">
     <span class='ocr_line' id='line_1_55' title="bbox 1939 2580 3549 2659; baseline -0.003 -17"><span class='ocrx_word' id='word_1_335' title='bbox 1939 2587 2190 2655; x_wconf 89' lang='lat' dir='ltr'><strong><em>structio,</em></strong></span> <span class='ocrx_word' id='word_1_336' title='bbox 2215 2596 2274 2643; x_wconf 92' lang='lat' dir='ltr'><strong><em>ut</em></strong></span> <span class='ocrx_word' id='word_1_337' title='bbox 2296 2586 2415 2659; x_wconf 87' lang='lat' dir='ltr'><strong><em>ejus</em></strong></span> <span class='ocrx_word' id='word_1_338' title='bbox 2437 2585 2669 2642; x_wconf 89' lang='lat' dir='ltr'><strong><em>consilio</em></strong></span> <span class='ocrx_word' id='word_1_339' title='bbox 2691 2592 2885 2641; x_wconf 85' lang='lat' dir='ltr'><strong><em>cuncta</em></strong></span> <span class='ocrx_word' id='word_1_340' title='bbox 2918 2582 3201 2648; x_wconf 82' lang='lat' dir='ltr'><strong><em>facientes,</em></strong></span> <span class='ocrx_word' id='word_1_341' title='bbox 3233 2580 3375 2653; x_wconf 82' lang='lat' dir='ltr'><strong><em>iuste</em></strong></span> <span class='ocrx_word' id='word_1_342' title='bbox 3401 2581 3549 2652; x_wconf 86' lang='lat' dir='ltr'><strong><em>justa</em></strong></span> 
     </span>
    </p>
   </div>
   <div class='ocr_carea' id='block_1_56' title="bbox 1940 2679 2223 2736">
    <p class='ocr_par' dir='ltr' id='par_1_56' title="bbox 1940 2679 2223 2736">
     <span class='ocr_line' id='line_1_56' title="bbox 1940 2679 2223 2736; baseline 0.007 -2"><span class='ocrx_word' id='word_1_343' title='bbox 1940 2679 2223 2736; x_wconf 82' lang='lat' dir='ltr'><strong><em>iaciamus.</em></strong></span> 
     </span>
    </p>
   </div>
   <div class='ocr_carea' id='block_1_57' title="bbox 2565 2809 2917 2869">
    <p class='ocr_par' dir='ltr' id='par_1_57' title="bbox 2565 2809 2917 2869">
     <span class='ocr_line' id='line_1_57' title="bbox 2565 2809 2917 2869; baseline 0 -1"><span class='ocrx_word' id='word_1_344' title='bbox 2565 2810 2795 2869; x_wconf 87' lang='lat' dir='ltr'><strong>CAPUT</strong></span> <span class='ocrx_word' id='word_1_345' title='bbox 2824 2809 2917 2868; x_wconf 83' lang='lat' dir='ltr'><strong><em>IV.</em></strong></span> 
     </span>
    </p>
   </div>
   <div class='ocr_carea' id='block_1_58' title="bbox 2012 2968 3549 3045">
    <p class='ocr_par' dir='ltr' id='par_1_58' title="bbox 2012 2968 3549 3045">
     <span class='ocr_line' id='line_1_58' title="bbox 2012 2968 3549 3045; baseline -0.005 -13"><span class='ocrx_word' id='word_1_346' title='bbox 2012 2975 2284 3045; x_wconf 77' lang='lat' dir='ltr'><strong><em>Testilicor</em></strong></span> <span class='ocrx_word' id='word_1_347' title='bbox 2313 2989 2490 3030; x_wconf 89' lang='lat' dir='ltr'><strong><em>coram</em></strong></span> <span class='ocrx_word' id='word_1_348' title='bbox 2521 2973 2629 3029; x_wconf 92' lang='lat' dir='ltr'><strong><em>Deo</em></strong></span> <span class='ocrx_word' id='word_1_349' title='bbox 2667 2982 2713 3028; x_wconf 88' lang='lat' dir='ltr'><strong><em>et</em></strong></span> <span class='ocrx_word' id='word_1_350' title='bbox 2743 2972 2951 3028; x_wconf 87' lang='lat' dir='ltr'><strong><em>Christo</em></strong></span> <span class='ocrx_word' id='word_1_351' title='bbox 2977 2968 3126 3039; x_wconf 82' lang='lat' dir='ltr'><strong><em>Jesu,</em></strong></span> <span class='ocrx_word' id='word_1_352' title='bbox 3158 2968 3245 3041; x_wconf 90' lang='lat' dir='ltr'><strong><em>qui</em></strong></span> <span class='ocrx_word' id='word_1_353' title='bbox 3274 2970 3549 3041; x_wconf 85' lang='lat' dir='ltr'><strong><em>judicatu-</em></strong></span> 
     </span>
    </p>
   </div>
   <div class='ocr_carea' id='block_1_59' title="bbox 1941 3064 3548 3140">
    <p class='ocr_par' dir='ltr' id='par_1_59' title="bbox 1941 3064 3548 3140">
     <span class='ocr_line' id='line_1_59' title="bbox 1941 3064 3548 3140; baseline -0.005 -15"><span class='ocrx_word' id='word_1_354' title='bbox 1941 3088 2031 3127; x_wconf 89' lang='lat' dir='ltr'><strong><em>rus</em></strong></span> <span class='ocrx_word' id='word_1_355' title='bbox 2059 3081 2133 3127; x_wconf 88' lang='lat' dir='ltr'><strong><em>est</em></strong></span> <span class='ocrx_word' id='word_1_356' title='bbox 2159 3073 2296 3127; x_wconf 86' lang='lat' dir='ltr'><strong><em>vivos</em></strong></span> <span class='ocrx_word' id='word_1_357' title='bbox 2336 3081 2383 3125; x_wconf 91' lang='lat' dir='ltr'><strong><em>et</em></strong></span> <span class='ocrx_word' id='word_1_358' title='bbox 2428 3079 2683 3136; x_wconf 90' lang='lat' dir='ltr'><strong><em>mortuos,</em></strong></span> <span class='ocrx_word' id='word_1_359' title='bbox 2728 3077 2777 3124; x_wconf 90' lang='lat' dir='ltr'><strong><em>et</em></strong></span> <span class='ocrx_word' id='word_1_360' title='bbox 2824 3084 2914 3140; x_wconf 88' lang='lat' dir='ltr'><strong><em>per</em></strong></span> <span class='ocrx_word' id='word_1_361' title='bbox 2959 3067 3236 3121; x_wconf 85' lang='lat' dir='ltr'><strong><em>adventum</em></strong></span> <span class='ocrx_word' id='word_1_362' title='bbox 3270 3064 3458 3134; x_wconf 87' lang='lat' dir='ltr'><strong><em>ipsius,</em></strong></span> <span class='ocrx_word' id='word_1_363' title='bbox 3500 3070 3548 3118; x_wconf 81' lang='lat' dir='ltr'><strong><em>et</em></strong></span> 
     </span>
    </p>
   </div>
   <div class='ocr_carea' id='block_1_60' title="bbox 1943 3158 3548 3239">
    <p class='ocr_par' dir='ltr' id='par_1_60' title="bbox 1943 3158 3548 3239">
     <span class='ocr_line' id='line_1_60' title="bbox 1943 3158 3548 3239; baseline -0.007 -17"><span class='ocrx_word' id='word_1_364' title='bbox 1943 3184 2158 3238; x_wconf 87' lang='lat' dir='ltr'><strong><em>regnum</em></strong></span> <span class='ocrx_word' id='word_1_365' title='bbox 2208 3170 2342 3239; x_wconf 87' lang='lat' dir='ltr'><strong><em>ejus.</em></strong></span> <span class='ocrx_word' id='word_1_366' title='bbox 2394 3162 2745 3220; x_wconf 88' lang='lat' dir='ltr'><strong><em>Contestatur</em></strong></span> <span class='ocrx_word' id='word_1_367' title='bbox 2791 3160 2939 3215; x_wconf 91' lang='lat' dir='ltr'><strong><em>illum</em></strong></span> <span class='ocrx_word' id='word_1_368' title='bbox 2986 3175 3080 3230; x_wconf 89' lang='lat' dir='ltr'><strong><em>per</em></strong></span> <span class='ocrx_word' id='word_1_369' title='bbox 3122 3158 3374 3214; x_wconf 88' lang='lat' dir='ltr'><strong><em>universa</em></strong></span> <span class='ocrx_word' id='word_1_370' title='bbox 3427 3170 3548 3226; x_wconf 77' lang='lat' dir='ltr'><strong><em>qua:</em></strong></span> 
     </span>
    </p>
   </div>
   <div class='ocr_carea' id='block_1_61' title="bbox 1943 3250 3550 3328">
    <p class='ocr_par' dir='ltr' id='par_1_61' title="bbox 1943 3250 3550 3328">
     <span class='ocr_line' id='line_1_61' title="bbox 1943 3250 3550 3328; baseline -0.006 -14"><span class='ocrx_word' id='word_1_371' title='bbox 1943 3259 2115 3315; x_wconf 90' lang='lat' dir='ltr'><strong><em>credit</em></strong></span> <span class='ocrx_word' id='word_1_372' title='bbox 2156 3258 2349 3328; x_wconf 81' lang='lat' dir='ltr'><strong><em>religio</em></strong></span> <span class='ocrx_word' id='word_1_373' title='bbox 2394 3256 2726 3320; x_wconf 88' lang='lat' dir='ltr'><strong><em>Christiana,</em></strong></span> <span class='ocrx_word' id='word_1_374' title='bbox 2776 3262 2834 3307; x_wconf 91' lang='lat' dir='ltr'><strong><em>ut</em></strong></span> <span class='ocrx_word' id='word_1_375' title='bbox 2880 3252 3104 3308; x_wconf 88' lang='lat' dir='ltr'><strong><em>verbum</em></strong></span> <span class='ocrx_word' id='word_1_376' title='bbox 3148 3250 3245 3306; x_wconf 87' lang='lat' dir='ltr'><strong><em>Dei</em></strong></span> <span class='ocrx_word' id='word_1_377' title='bbox 3282 3251 3550 3306; x_wconf 83' lang='lat' dir='ltr'><strong><em>instanter</em></strong></span> 
     </span>
    </p>
   </div>
   <div class='ocr_carea' id='block_1_62' title="bbox 233 3322 3543 3420">
    <p class='ocr_par' dir='ltr' id='par_1_62' title="bbox 233 3322 3543 3420">
     <span class='ocr_line' id='line_1_62' title="bbox 233 3322 3543 3420; baseline -0.004 -24"><span class='ocrx_word' id='word_1_378' title='bbox 233 3340 556 3396; x_wconf 84' lang='lat' dir='ltr'><strong><em>traditiones</em></strong></span> <span class='ocrx_word' id='word_1_379' title='bbox 592 3339 709 3393; x_wconf 91' lang='lat' dir='ltr'><strong><em>vult</em></strong></span> <span class='ocrx_word' id='word_1_380' title='bbox 752 3350 942 3395; x_wconf 90' lang='lat' dir='ltr'><strong><em>tenere</em></strong></span> <span class='ocrx_word' id='word_1_381' title='bbox 986 3336 1250 3402; x_wconf 87' lang='lat' dir='ltr'><strong><em>diversas,</em></strong></span> <span class='ocrx_word' id='word_1_382' title='bbox 1285 3353 1391 3392; x_wconf 92' lang='lat' dir='ltr'><strong><em>non</em></strong></span> <span class='ocrx_word' id='word_1_383' title='bbox 1442 3337 1715 3407; x_wconf 87' lang='lat' dir='ltr'><strong><em>probatas.</em></strong></span> <span class='ocrx_word' id='word_1_384' title='bbox 1754 3322 1908 3391; x_wconf 86' lang='lat' dir='ltr'><strong><em>AbC</em></strong></span> <span class='ocrx_word' id='word_1_385' title='bbox 1941 3322 2375 3419; x_wconf 52' lang='lat' dir='ltr'><strong><em>annumieL&#39;Qui</em></strong></span> <span class='ocrx_word' id='word_1_386' title='bbox 2415 3349 2754 3420; x_wconf 48' lang='lat' dir='ltr'><strong><em>indicatum,</em></strong></span> <span class='ocrx_word' id='word_1_387' title='bbox 2804 3355 2891 3401; x_wconf 67' lang='grc' dir='ltr'><strong><em>εει</em></strong></span> <span class='ocrx_word' id='word_1_388' title='bbox 2936 3346 3090 3399; x_wconf 60' lang='lat' dir='ltr'><strong><em>vivos</em></strong></span> <span class='ocrx_word' id='word_1_389' title='bbox 3141 3352 3196 3400; x_wconf 67' lang='grc' dir='ltr'><strong><em>ει</em></strong></span> <span class='ocrx_word' id='word_1_390' title='bbox 3251 3351 3543 3398; x_wconf 61' lang='lat' dir='ltr'><strong><em>mannos;</em></strong></span> 
     </span>
    </p>
   </div>
   <div class='ocr_carea' id='block_1_63' title="bbox 230 3430 1358 3496">
    <p class='ocr_par' dir='ltr' id='par_1_63' title="bbox 230 3430 1358 3496">
     <span class='ocr_line' id='line_1_63' title="bbox 230 3430 1358 3496; baseline -0.004 -8"><span class='ocrx_word' id='word_1_391' title='bbox 230 3447 346 3488; x_wconf 91' lang='lat' dir='ltr'><strong><em>uno</em></strong></span> <span class='ocrx_word' id='word_1_392' title='bbox 372 3432 518 3487; x_wconf 90' lang='lat' dir='ltr'><strong><em>enim</em></strong></span> <span class='ocrx_word' id='word_1_393' title='bbox 547 3431 711 3496; x_wconf 88' lang='lat' dir='ltr'><strong><em>dicta,</em></strong></span> <span class='ocrx_word' id='word_1_394' title='bbox 742 3432 810 3485; x_wconf 87' lang='lat' dir='ltr'><strong><em>ab</em></strong></span> <span class='ocrx_word' id='word_1_395' title='bbox 840 3431 950 3487; x_wconf 91' lang='lat' dir='ltr'><strong><em>alio</em></strong></span> <span class='ocrx_word' id='word_1_396' title='bbox 982 3430 1358 3486; x_wconf 89' lang='lat' dir='ltr'><strong><em>destruuntur.</em></strong></span> 
     </span>
    </p>
   </div>
   <div class='ocr_carea' id='block_1_64' title="bbox 308 3521 1838 3593">
    <p class='ocr_par' dir='ltr' id='par_1_64' title="bbox 308 3521 1838 3593">
     <span class='ocr_line' id='line_1_64' title="bbox 308 3521 1838 3593; baseline -0.003 -14"><span class='ocrx_word' id='word_1_397' title='bbox 308 3525 756 3593; x_wconf 80' lang='lat' dir='ltr'><strong><em>Quemadmodum</em></strong></span> <span class='ocrx_word' id='word_1_398' title='bbox 795 3533 965 3579; x_wconf 89' lang='lat' dir='ltr'><strong><em>autem</em></strong></span> <span class='ocrx_word' id='word_1_399' title='bbox 1009 3526 1223 3578; x_wconf 84' lang='lat' dir='ltr'><strong><em>Jamnes</em></strong></span> <span class='ocrx_word' id='word_1_400' title='bbox 1268 3530 1314 3575; x_wconf 87' lang='lat' dir='ltr'><strong><em>et</em></strong></span> <span class='ocrx_word' id='word_1_401' title='bbox 1359 3521 1597 3577; x_wconf 84' lang='lat' dir='ltr'><strong><em>Jambres</em></strong></span> <span class='ocrx_word' id='word_1_402' title='bbox 1640 3523 1838 3577; x_wconf 89' lang='lat' dir='ltr'><strong><em>restite-</em></strong></span> 
     </span>
    </p>
   </div>
   <div class='ocr_carea' id='block_1_65' title="bbox 226 3613 1834 3689">
    <p class='ocr_par' dir='ltr' id='par_1_65' title="bbox 226 3613 1834 3689">
     <span class='ocr_line' id='line_1_65' title="bbox 226 3613 1834 3689; baseline -0.003 -17"><span class='ocrx_word' id='word_1_403' title='bbox 226 3629 353 3672; x_wconf 86' lang='lat' dir='ltr'><strong><em>runt</em></strong></span> <span class='ocrx_word' id='word_1_404' title='bbox 390 3617 562 3689; x_wconf 81' lang='lat' dir='ltr'><strong><em>Moysi</em></strong></span> <span class='ocrx_word' id='word_1_405' title='bbox 588 3634 605 3671; x_wconf 89' lang='lat'><strong><em>:</em></strong></span> <span class='ocrx_word' id='word_1_406' title='bbox 636 3619 709 3672; x_wconf 88' lang='lat' dir='ltr'><strong><em>ita</em></strong></span> <span class='ocrx_word' id='word_1_407' title='bbox 746 3626 792 3671; x_wconf 85' lang='lat' dir='ltr'><strong><em>et</em></strong></span> <span class='ocrx_word' id='word_1_408' title='bbox 821 3616 877 3669; x_wconf 89' lang='lat' dir='ltr'><strong><em>hi</em></strong></span> <span class='ocrx_word' id='word_1_409' title='bbox 902 3618 1149 3671; x_wconf 87' lang='lat' dir='ltr'><strong><em>resistunt</em></strong></span> <span class='ocrx_word' id='word_1_410' title='bbox 1188 3616 1410 3669; x_wconf 84' lang='lat' dir='ltr'><strong><em>veritati.</em></strong></span> <span class='ocrx_word' id='word_1_411' title='bbox 1442 3614 1593 3669; x_wconf 88' lang='lat' dir='ltr'><strong><em>Sicut</em></strong></span> <span class='ocrx_word' id='word_1_412' title='bbox 1624 3613 1699 3668; x_wconf 90' lang='lat' dir='ltr'><strong><em>illi</em></strong></span> <span class='ocrx_word' id='word_1_413' title='bbox 1741 3628 1834 3682; x_wconf 88' lang='lat' dir='ltr'><strong><em>per</em></strong></span> 
     </span>
    </p>
   </div>
   <div class='ocr_carea' id='block_1_66' title="bbox 226 3707 1832 3782">
    <p class='ocr_par' dir='ltr' id='par_1_66' title="bbox 226 3707 1832 3782">
     <span class='ocr_line' id='line_1_66' title="bbox 226 3707 1832 3782; baseline -0.002 -17"><span class='ocrx_word' id='word_1_414' title='bbox 226 3711 460 3782; x_wconf 71' lang='lat' dir='ltr'><strong><em>magica:</em></strong></span> <span class='ocrx_word' id='word_1_415' title='bbox 491 3712 625 3766; x_wconf 86' lang='lat' dir='ltr'><strong><em>artis</em></strong></span> <span class='ocrx_word' id='word_1_416' title='bbox 662 3708 966 3779; x_wconf 74' lang='lat' dir='ltr'><strong><em>prmstigias</em></strong></span> <span class='ocrx_word' id='word_1_417' title='bbox 1000 3727 1011 3761; x_wconf 90' lang='lat'>:</span> <span class='ocrx_word' id='word_1_418' title='bbox 1044 3709 1115 3761; x_wconf 88' lang='lat' dir='ltr'><strong><em>ita</em></strong></span> <span class='ocrx_word' id='word_1_419' title='bbox 1146 3716 1199 3762; x_wconf 88' lang='lat' dir='ltr'><strong><em>et</em></strong></span> <span class='ocrx_word' id='word_1_420' title='bbox 1226 3707 1313 3761; x_wconf 82' lang='lat' dir='ltr'><strong><em>isti</em></strong></span> <span class='ocrx_word' id='word_1_421' title='bbox 1354 3723 1448 3774; x_wconf 89' lang='lat' dir='ltr'><strong><em>per</em></strong></span> <span class='ocrx_word' id='word_1_422' title='bbox 1482 3716 1832 3777; x_wconf 86' lang='lat' dir='ltr'><strong><em>argumento-</em></strong></span> 
     </span>
    </p>
   </div>
   <div class='ocr_carea' id='block_1_67' title="bbox 228 3797 1834 3871">
    <p class='ocr_par' dir='ltr' id='par_1_67' title="bbox 228 3797 1834 3871">
     <span class='ocr_line' id='line_1_67' title="bbox 228 3797 1834 3871; baseline -0.003 -12"><span class='ocrx_word' id='word_1_423' title='bbox 228 3820 356 3859; x_wconf 88' lang='lat' dir='ltr'><strong><em>rum</em></strong></span> <span class='ocrx_word' id='word_1_424' title='bbox 404 3802 696 3858; x_wconf 79' lang='lat' dir='ltr'><strong><em>fallaciam.</em></strong></span> <span class='ocrx_word' id='word_1_425' title='bbox 748 3801 1027 3871; x_wconf 85' lang='lat' dir='ltr'><strong><em>Simulque</em></strong></span> <span class='ocrx_word' id='word_1_426' title='bbox 1064 3797 1299 3854; x_wconf 86' lang='lat' dir='ltr'><strong><em>ostendit</em></strong></span> <span class='ocrx_word' id='word_1_427' title='bbox 1338 3797 1557 3871; x_wconf 84' lang='lat' dir='ltr'><strong><em>Moysen</em></strong></span> <span class='ocrx_word' id='word_1_428' title='bbox 1590 3799 1834 3854; x_wconf 66' lang='lat' dir='ltr'><strong><em>veritatis</em></strong></span> 
     </span>
    </p>
   </div>
   <div class='ocr_carea' id='block_1_68' title="bbox 222 3891 1827 3964">
    <p class='ocr_par' dir='ltr' id='par_1_68' title="bbox 222 3891 1827 3964">
     <span class='ocr_line' id='line_1_68' title="bbox 222 3891 1827 3964; baseline -0.002 -13"><span class='ocrx_word' id='word_1_429' title='bbox 222 3896 400 3952; x_wconf 75' lang='lat' dir='ltr'><strong><em>fuisse</em></strong></span> <span class='ocrx_word' id='word_1_430' title='bbox 428 3894 732 3964; x_wconf 89' lang='lat' dir='ltr'><strong><em>doctorem,</em></strong></span> <span class='ocrx_word' id='word_1_431' title='bbox 756 3894 1019 3950; x_wconf 89' lang='lat' dir='ltr'><strong><em>adversus</em></strong></span> <span class='ocrx_word' id='word_1_432' title='bbox 1050 3894 1447 3949; x_wconf 78' lang='lat' dir='ltr'><strong><em>obtrectatores</em></strong></span> <span class='ocrx_word' id='word_1_433' title='bbox 1492 3892 1693 3948; x_wconf 86' lang='lat' dir='ltr'><strong><em>veteris</em></strong></span> <span class='ocrx_word' id='word_1_434' title='bbox 1724 3891 1827 3948; x_wconf 74' lang='grc' dir='ltr'><strong><em>Τε-</em></strong></span> 
     </span>
    </p>
   </div>
   <div class='ocr_carea' id='block_1_69' title="bbox 224 3992 1053 4047">
    <p class='ocr_par' dir='ltr' id='par_1_69' title="bbox 224 3992 1053 4047">
     <span class='ocr_line' id='line_1_69' title="bbox 224 3992 1053 4047; baseline -0.006 -1"><span class='ocrx_word' id='word_1_435' title='bbox 224 3992 511 4047; x_wconf 74' lang='lat' dir='ltr'><strong><em>sumenti.</em></strong></span> <span class='ocrx_word' id='word_1_436' title='bbox 1048 3996 1053 3999; x_wconf 87' lang='lat'>&#39;</span> 
     </span>
    </p>
   </div>
   <div class='ocr_carea' id='block_1_70' title="bbox 300 4076 1828 4151">
    <p class='ocr_par' dir='ltr' id='par_1_70' title="bbox 300 4076 1828 4151">
     <span class='ocr_line' id='line_1_70' title="bbox 300 4076 1828 4151; baseline -0.004 -13"><span class='ocrx_word' id='word_1_437' title='bbox 300 4083 554 4139; x_wconf 83' lang='lat' dir='ltr'><strong><em>Homines</em></strong></span> <span class='ocrx_word' id='word_1_438' title='bbox 583 4081 813 4151; x_wconf 87' lang='lat' dir='ltr'><strong><em>corrupti</em></strong></span> <span class='ocrx_word' id='word_1_439' title='bbox 841 4090 1006 4136; x_wconf 88' lang='lat' dir='ltr'><strong><em>mente</em></strong></span> <span class='ocrx_word' id='word_1_440' title='bbox 1043 4094 1060 4134; x_wconf 87' lang='lat'><strong><em>:</em></strong></span> <span class='ocrx_word' id='word_1_441' title='bbox 1087 4079 1292 4150; x_wconf 88' lang='lat' dir='ltr'><strong><em>reprobi</em></strong></span> <span class='ocrx_word' id='word_1_442' title='bbox 1323 4080 1463 4132; x_wconf 90' lang='lat' dir='ltr'><strong><em>circa</em></strong></span> <span class='ocrx_word' id='word_1_443' title='bbox 1488 4077 1662 4148; x_wconf 79' lang='lat' dir='ltr'><strong><em>ﬁdem.</em></strong></span> <span class='ocrx_word' id='word_1_444' title='bbox 1695 4076 1828 4132; x_wconf 84' lang='lat' dir='ltr'><strong><em>Tam</em></strong></span> 
     </span>
    </p>
   </div>
   <div class='ocr_carea' id='block_1_71' title="bbox 221 4172 1593 4246">
    <p class='ocr_par' dir='ltr' id='par_1_71' title="bbox 221 4172 1593 4246">
     <span class='ocr_line' id='line_1_71' title="bbox 221 4172 1593 4246; baseline -0.007 -12"><span class='ocrx_word' id='word_1_445' title='bbox 221 4177 476 4234; x_wconf 89' lang='lat' dir='ltr'><strong><em>moribus</em></strong></span> <span class='ocrx_word' id='word_1_446' title='bbox 504 4175 769 4246; x_wconf 88' lang='lat' dir='ltr'><strong><em>corrupti,</em></strong></span> <span class='ocrx_word' id='word_1_447' title='bbox 791 4190 951 4245; x_wconf 91' lang='lat' dir='ltr'><strong><em>quam</em></strong></span> <span class='ocrx_word' id='word_1_448' title='bbox 978 4174 1123 4229; x_wconf 87' lang='lat' dir='ltr'><strong><em>circa</em></strong></span> <span class='ocrx_word' id='word_1_449' title='bbox 1156 4172 1316 4228; x_wconf 84' lang='lat' dir='ltr'><strong><em>ﬁdem</em></strong></span> <span class='ocrx_word' id='word_1_450' title='bbox 1352 4172 1593 4242; x_wconf 85' lang='lat' dir='ltr'><strong><em>reprobi.</em></strong></span> 
     </span>
    </p>
   </div>
   <div class='ocr_carea' id='block_1_72' title="bbox 296 4262 1828 4339">
    <p class='ocr_par' dir='ltr' id='par_1_72' title="bbox 296 4262 1828 4339">
     <span class='ocr_line' id='line_1_72' title="bbox 296 4262 1828 4339; baseline -0.003 -15"><span class='ocrx_word' id='word_1_451' title='bbox 296 4270 406 4325; x_wconf 87' lang='lat' dir='ltr'><strong><em>Sed</em></strong></span> <span class='ocrx_word' id='word_1_452' title='bbox 447 4269 585 4322; x_wconf 89' lang='lat' dir='ltr'><strong><em>ultra</em></strong></span> <span class='ocrx_word' id='word_1_453' title='bbox 632 4284 735 4321; x_wconf 87' lang='lat' dir='ltr'><strong><em>non</em></strong></span> <span class='ocrx_word' id='word_1_454' title='bbox 779 4266 1069 4339; x_wconf 82' lang='lat' dir='ltr'><strong><em>proﬁcient.</em></strong></span> <span class='ocrx_word' id='word_1_455' title='bbox 1118 4265 1196 4319; x_wconf 88' lang='lat' dir='ltr'><strong><em>De</em></strong></span> <span class='ocrx_word' id='word_1_456' title='bbox 1260 4263 1512 4319; x_wconf 88' lang='lat' dir='ltr'><strong><em>omnibus</em></strong></span> <span class='ocrx_word' id='word_1_457' title='bbox 1557 4262 1828 4319; x_wconf 63' lang='lat' dir='ltr'><strong><em>haereticis</em></strong></span> 
     </span>
    </p>
   </div>
   <div class='ocr_carea' id='block_1_73' title="bbox 219 4357 1825 4430">
    <p class='ocr_par' dir='ltr' id='par_1_73' title="bbox 219 4357 1825 4430">
     <span class='ocr_line' id='line_1_73' title="bbox 219 4357 1825 4430; baseline -0.004 -11"><span class='ocrx_word' id='word_1_458' title='bbox 219 4364 355 4419; x_wconf 91' lang='lat' dir='ltr'><strong><em>dicit</em></strong></span> <span class='ocrx_word' id='word_1_459' title='bbox 396 4380 410 4417; x_wconf 93' lang='lat'><strong>:</strong></span> <span class='ocrx_word' id='word_1_460' title='bbox 444 4361 538 4418; x_wconf 88' lang='lat' dir='ltr'><strong><em>sed</em></strong></span> <span class='ocrx_word' id='word_1_461' title='bbox 567 4362 637 4419; x_wconf 93' lang='lat' dir='ltr'><strong><em>de</em></strong></span> <span class='ocrx_word' id='word_1_462' title='bbox 667 4361 750 4416; x_wconf 91' lang='lat' dir='ltr'><strong><em>his</em></strong></span> <span class='ocrx_word' id='word_1_463' title='bbox 790 4375 927 4430; x_wconf 91' lang='lat' dir='ltr'><strong><em>quos</em></strong></span> <span class='ocrx_word' id='word_1_464' title='bbox 958 4368 1085 4415; x_wconf 90' lang='lat' dir='ltr'><strong><em>tunc</em></strong></span> <span class='ocrx_word' id='word_1_465' title='bbox 1114 4359 1223 4415; x_wconf 88' lang='lat' dir='ltr'><strong><em>cito</em></strong></span> <span class='ocrx_word' id='word_1_466' title='bbox 1255 4368 1483 4414; x_wconf 89' lang='lat' dir='ltr'><strong><em>noverat</em></strong></span> <span class='ocrx_word' id='word_1_467' title='bbox 1525 4357 1579 4413; x_wconf 92' lang='lat' dir='ltr'><strong><em>in</em></strong></span> <span class='ocrx_word' id='word_1_468' title='bbox 1632 4357 1825 4428; x_wconf 90' lang='lat' dir='ltr'><strong><em>spiritu</em></strong></span> 
     </span>
    </p>
   </div>
   <div class='ocr_carea' id='block_1_74' title="bbox 218 4452 1825 4526">
    <p class='ocr_par' dir='ltr' id='par_1_74' title="bbox 218 4452 1825 4526">
     <span class='ocr_line' id='line_1_74' title="bbox 218 4452 1825 4526; baseline -0.004 -12"><span class='ocrx_word' id='word_1_469' title='bbox 218 4456 608 4515; x_wconf 86' lang='lat' dir='ltr'><strong><em>destruendos.</em></strong></span> <span class='ocrx_word' id='word_1_470' title='bbox 661 4457 929 4512; x_wconf 68' lang='lat' dir='ltr'><strong><em>Cmterum</em></strong></span> <span class='ocrx_word' id='word_1_471' title='bbox 982 4456 1101 4526; x_wconf 90' lang='lat' dir='ltr'><strong><em>ipse</em></strong></span> <span class='ocrx_word' id='word_1_472' title='bbox 1159 4452 1382 4511; x_wconf 81' lang='lat' dir='ltr'><strong><em>inferius</em></strong></span> <span class='ocrx_word' id='word_1_473' title='bbox 1448 4454 1707 4525; x_wconf 91' lang='lat' dir='ltr'><strong><em>quosdam</em></strong></span> <span class='ocrx_word' id='word_1_474' title='bbox 1772 4453 1825 4508; x_wconf 91' lang='lat' dir='ltr'><strong><em>in</em></strong></span> 
     </span>
    </p>
   </div>
   <div class='ocr_carea' id='block_1_75' title="bbox 219 4547 1007 4623">
    <p class='ocr_par' dir='ltr' id='par_1_75' title="bbox 219 4547 1007 4623">
     <span class='ocr_line' id='line_1_75' title="bbox 219 4547 1007 4623; baseline -0.003 -18"><span class='ocrx_word' id='word_1_475' title='bbox 219 4552 376 4623; x_wconf 73' lang='lat' dir='ltr'><strong><em>pejus</em></strong></span> <span class='ocrx_word' id='word_1_476' title='bbox 409 4549 706 4621; x_wconf 79' lang='lat' dir='ltr'><strong><em>profecisse</em></strong></span> <span class='ocrx_word' id='word_1_477' title='bbox 736 4547 1007 4620; x_wconf 59' lang='lat' dir='ltr'><strong><em>praedixit.</em></strong></span> 
     </span>
    </p>
   </div>
   <div class='ocr_carea' id='block_1_76' title="bbox 292 4638 1820 4713">
    <p class='ocr_par' dir='ltr' id='par_1_76' title="bbox 292 4638 1820 4713">
     <span class='ocr_line' id='line_1_76' title="bbox 292 4638 1820 4713; baseline -0.005 -14"><span class='ocrx_word' id='word_1_478' title='bbox 292 4644 604 4713; x_wconf 83' lang='lat' dir='ltr'><strong><em>Insipientia</em></strong></span> <span class='ocrx_word' id='word_1_479' title='bbox 625 4643 761 4697; x_wconf 89' lang='lat' dir='ltr'><strong><em>enim</em></strong></span> <span class='ocrx_word' id='word_1_480' title='bbox 787 4655 960 4696; x_wconf 89' lang='lat' dir='ltr'><strong><em>eorum</em></strong></span> <span class='ocrx_word' id='word_1_481' title='bbox 978 4640 1258 4711; x_wconf 82' lang='lat' dir='ltr'><strong><em>manifesta</em></strong></span> <span class='ocrx_word' id='word_1_482' title='bbox 1285 4640 1383 4694; x_wconf 88' lang='lat' dir='ltr'><strong><em>erit</em></strong></span> <span class='ocrx_word' id='word_1_483' title='bbox 1411 4639 1647 4694; x_wconf 88' lang='lat' dir='ltr'><strong><em>omnibus</em></strong></span> <span class='ocrx_word' id='word_1_484' title='bbox 1674 4653 1689 4691; x_wconf 91' lang='lat'><strong><em>:</em></strong></span> <span class='ocrx_word' id='word_1_485' title='bbox 1717 4638 1820 4693; x_wconf 89' lang='lat' dir='ltr'><strong><em>sic-</em></strong></span> 
     </span>
    </p>
   </div>
   <div class='ocr_carea' id='block_1_77' title="bbox 218 4709 1906 4809">
    <p class='ocr_par' dir='ltr' id='par_1_77' title="bbox 218 4709 1906 4809">
     <span class='ocr_line' id='line_1_77' title="bbox 218 4709 1906 4809; baseline -0.004 -17"><span class='ocrx_word' id='word_1_486' title='bbox 218 4748 272 4792; x_wconf 89' lang='lat' dir='ltr'><strong><em>ut</em></strong></span> <span class='ocrx_word' id='word_1_487' title='bbox 314 4746 362 4791; x_wconf 90' lang='lat' dir='ltr'><strong><em>et</em></strong></span> <span class='ocrx_word' id='word_1_488' title='bbox 404 4709 615 4790; x_wconf 85' lang='lat' dir='ltr'><strong><em>illorum</em></strong></span> <span class='ocrx_word' id='word_1_489' title='bbox 651 4736 771 4809; x_wconf 78' lang='lat' dir='ltr'><strong><em>fuit.</em></strong></span> <span class='ocrx_word' id='word_1_490' title='bbox 821 4733 1064 4791; x_wconf 79' lang='lat' dir='ltr'><strong><em>Confessi</em></strong></span> <span class='ocrx_word' id='word_1_491' title='bbox 1111 4709 1240 4789; x_wconf 83' lang='lat' dir='ltr'><strong><em>sunt</em></strong></span> <span class='ocrx_word' id='word_1_492' title='bbox 1279 4746 1340 4789; x_wconf 93' lang='lat' dir='ltr'><strong><em>se</em></strong></span> <span class='ocrx_word' id='word_1_493' title='bbox 1386 4731 1483 4788; x_wconf 89' lang='lat' dir='ltr'><strong><em>Dei</em></strong></span> <span class='ocrx_word' id='word_1_494' title='bbox 1516 4730 1682 4803; x_wconf 79' lang='lat' dir='ltr'><strong><em>digito</em></strong></span> <span class='ocrx_word' id='word_1_495' title='bbox 1727 4745 1816 4787; x_wconf 87' lang='lat' dir='ltr'><strong><em>su-</em></strong></span> <span class='ocrx_word' id='word_1_496' title='bbox 1849 4709 1906 4771; x_wconf 85' lang='grc' dir='ltr'><strong><em>Ῑ)</em></strong></span> 
     </span>
    </p>
   </div>
   <div class='ocr_carea' id='block_1_78' title="bbox 218 4840 464 4901">
    <p class='ocr_par' dir='ltr' id='par_1_78' title="bbox 218 4840 464 4901">
     <span class='ocr_line' id='line_1_78' title="bbox 218 4840 464 4901; baseline -0.004 -16"><span class='ocrx_word' id='word_1_497' title='bbox 218 4840 464 4901; x_wconf 87' lang='lat' dir='ltr'><strong><em>peratos.</em></strong></span> 
     </span>
    </p>
   </div>
   <div class='ocr_carea' id='block_1_79' title="bbox 288 4918 1824 4995">
    <p class='ocr_par' dir='ltr' id='par_1_79' title="bbox 288 4918 1824 4995">
     <span class='ocr_line' id='line_1_79' title="bbox 288 4918 1824 4995; baseline -0.003 -18"><span class='ocrx_word' id='word_1_498' title='bbox 288 4921 582 4995; x_wconf 37' lang='lat' dir='ltr'><strong><em>Tu&#39;autem</em></strong></span> <span class='ocrx_word' id='word_1_499' title='bbox 612 4930 875 4977; x_wconf 85' lang='lat' dir='ltr'><strong><em>assecutus</em></strong></span> <span class='ocrx_word' id='word_1_500' title='bbox 905 4938 956 4975; x_wconf 93' lang='lat' dir='ltr'><strong><em>es</em></strong></span> <span class='ocrx_word' id='word_1_501' title='bbox 998 4935 1163 4973; x_wconf 89' lang='lat' dir='ltr'><strong><em>meam</em></strong></span> <span class='ocrx_word' id='word_1_502' title='bbox 1192 4919 1498 4985; x_wconf 87' lang='lat' dir='ltr'><strong><em>doctrinam,</em></strong></span> <span class='ocrx_word' id='word_1_503' title='bbox 1541 4918 1824 4973; x_wconf 89' lang='lat' dir='ltr'><strong><em>institutio-</em></strong></span> 
     </span>
    </p>
   </div>
   <div class='ocr_carea' id='block_1_80' title="bbox 216 5011 1822 5086">
    <p class='ocr_par' dir='ltr' id='par_1_80' title="bbox 216 5011 1822 5086">
     <span class='ocr_line' id='line_1_80' title="bbox 216 5011 1822 5086; baseline -0.004 -14"><span class='ocrx_word' id='word_1_504' title='bbox 216 5032 358 5085; x_wconf 86' lang='lat' dir='ltr'><strong><em>nem,</em></strong></span> <span class='ocrx_word' id='word_1_505' title='bbox 410 5016 753 5086; x_wconf 80' lang='lat' dir='ltr'><strong><em>prOpositum,</em></strong></span> <span class='ocrx_word' id='word_1_506' title='bbox 809 5014 995 5083; x_wconf 86' lang='lat' dir='ltr'><strong><em>ﬁdem,</em></strong></span> <span class='ocrx_word' id='word_1_507' title='bbox 1042 5012 1526 5085; x_wconf 88' lang='lat' dir='ltr'><strong><em>longanimitatem,</em></strong></span> <span class='ocrx_word' id='word_1_508' title='bbox 1586 5011 1822 5065; x_wconf 87' lang='lat' dir='ltr'><strong><em>dilectio-</em></strong></span> 
     </span>
    </p>
   </div>
   <div class='ocr_carea' id='block_1_81' title="bbox 216 5104 1820 5176">
    <p class='ocr_par' dir='ltr' id='par_1_81' title="bbox 216 5104 1820 5176">
     <span class='ocr_line' id='line_1_81' title="bbox 216 5104 1820 5176; baseline -0.004 -11"><span class='ocrx_word' id='word_1_509' title='bbox 216 5127 355 5175; x_wconf 88' lang='lat' dir='ltr'><strong><em>nem,</em></strong></span> <span class='ocrx_word' id='word_1_510' title='bbox 394 5110 713 5176; x_wconf 87' lang='lat' dir='ltr'><strong><em>patientiam.</em></strong></span> <span class='ocrx_word' id='word_1_511' title='bbox 752 5108 879 5164; x_wconf 86' lang='lat' dir='ltr'><strong><em>Plus</em></strong></span> <span class='ocrx_word' id='word_1_512' title='bbox 912 5106 1005 5162; x_wconf 86' lang='lat' dir='ltr'><strong><em>tibi</em></strong></span> <span class='ocrx_word' id='word_1_513' title='bbox 1029 5106 1192 5162; x_wconf 87' lang='lat' dir='ltr'><strong><em>crede</em></strong></span> <span class='ocrx_word' id='word_1_514' title='bbox 1218 5105 1285 5161; x_wconf 91' lang='lat' dir='ltr'><strong><em>de</em></strong></span> <span class='ocrx_word' id='word_1_515' title='bbox 1323 5120 1429 5173; x_wconf 90' lang='lat' dir='ltr'><strong><em>me,</em></strong></span> <span class='ocrx_word' id='word_1_516' title='bbox 1462 5119 1623 5175; x_wconf 85' lang='lat' dir='ltr'><strong><em>quam</em></strong></span> <span class='ocrx_word' id='word_1_517' title='bbox 1668 5104 1777 5159; x_wconf 89' lang='lat' dir='ltr'><strong><em>illis</em></strong></span> <span class='ocrx_word' id='word_1_518' title='bbox 1806 5120 1820 5158; x_wconf 89' lang='lat'><strong>:</strong></span> 
     </span>
    </p>
   </div>
   <div class='ocr_carea' id='block_1_82' title="bbox 213 5193 1819 5267">
    <p class='ocr_par' dir='ltr' id='par_1_82' title="bbox 213 5193 1819 5267">
     <span class='ocr_line' id='line_1_82' title="bbox 213 5193 1819 5267; baseline -0.004 -10"><span class='ocrx_word' id='word_1_519' title='bbox 213 5202 336 5259; x_wconf 86' lang='lat' dir='ltr'><strong><em>sive</em></strong></span> <span class='ocrx_word' id='word_1_520' title='bbox 367 5201 574 5256; x_wconf 90' lang='lat' dir='ltr'><strong><em>ideirco</em></strong></span> <span class='ocrx_word' id='word_1_521' title='bbox 601 5200 695 5255; x_wconf 87' lang='lat' dir='ltr'><strong><em>tibi</em></strong></span> <span class='ocrx_word' id='word_1_522' title='bbox 738 5215 845 5255; x_wconf 91' lang='lat' dir='ltr'><strong><em>non</em></strong></span> <span class='ocrx_word' id='word_1_523' title='bbox 882 5199 1065 5265; x_wconf 89' lang='lat' dir='ltr'><strong><em>timeo,</em></strong></span> <span class='ocrx_word' id='word_1_524' title='bbox 1101 5196 1225 5267; x_wconf 85' lang='lat' dir='ltr'><strong><em>quia</em></strong></span> <span class='ocrx_word' id='word_1_525' title='bbox 1268 5196 1381 5251; x_wconf 91' lang='lat' dir='ltr'><strong><em>scio</em></strong></span> <span class='ocrx_word' id='word_1_526' title='bbox 1425 5204 1477 5251; x_wconf 90' lang='lat' dir='ltr'><strong><em>te</em></strong></span> <span class='ocrx_word' id='word_1_527' title='bbox 1513 5193 1819 5251; x_wconf 88' lang='lat' dir='ltr'><strong><em>doctrinam</em></strong></span> 
     </span>
    </p>
   </div>
   <div class='ocr_carea' id='block_1_83' title="bbox 215 5291 1383 5363">
    <p class='ocr_par' dir='ltr' id='par_1_83' title="bbox 215 5291 1383 5363">
     <span class='ocr_line' id='line_1_83' title="bbox 215 5291 1383 5363; baseline -0.006 -10"><span class='ocrx_word' id='word_1_528' title='bbox 215 5306 273 5353; x_wconf 90' lang='lat' dir='ltr'><strong><em>et</em></strong></span> <span class='ocrx_word' id='word_1_529' title='bbox 302 5296 561 5351; x_wconf 87' lang='lat' dir='ltr'><strong><em>virtutem</em></strong></span> <span class='ocrx_word' id='word_1_530' title='bbox 592 5309 771 5349; x_wconf 89' lang='lat' dir='ltr'><strong><em>meam</em></strong></span> <span class='ocrx_word' id='word_1_531' title='bbox 803 5294 1008 5363; x_wconf 83' lang='lat' dir='ltr'><strong><em>Optime</em></strong></span> <span class='ocrx_word' id='word_1_532' title='bbox 1036 5291 1383 5363; x_wconf 81' lang='lat' dir='ltr'><strong><em>cognovisse.</em></strong></span> 
     </span>
    </p>
   </div>
   <div class='ocr_carea' id='block_1_84' title="bbox 290 5383 1820 5457">
    <p class='ocr_par' dir='ltr' id='par_1_84' title="bbox 290 5383 1820 5457">
     <span class='ocr_line' id='line_1_84' title="bbox 290 5383 1820 5457; baseline -0.003 -15"><span class='ocrx_word' id='word_1_533' title='bbox 290 5386 707 5452; x_wconf 82' lang='lat' dir='ltr'><strong><em>Persecutiones,</em></strong></span> <span class='ocrx_word' id='word_1_534' title='bbox 761 5386 1027 5457; x_wconf 89' lang='lat' dir='ltr'><strong><em>passiones</em></strong></span> <span class='ocrx_word' id='word_1_535' title='bbox 1070 5401 1089 5439; x_wconf 90' lang='lat'><strong><em>:</em></strong></span> <span class='ocrx_word' id='word_1_536' title='bbox 1119 5386 1292 5455; x_wconf 90' lang='lat' dir='ltr'><strong><em>qualia</em></strong></span> <span class='ocrx_word' id='word_1_537' title='bbox 1334 5383 1460 5438; x_wconf 89' lang='lat' dir='ltr'><strong><em>mihi</em></strong></span> <span class='ocrx_word' id='word_1_538' title='bbox 1514 5387 1655 5456; x_wconf 80' lang='lat' dir='ltr'><strong><em>facta</em></strong></span> <span class='ocrx_word' id='word_1_539' title='bbox 1703 5394 1820 5438; x_wconf 87' lang='lat' dir='ltr'><strong><em>sunt</em></strong></span> 
     </span>
    </p>
   </div>
   <div class='ocr_carea' id='block_1_85' title="bbox 214 5478 1821 5552">
    <p class='ocr_par' dir='ltr' id='par_1_85' title="bbox 214 5478 1821 5552">
     <span class='ocr_line' id='line_1_85' title="bbox 214 5478 1821 5552; baseline -0.003 -14"><span class='ocrx_word' id='word_1_540' title='bbox 214 5481 530 5547; x_wconf 84' lang='lat' dir='ltr'><strong><em>Antiochite,</em></strong></span> <span class='ocrx_word' id='word_1_541' title='bbox 559 5478 751 5549; x_wconf 85' lang='lat' dir='ltr'><strong><em>Iconii,</em></strong></span> <span class='ocrx_word' id='word_1_542' title='bbox 791 5479 992 5552; x_wconf 78' lang='lat' dir='ltr'><strong><em>Lgstris</em></strong></span> <span class='ocrx_word' id='word_1_543' title='bbox 1024 5495 1043 5534; x_wconf 89' lang='lat'><em>:</em></span> <span class='ocrx_word' id='word_1_544' title='bbox 1070 5480 1246 5551; x_wconf 87' lang='lat' dir='ltr'><strong><em>quales</em></strong></span> <span class='ocrx_word' id='word_1_545' title='bbox 1290 5478 1668 5548; x_wconf 88' lang='lat' dir='ltr'><strong><em>persecutiones</em></strong></span> <span class='ocrx_word' id='word_1_546' title='bbox 1707 5495 1821 5533; x_wconf 90' lang='lat' dir='ltr'><strong><em>sus-</em></strong></span> 
     </span>
    </p>
   </div>
   <div class='ocr_carea' id='block_1_86' title="bbox 216 5571 1819 5644">
    <p class='ocr_par' dir='ltr' id='par_1_86' title="bbox 216 5571 1819 5644">
     <span class='ocr_line' id='line_1_86' title="bbox 216 5571 1819 5644; baseline -0.001 -15"><span class='ocrx_word' id='word_1_547' title='bbox 216 5575 375 5630; x_wconf 87' lang='lat' dir='ltr'><strong><em>tinui.</em></strong></span> <span class='ocrx_word' id='word_1_548' title='bbox 419 5572 499 5628; x_wconf 80' lang='lat' dir='ltr'><strong><em>Ex</em></strong></span> <span class='ocrx_word' id='word_1_549' title='bbox 543 5574 625 5628; x_wconf 92' lang='lat' dir='ltr'><strong><em>his</em></strong></span> <span class='ocrx_word' id='word_1_550' title='bbox 651 5573 873 5644; x_wconf 90' lang='lat' dir='ltr'><strong><em>potuisti</em></strong></span> <span class='ocrx_word' id='word_1_551' title='bbox 904 5584 1233 5644; x_wconf 89' lang='lat' dir='ltr'><strong><em>cognoscere</em></strong></span> <span class='ocrx_word' id='word_1_552' title='bbox 1254 5614 1268 5639; x_wconf 94' lang='lat'><strong><em>,</em></strong></span> <span class='ocrx_word' id='word_1_553' title='bbox 1304 5588 1387 5627; x_wconf 92' lang='lat' dir='ltr'><strong><em>me</em></strong></span> <span class='ocrx_word' id='word_1_554' title='bbox 1418 5571 1551 5627; x_wconf 87' lang='lat' dir='ltr'><strong><em>nihil</em></strong></span> <span class='ocrx_word' id='word_1_555' title='bbox 1598 5581 1819 5643; x_wconf 88' lang='lat' dir='ltr'><strong><em>propter</em></strong></span> 
     </span>
    </p>
   </div>
   <div class='ocr_carea' id='block_1_87' title="bbox 215 5664 1419 5738">
    <p class='ocr_par' dir='ltr' id='par_1_87' title="bbox 215 5664 1419 5738">
     <span class='ocr_line' id='line_1_87' title="bbox 215 5664 1419 5738; baseline -0.006 -14"><span class='ocrx_word' id='word_1_556' title='bbox 215 5664 477 5726; x_wconf 84' lang='lat' dir='ltr'><strong><em>hemines</em></strong></span> <span class='ocrx_word' id='word_1_557' title='bbox 504 5668 708 5734; x_wconf 82' lang='lat' dir='ltr'><strong><em>facere,</em></strong></span> <span class='ocrx_word' id='word_1_558' title='bbox 739 5668 864 5738; x_wconf 89' lang='lat' dir='ltr'><strong><em>quia</em></strong></span> <span class='ocrx_word' id='word_1_559' title='bbox 890 5676 1037 5721; x_wconf 89' lang='lat' dir='ltr'><strong><em>tanta</em></strong></span> <span class='ocrx_word' id='word_1_560' title='bbox 1063 5680 1181 5721; x_wconf 89' lang='lat' dir='ltr'><strong><em>sum</em></strong></span> <span class='ocrx_word' id='word_1_561' title='bbox 1210 5679 1419 5735; x_wconf 84' lang='lat' dir='ltr'><strong><em>passus.</em></strong></span> 
     </span>
    </p>
   </div>
   <div class='ocr_carea' id='block_1_88' title="bbox 288 5757 1816 5833">
    <p class='ocr_par' dir='ltr' id='par_1_88' title="bbox 288 5757 1816 5833">
     <span class='ocr_line' id='line_1_88' title="bbox 288 5757 1816 5833; baseline 0 -17"><span class='ocrx_word' id='word_1_562' title='bbox 288 5761 359 5816; x_wconf 80' lang='lat' dir='ltr'><strong><em>Et</em></strong></span> <span class='ocrx_word' id='word_1_563' title='bbox 407 5778 472 5816; x_wconf 79' lang='lat' dir='ltr'><strong><em>ea:</em></strong></span> <span class='ocrx_word' id='word_1_564' title='bbox 497 5761 732 5816; x_wconf 86' lang='lat' dir='ltr'><strong><em>omnibus</em></strong></span> <span class='ocrx_word' id='word_1_565' title='bbox 773 5761 961 5833; x_wconf 87' lang='lat' dir='ltr'><strong><em>eripuit</em></strong></span> <span class='ocrx_word' id='word_1_566' title='bbox 1014 5775 1093 5815; x_wconf 88' lang='lat' dir='ltr'><strong><em>me</em></strong></span> <span class='ocrx_word' id='word_1_567' title='bbox 1140 5757 1418 5814; x_wconf 87' lang='lat' dir='ltr'><strong><em>Dominus.</em></strong></span> <span class='ocrx_word' id='word_1_568' title='bbox 1464 5758 1542 5816; x_wconf 85' lang='lat' dir='ltr'><strong><em>Ita</em></strong></span> <span class='ocrx_word' id='word_1_569' title='bbox 1578 5768 1632 5815; x_wconf 87' lang='lat' dir='ltr'><strong><em>et</em></strong></span> <span class='ocrx_word' id='word_1_570' title='bbox 1675 5768 1728 5816; x_wconf 90' lang='lat' dir='ltr'><strong><em>te</em></strong></span> <span class='ocrx_word' id='word_1_571' title='bbox 1748 5758 1816 5816; x_wconf 87' lang='lat' dir='ltr'><strong><em>de</em></strong></span> 
     </span>
    </p>
   </div>
   <div class='ocr_carea' id='block_1_89' title="bbox 215 5853 1096 5925">
    <p class='ocr_par' dir='ltr' id='par_1_89' title="bbox 215 5853 1096 5925">
     <span class='ocr_line' id='line_1_89' title="bbox 215 5853 1096 5925; baseline -0.001 -15"><span class='ocrx_word' id='word_1_572' title='bbox 215 5854 477 5911; x_wconf 89' lang='lat' dir='ltr'><strong><em>omnibus</em></strong></span> <span class='ocrx_word' id='word_1_573' title='bbox 506 5853 723 5924; x_wconf 90' lang='lat' dir='ltr'><strong><em>eripiet,</em></strong></span> <span class='ocrx_word' id='word_1_574' title='bbox 754 5854 799 5909; x_wconf 90' lang='lat' dir='ltr'><strong><em>si</em></strong></span> <span class='ocrx_word' id='word_1_575' title='bbox 827 5853 1096 5925; x_wconf 87' lang='lat' dir='ltr'><strong><em>sequaris.</em></strong></span> 
     </span>
    </p>
   </div>
   <div class='ocr_carea' id='block_1_90' title="bbox 288 5948 1807 6022">
    <p class='ocr_par' dir='ltr' id='par_1_90' title="bbox 288 5948 1807 6022">
     <span class='ocr_line' id='line_1_90' title="bbox 288 5948 1807 6022; baseline 0.001 -18"><span class='ocrx_word' id='word_1_576' title='bbox 288 5948 359 6004; x_wconf 84' lang='lat' dir='ltr'><strong><em>Et</em></strong></span> <span class='ocrx_word' id='word_1_577' title='bbox 414 5965 588 6007; x_wconf 84' lang='lat' dir='ltr'><strong><em>omnes</em></strong></span> <span class='ocrx_word' id='word_1_578' title='bbox 636 5950 723 6019; x_wconf 87' lang='lat' dir='ltr'><strong><em>qui</em></strong></span> <span class='ocrx_word' id='word_1_579' title='bbox 752 5950 833 6021; x_wconf 90' lang='lat' dir='ltr'><strong><em>pie</em></strong></span> <span class='ocrx_word' id='word_1_580' title='bbox 877 5948 1055 6006; x_wconf 81' lang='lat' dir='ltr'><strong><em>volunt</em></strong></span> <span class='ocrx_word' id='word_1_581' title='bbox 1100 5950 1261 6006; x_wconf 87' lang='lat' dir='ltr'><strong><em>vivere</em></strong></span> <span class='ocrx_word' id='word_1_582' title='bbox 1300 5950 1354 6005; x_wconf 91' lang='lat' dir='ltr'><strong><em>in</em></strong></span> <span class='ocrx_word' id='word_1_583' title='bbox 1396 5948 1602 6008; x_wconf 86' lang='lat' dir='ltr'><strong><em>Christo</em></strong></span> <span class='ocrx_word' id='word_1_584' title='bbox 1656 5948 1807 6022; x_wconf 69' lang='lat' dir='ltr'><strong><em>Iesu,</em></strong></span> 
     </span>
    </p>
   </div>
   <div class='ocr_carea' id='block_1_91' title="bbox 1940 3438 3156 3518">
    <p class='ocr_par' dir='ltr' id='par_1_91' title="bbox 1940 3438 3156 3518">
     <span class='ocr_line' id='line_1_91' title="bbox 1940 3438 3156 3518; baseline -0.008 -16"><span class='ocrx_word' id='word_1_585' title='bbox 1940 3447 2062 3518; x_wconf 88' lang='lat' dir='ltr'><strong><em>quia</em></strong></span> <span class='ocrx_word' id='word_1_586' title='bbox 2091 3448 2247 3502; x_wconf 86' lang='lat' dir='ltr'><strong><em>vivos</em></strong></span> <span class='ocrx_word' id='word_1_587' title='bbox 2280 3446 2546 3510; x_wconf 87' lang='lat' dir='ltr'><strong><em>inveniet,</em></strong></span> <span class='ocrx_word' id='word_1_588' title='bbox 2579 3448 2824 3498; x_wconf 89' lang='lat' dir='ltr'><strong><em>mortuos</em></strong></span> <span class='ocrx_word' id='word_1_589' title='bbox 2850 3438 3156 3494; x_wconf 88' lang='lat' dir='ltr'><strong><em>suseitabit.</em></strong></span> 
     </span>
    </p>
   </div>
   <div class='ocr_carea' id='block_1_92' title="bbox 2012 3529 3548 3606">
    <p class='ocr_par' dir='ltr' id='par_1_92' title="bbox 2012 3529 3548 3606">
     <span class='ocr_line' id='line_1_92' title="bbox 2012 3529 3548 3606; baseline -0.007 -12"><span class='ocrx_word' id='word_1_590' title='bbox 2012 3539 2250 3594; x_wconf 77' lang='lat' dir='ltr'><strong><em>Prwdica</em></strong></span> <span class='ocrx_word' id='word_1_591' title='bbox 2280 3538 2488 3594; x_wconf 84' lang='lat' dir='ltr'><strong><em>verbum</em></strong></span> <span class='ocrx_word' id='word_1_592' title='bbox 2527 3552 2545 3590; x_wconf 93' lang='lat'><strong><em>:</em></strong></span> <span class='ocrx_word' id='word_1_593' title='bbox 2580 3536 2717 3591; x_wconf 87' lang='lat' dir='ltr'><strong><em>insta</em></strong></span> <span class='ocrx_word' id='word_1_594' title='bbox 2742 3542 3052 3606; x_wconf 83' lang='lat' dir='ltr'><strong><em>Opportune,</em></strong></span> <span class='ocrx_word' id='word_1_595' title='bbox 3087 3532 3403 3601; x_wconf 86' lang='lat' dir='ltr'><strong><em>importune.</em></strong></span> <span class='ocrx_word' id='word_1_596' title='bbox 3436 3529 3548 3597; x_wconf 90' lang='lat' dir='ltr'><strong><em>Op-</em></strong></span> 
     </span>
    </p>
   </div>
   <div class='ocr_carea' id='block_1_93' title="bbox 1939 3626 3542 3700">
    <p class='ocr_par' dir='ltr' id='par_1_93' title="bbox 1939 3626 3542 3700">
     <span class='ocr_line' id='line_1_93' title="bbox 1939 3626 3542 3700; baseline -0.007 -13"><span class='ocrx_word' id='word_1_597' title='bbox 1939 3641 2227 3700; x_wconf 89' lang='lat' dir='ltr'><strong><em>portunum</em></strong></span> <span class='ocrx_word' id='word_1_598' title='bbox 2272 3640 2384 3699; x_wconf 90' lang='lat' dir='ltr'><strong><em>est,</em></strong></span> <span class='ocrx_word' id='word_1_599' title='bbox 2436 3629 2669 3685; x_wconf 84' lang='lat' dir='ltr'><strong><em>libenter</em></strong></span> <span class='ocrx_word' id='word_1_600' title='bbox 2725 3626 2935 3682; x_wconf 87' lang='lat' dir='ltr'><strong><em>audire.</em></strong></span> <span class='ocrx_word' id='word_1_601' title='bbox 2985 3626 3357 3695; x_wconf 85' lang='lat' dir='ltr'><strong><em>Importunum</em></strong></span> <span class='ocrx_word' id='word_1_602' title='bbox 3415 3630 3542 3687; x_wconf 88' lang='lat' dir='ltr'><strong><em>est,</em></strong></span> 
     </span>
    </p>
   </div>
   <div class='ocr_carea' id='block_1_94' title="bbox 1937 3724 2460 3793">
    <p class='ocr_par' dir='ltr' id='par_1_94' title="bbox 1937 3724 2460 3793">
     <span class='ocr_line' id='line_1_94' title="bbox 1937 3724 2460 3793; baseline -0.002 -14"><span class='ocrx_word' id='word_1_603' title='bbox 1937 3725 2112 3780; x_wconf 85' lang='lat' dir='ltr'><strong><em>invito</em></strong></span> <span class='ocrx_word' id='word_1_604' title='bbox 2141 3724 2460 3793; x_wconf 70' lang='lat' dir='ltr'><strong><em>prtrdiCare.</em></strong></span> 
     </span>
    </p>
   </div>
   <div class='ocr_carea' id='block_1_95' title="bbox 2007 3807 3545 3890">
    <p class='ocr_par' dir='ltr' id='par_1_95' title="bbox 2007 3807 3545 3890">
     <span class='ocr_line' id='line_1_95' title="bbox 2007 3807 3545 3890; baseline -0.008 -18"><span class='ocrx_word' id='word_1_605' title='bbox 2007 3820 2199 3890; x_wconf 81' lang='lat' dir='ltr'><strong><em>Argue,</em></strong></span> <span class='ocrx_word' id='word_1_606' title='bbox 2254 3818 2480 3883; x_wconf 88' lang='lat' dir='ltr'><strong><em>obsecra,</em></strong></span> <span class='ocrx_word' id='word_1_607' title='bbox 2510 3816 2719 3888; x_wconf 83' lang='lat' dir='ltr'><strong><em>increpa</em></strong></span> <span class='ocrx_word' id='word_1_608' title='bbox 2760 3812 2814 3867; x_wconf 91' lang='lat' dir='ltr'><strong><em>in</em></strong></span> <span class='ocrx_word' id='word_1_609' title='bbox 2857 3813 2996 3865; x_wconf 89' lang='lat' dir='ltr'><strong><em>omni</em></strong></span> <span class='ocrx_word' id='word_1_610' title='bbox 3034 3809 3285 3882; x_wconf 89' lang='lat' dir='ltr'><strong><em>patientia</em></strong></span> <span class='ocrx_word' id='word_1_611' title='bbox 3326 3817 3377 3862; x_wconf 89' lang='lat' dir='ltr'><strong><em>et</em></strong></span> <span class='ocrx_word' id='word_1_612' title='bbox 3420 3807 3545 3860; x_wconf 89' lang='lat' dir='ltr'><strong><em>doc-</em></strong></span> 
     </span>
    </p>
   </div>
   <div class='ocr_carea' id='block_1_96' title="bbox 1932 3899 3543 3980">
    <p class='ocr_par' dir='ltr' id='par_1_96' title="bbox 1932 3899 3543 3980">
     <span class='ocr_line' id='line_1_96' title="bbox 1932 3899 3543 3980; baseline -0.008 -13"><span class='ocrx_word' id='word_1_613' title='bbox 1932 3912 2088 3967; x_wconf 88' lang='lat' dir='ltr'><strong><em>trina.</em></strong></span> <span class='ocrx_word' id='word_1_614' title='bbox 2120 3910 2302 3980; x_wconf 82' lang='lat' dir='ltr'><strong><em>Argue</em></strong></span> <span class='ocrx_word' id='word_1_615' title='bbox 2325 3917 2612 3979; x_wconf 88' lang='lat' dir='ltr'><strong><em>peecantes</em></strong></span> <span class='ocrx_word' id='word_1_616' title='bbox 2639 3950 2653 3973; x_wconf 92' lang='lat'><strong><em>,</em></strong></span> <span class='ocrx_word' id='word_1_617' title='bbox 2708 3912 3027 3961; x_wconf 77' lang='lat' dir='ltr'><strong><em>contesmre</em></strong></span> <span class='ocrx_word' id='word_1_618' title='bbox 3063 3918 3132 3957; x_wconf 90' lang='lat' dir='ltr'><strong><em>ne</em></strong></span> <span class='ocrx_word' id='word_1_619' title='bbox 3160 3909 3408 3971; x_wconf 89' lang='lat' dir='ltr'><strong><em>peccent.</em></strong></span> <span class='ocrx_word' id='word_1_620' title='bbox 3441 3899 3543 3955; x_wconf 89' lang='lat' dir='ltr'><strong><em>ln—</em></strong></span> 
     </span>
    </p>
   </div>
   <div class='ocr_carea' id='block_1_97' title="bbox 1932 3992 3541 4074">
    <p class='ocr_par' dir='ltr' id='par_1_97' title="bbox 1932 3992 3541 4074">
     <span class='ocr_line' id='line_1_97' title="bbox 1932 3992 3541 4074; baseline -0.007 -13"><span class='ocrx_word' id='word_1_621' title='bbox 1932 4019 2094 4074; x_wconf 89' lang='lat' dir='ltr'><strong><em>crepa</em></strong></span> <span class='ocrx_word' id='word_1_622' title='bbox 2118 4004 2439 4059; x_wconf 87' lang='lat' dir='ltr'><strong><em>resistentes</em></strong></span> <span class='ocrx_word' id='word_1_623' title='bbox 2465 4017 2481 4060; x_wconf 89' lang='lat'><strong>:</strong></span> <span class='ocrx_word' id='word_1_624' title='bbox 2534 3999 2629 4056; x_wconf 87' lang='lat' dir='ltr'><strong><em>sed</em></strong></span> <span class='ocrx_word' id='word_1_625' title='bbox 2675 3998 2791 4055; x_wconf 71' lang='lat' dir='ltr'><strong><em>haec</em></strong></span> <span class='ocrx_word' id='word_1_626' title='bbox 2818 3996 3000 4053; x_wconf 86' lang='lat' dir='ltr'><strong><em>omnia</em></strong></span> <span class='ocrx_word' id='word_1_627' title='bbox 3029 4010 3150 4051; x_wconf 92' lang='lat' dir='ltr'><strong><em>cum</em></strong></span> <span class='ocrx_word' id='word_1_628' title='bbox 3181 3992 3441 4064; x_wconf 86' lang='lat' dir='ltr'><strong><em>patientia</em></strong></span> <span class='ocrx_word' id='word_1_629' title='bbox 3483 4000 3541 4049; x_wconf 92' lang='lat' dir='ltr'><strong><em>et</em></strong></span> 
     </span>
    </p>
   </div>
   <div class='ocr_carea' id='block_1_98' title="bbox 1932 4094 2599 4153">
    <p class='ocr_par' dir='ltr' id='par_1_98' title="bbox 1932 4094 2599 4153">
     <span class='ocr_line' id='line_1_98' title="bbox 1932 4094 2599 4153; baseline -0.01 0"><span class='ocrx_word' id='word_1_630' title='bbox 1932 4095 2233 4153; x_wconf 87' lang='lat' dir='ltr'><strong><em>secundum</em></strong></span> <span class='ocrx_word' id='word_1_631' title='bbox 2270 4094 2599 4149; x_wconf 78' lang='lat' dir='ltr'><strong><em>doctrinam.</em></strong></span> 
     </span>
    </p>
   </div>
   <div class='ocr_carea' id='block_1_99' title="bbox 2009 4180 3544 4258">
    <p class='ocr_par' dir='ltr' id='par_1_99' title="bbox 2009 4180 3544 4258">
     <span class='ocr_line' id='line_1_99' title="bbox 2009 4180 3544 4258; baseline -0.007 -14"><span class='ocrx_word' id='word_1_632' title='bbox 2009 4189 2119 4244; x_wconf 87' lang='lat' dir='ltr'><strong><em>Erit</em></strong></span> <span class='ocrx_word' id='word_1_633' title='bbox 2151 4191 2288 4243; x_wconf 90' lang='lat' dir='ltr'><strong><em>enim</em></strong></span> <span class='ocrx_word' id='word_1_634' title='bbox 2329 4197 2527 4258; x_wconf 84' lang='lat' dir='ltr'><strong><em>tempus</em></strong></span> <span class='ocrx_word' id='word_1_635' title='bbox 2560 4201 2674 4240; x_wconf 88' lang='lat' dir='ltr'><strong><em>cum</em></strong></span> <span class='ocrx_word' id='word_1_636' title='bbox 2703 4199 2885 4238; x_wconf 87' lang='lat' dir='ltr'><strong><em>sanam</em></strong></span> <span class='ocrx_word' id='word_1_637' title='bbox 2915 4180 3204 4235; x_wconf 88' lang='lat' dir='ltr'><strong><em>doctrinam</em></strong></span> <span class='ocrx_word' id='word_1_638' title='bbox 3243 4196 3347 4234; x_wconf 86' lang='lat' dir='ltr'><strong><em>non</em></strong></span> <span class='ocrx_word' id='word_1_639' title='bbox 3384 4180 3544 4234; x_wconf 81' lang='lat' dir='ltr'><strong><em>susti-</em></strong></span> 
     </span>
    </p>
   </div>
   <div class='ocr_carea' id='block_1_100' title="bbox 1930 4271 3538 4349">
    <p class='ocr_par' dir='ltr' id='par_1_100' title="bbox 1930 4271 3538 4349">
     <span class='ocr_line' id='line_1_100' title="bbox 1930 4271 3538 4349; baseline -0.007 -12"><span class='ocrx_word' id='word_1_640' title='bbox 1930 4281 2140 4337; x_wconf 90' lang='lat' dir='ltr'><strong><em>nebunt.</em></strong></span> <span class='ocrx_word' id='word_1_641' title='bbox 2164 4280 2359 4337; x_wconf 88' lang='lat' dir='ltr'><strong><em>Veram</em></strong></span> <span class='ocrx_word' id='word_1_642' title='bbox 2391 4290 2447 4334; x_wconf 84' lang='lat' dir='ltr'><strong><em>et</em></strong></span> <span class='ocrx_word' id='word_1_643' title='bbox 2477 4278 2773 4349; x_wconf 81' lang='lat' dir='ltr'><strong><em>perfectam</em></strong></span> <span class='ocrx_word' id='word_1_644' title='bbox 2802 4293 2817 4331; x_wconf 91' lang='lat'><strong>:</strong></span> <span class='ocrx_word' id='word_1_645' title='bbox 2849 4274 2992 4331; x_wconf 87' lang='lat' dir='ltr'><strong><em>sicut</em></strong></span> <span class='ocrx_word' id='word_1_646' title='bbox 3013 4273 3182 4329; x_wconf 84' lang='lat' dir='ltr'><strong><em>Israel</em></strong></span> <span class='ocrx_word' id='word_1_647' title='bbox 3212 4271 3403 4328; x_wconf 88' lang='lat' dir='ltr'><strong><em>audire</em></strong></span> <span class='ocrx_word' id='word_1_648' title='bbox 3434 4287 3538 4327; x_wconf 90' lang='lat' dir='ltr'><strong><em>no-</em></strong></span> 
     </span>
    </p>
   </div>
   <div class='ocr_carea' id='block_1_101' title="bbox 1932 4372 2374 4445">
    <p class='ocr_par' dir='ltr' id='par_1_101' title="bbox 1932 4372 2374 4445">
     <span class='ocr_line' id='line_1_101' title="bbox 1932 4372 2374 4445; baseline -0.011 -15"><span class='ocrx_word' id='word_1_649' title='bbox 1932 4374 2029 4431; x_wconf 89' lang='lat' dir='ltr'><strong><em>luit</em></strong></span> <span class='ocrx_word' id='word_1_650' title='bbox 2060 4372 2374 4445; x_wconf 87' lang='lat' dir='ltr'><strong><em>prophetas.</em></strong></span> 
     </span>
    </p>
   </div>
   <div class='ocr_carea' id='block_1_102' title="bbox 2003 4456 3536 4529">
    <p class='ocr_par' dir='ltr' id='par_1_102' title="bbox 2003 4456 3536 4529">
     <span class='ocr_line' id='line_1_102' title="bbox 2003 4456 3536 4529; baseline -0.007 -6"><span class='ocrx_word' id='word_1_651' title='bbox 2003 4468 2108 4523; x_wconf 89' lang='lat' dir='ltr'><strong><em>Sed</em></strong></span> <span class='ocrx_word' id='word_1_652' title='bbox 2129 4464 2198 4521; x_wconf 90' lang='lat' dir='ltr'><strong><em>ad</em></strong></span> <span class='ocrx_word' id='word_1_653' title='bbox 2236 4482 2333 4521; x_wconf 90' lang='lat' dir='ltr'><strong><em>sua</em></strong></span> <span class='ocrx_word' id='word_1_654' title='bbox 2378 4461 2632 4518; x_wconf 88' lang='lat' dir='ltr'><strong><em>desideria</em></strong></span> <span class='ocrx_word' id='word_1_655' title='bbox 2676 4458 3047 4514; x_wconf 89' lang='lat' dir='ltr'><strong><em>coacervabunt</em></strong></span> <span class='ocrx_word' id='word_1_656' title='bbox 3093 4456 3191 4511; x_wconf 91' lang='lat' dir='ltr'><strong><em>sibi</em></strong></span> <span class='ocrx_word' id='word_1_657' title='bbox 3238 4456 3536 4529; x_wconf 87' lang='lat' dir='ltr'><strong><em>magistros.</em></strong></span> 
     </span>
    </p>
   </div>
   <div class='ocr_carea' id='block_1_103' title="bbox 1928 4548 3533 4627">
    <p class='ocr_par' dir='ltr' id='par_1_103' title="bbox 1928 4548 3533 4627">
     <span class='ocr_line' id='line_1_103' title="bbox 1928 4548 3533 4627; baseline -0.007 -12"><span class='ocrx_word' id='word_1_658' title='bbox 1928 4558 2087 4615; x_wconf 90' lang='lat' dir='ltr'><strong><em>Tales</em></strong></span> <span class='ocrx_word' id='word_1_659' title='bbox 2117 4557 2406 4627; x_wconf 87' lang='lat' dir='ltr'><strong><em>magistros</em></strong></span> <span class='ocrx_word' id='word_1_660' title='bbox 2451 4553 2742 4624; x_wconf 88' lang='lat' dir='ltr'><strong><em>inquirent,</em></strong></span> <span class='ocrx_word' id='word_1_661' title='bbox 2783 4548 2876 4621; x_wconf 92' lang='lat' dir='ltr'><strong><em>qui</em></strong></span> <span class='ocrx_word' id='word_1_662' title='bbox 2921 4564 2983 4605; x_wconf 88' lang='lat' dir='ltr'><strong><em>ea</em></strong></span> <span class='ocrx_word' id='word_1_663' title='bbox 3009 4548 3217 4617; x_wconf 90' lang='lat' dir='ltr'><strong><em>dicunt,</em></strong></span> <span class='ocrx_word' id='word_1_664' title='bbox 3259 4564 3381 4621; x_wconf 76' lang='lat' dir='ltr'><strong><em>qua:</em></strong></span> <span class='ocrx_word' id='word_1_665' title='bbox 3430 4549 3533 4621; x_wconf 90' lang='lat' dir='ltr'><strong><em>ipsi</em></strong></span> 
     </span>
    </p>
   </div>
   <div class='ocr_carea' id='block_1_104' title="bbox 1928 4641 3151 4713">
    <p class='ocr_par' dir='ltr' id='par_1_104' title="bbox 1928 4641 3151 4713">
     <span class='ocr_line' id='line_1_104' title="bbox 1928 4641 3151 4713; baseline -0.009 -6"><span class='ocrx_word' id='word_1_666' title='bbox 1928 4651 2118 4707; x_wconf 89' lang='lat' dir='ltr'><strong><em>audire</em></strong></span> <span class='ocrx_word' id='word_1_667' title='bbox 2146 4649 2480 4711; x_wconf 89' lang='lat' dir='ltr'><strong><em>desiderant,</em></strong></span> <span class='ocrx_word' id='word_1_668' title='bbox 2516 4654 2572 4701; x_wconf 91' lang='lat' dir='ltr'><strong><em>ut</em></strong></span> <span class='ocrx_word' id='word_1_669' title='bbox 2602 4643 2783 4700; x_wconf 87' lang='lat' dir='ltr'><strong><em>securi</em></strong></span> <span class='ocrx_word' id='word_1_670' title='bbox 2812 4641 3151 4713; x_wconf 86' lang='lat' dir='ltr'><strong><em>delinquant.</em></strong></span> 
     </span>
    </p>
   </div>
   <div class='ocr_carea' id='block_1_105' title="bbox 2003 4736 3531 4807">
    <p class='ocr_par' dir='ltr' id='par_1_105' title="bbox 2003 4736 3531 4807">
     <span class='ocr_line' id='line_1_105' title="bbox 2003 4736 3531 4807; baseline -0.006 -7"><span class='ocrx_word' id='word_1_671' title='bbox 2003 4745 2304 4800; x_wconf 87' lang='lat' dir='ltr'><strong><em>Prurientes</em></strong></span> <span class='ocrx_word' id='word_1_672' title='bbox 2347 4740 2583 4796; x_wconf 83' lang='lat' dir='ltr'><strong><em>auribus.</em></strong></span> <span class='ocrx_word' id='word_1_673' title='bbox 2612 4738 2713 4807; x_wconf 86' lang='lat' dir='ltr'><strong><em>Qui</em></strong></span> <span class='ocrx_word' id='word_1_674' title='bbox 2745 4736 3018 4795; x_wconf 86' lang='lat' dir='ltr'><strong><em>delectare</em></strong></span> <span class='ocrx_word' id='word_1_675' title='bbox 3043 4736 3378 4804; x_wconf 85' lang='lat' dir='ltr'><strong><em>desiderant,</em></strong></span> <span class='ocrx_word' id='word_1_676' title='bbox 3424 4752 3531 4792; x_wconf 90' lang='lat' dir='ltr'><strong><em>non</em></strong></span> 
     </span>
    </p>
   </div>
   <div class='ocr_carea' id='block_1_106' title="bbox 1927 4850 2312 4909">
    <p class='ocr_par' dir='ltr' id='par_1_106' title="bbox 1927 4850 2312 4909">
     <span class='ocr_line' id='line_1_106' title="bbox 1927 4850 2312 4909; baseline -0.013 -15"><span class='ocrx_word' id='word_1_677' title='bbox 1927 4852 2047 4894; x_wconf 91' lang='lat' dir='ltr'><strong><em>com</em></strong></span> <span class='ocrx_word' id='word_1_678' title='bbox 2056 4850 2312 4909; x_wconf 83' lang='lat' dir='ltr'><strong><em>pungere.</em></strong></span> 
     </span>
    </p>
   </div>
   <div class='ocr_carea' id='block_1_107' title="bbox 2002 4918 3540 4997">
    <p class='ocr_par' dir='ltr' id='par_1_107' title="bbox 2002 4918 3540 4997">
     <span class='ocr_line' id='line_1_107' title="bbox 2002 4918 3540 4997; baseline -0.008 -12"><span class='ocrx_word' id='word_1_679' title='bbox 2002 4930 2070 4985; x_wconf 87' lang='lat' dir='ltr'><strong><em>Et</em></strong></span> <span class='ocrx_word' id='word_1_680' title='bbox 2108 4946 2141 4983; x_wconf 88' lang='lat' dir='ltr'><strong><em>a</em></strong></span> <span class='ocrx_word' id='word_1_681' title='bbox 2194 4927 2402 4983; x_wconf 83' lang='lat' dir='ltr'><strong><em>veritate</em></strong></span> <span class='ocrx_word' id='word_1_682' title='bbox 2442 4924 2651 4997; x_wconf 90' lang='lat' dir='ltr'><strong><em>quidem</em></strong></span> <span class='ocrx_word' id='word_1_683' title='bbox 2691 4922 2927 4977; x_wconf 89' lang='lat' dir='ltr'><strong><em>auditum</em></strong></span> <span class='ocrx_word' id='word_1_684' title='bbox 2962 4929 3187 4976; x_wconf 80' lang='lat' dir='ltr'><strong><em>avertent</em></strong></span> <span class='ocrx_word' id='word_1_685' title='bbox 3229 4935 3247 4973; x_wconf 91' lang='lat'><strong><em>:</em></strong></span> <span class='ocrx_word' id='word_1_686' title='bbox 3285 4920 3354 4972; x_wconf 90' lang='lat' dir='ltr'><strong><em>ad</em></strong></span> <span class='ocrx_word' id='word_1_687' title='bbox 3388 4918 3540 4991; x_wconf 78' lang='lat' dir='ltr'><strong><em>fabu-</em></strong></span> 
     </span>
    </p>
   </div>
   <div class='ocr_carea' id='block_1_108' title="bbox 1928 5012 3542 5085">
    <p class='ocr_par' dir='ltr' id='par_1_108' title="bbox 1928 5012 3542 5085">
     <span class='ocr_line' id='line_1_108' title="bbox 1928 5012 3542 5085; baseline -0.006 -7"><span class='ocrx_word' id='word_1_688' title='bbox 1928 5025 2007 5078; x_wconf 89' lang='lat' dir='ltr'><strong><em>las</em></strong></span> <span class='ocrx_word' id='word_1_689' title='bbox 2057 5030 2229 5076; x_wconf 87' lang='lat' dir='ltr'><strong><em>autem</em></strong></span> <span class='ocrx_word' id='word_1_690' title='bbox 2283 5027 2665 5075; x_wconf 82' lang='lat' dir='ltr'><strong><em>convertentur.</em></strong></span> <span class='ocrx_word' id='word_1_691' title='bbox 2714 5017 2755 5071; x_wconf 83' lang='lat' dir='ltr'><strong>A</strong></span> <span class='ocrx_word' id='word_1_692' title='bbox 2796 5016 3026 5071; x_wconf 85' lang='lat' dir='ltr'><strong><em>veritate</em></strong></span> <span class='ocrx_word' id='word_1_693' title='bbox 3066 5013 3222 5085; x_wconf 87' lang='lat' dir='ltr'><strong><em>legis,</em></strong></span> <span class='ocrx_word' id='word_1_694' title='bbox 3264 5028 3384 5083; x_wconf 79' lang='lat' dir='ltr'><strong><em>quae</em></strong></span> <span class='ocrx_word' id='word_1_695' title='bbox 3410 5012 3542 5069; x_wconf 89' lang='lat' dir='ltr'><strong><em>vitia</em></strong></span> 
     </span>
    </p>
   </div>
   <div class='ocr_carea' id='block_1_109' title="bbox 1927 5105 3539 5184">
    <p class='ocr_par' dir='ltr' id='par_1_109' title="bbox 1927 5105 3539 5184">
     <span class='ocr_line' id='line_1_109' title="bbox 1927 5105 3539 5184; baseline -0.007 -12"><span class='ocrx_word' id='word_1_696' title='bbox 1927 5116 2151 5173; x_wconf 90' lang='lat' dir='ltr'><strong><em>damnat</em></strong></span> <span class='ocrx_word' id='word_1_697' title='bbox 2182 5154 2201 5184; x_wconf 89' lang='lat'><strong><em>,</em></strong></span> <span class='ocrx_word' id='word_1_698' title='bbox 2252 5112 2317 5168; x_wconf 90' lang='lat' dir='ltr'><strong><em>ad</em></strong></span> <span class='ocrx_word' id='word_1_699' title='bbox 2347 5112 2585 5168; x_wconf 89' lang='lat' dir='ltr'><strong><em>rationes</em></strong></span> <span class='ocrx_word' id='word_1_700' title='bbox 2623 5110 2906 5176; x_wconf 88' lang='lat' dir='ltr'><strong><em>humanas,</em></strong></span> <span class='ocrx_word' id='word_1_701' title='bbox 2943 5122 3063 5180; x_wconf 76' lang='lat' dir='ltr'><strong><em>quae</em></strong></span> <span class='ocrx_word' id='word_1_702' title='bbox 3104 5106 3271 5162; x_wconf 89' lang='lat' dir='ltr'><strong><em>Deum</em></strong></span> <span class='ocrx_word' id='word_1_703' title='bbox 3306 5115 3361 5161; x_wconf 87' lang='lat' dir='ltr'><strong><em>ut</em></strong></span> <span class='ocrx_word' id='word_1_704' title='bbox 3395 5105 3539 5177; x_wconf 89' lang='lat' dir='ltr'><strong><em>pium</em></strong></span> 
     </span>
    </p>
   </div>
   <div class='ocr_carea' id='block_1_110' title="bbox 1931 5205 3011 5273">
    <p class='ocr_par' dir='ltr' id='par_1_110' title="bbox 1931 5205 3011 5273">
     <span class='ocr_line' id='line_1_110' title="bbox 1931 5205 3011 5273; baseline -0.01 -6"><span class='ocrx_word' id='word_1_705' title='bbox 1931 5228 2040 5268; x_wconf 91' lang='lat' dir='ltr'><strong><em>non</em></strong></span> <span class='ocrx_word' id='word_1_706' title='bbox 2072 5209 2469 5265; x_wconf 86' lang='lat' dir='ltr'><strong><em>vindicaturum</em></strong></span> <span class='ocrx_word' id='word_1_707' title='bbox 2492 5222 2636 5273; x_wconf 86' lang='lat' dir='ltr'><strong><em>esse,</em></strong></span> <span class='ocrx_word' id='word_1_708' title='bbox 2663 5205 3011 5262; x_wconf 87' lang='lat' dir='ltr'><strong><em>concinnant.</em></strong></span> 
     </span>
    </p>
   </div>
   <div class='ocr_carea' id='block_1_111' title="bbox 2001 5294 3540 5372">
    <p class='ocr_par' dir='ltr' id='par_1_111' title="bbox 2001 5294 3540 5372">
     <span class='ocr_line' id='line_1_111' title="bbox 2001 5294 3540 5372; baseline -0.004 -14"><span class='ocrx_word' id='word_1_709' title='bbox 2001 5302 2080 5358; x_wconf 85' lang='lat' dir='ltr'><strong><em>Tu</em></strong></span> <span class='ocrx_word' id='word_1_710' title='bbox 2106 5319 2227 5358; x_wconf 89' lang='lat' dir='ltr'><strong><em>vero</em></strong></span> <span class='ocrx_word' id='word_1_711' title='bbox 2259 5301 2415 5372; x_wconf 72' lang='lat' dir='ltr'><strong><em>vigila</em></strong></span> <span class='ocrx_word' id='word_1_712' title='bbox 2453 5316 2471 5355; x_wconf 89' lang='lat'><strong><em>:</em></strong></span> <span class='ocrx_word' id='word_1_713' title='bbox 2512 5301 2569 5355; x_wconf 87' lang='lat' dir='ltr'><strong><em>in</em></strong></span> <span class='ocrx_word' id='word_1_714' title='bbox 2608 5298 2843 5354; x_wconf 86' lang='lat' dir='ltr'><strong><em>omnibus</em></strong></span> <span class='ocrx_word' id='word_1_715' title='bbox 2874 5294 3074 5351; x_wconf 89' lang='lat' dir='ltr'><strong><em>labora.</em></strong></span> <span class='ocrx_word' id='word_1_716' title='bbox 3106 5294 3241 5363; x_wconf 60' lang='lat' dir='ltr'><strong><em>Quae</em></strong></span> <span class='ocrx_word' id='word_1_717' title='bbox 3288 5294 3355 5352; x_wconf 87' lang='lat' dir='ltr'><strong><em>ad</em></strong></span> <span class='ocrx_word' id='word_1_718' title='bbox 3389 5295 3540 5352; x_wconf 82' lang='lat' dir='ltr'><strong><em>utili-</em></strong></span> 
     </span>
    </p>
   </div>
   <div class='ocr_carea' id='block_1_112' title="bbox 1927 5390 2778 5464">
    <p class='ocr_par' dir='ltr' id='par_1_112' title="bbox 1927 5390 2778 5464">
     <span class='ocr_line' id='line_1_112' title="bbox 1927 5390 2778 5464; baseline -0.011 -13"><span class='ocrx_word' id='word_1_719' title='bbox 1927 5403 2090 5451; x_wconf 87' lang='lat' dir='ltr'><strong><em>tatem</em></strong></span> <span class='ocrx_word' id='word_1_720' title='bbox 2120 5392 2397 5464; x_wconf 88' lang='lat' dir='ltr'><strong><em>pertinent</em></strong></span> <span class='ocrx_word' id='word_1_721' title='bbox 2422 5390 2778 5447; x_wconf 91' lang='lat' dir='ltr'><strong><em>audientium.</em></strong></span> 
     </span>
    </p>
   </div>
   <div class='ocr_carea' id='block_1_113' title="bbox 2001 5479 3532 5560">
    <p class='ocr_par' dir='ltr' id='par_1_113' title="bbox 2001 5479 3532 5560">
     <span class='ocr_line' id='line_1_113' title="bbox 2001 5479 3532 5560; baseline -0.004 -17"><span class='ocrx_word' id='word_1_722' title='bbox 2001 5488 2145 5560; x_wconf 82' lang='lat' dir='ltr'><strong><em>Opus</em></strong></span> <span class='ocrx_word' id='word_1_723' title='bbox 2199 5488 2285 5557; x_wconf 81' lang='lat' dir='ltr'><strong><em>fac</em></strong></span> <span class='ocrx_word' id='word_1_724' title='bbox 2333 5483 2701 5555; x_wconf 75' lang='lat' dir='ltr'><strong><em>Euangelistte.</em></strong></span> <span class='ocrx_word' id='word_1_725' title='bbox 2765 5479 3004 5538; x_wconf 85' lang='lat' dir='ltr'><strong><em>Verbum</em></strong></span> <span class='ocrx_word' id='word_1_726' title='bbox 3057 5489 3205 5539; x_wconf 91' lang='lat' dir='ltr'><strong><em>tuum</em></strong></span> <span class='ocrx_word' id='word_1_727' title='bbox 3276 5479 3532 5554; x_wconf 88' lang='lat' dir='ltr'><strong><em>operibus</em></strong></span> 
     </span>
    </p>
   </div>
   <div class='ocr_carea' id='block_1_114' title="bbox 1925 5581 2313 5637">
    <p class='ocr_par' dir='ltr' id='par_1_114' title="bbox 1925 5581 2313 5637">
     <span class='ocr_line' id='line_1_114' title="bbox 1925 5581 2313 5637; baseline -0.005 0"><span class='ocrx_word' id='word_1_728' title='bbox 1925 5581 2313 5637; x_wconf 81' lang='lat' dir='ltr'><strong><em>conformetur.</em></strong></span> 
     </span>
    </p>
   </div>
   <div class='ocr_carea' id='block_1_115' title="bbox 1998 5666 3541 5740">
    <p class='ocr_par' dir='ltr' id='par_1_115' title="bbox 1998 5666 3541 5740">
     <span class='ocr_line' id='line_1_115' title="bbox 1998 5666 3541 5740; baseline -0.002 -13"><span class='ocrx_word' id='word_1_729' title='bbox 1998 5671 2350 5728; x_wconf 79' lang='lat' dir='ltr'><strong><em>Ministerium</em></strong></span> <span class='ocrx_word' id='word_1_730' title='bbox 2382 5682 2523 5726; x_wconf 87' lang='lat' dir='ltr'><strong><em>tuum</em></strong></span> <span class='ocrx_word' id='word_1_731' title='bbox 2552 5668 2710 5740; x_wconf 87' lang='lat' dir='ltr'><strong><em>imple</em></strong></span> <span class='ocrx_word' id='word_1_732' title='bbox 2742 5684 2760 5723; x_wconf 91' lang='lat'><em>:</em></span> <span class='ocrx_word' id='word_1_733' title='bbox 2789 5667 2992 5724; x_wconf 87' lang='lat' dir='ltr'><strong><em>sobrius</em></strong></span> <span class='ocrx_word' id='word_1_734' title='bbox 3018 5676 3146 5723; x_wconf 88' lang='lat' dir='ltr'><strong><em>esto.</em></strong></span> <span class='ocrx_word' id='word_1_735' title='bbox 3179 5666 3541 5738; x_wconf 82' lang='lat' dir='ltr'><strong><em>Episcopatus</em></strong></span> 
     </span>
    </p>
   </div>
   <div class='ocr_carea' id='block_1_116' title="bbox 1920 5761 3539 5835">
    <p class='ocr_par' dir='ltr' id='par_1_116' title="bbox 1920 5761 3539 5835">
     <span class='ocr_line' id='line_1_116' title="bbox 1920 5761 3539 5835; baseline -0.002 -13"><span class='ocrx_word' id='word_1_736' title='bbox 1920 5766 2147 5823; x_wconf 87' lang='lat' dir='ltr'><strong><em>scilicet.</em></strong></span> <span class='ocrx_word' id='word_1_737' title='bbox 2174 5765 2292 5822; x_wconf 82' lang='lat' dir='ltr'><strong><em>Non</em></strong></span> <span class='ocrx_word' id='word_1_738' title='bbox 2324 5765 2467 5822; x_wconf 90' lang='lat' dir='ltr'><strong><em>enim</em></strong></span> <span class='ocrx_word' id='word_1_739' title='bbox 2499 5778 2716 5835; x_wconf 88' lang='lat' dir='ltr'><strong><em>semper</em></strong></span> <span class='ocrx_word' id='word_1_740' title='bbox 2744 5777 2841 5819; x_wconf 92' lang='lat' dir='ltr'><strong><em>ero</em></strong></span> <span class='ocrx_word' id='word_1_741' title='bbox 2874 5761 2931 5818; x_wconf 87' lang='lat' dir='ltr'><strong><em>in</em></strong></span> <span class='ocrx_word' id='word_1_742' title='bbox 2958 5775 3215 5834; x_wconf 88' lang='lat' dir='ltr'><strong><em>corpore,</em></strong></span> <span class='ocrx_word' id='word_1_743' title='bbox 3252 5769 3307 5817; x_wconf 90' lang='lat' dir='ltr'><strong><em>ut</em></strong></span> <span class='ocrx_word' id='word_1_744' title='bbox 3332 5761 3539 5819; x_wconf 81' lang='lat' dir='ltr'><strong><em>valeam</em></strong></span> 
     </span>
    </p>
   </div>
   <div class='ocr_carea' id='block_1_117' title="bbox 1918 5873 2292 5917">
    <p class='ocr_par' dir='ltr' id='par_1_117' title="bbox 1918 5873 2292 5917">
     <span class='ocr_line' id='line_1_117' title="bbox 1918 5873 2292 5917; baseline -0.013 0"><span class='ocrx_word' id='word_1_745' title='bbox 1918 5873 2292 5917; x_wconf 88' lang='lat' dir='ltr'><strong><em>commonere.</em></strong></span> 
     </span>
    </p>
   </div>
   <div class='ocr_carea' id='block_1_118' title="bbox 1990 5946 3539 6025">
    <p class='ocr_par' dir='ltr' id='par_1_118' title="bbox 1990 5946 3539 6025">
     <span class='ocr_line' id='line_1_118' title="bbox 1990 5946 3539 6025; baseline -0.005 -17"><span class='ocrx_word' id='word_1_746' title='bbox 1990 5953 2103 6024; x_wconf 82' lang='lat' dir='ltr'><strong><em>Ego</em></strong></span> <span class='ocrx_word' id='word_1_747' title='bbox 2146 5954 2285 6012; x_wconf 81' lang='lat' dir='ltr'><strong><em>enim</em></strong></span> <span class='ocrx_word' id='word_1_748' title='bbox 2325 5956 2440 6025; x_wconf 83' lang='lat' dir='ltr'><strong><em>jam</em></strong></span> <span class='ocrx_word' id='word_1_749' title='bbox 2468 5949 2689 6023; x_wconf 83' lang='lat' dir='ltr'><strong><em>delibor,</em></strong></span> <span class='ocrx_word' id='word_1_750' title='bbox 2729 5957 2776 6005; x_wconf 87' lang='lat' dir='ltr'><strong><em>et</em></strong></span> <span class='ocrx_word' id='word_1_751' title='bbox 2805 5956 3006 6019; x_wconf 84' lang='lat' dir='ltr'><strong><em>tempus</em></strong></span> <span class='ocrx_word' id='word_1_752' title='bbox 3045 5946 3375 6005; x_wconf 88' lang='lat' dir='ltr'><strong><em>resolutionis</em></strong></span> <span class='ocrx_word' id='word_1_753' title='bbox 3414 5961 3539 6001; x_wconf 77' lang='lat' dir='ltr'><strong><em>mete</em></strong></span> 
     </span>
    </p>
   </div>
  </div>
