3978 6286
383 345 492 406 895

1417 336 1478 395 S.
1521 332 1899 391 llIERONYMl
1938 328 2227 391 OPERUM
2265 334 2637 396 MANTISSA.

3576 336 3674 396 896

384 464 565 518 instat.
598 457 1022 526 Mortem'suam,
1043 453 1373 513 sacrificium
1407 453 1516 509 Deo
1547 451 1784 509 futurum
1815 452 1967 519 dixit,
2000 452 2049 512 A
2150 454 2443 511 Alexander
2462 456 2679 511 terarius
2710 455 2874 511 multa
2901 457 3038 511 mala
3062 454 3190 510 mihi
3215 457 3480 512 ostendit:
3506 456 3677 514 reddet

389 564 447 612 ut
469 570 593 611 eum
625 553 694 611 ad
725 552 1042 624 martyrium
1072 557 1355 621 provocet.

458 648 664 702 Bonum
743 654 998 699 certamen
1048 643 1279 709 certavi,
1330 657 1537 696 cursum
1610 638 1973 695 consummavi.

387 738 549 796 Modo
574 739 685 809 jam
715 737 1049 793 confidenter
1070 734 1176 791 hoc
1205 734 1358 797 dicit,
1402 734 1454 788 in
1480 740 1726 788 extremo
1754 731 1983 812 vitaeﬂli-

386 831 519 888 mite
575 830 924 886 constitutus.
991 825 1414 900 Comparatione
1458 835 1642 881 autem
1702 825 1981 910 utiturin

386 924 938 999 asone'certantium,
1408 912 1519 918 —~
1620 911 1709 916 -—..-

461 1017 654 1072 Fidem
699 1014 920 1073 servavi.
973 1015 1162 1073 Fidem
1205 1016 1443 1088 suscepti
1498 1016 1665 1075 officii
1716 1018 1771 1074 in
1823 1015 1983 1073 finem

390 1108 561 1183 usque
582 1110 815 1166 servavi.

460 1201 529 1257 In
557 1202 759 1275 reliquo
796 1206 1022 1277 reposita
1060 1214 1135 1261 est
1164 1206 1292 1260 mihi
1333 1221 1524 1260 corona
1554 1205 1800 1279 justitiw,
1834 1221 1988 1274 quam

389 1294 568 1351 reddet
601 1295 727 1350 mihi
753 1295 1012 1353 Dominus
1038 1299 1091 1351 in
1112 1296 1208 1352 illa
1237 1298 1320 1352 die
1345 1301 1515 1368 justus
1534 1298 1721 1369 judex.
1754 1296 1856 1365 Qui
1889 1311 1988 1352 no-

393 1390 473 1447 vit
500 1406 589 1446 me
614 1407 782 1463 usque
806 1392 873 1448 ad
906 1402 1133 1448 mortem
1164 1408 1260 1463 pro
1280 1392 1489 1463 justitia
1516 1392 1824 1447 dimicasse.

466 1485 590 1540 Non
609 1487 777 1541 solum
805 1496 975 1541 autem
1006 1487 1152 1542 mihi.
1184 1488 1317 1555 Quia
1353 1501 1459 1542 non
1489 1484 1740 1557 personis
1765 1484 1993 1540 debetur

396 1578 653 1633 meritum
676 1623 690 1648 ,
721 1578 818 1634 sed
847 1579 1043 1634 labori.

468 1670 574 1726 Sed
610 1680 657 1724 et
694 1672 774 1724 his
802 1672 889 1742 qui
913 1670 1141 1743 diligunt
1162 1672 1441 1725 adventum
1466 1673 1602 1743 ejus.
1632 1669 1733 1736 Qui
1760 1668 1995 1741 gaudent

392 1760 682 1817 advenisse
710 1762 1016 1830 Christum,
1050 1773 1102 1817 et
1122 1763 1391 1833 justitiam
1418 1762 1690 1819 docuisse.
1720 1763 1873 1826 Sive,
1901 1763 1992 1833 qui

2081 549 2162 603 illi
2211 547 2463 605 Dominus
2509 550 2793 604 secundum
2843 556 2999 623 Opera
3038 553 3169 623 ejus.
3201 550 3473 619 Quoniam
3502 549 3679 607 verbis

2085 643 2177 699 Dei
2206 644 2442 699 restitit:
2466 659 2588 700 cum
2614 644 3185 701 habebantrationem.

2160 737 2321 805 Quem
2345 747 2391 792 et
2424 745 2481 791 tu
2510 737 2701 793 devita.
2732 737 2915 793 Monet
2943 738 3122 792 caveri
3156 737 3469 793 latrantes.'

2089 834 2096 841 '
2169 830 2335 885 Valde
2362 831 2496 886 enim
2522 832 2707 887 restitit
2728 830 2889 887 verbis
2917 832 3127 887 nostris.
3152 830 3209 886 Si
3238 831 3440 886 nostris
3466 830 3679 899 restitit,

2085 934 2289 997 quanto
2320 924 2488 996 magis
2521 924 2624 980 tuis
2658 925 2672 980 Ι

2160 1016 2229 1072 In
2280 1018 2448 1089 prima
2486 1035 2600 1073 mea
2646 1016 2945 1087 defensione
2984 1032 3130 1071 nemo
3182 1015 3309 1069 mihi
3364 1015 3549 1083 alluit,
3600 1020 3681 1069 sed

2090 1127 2262 1166 omnes
2291 1128 2371 1166 me
2401 1111 2783 1196 dereliquerunt
2818 1127 2837 1166 :
2866 1127 2966 1166 non
2999 1111 3106 1166 illis
3130 1111 3432 1181 imputetur.
3465 1109 3684 1177 Quando

2090 1205 2323 1276 primum
2350 1205 2490 1275 coopi
2523 1203 2881 1275 Evangelium
2900 1203 3216 1261 defendere.

2165 1296 2419 1351 Dominus
2448 1307 2618 1351 autem
2647 1296 2774 1350 mihi
2801 1298 2995 1367 astitit,
3023 1308 3071 1352 et
3101 1298 3408 1367 confortavit
3436 1299 3681 1357 ute.Cum

2093 1390 2225 1447 dicit
2250 1391 2350 1445 sibi
2377 1391 2673 1448 Dominum
2702 1389 2756 1447 in
2795 1390 3052 1446 omnibus
3089 1389 3337 1458 atl‘uisse,
3396 1408 3466 1449 ne
3510 1393 3688 1449 timeat

2094 1484 2435 1541 cohortatur.

2171 1578 2239 1635 Ut
2278 1595 2370 1651 per
2399 1594 2478 1633 me
2520 1577 2817 1645 prazdicatio
2848 1578 3155 1651 impleatur,
3188 1586 3237 1634 et
3277 1580 3498 1635 audiant
3526 1596 3686 1637 omnes

2096 1680 2291 1742 gentes.
2324 1669 2439 1725 Non
2467 1670 2611 1741 quod
2643 1685 2745 1740 ego
2774 1670 2910 1725 mori
2945 1671 3221 1727 timerem.

2171 1761 2239 1816 Et
2268 1762 2510 1816 liberatus
2540 1778 2653 1815 sum
2674 1760 2739 1814 de
2767 1778 2854 1816 ore
2884 1761 3489 1819 Ieonis.Pcrsecutoris.

392 1853 473 1908 sic
504 1862 702 1921 agunt,
736 1862 795 1909 ut
834 1853 1129 1909 adventum
1159 1855 1369 1910 Domini
1399 1855 1631 1910 libenter
1658 1865 1993 1925 exspectent.
2025 1855 2075 1917 Β
2171 1852 2427 1908 Liberavit
2475 1869 2553 1907 me
2604 1851 2863 1907 Dominus
2910 1853 2975 1908 ab
3022 1855 3162 1909 omni
3218 1871 3370 1928 opere
3414 1854 3579 1912 malo.
3618 1856 3687 1913 Ab

458 1942 676 2000 Festina
695 1946 765 2000 ad
786 1963 865 2001 me
887 1949 1056 2001 venire
1076 1948 1196 2002 cito.
1232 1946 1417 2001 Demas
1439 1948 1574 2002 enim
1600 1965 1677 2002 me
1707 1948 1995 2019 dereliquit,

397 2037 618 2110 diligens
639 2038 736 2091 hoc
750 2039 998 2093 sceculum
1018 2078 1033 2105 ,
1064 2047 1109 2093 et
1138 2038 1264 2093 abiit
1295 2038 1735 2093 Thessalonicam.
1764 2038 2000 2094 Necesse

398 2138 550 2197 erat,
612 2140 671 2185 ut
712 2130 945 2203 diligens
976 2132 1237 2187 saeculum
1282 2147 1388 2187 non
1434 2142 1708 2187 amantem
1738 2132 1999 2187 saeculum

402 2222 752 2295 relinqueret.
770 2225 942 2281 Omne
970 2226 1116 2281 enim
1145 2225 1344 2280 animal
1366 2224 1435 2280 ad
1461 2223 1754 2280 sibisimile
1775 2225 2001 2295 conjun-

401 2314 565 2385 gitur.

474 2408 717 2465 Crescens
743 2410 798 2465 in
824 2410 1083 2465 Galatiam
1107 2427 1126 2465 :
1160 2409 1307 2465 Titus
1336 2410 1388 2465 in
1418 2390 1790 2466 Dalmatiam':
1832 2411 2003 2467 Lucas

401 2510 476 2558 est
503 2520 703 2558 mecum
746 2506 909 2559 solus.
958 2504 1048 2559 lsti
1082 2505 1233 2559 missi
1266 2514 1421 2571 sunt,
1476 2520 1582 2559 non
1618 2505 2000 2561 deseruerunt.

477 2596 719 2651 Marcum
764 2614 999 2665 assume,
1033 2607 1079 2653 et
1125 2598 1301 2652 adduc
1348 2607 1560 2653 tecum:
1592 2609 1666 2653 est
1703 2601 1837 2653 enim
1878 2600 2005 2653 mihi

408 2687 546 2742 utilis
586 2688 638 2743 in
680 2689 989 2744 ministerio.
1024 2688 1309 2761 Tychicum
1352 2700 1523 2745 autem
1564 2692 1681 2745 misi
1718 2689 2003 2762 Ephesum.

408 2778 572 2836 Verbi
609 2781 731 2849 Dei,
768 2782 854 2837 vel
885 2782 1179 2853 cujuslibet
1208 2782 1568 2839 necessitatis.

481 2876 740 2932 Penulam
803 2894 961 2948 quam
1028 2879 1213 2949 reliqui
1276 2877 1478 2931 Troade
1544 2880 1685 2950 apud
1746 2876 2005 2948 Carpum,

406 2972 612 3026 veniens
638 2971 770 3039 a/fer
799 2980 995 3038 tecum,
1027 2982 1074 3025 et
1105 2972 1262 3025 libros
1281 3015 1295 3038 ,
1330 2972 1551 3025 maxime
1579 2980 1747 3025 autem
1770 2981 1819 3025 et
1849 2989 2008 3027 mem-

408 3063 619 3118 branas.
652 3064 767 3119 Non
798 3064 933 3118 dixit
964 3065 1214 3133 penulam
1246 3078 1423 3118 meam
1457 3080 1471 3117 :
1502 3065 1677 3133 potuit
1707 3063 1855 3119 enim
1881 3078 2009 3119 con-

408 3172 601 3213 versus
630 3158 821 3229 aliquis
851 3157 916 3214 ad
940 3157 1105 3230 pedes
1125 3159 1273 3230 ejus,
1302 3157 1444 3213 inter
1462 3166 1658 3214 czetera
1682 3157 2008 3228 imposuisse

413 3248 773 3306 vendendam.

2102 1946 2477 2002 insidiantium
2508 1945 2869 2015 malignitate.

2173 2039 2243 2094 Et
2270 2040 2465 2094 salvum
2492 2039 2647 2109 faciet
2670 2040 2724 2093 in
2749 2055 2963 2110 regnum
2984 2054 3134 2093 suum
3161 2038 3386 2095 creteste.
3418 2040 3690 2109 Quomodo

2103 2132 2192 2189 hic
2219 2132 2444 2195 liberat.
2478 2132 2549 2187 ita
2581 2132 2634 2185 in
2668 2146 2891 2202 regnum
2921 2131 3093 2187 ducit.

2176 2225 2271 2280 Cui
2324 2226 2490 2297 gloria
2539 2227 2592 2279 in
2641 2225 2835 2280 swcula
2886 2225 3216 2280 surculorum.
3270 2224 3456 2279 Amen.
3516 2226 3688 2283 Saluta

2107 2318 2347 2374 Priscum
2377 2328 2425 2372 et
2468 2317 2740 2389 Aquilam,
2780 2331 2829 2375 et
2870 2317 3182 2390 Onesiphori
3224 2321 3461 2374 domum.
3492 2320 3691 2378 Erestus

2106 2414 2356 2469 remansit
2380 2412 2637 2469 Corinthi.
2667 2412 2749 2468 Ob
2780 2412 2898 2469 haec
2926 2414 3133 2469 omnia.

2180 2508 2520 2578 Trophimum
2561 2516 2733 2561 autem
2758 2508 2944 2578 reliqui
2971 2509 3237 2579 inﬁrmum
3268 2509 3459 2566 Mileti.
3490 2508 3680 2564 Festina

2106 2613 2226 2659 ante
2247 2603 2481 2674 hyemem
2508 2602 2699 2656 venire.
2726 2602 2973 2658 Salutant
3001 2612 3049 2658 te
3073 2604 3314 2659 Eubulus
3334 2648 3348 2671 ,
3383 2614 3433 2659 et
3461 2603 3686 2670 Pudens,

2108 2706 2153 2751 et
2185 2696 2380 2762 Linus,
2409 2705 2451 2750 et
2476 2694 2697 2749 Claudia
2719 2736 2733 2759 ,
2758 2703 2803 2749 et
2830 2697 3017 2767 fratres
3044 2712 3237 2752 omnes.
3266 2696 3402 2751 llinc
3425 2696 3688 2767 probatur,

2108 2789 2232 2860 quia
2264 2804 2371 2844 non
2406 2797 2629 2858 propter
2657 2786 2947 2842 sanitatem
2993 2790 3263 2844 carnalem
3313 2798 3524 2844 tantum
3573 2803 3687 2859 apo-

2109 2880 2233 2935 stoli
2263 2880 2546 2946 curabant,
2577 2877 2669 2934 sed
2700 2886 2757 2932 ut
2781 2879 2944 2933 etiam
2974 2879 3128 2950 signa
3151 2888 3559 2935 monstrarent:
3584 2877 3691 2949 quia

2112 2971 2201 3028 hic
2224 2987 2377 3027 suum
2410 2969 2733 3041 discipulum
2765 2986 2869 3024 non
2894 2970 3131 3025 curavit.

2183 3066 2438 3122 Dominus
2458 3064 2491 3119 Ι
2498 3082 2612 3119 esus
2639 3064 2878 3118 Christus
2906 3080 3021 3119 cum
3039 3064 3231 3135 spiritu
3258 3072 3365 3118 tuo.
3390 3062 3531 3133 Quia
3554 3076 3695 3119 carne

2115 3169 2358 3215 mortuus
2377 3199 2392 3223 ,
2424 3155 2785 3224 spiritualiter
2812 3156 2975 3213 vivis.

2028 3245 2073 3308 C
2178 3250 2363 3305 Gratia
2388 3248 2666 3304 vobiscum.
2700 3247 2886 3301 Amen.

1259 3431 1384 3516 IN
1456 3430 2121 3516 EPISTOLAM
2196 3431 2353 3513 AD
2432 3427 2859 3511 TITUM.

932 3630 1161 3689 CAPUT
1199 3632 1483 3691 PRIMUM.

488 3722 692 3780 Paulus
727 3738 900 3779 seruus
922 3722 1039 3779 Dei.
1074 3724 1189 3780 Non
1219 3728 1445 3795 peccati.

487 3814 766 3890 Apostolus
794 3827 964 3872 autem
1006 3816 1136 3873 Jesu
1180 3818 1393 3876 Christi.
1438 3820 1555 3877 Non
1600 3823 1781 3878 omnis
1821 3836 2012 3879 servus

416 3911 732 3980 apostolus;
779 3910 900 3966 ideo
930 3920 1111 3967 autem
1142 3909 1374 3981 Christi,
1405 3914 1528 3985 quia
1556 3915 1625 3971 ab
1653 3915 1771 3986 ipso
1811 3916 2011 3972 missus

418 4003 600 4059 fuerat
632 4004 949 4074 prtedicarc.

492 4095 796 4152 Secundum
824 4096 979 4165 ﬁdem
1013 4096 1287 4151 electorum
1315 4095 1445 4165 Dei,
1478 4106 1526 4151 et
1543 4100 1859 4171 agnitionem
1882 4101 2015 4155 veri-

420 4191 543 4244 tatis
564 4206 582 4243 :
607 4205 722 4261 qua:
747 4189 1028 4244 secundum
1054 4190 1289 4259 pietatem
1317 4198 1388 4244 est
1416 4191 1469 4244 in
1490 4207 1631 4259 spem
1651 4193 1769 4247 vitta
1787 4202 2011 4249 (ateriae.

423 4280 729 4337 Secundum
778 4297 901 4337 eam
948 4281 1139 4349 fidem,
1185 4297 1291 4352 qua
1320 4282 1609 4339 credentes
1639 4284 1801 4340 electi
1842 4296 2013 4355 sunt,

419 4384 544 4425 cum
579 4381 968 4441 cnguoscerent
1006 4374 1340 4428 veritatem:
1385 4389 1503 4444 qutc
1551 4376 1752 4446 agnitio
1797 4392 1905 4433 non
1948 4393 2016 4433 ex

424 4461 620 4519 merito
648 4472 761 4527 est,
793 4468 888 4521 sed
915 4482 982 4522 ex
1007 4466 1281 4521 Dominica
1312 4468 1565 4523 veritate.

2116 3612 2301 3689 Gratia
2331 3641 2378 3686 et
2407 3646 2540 3702 pax,
2578 3646 2611 3683 a
2638 3627 2747 3682 Deo
2776 3626 2936 3681 Patre
2962 3634 3010 3679 et
3046 3625 3251 3679 Christo
3290 3625 3419 3679 Jesu
3447 3623 3703 3680 Saluatore

2114 3738 2311 3781 nostro.
2344 3722 2654 3781 Secundum
2685 3719 2845 3775 fidem
2880 3719 3053 3781 ﬁlius,
3078 3733 3188 3773 non
3210 3726 3427 3771 natura.

2188 3817 2365 3888 Hujus
2385 3818 2459 3871 rei
2485 3818 2655 3887 gratia
2684 3812 2871 3884 reliqui
2902 3821 2950 3866 te
2976 3810 3169 3879 Cretae,
3204 3820 3260 3864 ut
3287 3828 3347 3866 ea
3368 3828 3485 3880 qua:
3503 3812 3701 3873 desunt,

2117 3913 2390 3984 corrigas:
2422 3901 2471 3963 et
2497 3909 2778 3963 constituas
2810 3923 2899 3975 per
2938 3905 3166 3958 civitates
3198 3904 3529 3975 presbyteros
3550 3946 3562 3967 ,
3589 3903 3707 3957 sicut

2116 4013 2162 4057 et
2206 4018 2301 4074 ego
2346 4000 2580 4072 disposui
2609 3998 2718 4053 tibi.
2761 3997 2895 4065 Quzc
2922 3997 3151 4062 desunt,
3182 4005 3332 4051 recto
3378 4006 3575 4050 tenore
3600 4007 3708 4048 cor—

2116 4097 2234 4167 rige
2276 4113 2289 4149 :
2333 4103 2389 4150 et
2417 4103 2543 4148 tunc
2567 4091 2783 4146 demum
2814 4088 3160 4160 presbyteros
3185 4087 3392 4158 poteris
3420 4084 3705 4149 ordinare,

2119 4206 2241 4245 cum
2274 4202 2465 4244 omnes
2497 4187 2547 4242 in
2572 4185 2816 4242 Ecclesia
2843 4183 3041 4238 fuerint
3072 4181 3229 4237 recti.

2191 4285 2255 4341 Si
2272 4283 2503 4357 quissine
2524 4282 2735 4337 crimine
2756 4286 2862 4345 est,
2892 4278 3046 4332 unius
3075 4278 3254 4332 uxoris
3282 4278 3378 4334 uir.
3409 4273 3709 4332 Notandum

2118 4376 2262 4449 quod
2288 4378 2339 4431 in
2371 4374 2653 4431 sacerdote
2682 4374 2849 4429 etiam
2873 4371 2992 4425 aliis
3025 4371 3171 4426 licita
3195 4370 3579 4440 prohibentur.

2192 4466 2360 4522 Filios
2414 4466 2598 4520 habent
2628 4463 2839 4535 ﬁdeles,
2886 4479 2989 4517 non
3020 4464 3073 4516 in
3103 4463 3431 4516 accusatione
3455 4461 3711 4527 luxuries,

499 4555 671 4622 Quam
711 4558 988 4627 promisit,
1032 4561 1119 4629 qui
1157 4576 1259 4613 non
1296 4561 1571 4627 mentitur,
1612 4560 1773 4616 Deus.
1827 4560 1883 4618 Si
1910 4579 2015 4619 non
2043 4543 2095 4603 D
2120 4570 2208 4613 aut
2258 4576 2360 4614 non
2398 4559 2653 4614 subditos.
2701 4556 2778 4612 Ne
2823 4571 2927 4611 non
2958 4557 3130 4626 possit
3158 4555 3425 4610 audenter
3450 4553 3713 4624 corripere

427 4649 686 4707 mentitur
711 4690 725 4710 .
762 4664 868 4703 non
922 4651 1141 4708 exhibet
1171 4653 1344 4719 aliud,
1376 4668 1535 4723 quam
1568 4654 1709 4723 quod
1744 4656 2017 4725 promisit,

423 4744 617 4815 justis,
652 4741 891 4806 scilicet,
926 4753 979 4796 ct
1015 4744 1226 4814 injustis
1259 4763 1273 4801 :
1304 4746 1549 4817 quamvis
1582 4744 1886 4802 hominibus
1916 4747 2020 4803 du-

426 4852 546 4894 rum
576 4850 695 4893 esse
722 4833 993 4891 videatur.

498 4932 632 4985 Ante
660 4938 891 4999 tempora
917 4927 1211 4982 saecularia.
1243 4930 1381 4983 Ante
1404 4931 1583 4985 omnia
1610 4940 1851 5003 tempora
1878 4932 2021 5004 apud

431 5033 491 5075 se
513 5023 795 5091 proposuit
825 5036 921 5092 per
944 5019 1139 5075 Filium
1169 5020 1378 5075 salvare
1400 5023 1708 5079 credentes.

505 5111 861 5183 Manifestarit
898 5123 1070 5168 autem
1110 5113 1422 5182 temporibus
1467 5116 1572 5168 suis
1618 5116 1822 5170 uerbum
1851 5134 2017 5172 suum.

430 5201 581 5258 Tunc
633 5205 996 5261 manilestavit
1041 5204 1325 5261 consilium
1378 5221 1567 5273 suum,
1615 5209 1830 5277 quando
1886 5225 2024 5281 prm-

430 5296 631 5352 scierat
662 5295 861 5351 factum
910 5312 1061 5369 esse,
1092 5313 1310 5357 omnem
1354 5298 1563 5355 scilicet
1593 5301 1854 5355 mundum
1887 5317 1913 5354 a
1938 5302 2027 5373 jn-

429 5389 574 5447 stitia
605 5388 901 5443 diversum.

504 5480 573 5537 In
620 5480 1017 5553 prtedicatione,
1065 5501 1181 5554 qua:
1224 5484 1421 5539 credita
1456 5495 1531 5540 est
1574 5486 1700 5540 mihi
1746 5487 2027 5541 secundum

431 5588 747 5652 praeceptum
794 5574 1078 5632 Saluatoris
1125 5580 1288 5645 nostri
1341 5579 1458 5636 Dei.
1525 5583 1642 5648 Quo
1694 5581 1915 5637 Paulum
1974 5592 2030 5638 ct

436 5674 737 5731 Barnabam
804 5687 1091 5747 segregare
1139 5679 1435 5749 praecepit,
1486 5688 1543 5735 ut
1586 5677 1836 5748 gentibus
1890 5694 2028 5749 prac-

432 5764 701 5824 dicarent.

510 5860 630 5919 Tito
680 5861 865 5919 dilecto
918 5858 1064 5935 filio,
1116 5854 1399 5917 secundum
1439 5878 1764 5923 communem
1818 5866 2029 5938 ﬁdem:

2120 4653 2530 4722 delinquentes:
2561 4650 2676 4706 sive
2717 4656 2779 4705 ut
2805 4649 3242 4719 experimentum
3273 4648 3391 4718 ejus
3419 4646 3711 4711 doctrinae,

2121 4745 2189 4801 de
2215 4744 2409 4799 domus
2435 4758 2546 4798 sua:
2580 4742 2867 4813 disciplina
2901 4750 3180 4796 noscatur.

2196 4837 2410 4906 Oportet
2432 4838 2565 4891 enim
2584 4837 2879 4906 epismpum
2901 4836 3009 4890 sine
3020 4835 3371 4889 crimineesse.
3385 4829 3573 4901 ipsum
3593 4830 3717 4886 dicit

2122 4930 2438 5001 episcopum
2463 4970 2478 4995 ,
2508 4944 2668 5001 quem
2702 4927 2953 4998 superius
2983 4926 3360 4997 presbyterum
3404 4923 3714 4979 nominavit.

2197 5026 2345 5083 Sicut
2406 5025 2503 5081 Dei
2559 5026 2987 5095 dispensatorem.
3059 5020 3117 5075 Si
3178 5034 3309 5089 ergo
3363 5019 3714 5073 humanarum

2126 5122 2306 5193 legum
2344 5120 2749 5189 dispensatores
2779 5114 3082 5186 presbyteri
3112 5120 3459 5184 quarruntur,
3491 5121 3547 5164 et
3591 5106 3715 5177 justi

2130 5215 2320 5287 quales
2344 5229 2467 5269 esse
2495 5212 2727 5278 debent,
2757 5210 2846 5280 qui
2878 5206 3059 5263 divina
3079 5206 3202 5276 jura
3229 5203 3579 5275 diSpensant!

2201 5310 2323 5366 Non
2350 5307 2648 5380 superbum,
2665 5322 2767 5360 non
2785 5303 3116 5369 iracundum,
3141 5317 3243 5355 non
3264 5300 3603 5364 vinolentum,
3624 5312 3717 5349 non

2130 5419 2508 5479 percussorem,
2552 5418 2656 5455 non
2690 5400 2856 5470 turpis
2900 5398 3031 5452 lucri
3078 5396 3347 5468 cupidum.
3397 5392 3512 5449 Non
3565 5388 3721 5446 debet

2129 5500 2425 5569 discipulus
2453 5496 2653 5550 Christi
2684 5504 3005 5566 percutere:
3037 5492 3126 5565 qui
3158 5502 3453 5562 percussus
3503 5495 3625 5547 est.
3671 5490 3722 5535 et

2132 5609 2237 5649 non
2263 5587 2613 5659 repercus~it.
2640 5588 2754 5643 Non
2781 5598 2936 5657 turpe
2966 5586 3175 5641 lucrum
3200 5581 3466 5637 adulando
3490 5577 3718 5639 sectari,

2132 5693 2407 5739 terrenum
2440 5680 2677 5748 scilicet,
2708 5681 2797 5751 qui
2824 5678 3068 5735 caelestia
3093 5684 3150 5732 et
3171 5675 3352 5731 divina
3382 5671 3679 5744 promittit.

2206 5773 2310 5829 Sed
2342 5773 2667 5845 hospitalem.
2697 5772 2879 5831 Primo
2908 5771 3033 5825 vitia
3059 5766 3370 5834 damnavit,
3404 5774 3460 5819 ut
3488 5762 3723 5816 virtutes

2140 5868 2442 5941 insereret,
2474 5865 2771 5927 secundum
2802 5865 3251 5925 consuetudinem
3299 5859 3721 5932 Scripturarum.
