3978 6286
281 323 389 393 897

1023 331 1569 400 COMMENTARIUS
1610 336 1676 400 ΙΝ
1720 339 1869 401 EPlS

2021 342 2106 399 .\.\l
2147 340 2240 400 AD
2281 340 2525 403 TITUM.
2567 346 2722 404 CAP.
2768 342 2832 404 ll.

3478 343 3586 412 898

356 446 667 521 Benignum.
698 444 766 505 Ut
793 447 1042 521 llOSpites
1070 469 1178 511 non
1209 470 1332 512 cum
1358 456 1569 514 tristitia
1588 504 1602 530 ,
1633 457 1729 516 scd
1757 473 1879 516 eum
1907 460 1963 523 Α
1986 458 2180 516 ordine
2213 470 2438 531 possunt
2463 462 2719 535 intelligi,
2742 462 3005 522 Ecclesiae
3026 464 3297 538 praecipue
3314 467 3589 541 seniores,

284 540 668 597 benevolentia
696 542 980 615 suscipiat.

356 635 603 692 Subrium
625 677 641 704 ,
663 638 871 710 justum
896 684 910 709 ,
943 648 1179 696 sanctum
1204 686 1219 713 ,
1247 642 1607 700 continentem.
1643 644 1883 703 Inconti-

282 728 560 797 nentiam,
612 731 696 786 vel
738 730 1160 802 continentiam,
1218 752 1507 808 numquam
1555 739 1882 809 Apostolus,

280 824 390 881 nisi
434 826 487 880 in
515 839 679 883 causa
708 827 970 897 luxuria),
1004 828 1174 886 dicit:
1204 830 1408 902 justum
1435 832 1671 903 judicio,
1703 836 1884 890 conti-

282 919 469 975 nentia
497 927 745 975 sanctum
772 937 787 976 :
837 937 905 977 ne
933 922 1059 993 quia
1098 924 1255 980 unius
1284 925 1467 981 uxoris
1497 925 1702 982 fecerat
1728 942 1881 982 mcu-

285 1010 492 1065 tionem
512 1052 527 1079 ,
560 1009 737 1068 locum
779 1012 1188 1072 incontinentiae
1214 1016 1433 1074 dedisse
1463 1027 1766 1089 putaretur.

356 1106 762 1175 Amplectentem
798 1124 947 1176 eum,
990 1110 1082 1181 qui
1112 1112 1396 1166 secundum
1442 1114 1730 1169 doctrinam
1766 1124 1840 1171 est
1863 1156 1880 1184 ,

278 1194 491 1266 ﬁdelem
518 1214 827 1254 sermonem.
861 1200 1184 1272 Diligentem
1218 1202 1560 1271 doctrinam,
1590 1216 1640 1261 et
1668 1220 1885 1278 semper

278 1290 412 1347 inde
442 1291 753 1363 loquentem
782 1312 796 1350 :
824 1309 935 1351 non
960 1294 1175 1355 fabulas
1202 1301 1493 1357 saeculares
1522 1309 1577 1357 et
1604 1317 1793 1359 vanas.

357 1385 430 1443 Ut
472 1398 651 1461 potens
688 1390 757 1444 sit
802 1390 1065 1448 exhortari
1112 1394 1165 1447 in
1210 1395 1449 1451 doctrina
1490 1412 1651 1462 sana,
1704 1406 1751 1451 et
1796 1415 1885 1453 eos

276 1482 369 1552 qui
421 1485 783 1540 contradicunt
840 1503 1076 1561 arguere.
1132 1488 1278 1544 Talis
1319 1488 1597 1561 eligendus
1638 1499 1751 1558 est,
1791 1492 1885 1564 qui

280 1573 566 1633 exhortari
607 1579 806 1649 possit,
834 1589 891 1637 et
939 1581 1371 1639 contradicentes
1415 1598 1643 1654 arguere
1688 1586 1741 1639 in
1783 1585 1883 1641 do-

275 1667 455 1725 ctrina
501 1686 663 1741 sana,
707 1688 832 1744 quae
880 1684 1035 1731 sanat
1080 1675 1392 1745 audientes,
1438 1678 1554 1735 sive
1580 1678 1700 1751 quae
1738 1679 1886 1735 nulla

274 1758 514 1819 falsitate
534 1775 791 1834 corrupta
814 1775 917 1823 est.

1990 553 2186 624 quibus
2216 556 2468 612 omnibus
2496 557 2725 613 formam
2760 558 3005 628 praebere
3032 575 3257 618 necesse
3284 571 3387 620 est.

2059 646 2203 701 Attus
2223 648 2476 703 similiter.
2505 649 2635 717 Quae
2668 651 2735 707 ad
2755 651 2984 709 aliarum
3011 651 3349 726 eligebantur
3395 670 3587 714 exem-

1993 738 2165 809 plum.

2059 829 2125 885 In
2146 829 2326 887 habitu
2351 840 2569 889 sancto:
2600 849 2704 889 non
2734 832 3130 895 criminatrices.
3174 838 3400 899 Habitus
3437 844 3582 903 enim

1985 938 2092 978 non
2116 937 2337 981 sanctus
2363 934 2480 995 est,
2507 925 2576 983 de
2600 940 2706 998 quo
2744 927 2872 982 alibi
2915 926 3047 984 dicit
3074 946 3088 986 :
3133 928 3250 988 Non
3292 934 3447 991 tortis
3476 937 3582 993 cri-

1986 1017 2166 1085 nibus,
2192 1027 2247 1073 et
2267 1019 2498 1090 reliqua.
2730 1096 2733 1098 _

2060 1110 2185 1164 Non
2213 1112 2375 1166 multo
2405 1114 2521 1168 vino
2544 1114 2835 1171 servientes.
2872 1114 2978 1173 Sed
3001 1131 3172 1189 parvo
3198 1127 3436 1179 utentes.

2056 1199 2194 1255 Bene
2252 1202 2516 1271 docentes,
2572 1213 2629 1260 ut
2686 1207 3013 1277 prudentium
3075 1208 3315 1267 doceant.
3374 1212 3581 1274 Docere

1986 1292 2095 1348 illis
2123 1296 2395 1365 permisit,
2431 1296 2525 1353 sed
2558 1297 2825 1356 feminas:
2857 1307 2912 1357 et
2945 1303 3048 1356 hoc
3077 1318 3182 1360 non
3213 1305 3267 1361 in
3305 1306 3573 1380 Ecclesia,

1986 1384 2081 1440 sed
2112 1387 2382 1455 privatim.

2059 1478 2504 1551 Adolescentulas,
2536 1488 2592 1536 ut
2617 1482 2753 1538 viros
2782 1500 2903 1538 suos
2924 1493 3124 1555 ament,
3153 1487 3292 1557 ﬁlios
3313 1506 3431 1547 suos
3449 1493 3578 1549 dili-

1987 1580 2111 1642 gant
2136 1614 2150 1638 ,
2182 1574 2489 1643 prudentes,
2524 1586 2692 1631 castas
2718 1618 2733 1643 ,
2757 1579 2972 1634 sobrias.
3008 1579 3124 1635 Non
3162 1583 3366 1642 alienos
3400 1603 3413 1639 :
3464 1588 3582 1644 sive

1988 1664 2111 1721 ideo
2134 1666 2292 1735 dicit,
2329 1684 2395 1723 ne
2424 1668 2575 1738 aliae,
2604 1686 2724 1742 qua:
2752 1674 3092 1729 continentes
3117 1686 3302 1746 erant,
3334 1694 3437 1734 non
3461 1680 3584 1736 dili-

1987 1770 2175 1830 gerent
2199 1762 2342 1818 viros
2365 1779 2492 1818 suos
2514 1806 2528 1831 ,
2548 1774 2603 1820 et
2626 1765 2853 1822 verbum
2880 1766 2975 1823 Dei
3006 1777 3276 1841 tamquam
3301 1770 3582 1830 dissidium

358 1853 496 1910 Sunt
528 1856 663 1911 enim
709 1856 860 1912 multi
895 1859 1050 1916 etiam
1095 1860 1442 1917 inobedientes
1462 1906 1477 1932 ,
1520 1864 1784 1937 raniloqui
1830 1873 1879 1919 et
1911 1866 1957 1927 B
1986 1852 2287 1923 Ρτωάίοίὶηδ
2309 1895 2324 1921 9
2355 1856 2688 1925 (imparem?-

270 1948 594 2003 seductores.
626 1950 953 2019 Apostolicae
977 1952 1238 2010 doctrinae
1266 1970 1372 2011 non
1398 1955 1839 2028 obtemperantes
1856 1998 1872 2025 ,

268 2049 329 2096 et
357 2039 426 2095 ad
459 2041 665 2096 nullum
696 2043 993 2113 profectum
1026 2044 1335 2118 loquentes.

345 2133 583 2192 Maxime
594 2146 789 2205 autem,
804 2140 896 2211 qui
916 2139 979 2194 de
999 2141 1387 2197 circumcisione
1406 2152 1545 2198 sunt.
1570 2143 1669 2214 Qui
1685 2144 1875 2201 huma-

267 2242 371 2284 nas
386 2230 562 2299 potius
576 2230 890 2288 traditiones
904 2231 1211 2300 observant,
1228 2251 1385 2305 quam
1405 2235 1587 2291 divina
1602 2239 1869 2295 mandata.

346 2321 492 2389 Quos
513 2333 714 2395 oportet
735 2326 1017 2398 redargui,
1044 2329 1133 2395 qui
1159 2329 1420 2384 universas
1441 2330 1620 2386 domos
1659 2332 1873 2387 subver-

267 2426 388 2472 tunt
409 2462 425 2488 ,
471 2418 709 2474 docentes
744 2437 861 2491 quia
896 2438 999 2476 non
1041 2432 1272 2492 Oportet,
1305 2426 1471 2495 turpis
1517 2424 1651 2480 lucri
1677 2428 1870 2497 gratia.

266 2510 405 2581 Quae
422 2511 537 2583 jam
563 2512 843 2584 superflua
868 2516 1201 2587 temporibus
1230 2518 1430 2575 Christi
1463 2537 1476 2573 :
1515 2522 1872 2579 caeremonias

268 2616 455 2661 autem
480 2604 794 2663 Iudaeorum
825 2608 895 2663 ab
926 2608 1005 2665 eis
1027 2609 1208 2666 doceri
1237 2610 1390 2668 dicit.

343 2697 712 2770 Dixitquidam
725 2717 789 2755 ea:
814 2701 917 2756 illis
938 2702 1177 2775 praprius
1202 2704 1431 2776 ipsorum
1454 2708 1728 2779 propheta.
1752 2706 1874 2763 Cal-

272 2789 541 2847 limachus
571 2792 801 2849 scilicet.
834 2793 970 2849 Vide
999 2796 1184 2865 quales
1208 2806 1368 2867 sunt,
1403 2799 1494 2870 qui
1520 2799 1682 2855 etiam
1706 2814 1735 2853 a
1759 2799 1873 2879 suis

280 2886 392 2940 tale
421 2885 793 2941 testimonium
824 2900 1223 2958 promerentur.

343 2978 612 3035 Cretenses
678 2997 878 3053 semper
954 2985 1246 3039 mendaces.
1299 2985 1564 3041 Amantcs
1617 2985 1867 3056 mentiri,

270 3070 424 3126 noxii
456 3080 741 3141 oratores,
772 3073 975 3143 pariter
1000 3075 1184 3131 Otiosi.

343 3161 508 3218 Mala:
534 3163 746 3231 bestice,
806 3175 1002 3222 ventres
1047 3168 1205 3242 pigri.
1255 3168 1384 3226 Ideo
1433 3169 1596 3227 ferias
1661 3180 1719 3227 et
1761 3172 1872 3229 otia

268 3253 514 3312 libenter
538 3256 852 3315 admittunt.

344 3345 714 3404 Testimonium
760 3351 857 3407 hoc
884 3368 1055 3408 verum
1080 3362 1175 3408 est.
1209 3353 1376 3422 Quam
1414 3354 1475 3408 ob
1507 3372 1747 3425 causam,
1789 3357 1872 3411 in-

266 3457 425 3515 crepa
460 3443 577 3498 illos
607 3445 777 3512 dure,‘
808 3454 865 3500 ut
892 3448 1007 3502 sani
1034 3449 1136 3503 sint
1166 3450 1218 3503 in
1248 3449 1354 3519 ﬁde
1375 3465 1395 3505 :
1423 3467 1526 3505 non
1554 3452 1873 3509 iutendentes

265 3532 513 3592 Judaicis
564 3538 753 3609 fabulis
792 3548 840 3594 et
871 3542 1129 3597 mandatis
1153 3542 1441 3598 hominum.
1465 3544 1872 3603 Traditionibus

266 3628 560 3702 humanis,
599 3633 668 3690 de
710 3635 905 3706 quibus
948 3637 1208 3694 Dominus
1249 3640 1304 3695 in
1347 3640 1641 3712 Evangelia
1671 3641 1873 3698 Judaeis

264 3721 550 3795 loquitur:
578 3728 877 3784 secundum
906 3728 1120 3799 Isaiam,
1149 3732 1437 3788 Dominum
1463 3749 1571 3789 non
1598 3732 1652 3789 in
1684 3734 1869 3805 corde,

267 3818 369 3874 sed
394 3818 451 3874 in
483 3819 639 3875 labiis
668 3820 1021 3879 honorantes.

342 3911 706 3967 Aversantium
726 3932 781 3969 se
811 3932 843 3969 α
864 3920 1094 3971 veritate.
1124 3916 1261 3973 Novi
1284 3917 1492 3976 scilicet
1517 3918 1869 3976 Testamenti.

346 4002 542 4060 Omnia
604 4006 801 4063 munda
857 4010 1087 4067 mundis.
1147 4010 1283 4079 Quia
1342 4012 1521 4070 adhuc
1572 4014 1871 4070 secundum

266 4097 475 4170 Legem
506 4099 784 4159 immunda
816 4104 1107 4174 vocabant.

344 4192 702 4266 Coinquinatis
728 4207 900 4253 autent
926 4210 974 4253 et
1026 4199 1343 4268 inﬁdelibus.
1405 4199 1749 4272 Coinquinati
1818 4209 1873 4257 et

270 4284 523 4344 infideles
554 4298 709 4357 sunt,
738 4290 830 4362 qui
861 4306 968 4346 non
996 4292 1225 4348 credunt
1247 4293 1435 4364 jugum
1468 4293 1628 4365 Legis
1668 4311 1697 4348 a
1726 4295 1872 4350 collo

266 4378 608 4437 credentium
643 4383 1235 4441 Dominumabstulisse
1274 4402 1286 4439 :
1318 4386 1369 4441 id
1391 4394 1503 4455 est,
1536 4387 1717 4441 omnia
1753 4402 1874 4458 qua:

267 4473 648 4544 temporaliter
674 4475 887 4531 fuerant
914 4477 1179 4532 instituta.

342 4565 454 4622 Sed
479 4566 764 4638 inquinata:
785 4579 902 4624 sunt
932 4586 1111 4626 eorum
1157 4580 1205 4624 et
1256 4586 1395 4625 mens
1440 4578 1487 4625 et
1536 4569 1869 4625 conscientia.

268 4660 364 4716 Eti
386 4678 457 4717 un
489 4662 541 4717 in
572 4661 677 4719 hoc
702 4662 841 4736 ipso.

344 4754 670 4824 Conﬁtentur
713 4773 767 4811 se
821 4774 970 4813 nosse
998 4755 1185 4825 Deum,
1241 4758 1396 4828 factis
1440 4768 1611 4814 autem
1655 4767 1867 4831 negant.

269 4847 345 4903 Sc
373 4847 568 4904 melius
595 4847 868 4906 Christum
898 4851 1086 4907 dicunt
1133 4867 1325 4916 nosse,
1357 4862 1414 4907 ut
1453 4851 1595 4922 Lege
1642 4854 1873 4922 promis-

271 4956 395 4995 sum
431 4941 561 4997 :‘sed
585 4940 761 5011 lactis,
787 4944 903 5014 ejus
928 4944 1218 4999 adventum
1248 4954 1446 5016 negant
1470 4962 1483 4997 :
1512 4959 1637 5000 cum
1665 4959 1725 5001 se
1754 4946 1873 5002 sine

269 5034 413 5105 legis
439 5036 637 5092 auxilio
660 5045 849 5107 putant
870 5038 1154 5109 justitlcari
1185 5054 1290 5093 non
1317 5052 1498 5109 posse.

345 5134 480 5193 Cum
499 5133 601 5189 sint
623 5134 903 5190 abominati
929 5144 977 5190 et
1004 5133 1329 5189 incredibiles
1349 5180 1363 5203 ,
1389 5143 1443 5189 et
1475 5133 1541 5187 ad
1565 5150 1714 5188 omne
1741 5150 1873 5206 Opus

266 5238 463 5293 bonum
502 5229 725 5304 reprobi.
750 5229 808 5284 In
844 5228 958 5285 sola
986 5227 1328 5284 confessione
1352 5226 1485 5296 legis
1506 5226 1874 5296 religiosiores

265 5346 334 5388 se
362 5329 580 5396 dicunt,
609 5339 734 5381 cum
758 5322 850 5379 illa
882 5338 990 5378 non
1017 5319 1246 5391 faciant,
1277 5335 1397 5393 qua:
1424 5326 1762 5391 quaeruntur.

907 5480 1141 5541 CAPUT
1180 5480 1245 5539 ll.

347 5602 429 5662 Tu
471 5612 642 5661 autem
688 5601 890 5672 loquere
913 5640 928 5668 ,
966 5612 1083 5670 qua:
1125 5597 1307 5652 decent
1334 5612 1516 5652 sanum
1552 5596 1865 5653 doctrinam.

267 5700 411 5769 Qua:
440 5696 508 5753 ad
537 5696 700 5753 vitam
727 5692 1000 5765 pertinent
1037 5689 1259 5746 Christi.

351 5793 537 5861 Senes,
596 5799 653 5845 ut
707 5788 863 5845 sobrii
908 5789 1041 5853 sint,
1088 5785 1297 5857 pudici,
1341 5784 1643 5856 prudentes,
1674 5786 1789 5843 sani
1817 5786 1871 5842 in

266 5888 407 5963 ﬁde,
438 5888 494 5944 in
522 5884 793 5942 dilectione
816 5924 832 5955 ,
862 5885 915 5939 in
943 5880 1213 5955 patientia.
1244 5878 1343 5937 llic
1368 5893 1528 5939 senes
1569 5888 1727 5939 astate
1752 5921 1769 5951 ,
1817 5886 1876 5941 et

2046 1947 2244 2002 Domus
2274 1965 2453 2003 curam
2493 1949 2757 2008 habentes.
2806 1948 2886 2009 Ne
2930 1952 3078 2011 viros
3119 1969 3252 2013 suos
3296 1956 3350 2013 in
3399 1957 3586 2030 aliquo

1974 2042 2385 2098 contristarent.

2044 2129 2326 2203 Benigttas,
2358 2135 2593 2190 subditas
2620 2136 2742 2192 viris
2770 2137 2877 2193 suis
2904 2153 2923 2193 :
2968 2148 3024 2194 ut
3065 2157 3167 2196 non
3197 2140 3584 2214 blasphemetur

1974 2223 2180 2279 verbum
2204 2225 2319 2280 Dei.
2336 2225 2413 2283 Ne
2435 2228 2522 2285 vel
2548 2228 2679 2300 ipsa:
2700 2231 3099 2303 blasphement,
3115 2236 3159 2290 si
3180 2236 3415 2307 gentiles
3429 2248 3581 2306 sunt,

1972 2315 2061 2371 vel
2089 2316 2183 2370 alii
2210 2316 2455 2375 videntes
2498 2335 2591 2377 eas
2639 2321 2856 2392 pejores
2885 2322 3126 2393 effectus,
3158 2341 3323 2398 quam
3356 2326 3577 2385 fuerant

1974 2417 2103 2466 ante
2134 2409 2317 2465 fidem.

1981 2561 1987 2566 ,
2045 2501 2267 2557 Juvenes
2310 2503 2544 2560 similiter
2573 2504 2801 2576 hortare,
2833 2516 2888 2562 ut
2912 2509 3071 2565 sobrii
3095 2510 3222 2569 sint.
3253 2510 3581 2571 Auferentes

1976 2596 2045 2653 ab
2074 2597 2154 2653 eis
2182 2613 2402 2654 causam
2427 2600 2675 2659 luxuriae.

2046 2690 2114 2748 In
2142 2695 2400 2750 omnibus.
2443 2697 2575 2763 Quae
2614 2697 2939 2771 junguntur,
2968 2702 3083 2760 sive
3110 2718 3217 2761 non
3247 2704 3424 2762 solum
3454 2720 3577 2764 cor-

1974 2804 2128 2859 pore,
2154 2790 2251 2845 sed
2279 2798 2332 2846 et
2362 2801 2563 2849 mente.

2049 2880 2292 2951 Teipsurn
2342 2885 2509 2956 praebe
2559 2887 2848 2959 exemplum
2895 2888 3145 2945 bonorum
3199 2908 3434 2965 operum.
3491 2894 3572 2952 Ne

1974 2975 2225 3045 exemplo
2256 2976 2508 3035 destruas
2538 2979 2785 3050 verbum,
2814 2991 2869 3037 et
2914 2994 2974 3037 ut
3002 2983 3268 3042 audenter
3308 2988 3574 3059 corripias

1977 3064 2375 3135 delinquentes.
3529 3106 3575 3141 ,ε

2048 3158 2123 3231 ιι
2144 3161 2399 3231 doctrina,
2432 3162 2486 3218 in
2508 3164 2823 3238 integritate,
2850 3167 2904 3223 in
2927 3168 3200 3238 gravitate.
3224 3170 3342 3239 Quo
3371 3174 3577 3231 solum-

1898 3259 1943 3326 ρ
1977 3253 2137 3308 modo
2166 3254 2347 3311 doceri
2384 3268 2589 3327 potest;
2625 3259 2906 3329 integritas
2938 3277 3069 3317 vero
3111 3278 3211 3320 nec
3258 3267 3573 3325 muneribus

1973 3349 2364 3419 corrumpitur,
2393 3365 2492 3407 nec
2519 3353 2836 3421 acceptione
2860 3368 3130 3423 personm.

2055 3441 2273 3498 Verbum
2296 3461 2502 3514 sanum,
2526 3446 2987 3517 irreprehensibile.
3014 3448 3223 3508 Nullius
3248 3452 3579 3511 adulationis

1974 3538 2297 3592 accensione
2328 3538 2610 3608 languens.

2051 3628 2119 3684 Ut
2140 3632 2202 3699 is,
2228 3631 2315 3702 qui
2344 3647 2408 3685 ea:
2434 3631 2647 3686 adverso
2672 3641 2770 3702 est,
2799 3644 3053 3707 vereatur,
3087 3636 3220 3693 nihil
3247 3637 3438 3695 habens
3466 3656 3579 3696 ma-
3678 3680 3697 3689 ς

1977 3722 2084 3778 lum
2114 3724 2282 3779 dicere
2310 3726 2372 3780 de
2398 3724 2558 3781 vobis.
2587 3726 2690 3794 Qui
2738 3726 2833 3783 tibi
2858 3738 3041 3799 potest
3088 3732 3488 3802 contradicere,
3523 3734 3572 3790 si

1976 3814 2105 3887 quid
2132 3818 2185 3872 in
2220 3828 2272 3874 te
2303 3818 2411 3874 tale
2441 3819 2733 3876 notaverit.

2049 3912 2234 3968 Servos
2283 3914 2506 3969 dominis
2544 3915 2652 3969 suis
2689 3914 2925 3970 subditos
2949 3931 3080 3985 esse,
3111 3916 3166 3971 in
3192 3916 3424 3973 omnibus
3453 3918 3575 3989 pta-

1975 4014 2159 4059 ccntes.
2186 4004 2317 4073 Quae
2344 4006 2611 4075 imperant
2634 4006 2802 4077 justa.

2052 4093 2174 4150 Non
2192 4097 2614 4152 contradicentes.
2647 4098 2725 4155 Ne
2746 4098 3243 4159 murmurationem
3288 4101 3575 4174 facientes,

1975 4199 2032 4248 et
2059 4192 2309 4249 mercede
2339 4195 2651 4265 privemini,
2698 4204 2753 4250 et
2786 4194 3035 4253 homines
3061 4197 3307 4255 existatis
3350 4199 3574 4271 ingrati.

2049 4284 2173 4341 Non
2201 4287 2525 4357 fraudantes,
2556 4287 2647 4341 sed
2668 4287 2721 4341 in
2748 4288 2981 4344 omnibus
3010 4288 3165 4358 ﬁdem
3189 4290 3373 4345 bonam
3408 4299 3580 4346 osten-

1978 4378 2175 4434 dentes.
2208 4378 2333 4435 Sive
2361 4379 2414 4435 in
2446 4378 2532 4435 his
2559 4394 2681 4450 qua:
2711 4380 2821 4436 illis
2851 4380 3244 4449 conceduntur,
3278 4382 3395 4439 sive
3419 4391 3479 4437 ut
3521 4382 3576 4439 in

1978 4488 2147 4544 opere
2175 4473 2464 4528 ostendant
2493 4473 2692 4529 bonum
2723 4488 2848 4530 esse
2877 4474 3019 4544 quod
3047 4474 3297 4531 credunt.

2055 4564 2121 4621 Ut
2144 4565 2434 4620 doctrinam
2462 4565 2755 4622 Saluatoris
2774 4568 2939 4621 nostri
2980 4565 3079 4622 Dei
3115 4579 3299 4625 ornent
3324 4570 3380 4626 in
3412 4570 3582 4626 omni-

1899 4659 1949 4721 D
1975 4658 2089 4714 bus.
2123 4660 2256 4714 Dum
2288 4674 2475 4715 eorum
2499 4658 2755 4730 operibus
2786 4658 3097 4715 laudantur.

2048 4749 2307 4823 Apparuit
2336 4752 2471 4805 enim
2496 4752 2668 4823 gratia
2696 4750 2793 4806 Dei
2822 4760 2870 4806 et
2910 4750 3200 4810 Saluatoris
3221 4754 3383 4809 nostri
3411 4753 3579 4823 omni-

1977 4845 2069 4899 bus
2098 4843 2409 4899 hominibus.
2441 4843 2653 4899 Nullam
2686 4842 3054 4901 conditionem
3086 4846 3305 4916 excipit.

2048 4935 2311 4992 Erudiens
2332 4953 2447 5006 nos,
2473 4947 2529 4993 ut
2548 4937 2853 5009 abnegantes
2874 4938 3191 5009 impietatem
3235 4946 3285 4992 et
3306 4937 3579 4993 scecularia

1978 5028 2259 5085 desideria.
2293 5028 2566 5085 Sazculare
2592 5038 2675 5085 est
2704 5045 2867 5085 omne
2895 5027 3225 5085 desiderium
3250 5026 3495 5099 carnale,
3518 5038 3577 5084 et

1978 5122 2155 5179 omnis
2185 5121 2448 5177 habitatio
2476 5122 2809 5192 temporalis.

2051 5214 2254 5272 Sobrie.
2299 5214 2567 5284 Perfecte,
2604 5215 2830 5272 Domino
2876 5212 3091 5270 dicente
3121 5230 3133 5267 :
3168 5211 3471 5284 Attendite,
3499 5228 3573 5274 ne

1976 5320 2267 5385 graventur
2293 5310 2457 5369 corda
2501 5318 2685 5367 vestra
2730 5311 2784 5367 in
2825 5308 3065 5381 crapula,
3106 5316 3164 5367 et
3197 5308 3486 5377 ebrietate,
3517 5316 3578 5367 et

1976 5406 2122 5462 curis
2149 5403 2309 5476 hujus
2332 5403 2479 5460 vita}.

2048 5496 2118 5552 Et
2148 5501 2293 5572 juste
2320 5506 2367 5553 et
2401 5498 2484 5570 pie
2510 5497 2735 5552 vivamus
2764 5496 2818 5550 in
2845 5495 2942 5550 hoc
2967 5494 3176 5551 saeculo.
3219 5493 3433 5553 Justitia
3463 5503 3577 5551 non

1978 5601 2330 5663 temperatur,
2360 5590 2465 5645 nisi
2490 5590 2660 5659 pietas
2685 5588 3034 5660 adjungatttr.

2044 5686 2417 5758 Exspectantes
2448 5684 2647 5741 beatam
2687 5700 2851 5756 spem.
2882 5682 2989 5751 Qui
3020 5681 3138 5753 ejus
3165 5678 3420 5738 mandata
3449 5691 3575 5737 ser-

1975 5782 2246 5838 vaverint.

2049 5873 2120 5937 Et
2143 5876 2419 5934 adventum
2460 5872 2643 5949 gloria:
2676 5870 2853 5947 magni
2883 5868 2977 5928 Dei
3003 5876 3052 5925 ct
3084 5866 3378 5927 Saluatoris
3414 5863 3585 5925 nostri
