3978 6286
463 304 567 367 899

1499 302 1557 357 S.
1602 294 1980 357 IllERONYMI
2017 294 2304 353 OPERUM
2344 292 2712 351 MANTISSA.
3646 288 3738 347 900

459 419 590 477 Iesu
612 418 826 475 Christi.
859 417 1119 490 Spiritum
1149 413 1281 471 dicit
1308 427 1562 485 magnum
1594 412 1789 480 Deum,
1820 411 1949 483 quia
1980 410 2059 480 ip-
2084 411 2137 471 Α
2238 406 2305 463 Ut
2320 406 2599 479 justi/icati
2624 405 2792 477 gratia
2812 404 2999 477 ipsius,
3033 404 3260 459 Ita’redes
3290 402 3467 468 simus,
3487 401 3743 457 secundum

460 510 576 570 sius
605 520 984 583 esSpectamus
1006 508 1319 565 adventum.

537 608 638 675 Qui
656 608 795 662 dedit
822 608 1150 677 semetipsum
1176 620 1270 677 pro
1293 602 1459 667 nobis,
1491 610 1550 656 ut
1582 616 1673 656 nos
1700 598 1973 654 redimeret
2003 596 2066 651 ab

462 702 601 759 omni
628 702 923 773 iniquitate,
957 710 1002 754 et
1046 698 1316 752 mandaret
1356 696 1453 751 sibi
1496 692 1748 767 populum
1780 691 2064 764 acceptabi'

464 797 582 864 lem,
610 803 912 848 sectatorem
940 792 1187 845 bonorum
1217 804 1450 861 aperum.
1483 788 1616 852 Quia
1661 802 1721 841 se
1767 785 1936 851 dedit,
1973 798 2063 838 ca-

460 901 681 943 veamus
711 899 781 940 ne
810 882 1139 941 beneﬁcium
1185 882 1303 952 ejus
1355 880 1517 935 inane
1561 889 1615 935 et
1662 878 1872 933 irritum
1900 874 2065 931 facia-

469 995 611 1036 inus.

537 1072 665 1127 Haec
687 1072 893 1143 loquere
922 1078 970 1124 et
990 1069 1283 1124 exhortare.
1308 1067 1496 1125 Omnis
1528 1080 1707 1122 sermo
1731 1073 1855 1120 tuus
1882 1064 1933 1121 in
1969 1062 2069 1118 hac

464 1164 840 1223 exhortatione
867 1164 1152 1218 consistat.

534 1260 601 1315 Et
634 1276 794 1333 argue
824 1276 940 1313 cum
966 1258 1107 1312 omni
1135 1257 1369 1330 imperio.
1404 1255 1619 1313 Acriter
1648 1269 1816 1327 argue
1842 1265 1938 1311 eos
1979 1252 2069 1325 qui

461 1354 536 1411 ita
562 1370 668 1410 non
704 1352 911 1408 vivunt.

538 1446 705 1501 Nemo
735 1455 782 1500 te
812 1454 1124 1500 contemnat.
1151 1443 1341 1500 Talem
1372 1450 1425 1499 te
1451 1442 1671 1509 exhibe,
1703 1457 1769 1497 ne
1795 1441 2067 1497 contemni

466 1541 663 1612 possis.
700 1539 820 1595 Vita
853 1537 1000 1595 enim
1030 1539 1412 1593 auctoritatem
1445 1536 1635 1593 tribuit
1665 1536 1852 1592 verbo.

1092 1629 1321 1686 CAPUT
1363 1630 1449 1685 Ill.

534 1726 766 1781 Admone
777 1724 918 1793 illos,
937 1723 1255 1796 principibus
1268 1733 1313 1778 et
1326 1722 1663 1796 potestatibus
1685 1721 1916 1777 subditos
1937 1736 2067 1787 esse,

2168 518 2309 572 spem
2346 501 2461 555 vita:
2486 508 2711 553 (sternte.
2742 498 2859 554 Non
2890 498 3187 555 secundum
3218 496 3487 556 carnalem
3530 495 3739 552 haeredi-

2170 602 2334 648 tatem
2364 593 2488 646 vit:e
2520 590 2853 661 temporalis.

2244 683 2446 740 Fidelis
2473 701 2640 739 sermo
2666 696 2761 738 est.
2790 684 2865 740 Ne
2896 684 3019 756 quis
3047 683 3275 739 dubitet.

2241 775 2310 831 Et
2335 777 2399 832 de
2428 778 2506 831 his
2538 776 2652 831 uolo
2678 786 2724 831 te
2750 777 3082 847 conﬁrmare.
3105 776 3442 833 Conﬁrmare
3486 772 3740 843 scientem,

2171 884 2276 923 non
2310 869 2576 925 instruere
2610 869 2977 939 ignorantem.

2246 960 2312 1016 Ut
2342 971 2517 1015 curent
2558 961 2703 1015 bonis
2732 961 2971 1026 operibus
3006 975 3245 1032 prwesse,
3277 958 3365 1030 qui
3396 958 3608 1013 credunt
3634 958 3742 1015 Deo.

2169 1052 2250 1110 Ad
2274 1053 2412 1108 bona
2440 1068 2605 1122 opera
2632 1052 2878 1108 ducenda
2912 1069 3169 1120 prreesse.

2242 1143 2373 1201 Ilazc
2412 1154 2528 1199 sunt
2558 1146 2691 1200 bona
2734 1154 2783 1201 et
2830 1148 2975 1201 utilia
3005 1145 3320 1201 hominibus.
3355 1142 3516 1213 Hrec,
3551 1160 3646 1201 non
3671 1145 3744 1201 illa

2169 1254 2291 1311 qua:
2319 1249 2643 1309 sequuntur.

2242 1330 2444 1386 Stultos
2474 1344 2641 1385 autem
2669 1332 3000 1402 qucestiones,
3037 1338 3086 1385 et
3114 1328 3459 1401 genealogias,
3494 1339 3539 1385 et
3568 1341 3743 1385 conten-

2172 1423 2355 1478 tiones.
2389 1423 2505 1479 Non
2536 1425 2649 1478 vult
2681 1438 2781 1479 nos
2811 1420 3103 1493 super-ﬂuis
3134 1421 3574 1477 contentionibus
3602 1421 3744 1492 impli-

2170 1516 2310 1583 cari,
2344 1530 2487 1586 quae,
2517 1514 2572 1569 in
2606 1514 2769 1586 Lege,
2796 1513 2862 1569 de
2884 1512 3326 1585 generationibus
3354 1513 3604 1566 oriuntur
3629 1529 3641 1565 :
3668 1511 3742 1566 sed

2172 1607 2287 1663 haec
2316 1608 2460 1678 loqui
2488 1621 2725 1677 semper,
2753 1606 2820 1662 de
2848 1604 3043 1677 quibus
3070 1604 3359 1675 proﬁcient
3382 1603 3670 1659 audientes.

2244 1700 2311 1754 Et
2342 1717 2543 1771 pugnas
2572 1700 2697 1772 legis
2723 1699 2897 1754 derita
2924 1715 2943 1753 :
2982 1708 3101 1754 sunt
3128 1698 3269 1752 enim
3300 1696 3516 1753 inutiles
3540 1707 3583 1751 et
3609 1713 3741 1752 uaria.

464 1818 606 1872 dicto
637 1817 865 1883 obedire,
900 1822 966 1870 ad
990 1833 1139 1871 omne
1166 1832 1296 1887 Opus
1328 1819 1514 1872 bonum
1556 1826 1765 1890 paratos
1793 1833 1916 1872 esse.
1946 1815 2062 1871 Non

2196 1795 2334 1864 )uasi
2378 1792 2665 1849 contrariae
2704 1792 3100 1863 oppositiones,
3133 1805 3268 1862 quas
3298 1789 3543 1846 liarretici
3586 1803 3743 1845 conse-

476 1913 541 1967 ad
577 1910 794 1979 aliquod
824 1911 1047 1966 malum.

542 2002 820 2057 Neminem
851 2000 1225 2073 blasphemare.
1269 2000 1346 2057 Ne
1384 2000 1509 2057 illos
1548 2000 1766 2073 quidem
1811 2000 1901 2073 qui
1949 2016 2064 2058 mc-

466 2105 680 2157 rentur.

538 2191 659 2245 Non
681 2190 934 2264 litigiosos
960 2205 1089 2253 esse.
1119 2188 1208 2245 sed
1232 2190 1505 2245 modestos.
1528 2186 1607 2245 Ne
1630 2188 1801 2243 vicem
1831 2184 2065 2243 redden-

470 2285 561 2351 do,
591 2292 891 2355 provocent
918 2282 1089 2338 litem.

537 2376 750 2432 Omnem
774 2377 1098 2432 ostendentes
1122 2376 1575 2431 mansuetudinem
1600 2375 1666 2427 ad
1697 2391 1870 2430 omnes
1899 2373 2067 2430 homi-

468 2487 575 2525 nes.
602 2470 720 2525 Nou
750 2470 925 2525 solum
957 2469 1024 2524 ad
1054 2472 1245 2536 bonos,
1274 2469 1359 2524 vel
1389 2468 1455 2522 ad
1487 2468 1713 2524 amicos.

536 2563 763 2617 Eramus
794 2563 928 2617 enim
953 2561 1234 2631 aliquando
1256 2569 1300 2614 et
1324 2577 1416 2615 nos
1448 2561 1765 2631 insipientes,
1790 2559 2066 2626 increduli,

469 2662 722 2722 errantes,
750 2654 1027 2708 servientes
1054 2651 1327 2707 desideriis
1354 2661 1402 2706 et
1427 2652 1777 2722 voluptatibus
1807 2653 1985 2718 variis,
2019 2653 2071 2706 in

464 2747 665 2803 malitia
690 2758 736 2803 et
766 2747 964 2802 invidia
993 2756 1200 2819 agentes
1231 2762 1249 2801 :
1291 2744 1533 2813 odibiles,
1577 2747 1803 2801 odientes
1834 2747 2067 2800 invicem.

464 2840 543 2897 Ne
572 2840 869 2911 desperent
920 2840 1267 2908 correptione
1312 2853 1432 2907 sua,
1490 2840 1715 2909 Opponit
1762 2840 2069 2909 exemplum

464 2946 547 3001 se,
578 2934 705 3002 quia
728 2941 782 2987 et
808 2946 907 2987 nos
932 2930 1155 2995 luimus,
1183 2931 1378 3002 inquit,
1411 2931 1547 2986 tales
1579 2948 1591 2983 :
1624 2929 1885 2986 debemus
1911 2928 2072 3001 igitur

468 3027 740 3098 patienter
763 3038 951 3080 eorum
983 3024 1355 3093 insipientiam
1391 3023 1644 3078 tolerare.

540 3118 671 3174 Cum
700 3126 873 3171 autem
903 3116 1212 3187 benignitas,
1245 3125 1291 3169 et
1337 3113 1636 3170 humanitas
1680 3114 1918 3186 apparuit
1946 3115 2070 3171 Sal-

2168 1896 2406 1945 ctantur.

2244 1980 2557 2035 Hatreticum
2583 1977 2841 2033 hominem
2872 1984 2986 2046 post
3019 1990 3173 2029 unam
3205 1981 3255 2028 et
3282 1972 3564 2027 secundum
3603 1988 3741 2028 corrc.

2170 2076 2395 2144 ptiouem
2426 2073 2612 2137 devita,
2644 2070 2815 2124 sciens
2843 2068 2964 2139 quia
2985 2066 3253 2122 subversas
3281 2074 3375 2131 est,
3406 2067 3498 2137 qui
3525 2067 3740 2133 eiusmodi

2168 2176 2264 2230 est,
2299 2176 2343 2219 et
2366 2163 2642 2234 delinquit,
2669 2178 2783 2217 cum
2812 2161 2878 2215 sit
2907 2160 3118 2231 proprio
3135 2157 3343 2229 judicio
3381 2158 3733 2212 condemnatus.

2171 2257 2279 2313 Nec
2308 2258 2450 2313 circa
2493 2257 2643 2327 ipsos
2688 2269 2789 2309 nos
2836 2252 3089 2323 occupari
3144 2248 3435 2320 permittit,
3466 2251 3513 2303 si
3542 2252 3741 2318 correpti

2171 2351 2368 2407 iterum
2411 2364 2515 2404 non
2566 2348 2911 2417 corrigantur
2947 2363 2960 2398 :
3008 2358 3076 2399 ne
3130 2352 3343 2414 tempus
3383 2342 3527 2397 inani
3558 2349 3743 2397 conten-

2172 2446 2320 2500 tione
2351 2444 2670 2513 perdamus;
2729 2451 2785 2498 et
2825 2439 3030 2511 aliquid
3074 2437 3296 2509 proprio
3322 2436 3526 2507 judicio
3551 2444 3742 2491 conatus

2173 2538 2307 2595 nihil
2329 2538 2563 2593 efﬁciet:
2596 2536 2719 2607 quia
2753 2534 3048 2604 unicuique
3070 2540 3255 2586 manet
3295 2530 3513 2585 libertas
3540 2526 3735 2592 arbitrii,

2172 2644 2227 2690 et
2250 2632 2509 2688 funiculis
2532 2640 2874 2700 peccatorum
2903 2625 3275 2697 unusquisque
3298 2619 3681 2691 constringitur.

2246 2726 2373 2782 Cum
2403 2725 2589 2778 misero
2618 2722 2687 2776 ad
2730 2731 2777 2776 te
2815 2720 3079 2775 Artemam
3126 2726 3216 2771 aut
3265 2714 3562 2788 Tychicum,
3585 2714 3742 2783 festina

2172 2821 2239 2875 ad
2268 2835 2349 2873 me
2372 2818 2543 2874 uenire
2567 2813 2867 2885 Nicopolim
2893 2829 2912 2867 :
2935 2812 3003 2866 ibi
3030 2811 3168 2866 enim
3196 2808 3356 2863 statui
3386 2810 3632 2878 hyemare.
3664 2803 3745 2858 Ze-

2172 2931 2293 2968 nam
2329 2910 2680 2983 legisperitum
2707 2917 2754 2960 et
2782 2905 2969 2976 Apollo
2998 2903 3222 2959 sollicite
3246 2903 3527 2973 prtemitte,
3566 2908 3617 2952 ut
3640 2896 3744 2951 nihil

2172 3009 2279 3064 illis
2320 3009 2470 3062 desit.
2504 3005 2573 3062 Ut
2618 3004 2753 3060 nihil
2784 3001 3021 3075 perdant
3048 3000 3116 3057 de
3142 2998 3319 3054 fruetu
3365 2996 3621 3053 doctrinm
3659 3002 3746 3049 tar-

2173 3108 2388 3161 dantes.

474 3214 666 3268 vatoris
697 3213 856 3266 nostri
888 3207 985 3264 Dei
1009 3181 1039 3264 ε⁷
1058 3226 1159 3263 non
1190 3225 1253 3264 ea:
1282 3208 1517 3281 operibus
1537 3181 1781 3280 justitire,
1810 3223 1924 3275 qua:
1952 3210 2075 3281 feci-
2101 3194 2145 3256 C
2250 3196 2471 3253 Discant
2501 3203 2672 3250 autem
2693 3204 2741 3249 et
2778 3191 2930 3248 uestri
2982 3190 3127 3245 bonis
3168 3184 3411 3260 operibus
3440 3199 3661 3281 prtcesse
3694 3181 3748 3234 ad

474 3324 587 3363 ntus
635 3324 749 3376 nos,
782 3305 870 3362 sed
900 3306 1186 3360 secundum
1229 3304 1634 3358 misericordiam
1680 3320 1849 3373 suam,
1907 3304 2074 3357 salvos

469 3419 566 3455 nos
596 3401 738 3473 fecit.
766 3400 891 3455 Sive
920 3398 1147 3469 largitas
1169 3397 1556 3454 misericordia:
1588 3396 1705 3464 Dei,
1739 3395 1853 3453 sive
1882 3411 2076 3453 secun-

476 3492 605 3548 dum
632 3491 904 3547 hominem
930 3489 1199 3546 Christus.

541 3585 642 3640 Per
672 3584 940 3638 lavacrum
964 3582 1366 3653 regenerationis
1390 3592 1437 3637 et
1470 3583 1818 3638 renovationis
1849 3581 2078 3655 Spiritus

466 3680 652 3734 sancti.
687 3677 822 3747 Quia
852 3690 954 3731 nos
983 3674 1217 3746 Spiritus
1246 3686 1465 3731 sanctus
1497 3691 1593 3746 per
1621 3676 1946 3747 baptismum
1990 3692 2075 3733 re-

470 3771 709 3829 novavit.

539 3865 705 3932 Quem
741 3861 929 3932 eﬂ'udit
958 3862 1012 3916 in
1046 3877 1140 3917 nos
1188 3862 1392 3918 abunde
1449 3878 1539 3933 per
1584 3863 1767 3919 Iesum
1816 3863 2076 3920 Christum

465 3959 793 4017 Sulvatorem
843 3965 1097 4011 nostrum.
1150 3955 1564 4026 Abundantius,
1613 3971 1777 4029 quam
1814 3958 1865 4012 in
1911 3960 2076 4014 veteri

467 4052 839 4109 Testamento.

2179 3311 2305 3349 usus
2349 3290 2685 3357 necessarios,
2720 3298 2774 3343 ul
2805 3303 2908 3342 non
2935 3287 3039 3340 sint
3065 3282 3395 3355 infructuosi.
3430 3279 3654 3349 ldipsum
3682 3291 3746 3332 re-

2182 3390 2337 3459 petit,
2368 3385 2510 3457 quod
2544 3382 2797 3454 superius
2824 3380 3037 3436 dixerat
3072 3395 3087 3435 :
3116 3377 3323 3432 Curent
3345 3373 3503 3429 bonis
3528 3370 3748 3444 operibus

2181 3494 2415 3551 praeesse
2444 3478 2756 3535 credentes.

2254 3576 2501 3632 Salutant
2529 3583 2574 3627 te
2601 3572 2687 3643 qui
2708 3587 2905 3625 ntecum
2948 3576 3068 3625 sunt
3110 3582 3307 3624 omnes.
3340 3564 3531 3622 Saluta
3554 3580 3653 3628 eos,
3679 3560 3748 3631 qui

2182 3685 2274 3722 nos
2318 3674 2496 3721 amant
2537 3664 2590 3719 in
2626 3663 2747 3734 ﬁde.
2795 3661 2977 3718 Gratia
3035 3659 3135 3715 Dei
3180 3675 3297 3713 cum
3338 3658 3575 3713 omnibus
3612 3653 3746 3710 vobis.

2182 3764 2362 3817 Amen.
2397 3759 2497 3828 Qui
2550 3773 2649 3813 nos
2699 3757 2933 3813 ﬁdeliter
2961 3765 3163 3820 amant,
3199 3754 3314 3808 sive
3344 3752 3435 3824 qui
3464 3750 3584 3805 ﬁdei
3610 3757 3749 3803 causa

2184 3873 2285 3914 nos
2309 3862 2513 3911 amant.
2563 3850 2870 3909 Notandum
2900 3848 3044 3921 quod
3092 3846 3300 3918 excipit
3336 3844 3612 3917 apostolos
3638 3849 3751 3911 quos

2183 3952 2401 4009 salutat.

503 4122 3737 4163 _______________________________________________.—

1143 4269 1262 4352 IN
1320 4267 1973 4352 EPISTOLAM
2039 4271 2198 4353 AD
2253 4253 3078 4350 PHILEMONEM.

982 4492 1211 4551 CAPUT
1251 4490 1534 4549 UNICUM.

541 4587 746 4645 Paulus
772 4590 972 4643 uinctus
994 4586 1191 4644 Christi
1220 4584 1371 4654 Iesu,
1397 4594 1442 4641 et
1472 4582 1775 4639 Timotheus
1797 4580 1979 4650 frater.
2014 4575 2070 4630 1n

464 4698 710 4752 carcere,
741 4683 828 4739 vel
852 4683 904 4738 in
934 4683 1159 4740 catenis.
1299 4660 1305 4673 ’

538 4776 838 4835 Philentoni
860 4776 1049 4830 dilecto
1078 4775 1311 4848 adjutori
1342 4783 1539 4842 nostro,
1579 4781 1627 4829 et
1657 4769 1874 4843 Αρριιὶω
1906 4767 2073 4823 sorori

465 4874 805 4931 charissimw.
837 4870 892 4925 lu
928 4868 1220 4939 Evangelio
1264 4868 1533 4939 adjutrici.
1580 4864 1789 4939 Apphia
1823 4876 1954 4918 vero
1983 4874 2073 4916 so-

464 4984 580 5035 ror,
614 4969 697 5026 vel
726 4967 927 5038 coniux
957 4962 1220 5020 creditur.

538 5062 607 5118 Et
635 5064 900 5135 Archippo
932 5056 1276 5116 commilitoni
1297 5066 1494 5112 nostro.
1522 5053 1619 5109 Hic
1642 5052 1904 5108 diaconus
1928 5057 2067 5113 erat,

467 5157 536 5213 de
561 5173 669 5227 quo
706 5159 771 5213 ad
817 5158 1174 5215 Colossenses
1206 5150 1280 5207 ait
1316 5169 1327 5205 :
1363 5149 1534 5205 Dicite
1583 5146 1857 5217 Archippo
1888 5163 1899 5198 :
1934 5142 2069 5199 Vide

470 5250 855 5317 ministerium,
887 5250 1029 5322 quod
1059 5245 1339 5317 accepisti,
1359 5253 1421 5299 et
1450 5241 1579 5298 illud
1607 5239 1852 5311 impleas.

544 5340 609 5393 Et
640 5338 909 5409 Ecclesitc,
939 5358 1053 5413 qua:
1080 5342 1133 5395 in
1162 5340 1314 5395 domo
1346 5348 1434 5392 tua
1462 5344 1538 5390 est
1563 5350 1580 5389 :
1605 5331 1790 5389 Gratia
1816 5328 1977 5395 uobis,
2020 5336 2069 5383 et

469 5448 575 5507 pax
603 5450 636 5487 a
665 5430 773 5485 Deo
804 5429 961 5487 Patre
984 5443 1181 5499 nostro,
1204 5441 1250 5487 et
1281 5430 1509 5487 Domino
1536 5426 1663 5482 Iesu
1689 5424 1914 5480 Christo.
1938 5420 2071 5476 Ctun

466 5526 617 5581 Omni
640 5524 940 5597 gratiarum
965 5526 1179 5583 actione
1208 5538 1403 5583 etcum
1435 5521 1629 5595 gaudio
1656 5529 1864 5575 exorat.

541 5616 751 5673 Gratias
777 5630 876 5688 ago
909 5614 1012 5670 Deo
1058 5633 1189 5681 meo,
1220 5634 1418 5689 semper
1450 5615 1751 5670 memoriam
1777 5612 1853 5664 tui
1883 5607 2077 5678 faciens

470 5712 523 5766 in
553 5710 872 5767 orationibus
903 5709 1049 5775 meis,
1070 5708 1286 5765 audiens
1308 5712 1615 5765 charitatem
1647 5716 1788 5760 luant
1824 5712 1871 5760 et
1898 5703 2074 5773 ﬁdem.

472 5805 604 5876 Qtue
626 5806 784 5863 nobis
813 5806 864 5861 in
892 5803 1049 5863 bonis
1078 5801 1334 5875 operibus
1359 5799 1673 5860 iunotescit.

1484 6194 1745 6267 [κ

2091 4489 2145 4549 1)
2241 4480 2413 4546 Quam
2436 4479 2593 4535 habes
2620 4479 2677 4534 in
2707 4478 2933 4533 Domino
2987 4473 3117 4532 Iesu
3148 4483 3197 4530 et
3236 4476 3291 4528 in
3335 4490 3510 4531 omnes
3548 4480 3752 4529 sanctos.

2176 4575 2279 4643 Qui
2322 4574 2501 4645 diligit
2528 4581 2710 4645 caput,
2763 4585 2987 4628 necesse
3026 4578 3111 4627 est
3149 4584 3273 4626 eum
3325 4569 3507 4625 omnia
3550 4566 3755 4635 diligere

2178 4668 2443 4723 membra.

2250 4770 2320 4826 Ut
2355 4769 2755 4826 communicatio
2788 4769 2911 4839 fidei
2941 4777 3045 4823 tua:
3073 4767 3279 4823 evidens
3308 4768 3403 4838 ﬁat
3437 4768 3491 4823 in
3524 4764 3757 4839 agnitiom’

2176 4876 2345 4929 omnis
2373 4874 2543 4944 operis
2575 4874 2695 4927 boni
2722 4874 2775 4925 in
2801 4871 3007 4926 Christo
3034 4868 3179 4925 Iesu.
3219 4870 3421 4926 Omnes
3450 4878 3661 4926 sanctos
3688 4864 3758 4918 di-

2178 4977 2318 5046 ligis,
2351 4975 2624 5031 intantum
2660 4983 2717 5028 ut
2747 4987 2936 5029 omnes
2966 4973 3090 5026 boni
3123 4978 3438 5027 nostrorum
3471 4970 3523 5026 in
3555 4968 3759 5024 Christo

2176 5076 2461 5133 evidenter
2488 5086 2539 5133 te
2568 5074 2778 5131 ﬁdelem
2809 5088 2933 5130 esse
2962 5081 3315 5143 cognoscant.

2248 5177 2511 5234 Gaudium
2549 5180 2684 5234 enim
2715 5194 2960 5249 magnum
3001 5174 3179 5241 habui,
3212 5185 3259 5230 et
3285 5176 3679 5231 consolationem
3712 5169 3759 5223 in

2176 5280 2425 5338 churitate
2452 5291 2543 5337 tua
2569 5282 2729 5351 :quia
2754 5280 2948 5333 uiscera
2977 5286 3273 5331 sanctorum
3304 5276 3653 5347 requicuerunt
3681 5285 3757 5342 per

2178 5392 2246 5451 te,
2282 5390 2461 5457 frater.
2492 5386 2639 5453 Quos
2670 5383 2905 5453 hospitio
2936 5380 3206 5451 recipiens
3235 5379 3494 5437 refecisti.

2254 5484 2474 5557 Propter
2519 5487 2658 5551 quod
2706 5485 2921 5539 multam
2964 5483 3212 5553 ﬁduciam
3256 5482 3454 5537 habens
3483 5483 3535 5536 in
3564 5478 3756 5535 Christo

2178 5587 2329 5656 Iesu,
2362 5588 2653 5654 imperandi
2682 5589 2793 5644 tibi.
2829 5587 2960 5643 Cum
2994 5585 3150 5641 nobis
3172 5600 3336 5642 causa
3363 5587 3529 5657 ipsius
3556 5580 3758 5640 dederit

2184 5690 2432 5747 ﬁduciam
2466 5692 2784 5762 imperandi,
2824 5699 3005 5746 tamen
3051 5688 3319 5746 cbaritate
3350 5686 3577 5746 faciendi
3601 5684 3755 5742 obse-

2180 5805 2338 5849 crare
2367 5792 2676 5863 maluimus,
2705 5806 2866 5865 quam
2888 5791 3099 5861 jubere.
