3978 6286
219 248 326 309 901

802 247 1339 308 COMMENTARIUS
1376 248 1441 307 IN
1485 250 1869 312 EPISTOLAM
1909 251 2002 311 AD
2041 247 2518 308 PIIILEMONEM.
2558 246 2720 304 CAP.
2762 246 2943 306 UNIC.

3412 246 3520 307 902

295 364 447 433 Quod
486 364 555 421 ad
596 380 701 421 rem
730 366 969 439 pertinet.
1003 365 1159 434 Quod
1207 366 1273 422 ad
1314 381 1429 421 rem
1478 368 1710 437 pertinet
1741 368 1819 424 rei
1850 374 1896 432 Λ
1926 376 2174 421 wlermtm
2220 366 2369 419 illum
2419 365 2691 435 reciperes.
2736 364 2901 421 Fortc
2930 363 3031 421 lioc
3058 361 3153 420 Dei
3186 364 3522 435 providentia

210 454 562 513 Christianae.

294 548 520 621 Propter
560 527 870 609 charitatem
909 555 1079 628 magis
1122 553 1352 625 obsecro,
1377 570 1495 610 cum
1524 554 1595 610 sis
1626 555 1744 611 talis
1767 564 1825 609 ut

221 642 432 700 Paulus
479 661 639 701 senex
678 662 698 701 :
739 664 877 701 nunc
903 658 1077 702 autem
1114 657 1163 703 et
1202 648 1401 703 vinctus
1440 646 1566 702 Jesu
1607 647 1821 703 Christi.

223 737 467 794 Moribus
494 738 642 807 talis,
672 740 852 811 qualis
880 740 993 806 ille,
1020 742 1109 811 qui
1136 742 1188 795 in
1217 751 1503 796 senectute
1533 740 1695 797 etiam
1726 754 1824 811 pro

215 826 446 884 Christo
477 829 690 885 vincula
722 845 828 885 non
851 839 1089 887 recusat.
1468 858 1471 859 ν

297 920 520 977 Obsecro
562 931 612 978 te
655 938 753 995 pro
796 939 908 977 meo
936 923 1070 992 ﬁlio,
1101 938 1253 995 quem
1286 924 1441 995 genui
1485 923 1538 977 in
1585 922 1822 991 vinculis,

218 1011 491 1081 Onesimo,
521 1014 611 1085 qui
638 1014 737 1070 tibi
764 1015 1051 1084 aliquando
1078 1017 1279 1071 inutilis
1308 1016 1434 1087 fuit,
1463 1032 1601 1069 nunc
1626 1023 1823 1081 autem,

213 1118 268 1162 et
298 1108 428 1162 mihi
453 1118 501 1164 et
532 1107 624 1163 tibi
653 1107 797 1164 utilis
824 1124 844 1166 :
870 1126 1024 1180 quem
1052 1110 1228 1165 remisi
1274 1108 1388 1164 tibi.
1438 1107 1666 1177 Quando
1709 1115 1828 1164 erat

216 1201 467 1271 gentilis,
497 1201 580 1259 vel
603 1202 864 1258 carnalis.

298 1292 377 1348 Tu
398 1304 570 1350 autem
592 1294 762 1363 illum,
787 1304 843 1350 ut
865 1311 975 1351 mea
996 1297 1190 1352 viscera
1216 1295 1437 1367 suscipe.
1473 1293 1632 1351 Velut
1654 1293 1823 1350 lilium

220 1394 475 1443 nostrum
502 1386 911 1444 cbarissimum.

298 1480 465 1549 Quem
492 1496 587 1554 ego
616 1482 877 1537 nolueram
902 1498 1103 1537 mecum
1132 1482 1384 1551 detinere,
1415 1490 1471 1535 ut
1497 1497 1592 1551 pro
1622 1489 1669 1535 te
1700 1480 1824 1535 mihi

218 1576 537 1629 ministraret
552 1576 605 1629 in
628 1574 845 1631 vinculis
869 1573 1159 1648 Evangelii.
1178 1574 1261 1629 Ex
1286 1574 1388 1631 Itoc
1407 1590 1676 1647 cognosce
1687 1588 1790 1645 qua
1804 1602 1824 1616 -

219 1667 287 1722 lis
313 1666 407 1734 sit,
438 1668 525 1738 qui
559 1666 689 1722 milii
719 1667 793 1723 ita
824 1670 1045 1738 placuit,
1073 1677 1127 1724 ut
1155 1678 1242 1724 tua
1266 1671 1382 1725 vice
1413 1669 1764 1725 ministraret.

1929 458 2263 530 pt'ocuravit.

1996 549 2122 605 Jam
2154 567 2255 605 non
2282 560 2336 605 ut
2361 567 2583 619 servum,
2611 550 2704 606 sed
2732 565 2826 622 pro
2856 563 3005 604 servo
3028 546 3387 606 charissimam
3415 550 3527 623 fra-

1929 653 2080 699 trem.
2109 644 2226 700 Jam
2257 644 2401 700 enim
2432 660 2536 701 non
2564 645 2716 716 quasi
2746 660 2812 701 ex
2842 642 3166 702 necessitate
3188 659 3400 715 semis,
3429 645 3526 702 sed

1927 738 2082 810 quasi
2112 736 2279 793 frater
2300 738 2655 794 voluntarius.

2002 832 2232 888 Maxime
2256 835 2383 887 mihi
2404 850 2422 889 :
2449 844 2642 905 quanto
2683 842 2856 890 autem
2902 835 3064 907 magis
3084 834 3197 902 tibi,
3222 842 3269 889 et
3297 834 3351 889 in
3377 850 3530 892 carne

1928 936 1979 981 et
2015 928 2070 981 in
2116 924 2376 981 Domino!
2404 925 2501 982 Cui
2534 938 2587 982 et
2611 925 2924 993 carnaliter,
2953 938 3008 982 et
3038 924 3337 999 secundum
3366 926 3529 983 Iidem

1928 1019 2090 1077 debet
2116 1014 2458 1090 obsequium.

2001 1114 2065 1170 Si
2092 1121 2267 1168 autem
2292 1111 2493 1184 aliquid
2522 1111 2695 1167 nocuit
2718 1111 2829 1177 tibi,
2854 1122 2944 1167 aut
2969 1112 3138 1181 debet,
3168 1111 3267 1167 hoc
3287 1112 3414 1167 mihi
3435 1113 3534 1167 ima

1928 1216 2073 1279 puta.
2105 1206 2219 1281 Ego
2250 1205 2455 1262 Paulus
2483 1208 2667 1277 scripsi
2698 1222 2809 1261 mea
2837 1222 2991 1260 manu
3019 1223 3037 1260 :
3067 1222 3159 1278 ego
3187 1206 3423 1273 reddam,
3471 1214 3529 1261 ut

1928 1315 2031 1354 non
2057 1300 2228 1354 dicant
2258 1300 2375 1367 tibi,
2406 1299 2549 1371 quod
2580 1300 2801 1369 teipsum
2839 1298 2968 1352 mihi
2997 1300 3165 1356 debes.
3201 1297 3309 1365 Ita,
3346 1301 3530 1369 frater,

1927 1408 2021 1465 ego
2053 1403 2099 1447 te
2128 1396 2277 1465 fruar
2306 1395 2358 1447 in
2381 1392 2640 1461 Domino;
2662 1394 2817 1464 refice
2838 1397 3033 1450 viscera
3049 1409 3161 1448 mea
3188 1394 3243 1448 in
3274 1392 3480 1448 Christo
3509 1408 3529 1446 :

1926 1485 2192 1556 conﬁdens
2220 1487 2271 1541 in
2298 1484 2595 1541 obedientia
2641 1496 2732 1542 tua
2774 1488 2960 1556 scripsi
3014 1486 3106 1540 tibi
3134 1506 3152 1545 ;
3184 1488 3349 1541 sciens
3396 1502 3529 1556 quo-

1928 1578 2070 1633 niam
2092 1588 2137 1633 et
2159 1596 2311 1652 super
2340 1582 2395 1635 id
2414 1584 2550 1652 quod
2577 1582 2695 1637 dico
2721 1585 2903 1655 facies.
2936 1583 3113 1640 Simul
3139 1592 3313 1637 autem
3334 1590 3379 1637 et
3402 1597 3534 1651 para

1930 1673 2055 1727 mihi
2078 1672 2380 1745 hospitium.
2404 1673 2545 1729 Nam
2568 1692 2717 1747 spero
2740 1693 2829 1747 per
2850 1678 3109 1732 orationes
3139 1685 3328 1729 vestras
3348 1672 3536 1727 donari

294 1760 427 1817 Sine
455 1761 674 1816 consilio
696 1772 867 1817 autem
894 1771 981 1817 tuo
1008 1762 1141 1817 nihil
1161 1762 1305 1817 volui
1328 1765 1515 1835 facere.
1548 1763 1622 1817 lta
1651 1761 1825 1833 loqui-
1860 1773 1907 1834 B
1934 1779 2015 1817 me
2042 1764 2204 1819 vobis.
2238 1766 2337 1822 llic
2359 1766 2684 1835 ostenditur,
2719 1768 2842 1839 quia
2867 1769 3038 1839 prima
3064 1768 3182 1823 vice
3209 1766 3279 1822 sit
3307 1780 3376 1822 ex
3402 1764 3536 1821 urbe

219 1863 331 1923 tur,
367 1864 424 1910 ut
450 1871 573 1911 cum
600 1856 668 1911 ad
697 1856 872 1927 ipsum
919 1857 1184 1925 remittat,
1230 1857 1347 1914 sive
1398 1869 1455 1913 ut
1506 1856 1679 1929 magis
1706 1856 1826 1927 ejus

221 1950 437 2005 utilitas
466 1950 901 2009 commendetur.

294 2045 389 2101 Uti
433 2064 497 2103 ne
533 2048 669 2103 velut
700 2064 763 2103 ea:
791 2049 1093 2105 necessitate
1120 2050 1309 2104 bonum
1358 2060 1502 2104 tuum
1545 2057 1694 2114 esset,
1739 2047 1828 2102 sed

218 2140 593 2196 voluntarium.
635 2142 939 2198 Notandum
982 2144 1123 2214 quod
1171 2144 1443 2199 neminem
1474 2142 1708 2198 voluerit
1737 2155 1833 2197 ne-

218 2233 478 2290 cessitate
500 2234 626 2290 boni
650 2235 853 2306 aliquid
878 2235 1078 2304 facere,
1108 2252 1178 2293 ne
1200 2237 1505 2293 mercedem
1535 2235 1829 2290 amitteret.

289 2324 545 2382 Forsitan
570 2329 706 2383 enim
736 2328 851 2384 ideo
880 2330 1113 2386 discessit
1163 2332 1231 2385 ad
1281 2330 1466 2386 horam
1517 2349 1550 2385 a
1594 2338 1664 2397 te,
1697 2338 1752 2383 ut
1781 2329 1834 2383 in

1927 1857 2207 1914 dimissus.

2005 1950 2216 2005 Salutat
2270 1959 2320 2005 te
2354 1950 2626 2023 Epaphras
2666 1954 2997 2025 concaptivus
3044 1968 3189 2007 meus
3227 1951 3283 2005 in
3325 1948 3534 2005 Christo

1930 2045 2081 2107 Jesa,
2116 2044 2348 2113 Marcus,
2371 2047 2724 2115 Aristarchus,
2769 2047 2958 2102 Demas
2980 2055 3026 2102 et
3053 2046 3244 2113 Lucas,
3269 2045 3537 2118 adjutores

1934 2138 2053 2193 mei.
2076 2138 2260 2193 Gratia
2284 2139 2492 2194 Domini
2515 2141 2674 2194 nostri
2694 2139 2821 2195 Jesu
2843 2140 3057 2208 Christi,
3082 2155 3200 2194 cum
3224 2138 3412 2208 spiritu
3442 2152 3534 2191 ve-

1937 2242 2069 2287 stro.
2101 2233 2284 2288 Amen.
2335 2231 2450 2289 Non
2496 2232 2726 2304 alicujus
2758 2234 3002 2289 criminis
3031 2246 3215 2299 causa,
3270 2232 3367 2288 sed
3409 2229 3537 2285 ﬁdei

1937 2327 2219 2382 societate.

374 2567 1154 2706 OMNIUM
1247 2566 2028 2700 OPERUM
2124 2564 2251 2699 s.
2351 2561 3423 2700 HIERONYMI

905 2788 1711 2875 ‘DISTRIBUTIO
1762 2788 1887 2874 IN
1939 2778 2357 2873 DECEM
2432 2785 2839 2871 TOMOS

615 2954 1006 3010 COMPARA'I‘A
1047 2955 1177 3008 CUM
1216 2949 1715 3009 DISTRIBUTIONE
1755 2948 2112 3002 EDITIONUM
2148 2946 2571 3010 ANTIQUARUM
2606 2949 2687 3002 ET
2724 2948 3170 3004 BENEDICTINA.

1615 3129 1848 3193 TOMO
1898 3128 2175 3192 PRIMO.

233 3253 642 3319 Exhibentar
676 3255 967 3336 epistolte
1002 3258 1259 3320 centum
1304 3256 1781 3336 quinquaginta
1805 3335 1813 3337 Α
1838 3254 2189 3337 secundum
2225 3258 2591 3334 temporum
2634 3253 2925 3319 ordinem
2969 3255 3298 3337 disposita)
3326 3302 3343 3333 ,
3388 3259 3545 3321 etin

1442 3337 1732 3415 quinque
1765 3335 1997 3397 classes
2039 3334 2321 3414 digesta).

424 3461 678 3515 ORDO
1779 3458 1820 3511 Ο

1973 3458 2015 3510 0
3117 3460 3362 3515 ORDO

269 3572 505 3625 Veterum
542 3566 824 3621 editionum.
1510 3564 1616 3633 ILU
1640 3566 1666 3618 J
1688 3564 1727 3617 U
1749 3566 1783 3617 S
1839 3564 1878 3617 Ε
1897 3564 1943 3617 D
1962 3564 1983 3617 Ι
2002 3564 2040 3617 Τ
2062 3565 2083 3616 Ι
2103 3563 2143 3617 Ο
2162 3564 2203 3617 N
2225 3563 2321 3616 IS.
2943 3566 3271 3622 Benedictum:
3305 3572 3553 3631 editionis.

440 3700 596 3763 Epist.
867 3697 1072 3753 EPIST.
3161 3698 3322 3763 Epist.
3360 3760 3365 3763 ⁴

488 3785 549 3835 49
925 3783 967 3835 I.
1244 3783 1318 3835 Ad
1344 3782 1600 3834 lnnocent.
1627 3781 1691 3832 de
1716 3778 1931 3830 muliere
1951 3781 2141 3844 septies
2162 3791 2418 3844 percussa,
2640 3779 2735 3833 col.
2758 3778 2854 3844 52⁵1
3177 3782 3235 3831 17

488 3847 550 3897 58
925 3846 994 3899 Π.
1234 3845 1308 3897 Ad
1334 3845 1665 3896 Theodosium
1691 3852 1744 3894 et
1759 3856 1821 3893 ca

1948 3856 1974 3893 s
1988 3842 2327 3906 a’nacboretas,
2403 3842 2411 3844 ⁷
2767 3842 2857 3906 551
3205 3844 3237 3895 5

491 3909 548 3960 ιι
928 3907 1020 3962 III.
1236 3909 1311 3958 Ad
1337 3908 1561 3957 Ruﬁnum
1584 3906 1897 3968 monachum,
2313 3903 2321 3906 ’
2765 3903 2863 3954 552
3207 3907 3230 3968 1

521 3972 555 4022 5
928 3970 1014 4022 ιν.
1238 3970 1312 4019 Ad
1341 3970 1667 4032 Florentium,
1884 3966 1891 3968 ⁷
2767 3968 2865 4032 ass
3208 3966 3243 4032 ξ

522 4034 555 4086 6
930 4032 993 4083 ν.
1240 4032 1313 4082 Ad
1340 4034 1589 4092 eumdem,
1654 4029 1664 4032 ⁷
2768 4029 2864 4092 33g
3207 4029 3240 4092 4

493 4097 553 4147 57
933 4094 1016 4157 VI.
1241 4096 1315 4145 Ad
1337 4090 1605 4157 Julianum’,
1723 4154 1745 4157 _
1815 4156 1821 4157 ί
2066 4152 2105 4157 _
2204 4153 2250 4157 ,Α
2765 4090 2860 4157 557
3206 4091 3239 4157 ρ

495 4160 556 4209 Β
932 4154 1042 4209 VII.
1242 4158 1317 4206 Ad
1342 4152 1692 4215 Chromatium,
1718 4154 1968 4215 Jovlnum,
1993 4162 2047 4207 et
2066 4152 2357 4218 Euseblum,
2763 4153 2861 4218 558
3209 4152 3238 4218 ἵ

492 4224 556 4283 42
932 4218 1067 4283 ΠΗ.
1248 4220 1323 4270 Ad
1346 4219 1545 4283 lfiiceam
1572 4218 1821 4283 bypodiact

1948 4231 1974 4279 ’ν
2341 4214 2353 4218 ⁷
3205 4214 3241 4283 β

495 4282 559 4352 11
936 4277 1021 4352 IX-
1246 4282 1319 4352 ᾼίὲ
1344 4277 1740 4352 Ευτῑεοεορὑων
1774 4343 1802 4352 ..

1962 4277 1968 4279 ⁷
2770 4281 2866 4352 ἕέἓ
3180 4277 3235 4352 .2

497 4344 555 4396 21
936 4340 999 4396 Χ.
1245 4345 1321 4393 Ad
1348 4338 1549 4393 Paulum
1572 4338 1821 4395 Concordit

1948 4353 2005 4403 ιτ.
2769 4342 2864 4403 345
3176 4338 3237 4403 1.0

496 4407 561 4460 39
936 4404 1021 4469 ξζ.
1244 4406 1320 4469 Ad
1335 4405 1571 4469 Virgines
1595 4405 1821 4469 [Emoner

1990 4400 2000 4403 ⁷
2767 4402 2863 4469 {ei}
3178 4400 3239 4469 1?

500 4471 563 4521 45
937 4466 1048 4520 XII.
1248 4468 1321 4517 Ad
1348 4462 1613 4519 Ant'onium
1627 4468 1821 4517 mouacl

1948 4506 1949 4515 η
2764 4464 2862 4516 545
3178 4462 3236 4513 11

497 4532 562 4583 56
936 4526 1068 4590 XIII.
1245 4530 1319 4579 Ad
1344 4531 1642 4581 Castorinam
1668 4529 2027 4590 Materterram,
2766 4527 2864 4590 516
3181 4528 3243 4578 15

532 4594 553 4645 1
937 4589 1068 4654 ξίν.
1247 4594 1321 4641 Ad
1345 4591 1685 4654 Heliodorum,

2016 4589 2019 4590 ⁷
2752 4589 2867 4654 ’ΞΠ
3213 4591 3247 4654 5

500 4657 560 4708 57
939 4652 1044 4718 ῃ,
1248 4654 1323 4704 Ad
1347 4653 1606 4705 Damasum
1631 4650 1799 4718 papam
1817 4652 1882 4703 de
1904 4650 2263 4717 hypostasibus,
2765 4651 2861 4718 555
3185 4653 3249 4718 id

502 4718 564 4770 ss
938 4715 1067 4779 xvi.
1248 4718 1323 4767 Ad
1350 4718 1595 4779 eumdem,
1631 4714 1642 4717 '
1692 4714 1707 4779 ἶ
1942 4714 1984 4717 θ’
2722 4715 2872 4779 isse
3188 4714 3251 4779 te

499 4779 562 4831 77
940 4777 1093 4843 XXII.
1246 4779 1321 4843 Ad
1344 4779 1556 4843 Marcum
1583 4777 1943 4843 presbyterum.
2752 4777 2871 4843 §§9
2937 4838 2961 4843 _
3110 4840 3131 4843 Α
3188 4778 3247 4829 15

380 4840 475 4897 112
496 4849 540 4896 et
564 4843 653 4895 115
940 4839 1119 4903 XVIII.
1248 4842 1320 4889 Ad
1344 4838 1595 4903 Damasum
1621 4843 1686 4890 de
1705 4838 1821 4903 S'era

1948 4853 1987 4901 ι,
2737 4840 2859 4903 uitii
2930 4838 3068 4903 Inter
3095 4840 3277 4903 Comm.
3304 4840 3458 4903 LIII.

474 4906 565 4972 121
1252 4902 1453 4972 parnasi
1477 4906 1533 4953 ad
1556 4903 1760 4972 Hieron.
1786 4901 1851 4951 de
1875 4902 2089 4964 Osanna,
3091 4901 3263 4972 Crilic.
3290 4909 3325 4954 t.
3356 4902 3443 4969 IV,
3474 4904 3524 4955 1.
3554 4908 3557 4963 ξ

474 4967 565 5020 145
941 4962 1043 5015 XX.
1250 4966 1324 5017 Ad
1348 4967 1607 5016 Damasum
1626 4967 1691 5015 de
1717 4967 1821 5014 Usa:

2074 4962 2081 4964 ⁷
2725 4962 2859 5015 Ibid.
2930 4964 3062 5014 Ibid.
3089 4966 3137 5013 2.

474 5031 567 5083 146
942 5024 1070 5091 3y.
1251 5029 1325 5091 Ad
1352 5028 1580 5091 eumdem
1600 5032 1665 5078 de
1688 5028 1877 5091 duobus
1899 5027 2028 5091 illiis,
2051 5024 2213 5090 frugi,
2240 5033 2293 5078 et
2316 5025 2504 5091 luxum,
2776 5028 2871 5091 579
2937 5025 3067 5078 Ibid.
3094 5028 3143 5078 li.

503 5094 564 5144 22
942 5084 1097 5153 ΗΠ.
1252 5090 1323 5141 Ad
1349 5090 1673 5153 Eustochium
1689 5089 1751 5137 de
1777 5084 2097 5153 V'irginita'te,
2132 5084 2158 5090 ⁷
2198 5084 2209 5090 ⁷
2488 5084 2501 5091 ⁷
2773 5090 2869 5153 Sili
3192 5088 3249 5153 18

503 5155 569 5205 2|,
943 5149 1123 5205 XXIII.
1248 5154 1321 5202 Ad
1346 5152 1629 5202 Marcellum
1649 5152 1713 5201 de
1733 5149 1882 5200 exitu
1899 5149 2092 5205 Lmtaa.’
2779 5150 2875 5203 425
3184 5151 3248 5202 20

508 5191 568 5270 i5
944 5191 1123 5276 ἱξἰὶῖᾷ
1244 5191 1321 5265 iiii
1346 5191 2132 5276 Ea'iiiiti'iii'it'e'ianiiiiing‘Ks'aIm,
2760 5191 2874 5276 ιὶΞ-ιν
3180 5191 3245 5267 Ξῖ
3366 5209 3379 5216 ’

478 5250 571 5331 is;
1244 5250 1327 5343 ira
1346 5250 1573 5343 23am};
1593 5250 1659 5343 5;;
1682 5250 2295 5343 δέξξϊιτῇερῖξιξςιῑιίηίυηε,
2350 5337 2377 5343 __
2750 5250 2869 5343 εξξέ
2935 5277 3073 5343 ἔτι...
3100 5250 3269 5343 ςτέῇὶ.
3288 5284 3321 5330 ι.
3350 5278 3420 5343 ιι,
3448 5278 3527 5332 ιι.

478 5343 567 5394 137
947 5334 1114 5402 ξξνι.
1254 5340 1327 5391 Ad
1354 5340 1577 5389 eamdem
1602 5339 1666 5402 de
1690 5338 1981 5402 quibusdam
2004 5336 2233 5386 Hebraeis
2257 5334 2477 5402 vocibus,
2750 5334 2868 5402 ⁷450
2935 5338 3076 5391 Ibid.
3102 5341 3180 5391 15.

480 5404 571 5457 103
945 5398 1138 5464 μνη.
1259 5403 1331 5452 Ad
1360 5401 1580 5452 eamdem
1603 5398 1840 5450 adversus
1858 5401 2218 5451 obtrectatores
2237 5413 2371 5464 suos,
2461 5398 2471 5402 ⁷
2776 5401 2863 5451 ut
3189 5404 3252 5456 25

481 5470 572 5521 138
944 5458 1163 5516 XXVIII.
1253 5467 1325 5515 Ad
1347 5465 1569 5516 eamdem
1588 5465 1651 5515 de
1672 5464 1971 5527 Diapsslma,
2356 5458 2367 5464 ⁷
2776 5464 2868 5515 155
2942 5467 3073 5519 Inter
3100 5463 3267 5520 Critia.
3295 5473 3331 5519 t.
3355 5466 3422 5530 ll,
3449 5467 3529 5519 16.

326 5640 673 5705 [Distributio
704 5642 812 5691 haec
849 5640 1169 5705 cst_integre
1209 5636 1513 5705 Vallarsiana
1542 5656 1553 5689 :
1579 5650 1689 5688 cum
1717 5644 1890 5705 autem
1935 5635 2160 5705 Italicus
2182 5643 2352 5689 auctor
2385 5638 2434 5705 in
2480 5648 2616 5686 suam
2658 5638 3003 5705 recensionem
3028 5640 3375 5705 complendam
3418 5640 3567 5703 plura

266 5702 317 5752 S.
344 5704 544 5756 Doctori
568 5712 805 5755 extranea
839 5699 1260 5766 attuleritfetnos
1280 5700 1501 5766 aliunde,
1527 5699 1811 5766 generalius
1841 5711 1964 5763 opus
1996 5700 2330 5766 conﬁcientes,
2355 5700 2533 5763 cuique
2566 5712 2653 5749 sua
2676 5705 2861 5766 auctori
2897 5699 3177 5765 adjudicare
3203 5699 3523 5766 statuerimus
3554 5719 3564 5754 :

267 5770 385 5821 sciat
408 5767 561 5821 lector
585 5780 645 5820 ea
667 5768 848 5834 quibus
871 5767 922 5819 tn
950 5764 1043 5819 hoc
1066 5762 1336 5831 conspectu
1356 5762 1845 5831 obelos'praatlximus
1865 5762 2088 5815 consulto
2105 5765 2280 5815 omissa
2299 5762 2503 5827 deem,
2525 5767 2575 5815 et
2596 5764 2793 5829 proprio
2816 5764 2922 5819 loco
2945 5762 3233 5818 restitutum
3252 5768 3335 5820 iri.
3423 5764 3565 5818 Eur.
