  <div class='ocr_page' id='page_1' title='image "/cluster/home/n/w/nwhite01/storage/ocr_20150623/30/njp.32101013202591/017.png"; bbox 0 0 2018 3146; ppageno 0'>
   <div class='ocr_carea' id='block_1_1' title="bbox 210 149 1895 188">
    <p class='ocr_par' dir='ltr' id='par_1_1' title="bbox 210 149 1895 188">
     <span class='ocr_line' id='line_1_1' title="bbox 210 149 1895 188; baseline 0.007 -11"><span class='ocrx_word' id='word_1_1' title='bbox 210 155 246 185; x_wconf 71' lang='grc' dir='ltr'>Η</span> <span class='ocrx_word' id='word_1_2' title='bbox 682 149 879 180; x_wconf 79' lang='lat' dir='ltr'>APPENDIX</span> <span class='ocrx_word' id='word_1_3' title='bbox 900 150 1062 182; x_wconf 73' lang='lat' dir='ltr'>Ot’EltUM</span> <span class='ocrx_word' id='word_1_4' title='bbox 1082 152 1114 182; x_wconf 93' lang='lat' dir='ltr'>S.</span> <span class='ocrx_word' id='word_1_5' title='bbox 1137 153 1279 184; x_wconf 76' lang='lat' dir='ltr'>BASILII</span> <span class='ocrx_word' id='word_1_6' title='bbox 1303 155 1440 185; x_wconf 79' lang='lat' dir='ltr'>MAGNI.</span> <span class='ocrx_word' id='word_1_7' title='bbox 1865 159 1895 188; x_wconf 75' lang='grc'><strong>12</strong></span> 
     </span>
    </p>
   </div>
   <div class='ocr_carea' id='block_1_2' title="bbox 209 215 1017 258">
    <p class='ocr_par' dir='ltr' id='par_1_2' title="bbox 209 215 1017 255">
     <span class='ocr_line' id='line_1_2' title="bbox 209 215 1017 255; baseline -0.006 -6"><span class='ocrx_word' id='word_1_8' title='bbox 209 229 264 250; x_wconf 80' lang='lat' dir='ltr'>nec</span> <span class='ocrx_word' id='word_1_9' title='bbox 277 221 378 248; x_wconf 70' lang='lat' dir='ltr'>vestrm</span> <span class='ocrx_word' id='word_1_10' title='bbox 392 218 554 255; x_wconf 79' lang='lat' dir='ltr'>quidquam</span> <span class='ocrx_word' id='word_1_11' title='bbox 570 215 726 245; x_wconf 68' lang='lat' dir='ltr'>audientiae</span> <span class='ocrx_word' id='word_1_12' title='bbox 741 216 957 252; x_wconf 85' lang='lat' dir='ltr'>denegandum.</span> <span class='ocrx_word' id='word_1_13' title='bbox 976 216 1017 244; x_wconf 90' lang='lat' dir='ltr'>Ini</span> 
     </span>
    </p>
   </div>
   <div class='ocr_carea' id='block_1_3' title="bbox 1074 215 1893 258">
    <p class='ocr_par' dir='ltr' id='par_1_3' title="bbox 1074 215 1893 258">
     <span class='ocr_line' id='line_1_3' title="bbox 1074 215 1893 258; baseline 0.009 -14"><span class='ocrx_word' id='word_1_14' title='bbox 1074 215 1192 256; x_wconf 61' lang='lat' dir='ltr'>63mm,</span> <span class='ocrx_word' id='word_1_15' title='bbox 1206 219 1238 246; x_wconf 76' lang='grc' dir='ltr'>τὰ</span> <span class='ocrx_word' id='word_1_16' title='bbox 1250 220 1310 257; x_wconf 82' lang='grc' dir='ltr'>περὶ</span> <span class='ocrx_word' id='word_1_17' title='bbox 1329 221 1431 256; x_wconf 81' lang='grc' dir='ltr'>θηρίων</span> <span class='ocrx_word' id='word_1_18' title='bbox 1458 220 1502 248; x_wconf 84' lang='grc' dir='ltr'>καὶ</span> <span class='ocrx_word' id='word_1_19' title='bbox 1532 223 1639 257; x_wconf 81' lang='grc' dir='ltr'>νηκτῶν</span> <span class='ocrx_word' id='word_1_20' title='bbox 1668 223 1711 250; x_wconf 85' lang='grc' dir='ltr'>καὶ</span> <span class='ocrx_word' id='word_1_21' title='bbox 1739 225 1839 258; x_wconf 78' lang='grc' dir='ltr'>κτηνῶν</span> <span class='ocrx_word' id='word_1_22' title='bbox 1859 225 1893 252; x_wconf 78' lang='grc' dir='ltr'>καὶ</span> 
     </span>
    </p>
   </div>
   <div class='ocr_carea' id='block_1_4' title="bbox 209 260 1034 302">
    <p class='ocr_par' dir='ltr' id='par_1_4' title="bbox 209 260 1034 302">
     <span class='ocr_line' id='line_1_4' title="bbox 209 260 1034 302; baseline -0.007 -9"><span class='ocrx_word' id='word_1_23' title='bbox 209 273 300 302; x_wconf 90' lang='lat' dir='ltr'>quum</span> <span class='ocrx_word' id='word_1_24' title='bbox 316 264 423 300; x_wconf 82' lang='lat' dir='ltr'>quippe</span> <span class='ocrx_word' id='word_1_25' title='bbox 436 262 532 296; x_wconf 83' lang='lat' dir='ltr'>fuerit,</span> <span class='ocrx_word' id='word_1_26' title='bbox 549 261 599 297; x_wconf 89' lang='lat' dir='ltr'>qui</span> <span class='ocrx_word' id='word_1_27' title='bbox 615 262 650 288; x_wconf 91' lang='lat' dir='ltr'>de</span> <span class='ocrx_word' id='word_1_28' title='bbox 665 260 778 295; x_wconf 79' lang='lat' dir='ltr'>bestiis,</span> <span class='ocrx_word' id='word_1_29' title='bbox 794 261 888 296; x_wconf 83' lang='lat' dir='ltr'>deque</span> <span class='ocrx_word' id='word_1_30' title='bbox 904 261 1034 288; x_wconf 82' lang='lat' dir='ltr'>natatili-</span> 
     </span>
    </p>
   </div>
   <div class='ocr_carea' id='block_1_5' title="bbox 209 304 1034 344">
    <p class='ocr_par' dir='ltr' id='par_1_5' title="bbox 209 304 1034 344">
     <span class='ocr_line' id='line_1_5' title="bbox 209 304 1034 344; baseline -0.007 -6"><span class='ocrx_word' id='word_1_31' title='bbox 209 310 265 337; x_wconf 89' lang='lat' dir='ltr'>bus</span> <span class='ocrx_word' id='word_1_32' title='bbox 280 311 308 337; x_wconf 85' lang='lat' dir='ltr'>et</span> <span class='ocrx_word' id='word_1_33' title='bbox 322 307 463 344; x_wconf 77' lang='lat' dir='ltr'>iumentis</span> <span class='ocrx_word' id='word_1_34' title='bbox 478 315 511 334; x_wconf 87' lang='lat' dir='ltr'>ac</span> <span class='ocrx_word' id='word_1_35' title='bbox 526 305 712 338; x_wconf 85' lang='lat' dir='ltr'>volucribus;</span> <span class='ocrx_word' id='word_1_36' title='bbox 729 305 764 332; x_wconf 90' lang='lat' dir='ltr'>de</span> <span class='ocrx_word' id='word_1_37' title='bbox 773 304 844 332; x_wconf 75' lang='lat' dir='ltr'>ccclo</span> <span class='ocrx_word' id='word_1_38' title='bbox 862 305 943 339; x_wconf 88' lang='lat' dir='ltr'>item,</span> <span class='ocrx_word' id='word_1_39' title='bbox 960 305 1034 333; x_wconf 87' lang='lat' dir='ltr'>etiis</span> 
     </span>
    </p>
   </div>
   <div class='ocr_carea' id='block_1_6' title="bbox 209 349 1034 390">
    <p class='ocr_par' dir='ltr' id='par_1_6' title="bbox 209 349 1034 390">
     <span class='ocr_line' id='line_1_6' title="bbox 209 349 1034 390; baseline -0.007 -8"><span class='ocrx_word' id='word_1_40' title='bbox 209 362 272 390; x_wconf 72' lang='lat' dir='ltr'>qua:</span> <span class='ocrx_word' id='word_1_41' title='bbox 289 353 323 381; x_wconf 87' lang='lat' dir='ltr'>ad</span> <span class='ocrx_word' id='word_1_42' title='bbox 340 353 435 388; x_wconf 87' lang='lat' dir='ltr'>ipsum</span> <span class='ocrx_word' id='word_1_43' title='bbox 461 352 612 387; x_wconf 80' lang='lat' dir='ltr'>spectant;</span> <span class='ocrx_word' id='word_1_44' title='bbox 639 357 750 377; x_wconf 85' lang='lat' dir='ltr'>necnon</span> <span class='ocrx_word' id='word_1_45' title='bbox 776 349 811 376; x_wconf 90' lang='lat' dir='ltr'>de</span> <span class='ocrx_word' id='word_1_46' title='bbox 834 351 921 384; x_wconf 84' lang='lat' dir='ltr'>terra,</span> <span class='ocrx_word' id='word_1_47' title='bbox 938 349 1034 385; x_wconf 88' lang='lat' dir='ltr'>iisque</span> 
     </span>
    </p>
   </div>
   <div class='ocr_carea' id='block_1_7' title="bbox 209 393 1031 434">
    <p class='ocr_par' dir='ltr' id='par_1_7' title="bbox 209 393 1031 434">
     <span class='ocr_line' id='line_1_7' title="bbox 209 393 1031 434; baseline -0.007 -8"><span class='ocrx_word' id='word_1_48' title='bbox 209 398 361 434; x_wconf 75' lang='lat' dir='ltr'>stirpibus,</span> <span class='ocrx_word' id='word_1_49' title='bbox 378 405 440 432; x_wconf 64' lang='lat' dir='ltr'>quae</span> <span class='ocrx_word' id='word_1_50' title='bbox 461 397 489 423; x_wconf 88' lang='lat' dir='ltr'>in</span> <span class='ocrx_word' id='word_1_51' title='bbox 506 398 581 422; x_wconf 83' lang='lat' dir='ltr'>terra</span> <span class='ocrx_word' id='word_1_52' title='bbox 607 396 687 426; x_wconf 78' lang='lat' dir='ltr'>sunt,</span> <span class='ocrx_word' id='word_1_53' title='bbox 704 393 904 428; x_wconf 84' lang='lat' dir='ltr'>didicerimus,</span> <span class='ocrx_word' id='word_1_54' title='bbox 929 396 959 420; x_wconf 89' lang='lat' dir='ltr'>ut</span> <span class='ocrx_word' id='word_1_55' title='bbox 975 402 1031 421; x_wconf 86' lang='lat' dir='ltr'>non</span> 
     </span>
    </p>
   </div>
   <div class='ocr_carea' id='block_1_8' title="bbox 208 438 1033 474">
    <p class='ocr_par' dir='ltr' id='par_1_8' title="bbox 208 438 1033 474">
     <span class='ocr_line' id='line_1_8' title="bbox 208 438 1033 474; baseline -0.007 -3"><span class='ocrx_word' id='word_1_56' title='bbox 208 443 295 471; x_wconf 84' lang='lat' dir='ltr'>etiam</span> <span class='ocrx_word' id='word_1_57' title='bbox 312 443 444 470; x_wconf 84' lang='lat' dir='ltr'>nostrum</span> <span class='ocrx_word' id='word_1_58' title='bbox 461 442 557 468; x_wconf 84' lang='lat' dir='ltr'>ortum</span> <span class='ocrx_word' id='word_1_59' title='bbox 573 448 606 467; x_wconf 82' lang='lat' dir='ltr'>ex</span> <span class='ocrx_word' id='word_1_60' title='bbox 621 438 719 466; x_wconf 86' lang='lat' dir='ltr'>divina</span> <span class='ocrx_word' id='word_1_61' title='bbox 735 438 884 474; x_wconf 77' lang='lat' dir='ltr'>Scriptura</span> <span class='ocrx_word' id='word_1_62' title='bbox 901 438 1033 474; x_wconf 82' lang='lat' dir='ltr'>lucisque</span> 
     </span>
    </p>
   </div>
   <div class='ocr_carea' id='block_1_9' title="bbox 207 482 1033 524">
    <p class='ocr_par' dir='ltr' id='par_1_9' title="bbox 207 482 1033 524">
     <span class='ocr_line' id='line_1_9' title="bbox 207 482 1033 524; baseline -0.007 -8"><span class='ocrx_word' id='word_1_63' title='bbox 207 489 272 524; x_wconf 86' lang='lat' dir='ltr'>ejus</span> <span class='ocrx_word' id='word_1_64' title='bbox 287 487 368 514; x_wconf 92' lang='lat' dir='ltr'>radio</span> <span class='ocrx_word' id='word_1_65' title='bbox 393 486 560 513; x_wconf 82' lang='lat' dir='ltr'>doceamur.</span> <span class='ocrx_word' id='word_1_66' title='bbox 587 483 837 517; x_wconf 78' lang='lat' dir='ltr'>Quemadmodum</span> <span class='ocrx_word' id='word_1_67' title='bbox 862 482 939 510; x_wconf 81' lang='lat' dir='ltr'>enim</span> <span class='ocrx_word' id='word_1_68' title='bbox 955 483 1033 511; x_wconf 87' lang='lat' dir='ltr'>oculi</span> 
     </span>
    </p>
   </div>
   <div class='ocr_carea' id='block_1_10' title="bbox 207 527 1031 566">
    <p class='ocr_par' dir='ltr' id='par_1_10' title="bbox 207 527 1031 566">
     <span class='ocr_line' id='line_1_10' title="bbox 207 527 1031 566; baseline -0.005 -6"><span class='ocrx_word' id='word_1_69' title='bbox 207 532 310 565; x_wconf 78' lang='lat' dir='ltr'>nostri,</span> <span class='ocrx_word' id='word_1_70' title='bbox 327 539 392 559; x_wconf 88' lang='lat' dir='ltr'>cum</span> <span class='ocrx_word' id='word_1_71' title='bbox 409 539 443 558; x_wconf 83' lang='lat' dir='ltr'>ea</span> <span class='ocrx_word' id='word_1_72' title='bbox 458 538 522 566; x_wconf 76' lang='lat' dir='ltr'>quas</span> <span class='ocrx_word' id='word_1_73' title='bbox 542 531 623 556; x_wconf 87' lang='lat' dir='ltr'>extra</span> <span class='ocrx_word' id='word_1_74' title='bbox 637 536 669 555; x_wconf 85' lang='lat' dir='ltr'>se</span> <span class='ocrx_word' id='word_1_75' title='bbox 691 529 760 555; x_wconf 85' lang='lat' dir='ltr'>sunt</span> <span class='ocrx_word' id='word_1_76' title='bbox 775 527 900 561; x_wconf 83' lang='lat' dir='ltr'>videant,</span> <span class='ocrx_word' id='word_1_77' title='bbox 918 527 1031 563; x_wconf 82' lang='lat' dir='ltr'>seipsos</span> 
     </span>
    </p>
   </div>
   <div class='ocr_carea' id='block_1_11' title="bbox 206 572 1031 609">
    <p class='ocr_par' dir='ltr' id='par_1_11' title="bbox 206 572 1031 609">
     <span class='ocr_line' id='line_1_11' title="bbox 206 572 1031 609; baseline -0.005 -5"><span class='ocrx_word' id='word_1_78' title='bbox 206 577 284 605; x_wconf 88' lang='lat' dir='ltr'>haud</span> <span class='ocrx_word' id='word_1_79' title='bbox 300 576 462 609; x_wconf 84' lang='lat' dir='ltr'>intuentur,</span> <span class='ocrx_word' id='word_1_80' title='bbox 478 573 534 602; x_wconf 89' lang='lat' dir='ltr'>nisi</span> <span class='ocrx_word' id='word_1_81' title='bbox 546 574 619 601; x_wconf 77' lang='lat' dir='ltr'>forte</span> <span class='ocrx_word' id='word_1_82' title='bbox 630 573 699 600; x_wconf 61' lang='lat' dir='ltr'>laeve</span> <span class='ocrx_word' id='word_1_83' title='bbox 710 572 826 608; x_wconf 78' lang='lat' dir='ltr'>aliquod</span> <span class='ocrx_word' id='word_1_84' title='bbox 843 572 1031 609; x_wconf 89' lang='lat' dir='ltr'>solidumque</span> 
     </span>
    </p>
   </div>
   <div class='ocr_carea' id='block_1_12' title="bbox 206 616 1030 657">
    <p class='ocr_par' dir='ltr' id='par_1_12' title="bbox 206 616 1030 657">
     <span class='ocr_line' id='line_1_12' title="bbox 206 616 1030 657; baseline -0.004 -8"><span class='ocrx_word' id='word_1_85' title='bbox 206 622 361 657; x_wconf 83' lang='lat' dir='ltr'>attingant,</span> <span class='ocrx_word' id='word_1_86' title='bbox 378 620 455 647; x_wconf 86' lang='lat' dir='ltr'>unde</span> <span class='ocrx_word' id='word_1_87' title='bbox 466 619 607 647; x_wconf 82' lang='lat' dir='ltr'>refractus</span> <span class='ocrx_word' id='word_1_88' title='bbox 622 617 742 645; x_wconf 85' lang='lat' dir='ltr'>obtutus</span> <span class='ocrx_word' id='word_1_89' title='bbox 757 616 835 644; x_wconf 88' lang='lat' dir='ltr'>velut</span> <span class='ocrx_word' id='word_1_90' title='bbox 853 617 959 645; x_wconf 64' lang='lat' dir='ltr'>reﬂexu</span> <span class='ocrx_word' id='word_1_91' title='bbox 976 618 1030 646; x_wconf 87' lang='lat' dir='ltr'>hoc</span> 
     </span>
    </p>
   </div>
   <div class='ocr_carea' id='block_1_13' title="bbox 204 661 1030 701">
    <p class='ocr_par' dir='ltr' id='par_1_13' title="bbox 204 661 1030 701">
     <span class='ocr_line' id='line_1_13' title="bbox 204 661 1030 701; baseline -0.004 -8"><span class='ocrx_word' id='word_1_92' title='bbox 204 667 322 701; x_wconf 68' lang='lat' dir='ltr'>praestet</span> <span class='ocrx_word' id='word_1_93' title='bbox 336 667 368 692; x_wconf 88' lang='lat' dir='ltr'>ut</span> <span class='ocrx_word' id='word_1_94' title='bbox 391 673 455 700; x_wconf 68' lang='lat' dir='ltr'>qua:</span> <span class='ocrx_word' id='word_1_95' title='bbox 480 671 510 691; x_wconf 90' lang='lat' dir='ltr'>se</span> <span class='ocrx_word' id='word_1_96' title='bbox 526 665 602 691; x_wconf 88' lang='lat' dir='ltr'>retro</span> <span class='ocrx_word' id='word_1_97' title='bbox 627 664 696 689; x_wconf 87' lang='lat' dir='ltr'>sunt</span> <span class='ocrx_word' id='word_1_98' title='bbox 722 661 921 697; x_wconf 83' lang='lat' dir='ltr'>conspiciant:</span> <span class='ocrx_word' id='word_1_99' title='bbox 945 663 987 690; x_wconf 92' lang='lat' dir='ltr'>sic</span> <span class='ocrx_word' id='word_1_100' title='bbox 1002 665 1030 690; x_wconf 87' lang='lat' dir='ltr'>et</span> 
     </span>
    </p>
   </div>
   <div class='ocr_carea' id='block_1_14' title="bbox 204 705 1027 744">
    <p class='ocr_par' dir='ltr' id='par_1_14' title="bbox 204 705 1027 744">
     <span class='ocr_line' id='line_1_14' title="bbox 204 705 1027 744; baseline -0.004 -6"><span class='ocrx_word' id='word_1_101' title='bbox 204 711 321 738; x_wconf 85' lang='lat' dir='ltr'>animus</span> <span class='ocrx_word' id='word_1_102' title='bbox 336 711 446 744; x_wconf 85' lang='lat' dir='ltr'>noster,</span> <span class='ocrx_word' id='word_1_103' title='bbox 462 708 511 744; x_wconf 87' lang='lat' dir='ltr'>qui</span> <span class='ocrx_word' id='word_1_104' title='bbox 524 707 579 735; x_wconf 88' lang='lat' dir='ltr'>alia</span> <span class='ocrx_word' id='word_1_105' title='bbox 590 707 698 742; x_wconf 86' lang='lat' dir='ltr'>videat,</span> <span class='ocrx_word' id='word_1_106' title='bbox 710 706 788 734; x_wconf 81' lang='lat' dir='ltr'>haud</span> <span class='ocrx_word' id='word_1_107' title='bbox 801 705 884 734; x_wconf 83' lang='lat' dir='ltr'>aliter</span> <span class='ocrx_word' id='word_1_108' title='bbox 898 706 1027 743; x_wconf 86' lang='lat' dir='ltr'>seipsum</span> 
     </span>
    </p>
   </div>
   <div class='ocr_carea' id='block_1_15' title="bbox 202 751 1027 790">
    <p class='ocr_par' dir='ltr' id='par_1_15' title="bbox 202 751 1027 790">
     <span class='ocr_line' id='line_1_15' title="bbox 202 751 1027 790; baseline -0.004 -8"><span class='ocrx_word' id='word_1_109' title='bbox 202 755 291 790; x_wconf 80' lang='lat' dir='ltr'>videt,</span> <span class='ocrx_word' id='word_1_110' title='bbox 307 762 396 790; x_wconf 86' lang='lat' dir='ltr'>quam</span> <span class='ocrx_word' id='word_1_111' title='bbox 420 753 444 781; x_wconf 89' lang='lat' dir='ltr'>si</span> <span class='ocrx_word' id='word_1_112' title='bbox 470 752 576 780; x_wconf 84' lang='lat' dir='ltr'>divinis</span> <span class='ocrx_word' id='word_1_113' title='bbox 591 751 749 788; x_wconf 87' lang='lat' dir='ltr'>Scripturls</span> <span class='ocrx_word' id='word_1_114' title='bbox 774 751 935 779; x_wconf 87' lang='lat' dir='ltr'>incumbat.</span> <span class='ocrx_word' id='word_1_115' title='bbox 955 753 1027 779; x_wconf 86' lang='lat' dir='ltr'>Dum</span> 
     </span>
    </p>
   </div>
   <div class='ocr_carea' id='block_1_16' title="bbox 203 795 1028 834">
    <p class='ocr_par' dir='ltr' id='par_1_16' title="bbox 203 795 1028 834">
     <span class='ocr_line' id='line_1_16' title="bbox 203 795 1028 834; baseline -0.004 -7"><span class='ocrx_word' id='word_1_116' title='bbox 203 799 281 827; x_wconf 87' lang='lat' dir='ltr'>enim</span> <span class='ocrx_word' id='word_1_117' title='bbox 298 799 375 834; x_wconf 89' lang='lat' dir='ltr'>quod</span> <span class='ocrx_word' id='word_1_118' title='bbox 391 798 421 826; x_wconf 92' lang='lat' dir='ltr'>in</span> <span class='ocrx_word' id='word_1_119' title='bbox 437 797 479 825; x_wconf 86' lang='lat' dir='ltr'>eis</span> <span class='ocrx_word' id='word_1_120' title='bbox 492 799 538 825; x_wconf 88' lang='lat' dir='ltr'>est</span> <span class='ocrx_word' id='word_1_121' title='bbox 553 797 651 824; x_wconf 85' lang='lat' dir='ltr'>lumen</span> <span class='ocrx_word' id='word_1_122' title='bbox 669 795 853 831; x_wconf 80' lang='lat' dir='ltr'>refrangitur,</span> <span class='ocrx_word' id='word_1_123' title='bbox 871 796 900 822; x_wconf 91' lang='lat' dir='ltr'>id</span> <span class='ocrx_word' id='word_1_124' title='bbox 917 796 985 824; x_wconf 82' lang='lat' dir='ltr'>facit</span> <span class='ocrx_word' id='word_1_125' title='bbox 997 798 1028 824; x_wconf 85' lang='lat' dir='ltr'>ut</span> 
     </span>
    </p>
   </div>
   <div class='ocr_carea' id='block_1_17' title="bbox 192 840 1027 882">
    <p class='ocr_par' dir='ltr' id='par_1_17' title="bbox 192 840 1027 882">
     <span class='ocr_line' id='line_1_17' title="bbox 192 840 1027 882; baseline -0.004 -11"><span class='ocrx_word' id='word_1_126' title='bbox 192 844 327 882; x_wconf 83' lang='lat' dir='ltr'>quisque</span> <span class='ocrx_word' id='word_1_127' title='bbox 342 845 477 870; x_wconf 89' lang='lat' dir='ltr'>nostrum</span> <span class='ocrx_word' id='word_1_128' title='bbox 494 842 624 877; x_wconf 84' lang='lat' dir='ltr'>seipsum</span> <span class='ocrx_word' id='word_1_129' title='bbox 650 840 808 876; x_wconf 76' lang='lat' dir='ltr'>pervident.</span> <span class='ocrx_word' id='word_1_130' title='bbox 827 840 884 876; x_wconf 87' lang='lat' dir='ltr'>Ipsi</span> <span class='ocrx_word' id='word_1_131' title='bbox 900 849 1027 876; x_wconf 82' lang='lat' dir='ltr'>namque</span> 
     </span>
    </p>
   </div>
   <div class='ocr_carea' id='block_1_18' title="bbox 201 884 1025 924">
    <p class='ocr_par' dir='ltr' id='par_1_18' title="bbox 201 884 1025 924">
     <span class='ocr_line' id='line_1_18' title="bbox 201 884 1025 924; baseline -0.004 -8"><span class='ocrx_word' id='word_1_132' title='bbox 201 896 255 916; x_wconf 91' lang='lat' dir='ltr'>nos</span> <span class='ocrx_word' id='word_1_133' title='bbox 267 888 348 924; x_wconf 87' lang='lat' dir='ltr'>ipsos</span> <span class='ocrx_word' id='word_1_134' title='bbox 365 895 422 916; x_wconf 88' lang='lat' dir='ltr'>non</span> <span class='ocrx_word' id='word_1_135' title='bbox 439 886 650 921; x_wconf 79' lang='lat' dir='ltr'>intelligimus:</span> <span class='ocrx_word' id='word_1_136' title='bbox 667 885 858 920; x_wconf 85' lang='lat' dir='ltr'>inconspicua</span> <span class='ocrx_word' id='word_1_137' title='bbox 873 884 958 912; x_wconf 88' lang='lat' dir='ltr'>nobis</span> <span class='ocrx_word' id='word_1_138' title='bbox 972 893 1025 913; x_wconf 91' lang='lat' dir='ltr'>no-</span> 
     </span>
    </p>
   </div>
   <div class='ocr_carea' id='block_1_19' title="bbox 200 929 1026 965">
    <p class='ocr_par' dir='ltr' id='par_1_19' title="bbox 200 929 1026 965">
     <span class='ocr_line' id='line_1_19' title="bbox 200 929 1026 965; baseline -0.004 -4"><span class='ocrx_word' id='word_1_139' title='bbox 200 936 262 960; x_wconf 83' lang='lat' dir='ltr'>stra</span> <span class='ocrx_word' id='word_1_140' title='bbox 274 931 444 960; x_wconf 78' lang='lat' dir='ltr'>constitutio</span> <span class='ocrx_word' id='word_1_141' title='bbox 459 933 487 958; x_wconf 87' lang='lat' dir='ltr'>et</span> <span class='ocrx_word' id='word_1_142' title='bbox 502 931 612 958; x_wconf 82' lang='lat' dir='ltr'>fabrica</span> <span class='ocrx_word' id='word_1_143' title='bbox 627 931 690 957; x_wconf 89' lang='lat' dir='ltr'>est:</span> <span class='ocrx_word' id='word_1_144' title='bbox 708 929 785 965; x_wconf 88' lang='lat' dir='ltr'>quod</span> <span class='ocrx_word' id='word_1_145' title='bbox 801 929 1026 965; x_wconf 75' lang='lat' dir='ltr'>sumus,quidve</span> 
     </span>
    </p>
   </div>
   <div class='ocr_carea' id='block_1_20' title="bbox 199 974 1024 1012">
    <p class='ocr_par' dir='ltr' id='par_1_20' title="bbox 199 974 1024 1012">
     <span class='ocr_line' id='line_1_20' title="bbox 199 974 1024 1012; baseline -0.006 -6"><span class='ocrx_word' id='word_1_146' title='bbox 199 978 304 1012; x_wconf 89' lang='lat' dir='ltr'>simus,</span> <span class='ocrx_word' id='word_1_147' title='bbox 321 976 478 1004; x_wconf 83' lang='lat' dir='ltr'>nescimus.</span> <span class='ocrx_word' id='word_1_148' title='bbox 495 974 591 1003; x_wconf 84' lang='lat' dir='ltr'>Nostri</span> <span class='ocrx_word' id='word_1_149' title='bbox 608 974 637 1002; x_wconf 91' lang='lat' dir='ltr'>in</span> <span class='ocrx_word' id='word_1_150' title='bbox 653 974 741 1001; x_wconf 89' lang='lat' dir='ltr'>rebus</span> <span class='ocrx_word' id='word_1_151' title='bbox 757 981 875 1001; x_wconf 85' lang='lat' dir='ltr'>summa</span> <span class='ocrx_word' id='word_1_152' title='bbox 890 974 1024 1002; x_wconf 87' lang='lat' dir='ltr'>socordia</span> 
     </span>
    </p>
   </div>
   <div class='ocr_carea' id='block_1_21' title="bbox 198 1018 1025 1054">
    <p class='ocr_par' dir='ltr' id='par_1_21' title="bbox 198 1018 1025 1054">
     <span class='ocr_line' id='line_1_21' title="bbox 198 1018 1025 1054; baseline -0.006 -4"><span class='ocrx_word' id='word_1_153' title='bbox 198 1029 358 1053; x_wconf 83' lang='lat' dir='ltr'>versamur,</span> <span class='ocrx_word' id='word_1_154' title='bbox 375 1023 409 1049; x_wconf 88' lang='lat' dir='ltr'>ut</span> <span class='ocrx_word' id='word_1_155' title='bbox 432 1027 484 1048; x_wconf 87' lang='lat' dir='ltr'>nec</span> <span class='ocrx_word' id='word_1_156' title='bbox 498 1027 599 1047; x_wconf 88' lang='lat' dir='ltr'>eorum</span> <span class='ocrx_word' id='word_1_157' title='bbox 622 1027 685 1054; x_wconf 71' lang='lat' dir='ltr'>quae</span> <span class='ocrx_word' id='word_1_158' title='bbox 701 1018 730 1045; x_wconf 91' lang='lat' dir='ltr'>in</span> <span class='ocrx_word' id='word_1_159' title='bbox 755 1021 891 1054; x_wconf 89' lang='lat' dir='ltr'>promptu</span> <span class='ocrx_word' id='word_1_160' title='bbox 908 1021 978 1046; x_wconf 87' lang='lat' dir='ltr'>sunt</span> <span class='ocrx_word' id='word_1_161' title='bbox 993 1021 1025 1046; x_wconf 86' lang='lat' dir='ltr'>ut</span> 
     </span>
    </p>
   </div>
   <div class='ocr_carea' id='block_1_22' title="bbox 197 1062 1023 1102">
    <p class='ocr_par' dir='ltr' id='par_1_22' title="bbox 197 1062 1023 1102">
     <span class='ocr_line' id='line_1_22' title="bbox 197 1062 1023 1102; baseline -0.007 -7"><span class='ocrx_word' id='word_1_162' title='bbox 197 1067 339 1102; x_wconf 81' lang='lat' dir='ltr'>sciantur,</span> <span class='ocrx_word' id='word_1_163' title='bbox 355 1068 384 1094; x_wconf 84' lang='lat' dir='ltr'>et</span> <span class='ocrx_word' id='word_1_164' title='bbox 407 1073 471 1101; x_wconf 65' lang='lat' dir='ltr'>quae</span> <span class='ocrx_word' id='word_1_165' title='bbox 486 1064 517 1092; x_wconf 89' lang='lat' dir='ltr'>in</span> <span class='ocrx_word' id='word_1_166' title='bbox 541 1063 626 1091; x_wconf 86' lang='lat' dir='ltr'>nobis</span> <span class='ocrx_word' id='word_1_167' title='bbox 641 1062 766 1090; x_wconf 89' lang='lat' dir='ltr'>minima</span> <span class='ocrx_word' id='word_1_168' title='bbox 789 1065 870 1096; x_wconf 87' lang='lat' dir='ltr'>sunt,</span> <span class='ocrx_word' id='word_1_169' title='bbox 888 1063 1023 1091; x_wconf 87' lang='lat' dir='ltr'>notitiam</span> 
     </span>
    </p>
   </div>
   <div class='ocr_carea' id='block_1_23' title="bbox 196 1108 1021 1144">
    <p class='ocr_par' dir='ltr' id='par_1_23' title="bbox 196 1108 1021 1144">
     <span class='ocr_line' id='line_1_23' title="bbox 196 1108 1021 1144; baseline -0.006 -4"><span class='ocrx_word' id='word_1_170' title='bbox 196 1113 369 1140; x_wconf 77' lang='lat' dir='ltr'>habeamus.</span> <span class='ocrx_word' id='word_1_171' title='bbox 386 1110 481 1138; x_wconf 71' lang='lat' dir='ltr'>Multm</span> <span class='ocrx_word' id='word_1_172' title='bbox 497 1112 574 1138; x_wconf 80' lang='lat' dir='ltr'>artes</span> <span class='ocrx_word' id='word_1_173' title='bbox 585 1111 614 1137; x_wconf 85' lang='lat' dir='ltr'>et</span> <span class='ocrx_word' id='word_1_174' title='bbox 625 1108 752 1137; x_wconf 76' lang='lat' dir='ltr'>scientiaa</span> <span class='ocrx_word' id='word_1_175' title='bbox 769 1108 845 1136; x_wconf 87' lang='lat' dir='ltr'>circa</span> <span class='ocrx_word' id='word_1_176' title='bbox 855 1117 960 1144; x_wconf 87' lang='lat' dir='ltr'>corpus</span> <span class='ocrx_word' id='word_1_177' title='bbox 973 1117 1021 1136; x_wconf 85' lang='lat' dir='ltr'>no-</span> 
     </span>
    </p>
   </div>
   <div class='ocr_carea' id='block_1_24' title="bbox 196 1153 1021 1189">
    <p class='ocr_par' dir='ltr' id='par_1_24' title="bbox 196 1153 1021 1189">
     <span class='ocr_line' id='line_1_24' title="bbox 196 1153 1021 1189; baseline -0.005 -4"><span class='ocrx_word' id='word_1_178' title='bbox 196 1160 291 1185; x_wconf 87' lang='lat' dir='ltr'>strum</span> <span class='ocrx_word' id='word_1_179' title='bbox 306 1156 469 1184; x_wconf 89' lang='lat' dir='ltr'>humanum</span> <span class='ocrx_word' id='word_1_180' title='bbox 486 1156 604 1182; x_wconf 67' lang='lat' dir='ltr'>versatae</span> <span class='ocrx_word' id='word_1_181' title='bbox 616 1155 701 1187; x_wconf 86' lang='lat' dir='ltr'>sunt;</span> <span class='ocrx_word' id='word_1_182' title='bbox 714 1161 766 1181; x_wconf 85' lang='lat' dir='ltr'>nec</span> <span class='ocrx_word' id='word_1_183' title='bbox 781 1154 864 1189; x_wconf 87' lang='lat' dir='ltr'>pauci</span> <span class='ocrx_word' id='word_1_184' title='bbox 877 1153 961 1181; x_wconf 92' lang='lat' dir='ltr'>nobis</span> <span class='ocrx_word' id='word_1_185' title='bbox 971 1162 1021 1182; x_wconf 87' lang='lat' dir='ltr'>su-</span> 
     </span>
    </p>
   </div>
   <div class='ocr_carea' id='block_1_25' title="bbox 196 1197 1020 1237">
    <p class='ocr_par' dir='ltr' id='par_1_25' title="bbox 196 1197 1020 1237">
     <span class='ocr_line' id='line_1_25' title="bbox 196 1197 1020 1237; baseline -0.005 -7"><span class='ocrx_word' id='word_1_186' title='bbox 196 1201 342 1237; x_wconf 89' lang='lat' dir='ltr'>periorum</span> <span class='ocrx_word' id='word_1_187' title='bbox 358 1208 475 1229; x_wconf 89' lang='lat' dir='ltr'>omnem</span> <span class='ocrx_word' id='word_1_188' title='bbox 495 1207 579 1227; x_wconf 84' lang='lat' dir='ltr'>suam</span> <span class='ocrx_word' id='word_1_189' title='bbox 603 1206 719 1234; x_wconf 81' lang='lat' dir='ltr'>operam</span> <span class='ocrx_word' id='word_1_190' title='bbox 738 1206 770 1226; x_wconf 88' lang='lat' dir='ltr'>ac</span> <span class='ocrx_word' id='word_1_191' title='bbox 795 1197 925 1226; x_wconf 89' lang='lat' dir='ltr'>studium</span> <span class='ocrx_word' id='word_1_192' title='bbox 941 1198 971 1226; x_wconf 85' lang='lat' dir='ltr'>in</span> <span class='ocrx_word' id='word_1_193' title='bbox 987 1206 1020 1226; x_wconf 91' lang='lat' dir='ltr'>eo</span> 
     </span>
    </p>
   </div>
   <div class='ocr_carea' id='block_1_26' title="bbox 195 1242 1019 1281">
    <p class='ocr_par' dir='ltr' id='par_1_26' title="bbox 195 1242 1019 1281">
     <span class='ocr_line' id='line_1_26' title="bbox 195 1242 1019 1281; baseline -0.004 -7"><span class='ocrx_word' id='word_1_194' title='bbox 195 1246 329 1274; x_wconf 86' lang='lat' dir='ltr'>rimando</span> <span class='ocrx_word' id='word_1_195' title='bbox 341 1245 557 1281; x_wconf 84' lang='lat' dir='ltr'>impenderunt.</span> <span class='ocrx_word' id='word_1_196' title='bbox 570 1245 665 1271; x_wconf 85' lang='lat' dir='ltr'>Artem</span> <span class='ocrx_word' id='word_1_197' title='bbox 681 1242 822 1270; x_wconf 88' lang='lat' dir='ltr'>medicam</span> <span class='ocrx_word' id='word_1_198' title='bbox 835 1242 860 1270; x_wconf 84' lang='lat' dir='ltr'>si</span> <span class='ocrx_word' id='word_1_199' title='bbox 871 1251 1019 1278; x_wconf 85' lang='lat' dir='ltr'>percurre-</span> 
     </span>
    </p>
   </div>
   <div class='ocr_carea' id='block_1_27' title="bbox 194 1287 1019 1327">
    <p class='ocr_par' dir='ltr' id='par_1_27' title="bbox 194 1287 1019 1327">
     <span class='ocr_line' id='line_1_27' title="bbox 194 1287 1019 1327; baseline -0.005 -9"><span class='ocrx_word' id='word_1_200' title='bbox 194 1291 246 1323; x_wconf 89' lang='lat' dir='ltr'>ris,</span> <span class='ocrx_word' id='word_1_201' title='bbox 262 1299 350 1327; x_wconf 89' lang='lat' dir='ltr'>quam</span> <span class='ocrx_word' id='word_1_202' title='bbox 367 1289 462 1318; x_wconf 92' lang='lat' dir='ltr'>multa</span> <span class='ocrx_word' id='word_1_203' title='bbox 481 1289 516 1317; x_wconf 91' lang='lat' dir='ltr'>de</span> <span class='ocrx_word' id='word_1_204' title='bbox 531 1297 585 1316; x_wconf 85' lang='lat' dir='ltr'>usu</span> <span class='ocrx_word' id='word_1_205' title='bbox 603 1296 703 1316; x_wconf 90' lang='lat' dir='ltr'>eorum</span> <span class='ocrx_word' id='word_1_206' title='bbox 720 1295 783 1323; x_wconf 71' lang='lat' dir='ltr'>quae</span> <span class='ocrx_word' id='word_1_207' title='bbox 804 1287 834 1315; x_wconf 91' lang='lat' dir='ltr'>in</span> <span class='ocrx_word' id='word_1_208' title='bbox 850 1287 934 1315; x_wconf 85' lang='lat' dir='ltr'>nobis</span> <span class='ocrx_word' id='word_1_209' title='bbox 950 1289 1019 1315; x_wconf 80' lang='lat' dir='ltr'>sunt</span> 
     </span>
    </p>
   </div>
   <div class='ocr_carea' id='block_1_28' title="bbox 194 1332 1018 1369">
    <p class='ocr_par' dir='ltr' id='par_1_28' title="bbox 194 1332 1018 1369">
     <span class='ocr_line' id='line_1_28' title="bbox 194 1332 1018 1369; baseline -0.004 -7"><span class='ocrx_word' id='word_1_210' title='bbox 194 1335 328 1369; x_wconf 84' lang='lat' dir='ltr'>disserat,</span> <span class='ocrx_word' id='word_1_211' title='bbox 342 1335 425 1363; x_wconf 82' lang='lat' dir='ltr'>facile</span> <span class='ocrx_word' id='word_1_212' title='bbox 438 1333 602 1362; x_wconf 88' lang='lat' dir='ltr'>inveneris:</span> <span class='ocrx_word' id='word_1_213' title='bbox 619 1340 706 1368; x_wconf 88' lang='lat' dir='ltr'>quam</span> <span class='ocrx_word' id='word_1_214' title='bbox 720 1332 829 1360; x_wconf 85' lang='lat' dir='ltr'>multas</span> <span class='ocrx_word' id='word_1_215' title='bbox 841 1332 876 1360; x_wconf 87' lang='lat' dir='ltr'>de</span> <span class='ocrx_word' id='word_1_216' title='bbox 886 1332 1018 1360; x_wconf 91' lang='lat' dir='ltr'>interiori</span> 
     </span>
    </p>
   </div>
   <div class='ocr_carea' id='block_1_29' title="bbox 192 1376 1018 1412">
    <p class='ocr_par' dir='ltr' id='par_1_29' title="bbox 192 1376 1018 1412">
     <span class='ocr_line' id='line_1_29' title="bbox 192 1376 1018 1412; baseline -0.002 -4"><span class='ocrx_word' id='word_1_217' title='bbox 192 1381 292 1408; x_wconf 88' lang='lat' dir='ltr'>nostra</span> <span class='ocrx_word' id='word_1_218' title='bbox 306 1380 464 1412; x_wconf 84' lang='lat' dir='ltr'>structura,</span> <span class='ocrx_word' id='word_1_219' title='bbox 489 1378 700 1406; x_wconf 89' lang='lat' dir='ltr'>dissectionum</span> <span class='ocrx_word' id='word_1_220' title='bbox 722 1376 882 1412; x_wconf 87' lang='lat' dir='ltr'>molitione,</span> <span class='ocrx_word' id='word_1_221' title='bbox 903 1377 1018 1406; x_wconf 86' lang='lat' dir='ltr'>abditas</span> 
     </span>
    </p>
   </div>
   <div class='ocr_carea' id='block_1_30' title="bbox 191 1421 1018 1460">
    <p class='ocr_par' dir='ltr' id='par_1_30' title="bbox 191 1421 1018 1460">
     <span class='ocr_line' id='line_1_30' title="bbox 191 1421 1018 1460; baseline -0.002 -8"><span class='ocrx_word' id='word_1_222' title='bbox 191 1424 380 1460; x_wconf 87' lang='lat' dir='ltr'>occultasqus</span> <span class='ocrx_word' id='word_1_223' title='bbox 394 1423 457 1451; x_wconf 84' lang='lat' dir='ltr'>vias</span> <span class='ocrx_word' id='word_1_224' title='bbox 472 1422 680 1459; x_wconf 82' lang='lat' dir='ltr'>deprehendit;</span> <span class='ocrx_word' id='word_1_225' title='bbox 698 1421 839 1449; x_wconf 86' lang='lat' dir='ltr'>obscuros</span> <span class='ocrx_word' id='word_1_226' title='bbox 855 1423 969 1450; x_wconf 83' lang='lat' dir='ltr'>mestus</span> <span class='ocrx_word' id='word_1_227' title='bbox 985 1430 1018 1450; x_wconf 89' lang='lat' dir='ltr'>ac</span> 
     </span>
    </p>
   </div>
   <div class='ocr_carea' id='block_1_31' title="bbox 191 1467 1017 1505">
    <p class='ocr_par' dir='ltr' id='par_1_31' title="bbox 191 1467 1017 1505">
     <span class='ocr_line' id='line_1_31' title="bbox 191 1467 1017 1505; baseline -0.005 -7"><span class='ocrx_word' id='word_1_228' title='bbox 191 1470 344 1505; x_wconf 78' lang='lat' dir='ltr'>foramina,</span> <span class='ocrx_word' id='word_1_229' title='bbox 354 1477 445 1497; x_wconf 88' lang='lat' dir='ltr'>unum</span> <span class='ocrx_word' id='word_1_230' title='bbox 456 1468 585 1504; x_wconf 89' lang='lat' dir='ltr'>corporis</span> <span class='ocrx_word' id='word_1_231' title='bbox 597 1467 707 1495; x_wconf 84' lang='lat' dir='ltr'>ratione</span> <span class='ocrx_word' id='word_1_232' title='bbox 718 1469 892 1495; x_wconf 89' lang='lat' dir='ltr'>concentum</span> <span class='ocrx_word' id='word_1_233' title='bbox 904 1475 936 1495; x_wconf 88' lang='lat' dir='ltr'>ac</span> <span class='ocrx_word' id='word_1_234' title='bbox 948 1475 1017 1495; x_wconf 89' lang='lat' dir='ltr'>con-</span> 
     </span>
    </p>
   </div>
   <div class='ocr_carea' id='block_1_32' title="bbox 191 1512 1016 1550">
    <p class='ocr_par' dir='ltr' id='par_1_32' title="bbox 191 1512 1016 1550">
     <span class='ocr_line' id='line_1_32' title="bbox 191 1512 1016 1550; baseline -0.005 -6"><span class='ocrx_word' id='word_1_235' title='bbox 191 1515 332 1549; x_wconf 85' lang='lat' dir='ltr'>cordiam,</span> <span class='ocrx_word' id='word_1_236' title='bbox 349 1514 470 1550; x_wconf 84' lang='lat' dir='ltr'>spiritus</span> <span class='ocrx_word' id='word_1_237' title='bbox 489 1513 577 1547; x_wconf 88' lang='lat' dir='ltr'>rivos,</span> <span class='ocrx_word' id='word_1_238' title='bbox 601 1512 753 1549; x_wconf 81' lang='lat' dir='ltr'>sanguinis</span> <span class='ocrx_word' id='word_1_239' title='bbox 777 1513 894 1548; x_wconf 89' lang='lat' dir='ltr'>ductus,</span> <span class='ocrx_word' id='word_1_240' title='bbox 911 1512 1016 1540; x_wconf 63' lang='lat' dir='ltr'>anima:</span> 
     </span>
    </p>
   </div>
   <div class='ocr_carea' id='block_1_33' title="bbox 192 1557 1015 1593">
    <p class='ocr_par' dir='ltr' id='par_1_33' title="bbox 192 1557 1015 1593">
     <span class='ocr_line' id='line_1_33' title="bbox 192 1557 1015 1593; baseline -0.005 -5"><span class='ocrx_word' id='word_1_241' title='bbox 192 1559 407 1593; x_wconf 85' lang='lat' dir='ltr'>attractionem,</span> <span class='ocrx_word' id='word_1_242' title='bbox 424 1559 480 1587; x_wconf 82' lang='lat' dir='ltr'>foci</span> <span class='ocrx_word' id='word_1_243' title='bbox 498 1557 601 1586; x_wconf 85' lang='lat' dir='ltr'>caloris</span> <span class='ocrx_word' id='word_1_244' title='bbox 626 1558 656 1584; x_wconf 88' lang='lat' dir='ltr'>in</span> <span class='ocrx_word' id='word_1_245' title='bbox 672 1557 758 1584; x_wconf 90' lang='lat' dir='ltr'>corde</span> <span class='ocrx_word' id='word_1_246' title='bbox 783 1558 893 1591; x_wconf 84' lang='lat' dir='ltr'>sedem,</span> <span class='ocrx_word' id='word_1_247' title='bbox 910 1565 1015 1593; x_wconf 86' lang='lat' dir='ltr'>perpe-</span> 
     </span>
    </p>
   </div>
   <div class='ocr_carea' id='block_1_34' title="bbox 1089 263 1894 305">
    <p class='ocr_par' dir='ltr' id='par_1_34' title="bbox 1089 263 1894 305">
     <span class='ocr_line' id='line_1_34' title="bbox 1089 263 1894 305; baseline 0.009 -16"><span class='ocrx_word' id='word_1_248' title='bbox 1089 265 1210 299; x_wconf 77' lang='grc' dir='ltr'>πτηνῶν,</span> <span class='ocrx_word' id='word_1_249' title='bbox 1237 263 1350 302; x_wconf 71' lang='grc' dir='ltr'>οὐρανοῦ</span> <span class='ocrx_word' id='word_1_250' title='bbox 1374 275 1403 292; x_wconf 88' lang='grc' dir='ltr'>τε</span> <span class='ocrx_word' id='word_1_251' title='bbox 1426 265 1471 292; x_wconf 85' lang='grc' dir='ltr'>καὶ</span> <span class='ocrx_word' id='word_1_252' title='bbox 1495 268 1549 293; x_wconf 85' lang='grc' dir='ltr'>τῶν</span> <span class='ocrx_word' id='word_1_253' title='bbox 1574 266 1633 293; x_wconf 87' lang='grc' dir='ltr'>κατ’</span> <span class='ocrx_word' id='word_1_254' title='bbox 1656 266 1778 304; x_wconf 58' lang='grc' dir='ltr'>οιὶρανὸν,</span> <span class='ocrx_word' id='word_1_255' title='bbox 1806 268 1894 305; x_wconf 84' lang='grc' dir='ltr'>περίτε</span> 
     </span>
    </p>
   </div>
   <div class='ocr_carea' id='block_1_35' title="bbox 1087 307 1892 349">
    <p class='ocr_par' dir='ltr' id='par_1_35' title="bbox 1087 307 1892 349">
     <span class='ocr_line' id='line_1_35' title="bbox 1087 307 1892 349; baseline 0.009 -16"><span class='ocrx_word' id='word_1_256' title='bbox 1087 310 1138 344; x_wconf 75' lang='grc' dir='ltr'>γῆς</span> <span class='ocrx_word' id='word_1_257' title='bbox 1154 307 1267 335; x_wconf 78' lang='grc' dir='ltr'>καὶτῶν</span> <span class='ocrx_word' id='word_1_258' title='bbox 1283 308 1308 335; x_wconf 81' lang='grc' dir='ltr'>ἐν</span> <span class='ocrx_word' id='word_1_259' title='bbox 1335 311 1369 346; x_wconf 75' lang='grc' dir='ltr'>τῇ</span> <span class='ocrx_word' id='word_1_260' title='bbox 1395 311 1430 346; x_wconf 75' lang='grc' dir='ltr'>γῇ</span> <span class='ocrx_word' id='word_1_261' title='bbox 1457 312 1545 348; x_wconf 72' lang='grc' dir='ltr'>φυτῶν</span> <span class='ocrx_word' id='word_1_262' title='bbox 1572 309 1747 349; x_wconf 70' lang='grc' dir='ltr'>διδαχθέντας</span> <span class='ocrx_word' id='word_1_263' title='bbox 1769 313 1848 348; x_wconf 71' lang='grc' dir='ltr'>ἡμᾶς,</span> <span class='ocrx_word' id='word_1_264' title='bbox 1863 315 1892 349; x_wconf 83' lang='grc' dir='ltr'>μὴ</span> 
     </span>
    </p>
   </div>
   <div class='ocr_carea' id='block_1_36' title="bbox 1088 352 1894 392">
    <p class='ocr_par' dir='ltr' id='par_1_36' title="bbox 1088 352 1894 392">
     <span class='ocr_line' id='line_1_36' title="bbox 1088 352 1894 392; baseline 0.009 -14"><span class='ocrx_word' id='word_1_265' title='bbox 1088 352 1180 379; x_wconf 79' lang='grc' dir='ltr'>καὶτὰ</span> <span class='ocrx_word' id='word_1_266' title='bbox 1195 353 1255 390; x_wconf 79' lang='grc' dir='ltr'>περὶ</span> <span class='ocrx_word' id='word_1_267' title='bbox 1279 357 1328 388; x_wconf 74' lang='grc' dir='ltr'>τῆς</span> <span class='ocrx_word' id='word_1_268' title='bbox 1351 354 1485 392; x_wconf 67' lang='grc' dir='ltr'>ἡμετέρας</span> <span class='ocrx_word' id='word_1_269' title='bbox 1503 354 1631 392; x_wconf 69' lang='grc' dir='ltr'>γενέσεως</span> <span class='ocrx_word' id='word_1_270' title='bbox 1656 355 1684 383; x_wconf 73' lang='grc' dir='ltr'>ἐκ</span> <span class='ocrx_word' id='word_1_271' title='bbox 1709 360 1758 391; x_wconf 80' lang='grc' dir='ltr'>τῆς</span> <span class='ocrx_word' id='word_1_272' title='bbox 1783 357 1894 389; x_wconf 73' lang='grc' dir='ltr'>θεοπνεύ-</span> 
     </span>
    </p>
   </div>
   <div class='ocr_carea' id='block_1_37' title="bbox 1088 400 1892 440">
    <p class='ocr_par' dir='ltr' id='par_1_37' title="bbox 1088 400 1892 440">
     <span class='ocr_line' id='line_1_37' title="bbox 1088 400 1892 440; baseline 0.009 -17"><span class='ocrx_word' id='word_1_273' title='bbox 1088 407 1151 423; x_wconf 78' lang='grc' dir='ltr'>στου</span> <span class='ocrx_word' id='word_1_274' title='bbox 1168 400 1276 436; x_wconf 64' lang='grc' dir='ltr'>Γραφῆς</span> <span class='ocrx_word' id='word_1_275' title='bbox 1301 402 1478 437; x_wconf 78' lang='grc' dir='ltr'>φωτισθῆναι.</span> <span class='ocrx_word' id='word_1_276' title='bbox 1510 401 1610 437; x_wconf 80' lang='grc' dir='ltr'>Ὥσπερ</span> <span class='ocrx_word' id='word_1_277' title='bbox 1640 400 1690 438; x_wconf 69' lang='grc' dir='ltr'>γὰρ</span> <span class='ocrx_word' id='word_1_278' title='bbox 1714 401 1741 428; x_wconf 73' lang='grc' dir='ltr'>οἱ</span> <span class='ocrx_word' id='word_1_279' title='bbox 1772 401 1892 440; x_wconf 66' lang='grc' dir='ltr'>ὀφθαλμοὶ</span> 
     </span>
    </p>
   </div>
   <div class='ocr_carea' id='block_1_38' title="bbox 1087 440 1892 483">
    <p class='ocr_par' dir='ltr' id='par_1_38' title="bbox 1087 440 1892 483">
     <span class='ocr_line' id='line_1_38' title="bbox 1087 440 1892 483; baseline 0.006 -15"><span class='ocrx_word' id='word_1_280' title='bbox 1087 442 1179 477; x_wconf 81' lang='grc' dir='ltr'>ἡμῶν,</span> <span class='ocrx_word' id='word_1_281' title='bbox 1193 442 1226 469; x_wconf 67' lang='grc' dir='ltr'>τὸ.</span> <span class='ocrx_word' id='word_1_282' title='bbox 1240 440 1290 477; x_wconf 75' lang='grc' dir='ltr'>ἔξω</span> <span class='ocrx_word' id='word_1_283' title='bbox 1309 442 1463 480; x_wconf 72' lang='grc' dir='ltr'>βλέποντες,</span> <span class='ocrx_word' id='word_1_284' title='bbox 1480 444 1590 475; x_wconf 68' lang='grc' dir='ltr'>ἑαυτοὺς</span> <span class='ocrx_word' id='word_1_285' title='bbox 1607 444 1660 482; x_wconf 77' lang='grc' dir='ltr'>οὐχ</span> <span class='ocrx_word' id='word_1_286' title='bbox 1683 445 1793 482; x_wconf 79' lang='grc' dir='ltr'>ὁρῶσιν,</span> <span class='ocrx_word' id='word_1_287' title='bbox 1810 446 1847 474; x_wconf 70' lang='grc' dir='ltr'>ἐὰν</span> <span class='ocrx_word' id='word_1_288' title='bbox 1863 449 1892 483; x_wconf 84' lang='grc' dir='ltr'>μή</span> 
     </span>
    </p>
   </div>
   <div class='ocr_carea' id='block_1_39' title="bbox 1086 485 1894 526">
    <p class='ocr_par' dir='ltr' id='par_1_39' title="bbox 1086 485 1894 526">
     <span class='ocr_line' id='line_1_39' title="bbox 1086 485 1894 526; baseline 0.007 -14"><span class='ocrx_word' id='word_1_289' title='bbox 1086 496 1139 512; x_wconf 89' lang='grc' dir='ltr'>που</span> <span class='ocrx_word' id='word_1_290' title='bbox 1155 485 1231 514; x_wconf 79' lang='grc' dir='ltr'>λείου</span> <span class='ocrx_word' id='word_1_291' title='bbox 1255 487 1327 518; x_wconf 81' lang='grc' dir='ltr'>τινὸς</span> <span class='ocrx_word' id='word_1_292' title='bbox 1351 486 1472 524; x_wconf 74' lang='grc' dir='ltr'>ἅψωνται</span> <span class='ocrx_word' id='word_1_293' title='bbox 1498 491 1617 526; x_wconf 76' lang='grc' dir='ltr'>στερεοῦ,</span> <span class='ocrx_word' id='word_1_294' title='bbox 1642 489 1764 522; x_wconf 87' lang='grc' dir='ltr'>κάκεῖθεν</span> <span class='ocrx_word' id='word_1_295' title='bbox 1789 491 1894 519; x_wconf 77' lang='grc' dir='ltr'>ἀνακλα-</span> 
     </span>
    </p>
   </div>
   <div class='ocr_carea' id='block_1_40' title="bbox 1086 530 1894 572">
    <p class='ocr_par' dir='ltr' id='par_1_40' title="bbox 1086 530 1894 572">
     <span class='ocr_line' id='line_1_40' title="bbox 1086 530 1894 572; baseline 0.007 -15"><span class='ocrx_word' id='word_1_296' title='bbox 1086 530 1176 558; x_wconf 84' lang='grc' dir='ltr'>σθεῖσα</span> <span class='ocrx_word' id='word_1_297' title='bbox 1200 532 1217 566; x_wconf 85' lang='grc' dir='ltr'><strong>ἡ</strong></span> <span class='ocrx_word' id='word_1_298' title='bbox 1244 530 1316 568; x_wconf 73' lang='grc' dir='ltr'>ὄψις,</span> <span class='ocrx_word' id='word_1_299' title='bbox 1343 532 1432 570; x_wconf 80' lang='grc' dir='ltr'>ὥσπερ</span> <span class='ocrx_word' id='word_1_300' title='bbox 1456 533 1509 560; x_wconf 82' lang='grc' dir='ltr'>ἀπὸ</span> <span class='ocrx_word' id='word_1_301' title='bbox 1536 532 1710 572; x_wconf 65' lang='grc' dir='ltr'>παλιρροίας,</span> <span class='ocrx_word' id='word_1_302' title='bbox 1732 535 1795 572; x_wconf 82' lang='grc' dir='ltr'>ὁρᾷν</span> <span class='ocrx_word' id='word_1_303' title='bbox 1811 535 1894 567; x_wconf 65' lang='grc' dir='ltr'>αὐτοὺς</span> 
     </span>
    </p>
   </div>
   <div class='ocr_carea' id='block_1_41' title="bbox 1085 576 1895 617">
    <p class='ocr_par' dir='ltr' id='par_1_41' title="bbox 1085 576 1895 617">
     <span class='ocr_line' id='line_1_41' title="bbox 1085 576 1895 617; baseline 0.006 -15"><span class='ocrx_word' id='word_1_304' title='bbox 1085 576 1187 612; x_wconf 81' lang='grc' dir='ltr'>ποιήσῃ</span> <span class='ocrx_word' id='word_1_305' title='bbox 1210 576 1242 603; x_wconf 75' lang='grc' dir='ltr'>τὰ</span> <span class='ocrx_word' id='word_1_306' title='bbox 1263 576 1364 604; x_wconf 76' lang='grc' dir='ltr'>ἑαυτῶν</span> <span class='ocrx_word' id='word_1_307' title='bbox 1390 577 1514 605; x_wconf 79' lang='grc' dir='ltr'>κατόπιν·</span> <span class='ocrx_word' id='word_1_308' title='bbox 1544 577 1615 606; x_wconf 75' lang='grc' dir='ltr'>οὕτω</span> <span class='ocrx_word' id='word_1_309' title='bbox 1639 579 1682 606; x_wconf 80' lang='grc' dir='ltr'>καὶ</span> <span class='ocrx_word' id='word_1_310' title='bbox 1702 579 1715 606; x_wconf 90' lang='lat'>6</span> <span class='ocrx_word' id='word_1_311' title='bbox 1735 581 1797 610; x_wconf 77' lang='grc' dir='ltr'>νοῦς</span> <span class='ocrx_word' id='word_1_312' title='bbox 1813 580 1825 607; x_wconf 96' lang='lat'>6</span> <span class='ocrx_word' id='word_1_313' title='bbox 1839 581 1895 617; x_wconf 73' lang='grc' dir='ltr'>ἡμὲ-</span> 
     </span>
    </p>
   </div>
   <div class='ocr_carea' id='block_1_42' title="bbox 1083 619 1893 661">
    <p class='ocr_par' dir='ltr' id='par_1_42' title="bbox 1083 619 1893 661">
     <span class='ocr_line' id='line_1_42' title="bbox 1083 619 1893 661; baseline 0.006 -15"><span class='ocrx_word' id='word_1_314' title='bbox 1083 629 1172 656; x_wconf 81' lang='grc' dir='ltr'>τερος,</span> <span class='ocrx_word' id='word_1_315' title='bbox 1190 619 1262 648; x_wconf 78' lang='grc' dir='ltr'>ἄλλα</span> <span class='ocrx_word' id='word_1_316' title='bbox 1278 621 1360 659; x_wconf 78' lang='grc' dir='ltr'>ὁρῶν,</span> <span class='ocrx_word' id='word_1_317' title='bbox 1389 621 1483 653; x_wconf 53' lang='grc' dir='ltr'>ἄλκςως</span> <span class='ocrx_word' id='word_1_318' title='bbox 1508 622 1601 650; x_wconf 73' lang='grc' dir='ltr'>ἑαυτὸν</span> <span class='ocrx_word' id='word_1_319' title='bbox 1627 622 1657 650; x_wconf 74' lang='grc' dir='ltr'>οὐ</span> <span class='ocrx_word' id='word_1_320' title='bbox 1676 622 1781 661; x_wconf 76' lang='grc' dir='ltr'>βλέπει,</span> <span class='ocrx_word' id='word_1_321' title='bbox 1797 623 1839 651; x_wconf 73' lang='grc' dir='ltr'>ἐὰν</span> <span class='ocrx_word' id='word_1_322' title='bbox 1862 625 1893 661; x_wconf 72' lang='grc' dir='ltr'>μὴ</span> 
     </span>
    </p>
   </div>
   <div class='ocr_carea' id='block_1_43' title="bbox 1082 665 1893 705">
    <p class='ocr_par' dir='ltr' id='par_1_43' title="bbox 1082 665 1893 705">
     <span class='ocr_line' id='line_1_43' title="bbox 1082 665 1893 705; baseline 0.006 -14"><span class='ocrx_word' id='word_1_323' title='bbox 1082 667 1143 696; x_wconf 84' lang='grc' dir='ltr'>ταῖς</span> <span class='ocrx_word' id='word_1_324' title='bbox 1157 668 1277 703; x_wconf 65' lang='grc' dir='ltr'>Γραφαῖς</span> <span class='ocrx_word' id='word_1_325' title='bbox 1291 665 1404 703; x_wconf 68' lang='grc' dir='ltr'>ἐγκΰψῃ·</span> <span class='ocrx_word' id='word_1_326' title='bbox 1425 667 1455 694; x_wconf 85' lang='grc' dir='ltr'>τὸ</span> <span class='ocrx_word' id='word_1_327' title='bbox 1481 666 1533 705; x_wconf 74' lang='grc' dir='ltr'>γὰρ</span> <span class='ocrx_word' id='word_1_328' title='bbox 1557 666 1669 699; x_wconf 80' lang='grc' dir='ltr'>ἐνταῦθα</span> <span class='ocrx_word' id='word_1_329' title='bbox 1696 670 1764 705; x_wconf 79' lang='grc' dir='ltr'>φῶς,</span> <span class='ocrx_word' id='word_1_330' title='bbox 1781 668 1893 696; x_wconf 78' lang='grc' dir='ltr'>ἀνακλώ-</span> 
     </span>
    </p>
   </div>
   <div class='ocr_carea' id='block_1_44' title="bbox 1085 709 1893 750">
    <p class='ocr_par' dir='ltr' id='par_1_44' title="bbox 1085 709 1893 750">
     <span class='ocr_line' id='line_1_44' title="bbox 1085 709 1893 750; baseline 0.007 -15"><span class='ocrx_word' id='word_1_331' title='bbox 1085 711 1239 745; x_wconf 89' lang='grc' dir='ltr'>μενον,τοῦ</span> <span class='ocrx_word' id='word_1_332' title='bbox 1259 713 1423 747; x_wconf 77' lang='grc' dir='ltr'>καθορᾶσθαι</span> <span class='ocrx_word' id='word_1_333' title='bbox 1443 709 1554 739; x_wconf 70' lang='grc' dir='ltr'>ἕκαστον</span> <span class='ocrx_word' id='word_1_334' title='bbox 1579 710 1664 739; x_wconf 82' lang='grc' dir='ltr'>α’ίτιον</span> <span class='ocrx_word' id='word_1_335' title='bbox 1689 713 1769 748; x_wconf 82' lang='grc' dir='ltr'>ἡμῶν</span> <span class='ocrx_word' id='word_1_336' title='bbox 1792 714 1893 750; x_wconf 78' lang='grc' dir='ltr'>γίνεται.</span> 
     </span>
    </p>
   </div>
   <div class='ocr_carea' id='block_1_45' title="bbox 1083 753 1892 794">
    <p class='ocr_par' dir='ltr' id='par_1_45' title="bbox 1083 753 1892 794">
     <span class='ocr_line' id='line_1_45' title="bbox 1083 753 1892 794; baseline 0.005 -14"><span class='ocrx_word' id='word_1_337' title='bbox 1083 753 1158 780; x_wconf 81' lang='grc' dir='ltr'>Ἐπεὶ</span> <span class='ocrx_word' id='word_1_338' title='bbox 1183 753 1305 781; x_wconf 73' lang='grc' dir='ltr'>ἀσύνετοί</span> <span class='ocrx_word' id='word_1_339' title='bbox 1333 754 1411 791; x_wconf 81' lang='grc' dir='ltr'>ἐσμεν</span> <span class='ocrx_word' id='word_1_340' title='bbox 1441 755 1551 792; x_wconf 72' lang='grc' dir='ltr'>ἑαυτῶν,</span> <span class='ocrx_word' id='word_1_341' title='bbox 1581 756 1740 794; x_wconf 83' lang='grc' dir='ltr'>ἀπερίοπτοι</span> <span class='ocrx_word' id='word_1_342' title='bbox 1769 761 1820 792; x_wconf 86' lang='grc' dir='ltr'>τῆς</span> <span class='ocrx_word' id='word_1_343' title='bbox 1842 758 1892 784; x_wconf 75' lang='grc' dir='ltr'>ἑαυ-</span> 
     </span>
    </p>
   </div>
   <div class='ocr_carea' id='block_1_46' title="bbox 1080 799 1893 840">
    <p class='ocr_par' dir='ltr' id='par_1_46' title="bbox 1080 799 1893 840">
     <span class='ocr_line' id='line_1_46' title="bbox 1080 799 1893 840; baseline 0.005 -15"><span class='ocrx_word' id='word_1_344' title='bbox 1080 800 1134 825; x_wconf 86' lang='grc' dir='ltr'>τῶν</span> <span class='ocrx_word' id='word_1_345' title='bbox 1150 802 1326 833; x_wconf 82' lang='grc' dir='ltr'>κατασκευῆς·</span> <span class='ocrx_word' id='word_1_346' title='bbox 1358 799 1422 836; x_wconf 81' lang='grc' dir='ltr'>ὅπερ</span> <span class='ocrx_word' id='word_1_347' title='bbox 1454 800 1542 836; x_wconf 74' lang='grc' dir='ltr'>ἐσμὲν,</span> <span class='ocrx_word' id='word_1_348' title='bbox 1572 801 1616 828; x_wconf 77' lang='grc' dir='ltr'>καὶ</span> <span class='ocrx_word' id='word_1_349' title='bbox 1642 801 1668 828; x_wconf 89' lang='grc' dir='ltr'>τί</span> <span class='ocrx_word' id='word_1_350' title='bbox 1692 800 1770 838; x_wconf 81' lang='grc' dir='ltr'>ἐσμεν</span> <span class='ocrx_word' id='word_1_351' title='bbox 1790 802 1893 840; x_wconf 75' lang='grc' dir='ltr'>ἀγνοοῦ-</span> 
     </span>
    </p>
   </div>
   <div class='ocr_carea' id='block_1_47' title="bbox 1083 842 1893 883">
    <p class='ocr_par' dir='ltr' id='par_1_47' title="bbox 1083 842 1893 883">
     <span class='ocr_line' id='line_1_47' title="bbox 1083 842 1893 883; baseline 0.006 -14"><span class='ocrx_word' id='word_1_352' title='bbox 1083 852 1140 878; x_wconf 86' lang='grc' dir='ltr'>μεν·</span> <span class='ocrx_word' id='word_1_353' title='bbox 1167 842 1336 879; x_wconf 76' lang='grc' dir='ltr'>ἀμελὲστατα</span> <span class='ocrx_word' id='word_1_354' title='bbox 1360 844 1412 882; x_wconf 78' lang='grc' dir='ltr'>γὰρ</span> <span class='ocrx_word' id='word_1_355' title='bbox 1438 845 1538 872; x_wconf 66' lang='grc' dir='ltr'>ἑαυτῶν</span> <span class='ocrx_word' id='word_1_356' title='bbox 1564 843 1730 882; x_wconf 81' lang='grc' dir='ltr'>διακείμεθα,</span> <span class='ocrx_word' id='word_1_357' title='bbox 1755 848 1808 873; x_wconf 82' lang='grc' dir='ltr'>τῶν</span> <span class='ocrx_word' id='word_1_358' title='bbox 1832 857 1893 883; x_wconf 83' lang='grc' dir='ltr'>προ-</span> 
     </span>
    </p>
   </div>
   <div class='ocr_carea' id='block_1_48' title="bbox 1081 887 1892 928">
    <p class='ocr_par' dir='ltr' id='par_1_48' title="bbox 1081 887 1892 928">
     <span class='ocr_line' id='line_1_48' title="bbox 1081 887 1892 928; baseline 0.005 -14"><span class='ocrx_word' id='word_1_359' title='bbox 1081 887 1182 925; x_wconf 82' lang='grc' dir='ltr'>χείρων</span> <span class='ocrx_word' id='word_1_360' title='bbox 1198 889 1247 922; x_wconf 77' lang='grc' dir='ltr'>τῆς</span> <span class='ocrx_word' id='word_1_361' title='bbox 1263 889 1390 926; x_wconf 83' lang='grc' dir='ltr'>γνώσεως</span> <span class='ocrx_word' id='word_1_362' title='bbox 1405 890 1449 916; x_wconf 84' lang='grc' dir='ltr'>καὶ</span> <span class='ocrx_word' id='word_1_363' title='bbox 1464 892 1518 917; x_wconf 84' lang='grc' dir='ltr'>τῶν</span> <span class='ocrx_word' id='word_1_364' title='bbox 1536 891 1706 927; x_wconf 80' lang='grc' dir='ltr'>μικροτάτων</span> <span class='ocrx_word' id='word_1_365' title='bbox 1721 893 1775 918; x_wconf 86' lang='grc' dir='ltr'>τῶν</span> <span class='ocrx_word' id='word_1_366' title='bbox 1792 890 1816 918; x_wconf 69' lang='grc' dir='ltr'>ἐν</span> <span class='ocrx_word' id='word_1_367' title='bbox 1833 892 1892 928; x_wconf 84' lang='grc' dir='ltr'>ἡμῖν</span> 
     </span>
    </p>
   </div>
   <div class='ocr_carea' id='block_1_49' title="bbox 1080 931 1893 973">
    <p class='ocr_par' dir='ltr' id='par_1_49' title="bbox 1080 931 1893 973">
     <span class='ocr_line' id='line_1_49' title="bbox 1080 931 1893 973; baseline 0.005 -14"><span class='ocrx_word' id='word_1_368' title='bbox 1080 935 1177 969; x_wconf 88' lang='grc' dir='ltr'>γνῶσιν</span> <span class='ocrx_word' id='word_1_369' title='bbox 1206 932 1255 960; x_wconf 82' lang='grc' dir='ltr'>οὐκ</span> <span class='ocrx_word' id='word_1_370' title='bbox 1284 931 1405 971; x_wconf 74' lang='grc' dir='ltr'>ἔχοντες.</span> <span class='ocrx_word' id='word_1_371' title='bbox 1434 933 1541 961; x_wconf 85' lang='grc' dir='ltr'>Πολλαῑ</span> <span class='ocrx_word' id='word_1_372' title='bbox 1570 938 1752 972; x_wconf 78' lang='grc' dir='ltr'>πραγματεῖαι</span> <span class='ocrx_word' id='word_1_373' title='bbox 1781 935 1840 973; x_wconf 85' lang='grc' dir='ltr'>περὶ</span> <span class='ocrx_word' id='word_1_374' title='bbox 1865 936 1893 964; x_wconf 83' lang='grc' dir='ltr'>τὸ</span> 
     </span>
    </p>
   </div>
   <div class='ocr_carea' id='block_1_50' title="bbox 1080 977 1892 1018">
    <p class='ocr_par' dir='ltr' id='par_1_50' title="bbox 1080 977 1892 1018">
     <span class='ocr_line' id='line_1_50' title="bbox 1080 977 1892 1018; baseline 0.005 -15"><span class='ocrx_word' id='word_1_375' title='bbox 1080 979 1159 1013; x_wconf 84' lang='grc' dir='ltr'>σῶμα</span> <span class='ocrx_word' id='word_1_376' title='bbox 1187 978 1217 1004; x_wconf 84' lang='grc' dir='ltr'>τὸ</span> <span class='ocrx_word' id='word_1_377' title='bbox 1243 977 1375 1016; x_wconf 63' lang='grc' dir='ltr'>ἡμέτερον</span> <span class='ocrx_word' id='word_1_378' title='bbox 1404 978 1436 1006; x_wconf 84' lang='grc' dir='ltr'>τὸ</span> <span class='ocrx_word' id='word_1_379' title='bbox 1465 979 1645 1017; x_wconf 77' lang='grc' dir='ltr'>ἀνθρώπινον,</span> <span class='ocrx_word' id='word_1_380' title='bbox 1675 980 1720 1007; x_wconf 84' lang='grc' dir='ltr'>καὶ</span> <span class='ocrx_word' id='word_1_381' title='bbox 1745 980 1794 1007; x_wconf 80' lang='grc' dir='ltr'>οὐκ</span> <span class='ocrx_word' id='word_1_382' title='bbox 1809 979 1892 1018; x_wconf 86' lang='grc' dir='ltr'>ὀλίγοι</span> 
     </span>
    </p>
   </div>
   <div class='ocr_carea' id='block_1_51' title="bbox 1077 1022 1891 1059">
    <p class='ocr_par' dir='ltr' id='par_1_51' title="bbox 1077 1022 1891 1059">
     <span class='ocr_line' id='line_1_51' title="bbox 1077 1022 1891 1059; baseline 0.005 -11"><span class='ocrx_word' id='word_1_383' title='bbox 1077 1023 1131 1048; x_wconf 83' lang='grc' dir='ltr'>τῶν</span> <span class='ocrx_word' id='word_1_384' title='bbox 1158 1022 1210 1059; x_wconf 85' lang='grc' dir='ltr'>πρό</span> <span class='ocrx_word' id='word_1_385' title='bbox 1234 1023 1313 1059; x_wconf 82' lang='grc' dir='ltr'>ἡμῶν</span> <span class='ocrx_word' id='word_1_386' title='bbox 1343 1023 1392 1057; x_wconf 78' lang='grc' dir='ltr'>τήν</span> <span class='ocrx_word' id='word_1_387' title='bbox 1420 1025 1506 1050; x_wconf 79' lang='grc' dir='ltr'>πᾶσαν</span> <span class='ocrx_word' id='word_1_388' title='bbox 1531 1024 1630 1051; x_wconf 73' lang='grc' dir='ltr'>ἑαυτῶν</span> <span class='ocrx_word' id='word_1_389' title='bbox 1658 1023 1777 1059; x_wconf 80' lang='grc' dir='ltr'>σπουδὴν</span> <span class='ocrx_word' id='word_1_390' title='bbox 1802 1035 1891 1052; x_wconf 88' lang='grc' dir='ltr'>καταν-</span> 
     </span>
    </p>
   </div>
   <div class='ocr_carea' id='block_1_52' title="bbox 1078 1065 1892 1108">
    <p class='ocr_par' dir='ltr' id='par_1_52' title="bbox 1078 1065 1892 1108">
     <span class='ocr_line' id='line_1_52' title="bbox 1078 1065 1892 1108; baseline 0.005 -15"><span class='ocrx_word' id='word_1_391' title='bbox 1078 1065 1197 1095; x_wconf 80' lang='grc' dir='ltr'>άλωσαν.</span> <span class='ocrx_word' id='word_1_392' title='bbox 1224 1066 1278 1095; x_wconf 80' lang='grc' dir='ltr'>Κᾶν</span> <span class='ocrx_word' id='word_1_393' title='bbox 1293 1068 1417 1105; x_wconf 79' lang='grc' dir='ltr'>ίατρικήν</span> <span class='ocrx_word' id='word_1_394' title='bbox 1443 1067 1570 1106; x_wconf 72' lang='grc' dir='ltr'>ἐπὲλοῃς,</span> <span class='ocrx_word' id='word_1_395' title='bbox 1597 1068 1719 1108; x_wconf 76' lang='grc' dir='ltr'>εὑρήσεις</span> <span class='ocrx_word' id='word_1_396' title='bbox 1743 1069 1814 1097; x_wconf 70' lang='grc' dir='ltr'>πόσα</span> <span class='ocrx_word' id='word_1_397' title='bbox 1835 1070 1892 1107; x_wconf 83' lang='grc' dir='ltr'>περὶ</span> 
     </span>
    </p>
   </div>
   <div class='ocr_carea' id='block_1_53' title="bbox 1075 1111 1891 1152">
    <p class='ocr_par' dir='ltr' id='par_1_53' title="bbox 1075 1111 1891 1152">
     <span class='ocr_line' id='line_1_53' title="bbox 1075 1111 1891 1152; baseline 0.004 -14"><span class='ocrx_word' id='word_1_398' title='bbox 1075 1115 1126 1146; x_wconf 85' lang='grc' dir='ltr'>τῆς</span> <span class='ocrx_word' id='word_1_399' title='bbox 1142 1111 1237 1148; x_wconf 84' lang='grc' dir='ltr'>χρείας</span> <span class='ocrx_word' id='word_1_400' title='bbox 1258 1114 1311 1139; x_wconf 86' lang='grc' dir='ltr'>τῶν</span> <span class='ocrx_word' id='word_1_401' title='bbox 1328 1113 1468 1149; x_wconf 72' lang='grc' dir='ltr'>ἡμετέρων</span> <span class='ocrx_word' id='word_1_402' title='bbox 1484 1114 1553 1149; x_wconf 83' lang='grc' dir='ltr'>ἡμῖν</span> <span class='ocrx_word' id='word_1_403' title='bbox 1570 1112 1715 1150; x_wconf 84' lang='grc' dir='ltr'>διηγεῖται·</span> <span class='ocrx_word' id='word_1_404' title='bbox 1732 1114 1816 1145; x_wconf 82' lang='grc' dir='ltr'>πόσας</span> <span class='ocrx_word' id='word_1_405' title='bbox 1835 1114 1891 1152; x_wconf 80' lang='grc' dir='ltr'>περὶ</span> 
     </span>
    </p>
   </div>
   <div class='ocr_carea' id='block_1_54' title="bbox 1074 1153 1891 1195">
    <p class='ocr_par' dir='ltr' id='par_1_54' title="bbox 1074 1153 1891 1195">
     <span class='ocr_line' id='line_1_54' title="bbox 1074 1153 1891 1195; baseline 0.004 -12"><span class='ocrx_word' id='word_1_406' title='bbox 1074 1159 1125 1190; x_wconf 85' lang='grc' dir='ltr'>τῆς</span> <span class='ocrx_word' id='word_1_407' title='bbox 1161 1153 1266 1188; x_wconf 76' lang='grc' dir='ltr'>ἔνδοθεν</span> <span class='ocrx_word' id='word_1_408' title='bbox 1289 1157 1356 1193; x_wconf 79' lang='grc' dir='ltr'>ἡμῖν</span> <span class='ocrx_word' id='word_1_409' title='bbox 1379 1161 1556 1192; x_wconf 83' lang='grc' dir='ltr'>κατασκευῆς,</span> <span class='ocrx_word' id='word_1_410' title='bbox 1586 1157 1611 1185; x_wconf 82' lang='grc' dir='ltr'>ἐν</span> <span class='ocrx_word' id='word_1_411' title='bbox 1638 1160 1697 1189; x_wconf 82' lang='grc' dir='ltr'>ταῖς</span> <span class='ocrx_word' id='word_1_412' title='bbox 1722 1158 1891 1195; x_wconf 81' lang='grc' dir='ltr'>ἀνατομικαῖς</span> 
     </span>
    </p>
   </div>
   <div class='ocr_carea' id='block_1_55' title="bbox 1075 1197 1891 1241">
    <p class='ocr_par' dir='ltr' id='par_1_55' title="bbox 1075 1197 1891 1241">
     <span class='ocr_line' id='line_1_55' title="bbox 1075 1197 1891 1241; baseline 0.004 -14"><span class='ocrx_word' id='word_1_413' title='bbox 1075 1197 1271 1238; x_wconf 62' lang='grc' dir='ltr'>ἐγχειρήσεων,</span> <span class='ocrx_word' id='word_1_414' title='bbox 1295 1200 1382 1239; x_wconf 73' lang='grc' dir='ltr'>ἐξεῦρε</span> <span class='ocrx_word' id='word_1_415' title='bbox 1406 1202 1594 1238; x_wconf 75' lang='grc' dir='ltr'>χεκρυμμένας</span> <span class='ocrx_word' id='word_1_416' title='bbox 1621 1201 1712 1234; x_wconf 78' lang='grc' dir='ltr'>ὁδούς·</span> <span class='ocrx_word' id='word_1_417' title='bbox 1739 1204 1891 1241; x_wconf 84' lang='grc' dir='ltr'>συντρήσεις</span> 
     </span>
    </p>
   </div>
   <div class='ocr_carea' id='block_1_56' title="bbox 1074 1244 1891 1284">
    <p class='ocr_par' dir='ltr' id='par_1_56' title="bbox 1074 1244 1891 1284">
     <span class='ocr_line' id='line_1_56' title="bbox 1074 1244 1891 1284; baseline 0.004 -12"><span class='ocrx_word' id='word_1_418' title='bbox 1074 1244 1099 1272; x_wconf 86' lang='grc' dir='ltr'>ἐν</span> <span class='ocrx_word' id='word_1_419' title='bbox 1116 1247 1155 1281; x_wconf 84' lang='grc' dir='ltr'>τῷ</span> <span class='ocrx_word' id='word_1_420' title='bbox 1181 1245 1285 1284; x_wconf 79' lang='grc' dir='ltr'>ἀφανεῖ,</span> <span class='ocrx_word' id='word_1_421' title='bbox 1318 1246 1379 1282; x_wconf 85' lang='grc' dir='ltr'>μίαν</span> <span class='ocrx_word' id='word_1_422' title='bbox 1409 1245 1560 1282; x_wconf 72' lang='grc' dir='ltr'>σύμπνοιαν</span> <span class='ocrx_word' id='word_1_423' title='bbox 1588 1247 1640 1275; x_wconf 81' lang='grc' dir='ltr'>ἀπὸ</span> <span class='ocrx_word' id='word_1_424' title='bbox 1668 1249 1716 1274; x_wconf 81' lang='grc' dir='ltr'>τοῦ</span> <span class='ocrx_word' id='word_1_425' title='bbox 1746 1247 1891 1284; x_wconf 84' lang='grc' dir='ltr'>σώματος,</span> 
     </span>
    </p>
   </div>
   <div class='ocr_carea' id='block_1_57' title="bbox 1074 1289 1894 1329">
    <p class='ocr_par' dir='ltr' id='par_1_57' title="bbox 1074 1289 1894 1329">
     <span class='ocr_line' id='line_1_57' title="bbox 1074 1289 1894 1329; baseline 0.004 -13"><span class='ocrx_word' id='word_1_426' title='bbox 1074 1289 1187 1327; x_wconf 77' lang='grc' dir='ltr'>ὀχετοὺς</span> <span class='ocrx_word' id='word_1_427' title='bbox 1212 1290 1376 1326; x_wconf 79' lang='grc' dir='ltr'>πνεύματος,</span> <span class='ocrx_word' id='word_1_428' title='bbox 1407 1289 1578 1329; x_wconf 81' lang='grc' dir='ltr'>ὑδραγωγίας</span> <span class='ocrx_word' id='word_1_429' title='bbox 1602 1291 1734 1328; x_wconf 80' lang='grc' dir='ltr'>α’ίματος,</span> <span class='ocrx_word' id='word_1_430' title='bbox 1760 1292 1894 1328; x_wconf 75' lang='grc' dir='ltr'>ἀναπνοῆς</span> 
     </span>
    </p>
   </div>
   <div class='ocr_carea' id='block_1_58' title="bbox 1074 1333 1892 1374">
    <p class='ocr_par' dir='ltr' id='par_1_58' title="bbox 1074 1333 1892 1374">
     <span class='ocr_line' id='line_1_58' title="bbox 1074 1333 1892 1374; baseline 0.004 -13"><span class='ocrx_word' id='word_1_431' title='bbox 1074 1333 1170 1368; x_wconf 73' lang='grc' dir='ltr'>ὁλκὴν,</span> <span class='ocrx_word' id='word_1_432' title='bbox 1188 1334 1294 1370; x_wconf 54' lang='grc' dir='ltr'>οῗαησιν</span> <span class='ocrx_word' id='word_1_433' title='bbox 1323 1334 1409 1366; x_wconf 68' lang='grc' dir='ltr'>ἑστίας</span> <span class='ocrx_word' id='word_1_434' title='bbox 1432 1337 1481 1363; x_wconf 79' lang='grc' dir='ltr'>τοῦ</span> <span class='ocrx_word' id='word_1_435' title='bbox 1505 1338 1606 1373; x_wconf 78' lang='grc' dir='ltr'>θερμοῦ</span> <span class='ocrx_word' id='word_1_436' title='bbox 1630 1335 1674 1364; x_wconf 85' lang='grc' dir='ltr'>ἐπὶ</span> <span class='ocrx_word' id='word_1_437' title='bbox 1698 1340 1746 1371; x_wconf 80' lang='grc' dir='ltr'>τῆς</span> <span class='ocrx_word' id='word_1_438' title='bbox 1772 1335 1892 1374; x_wconf 75' lang='grc' dir='ltr'>καρδίας,</span> 
     </span>
    </p>
   </div>
   <div class='ocr_carea' id='block_1_59' title="bbox 1072 1377 1893 1418">
    <p class='ocr_par' dir='ltr' id='par_1_59' title="bbox 1072 1377 1893 1418">
     <span class='ocr_line' id='line_1_59' title="bbox 1072 1377 1893 1418; baseline 0.005 -13"><span class='ocrx_word' id='word_1_439' title='bbox 1072 1378 1176 1413; x_wconf 79' lang='grc' dir='ltr'>κίνησιν</span> <span class='ocrx_word' id='word_1_440' title='bbox 1203 1377 1299 1416; x_wconf 83' lang='grc' dir='ltr'>διαρκῆ</span> <span class='ocrx_word' id='word_1_441' title='bbox 1333 1381 1381 1406; x_wconf 76' lang='grc' dir='ltr'>τοῦ</span> <span class='ocrx_word' id='word_1_442' title='bbox 1405 1379 1580 1418; x_wconf 83' lang='grc' dir='ltr'>περικαρδίου</span> <span class='ocrx_word' id='word_1_443' title='bbox 1609 1380 1772 1417; x_wconf 80' lang='grc' dir='ltr'>πνεύματος,</span> <span class='ocrx_word' id='word_1_444' title='bbox 1803 1381 1893 1418; x_wconf 84' lang='grc' dir='ltr'>Μυρία</span> 
     </span>
    </p>
   </div>
   <div class='ocr_carea' id='block_1_60' title="bbox 1072 1422 1893 1463">
    <p class='ocr_par' dir='ltr' id='par_1_60' title="bbox 1072 1422 1893 1463">
     <span class='ocr_line' id='line_1_60' title="bbox 1072 1422 1893 1463; baseline 0.004 -13"><span class='ocrx_word' id='word_1_445' title='bbox 1072 1423 1134 1461; x_wconf 88' lang='grc' dir='ltr'>παρ’</span> <span class='ocrx_word' id='word_1_446' title='bbox 1163 1422 1275 1454; x_wconf 83' lang='grc' dir='ltr'>ἐκείνοις</span> <span class='ocrx_word' id='word_1_447' title='bbox 1299 1423 1529 1463; x_wconf 73' lang='grc' dir='ltr'>πεφιλοσόφηται,</span> <span class='ocrx_word' id='word_1_448' title='bbox 1549 1425 1593 1452; x_wconf 81' lang='grc' dir='ltr'>καὶ</span> <span class='ocrx_word' id='word_1_449' title='bbox 1619 1424 1708 1456; x_wconf 78' lang='grc' dir='ltr'>οὐδεὶς</span> <span class='ocrx_word' id='word_1_450' title='bbox 1728 1426 1807 1462; x_wconf 79' lang='grc' dir='ltr'>ἡμῶν</span> <span class='ocrx_word' id='word_1_451' title='bbox 1824 1425 1893 1453; x_wconf 85' lang='grc' dir='ltr'>ἐστιν</span> 
     </span>
    </p>
   </div>
   <div class='ocr_carea' id='block_1_61' title="bbox 1071 1465 1891 1508">
    <p class='ocr_par' dir='ltr' id='par_1_61' title="bbox 1071 1465 1891 1508">
     <span class='ocr_line' id='line_1_61' title="bbox 1071 1465 1891 1508; baseline 0.005 -14"><span class='ocrx_word' id='word_1_452' title='bbox 1071 1465 1210 1506; x_wconf 74' lang='grc' dir='ltr'>ἔμπειρος,</span> <span class='ocrx_word' id='word_1_453' title='bbox 1235 1470 1274 1504; x_wconf 83' lang='grc' dir='ltr'>τῷ</span> <span class='ocrx_word' id='word_1_454' title='bbox 1299 1467 1434 1505; x_wconf 73' lang='grc' dir='ltr'>μηδεμίαν</span> <span class='ocrx_word' id='word_1_455' title='bbox 1455 1467 1563 1506; x_wconf 76' lang='grc' dir='ltr'>σχολὴν</span> <span class='ocrx_word' id='word_1_456' title='bbox 1589 1469 1737 1506; x_wconf 78' lang='grc' dir='ltr'>ἀπονεῖμαι</span> <span class='ocrx_word' id='word_1_457' title='bbox 1761 1472 1801 1506; x_wconf 77' lang='grc' dir='ltr'>τῷ</span> <span class='ocrx_word' id='word_1_458' title='bbox 1817 1471 1891 1508; x_wconf 76' lang='grc' dir='ltr'>μὲρει</span> 
     </span>
    </p>
   </div>
   <div class='ocr_carea' id='block_1_62' title="bbox 1069 1511 1893 1551">
    <p class='ocr_par' dir='ltr' id='par_1_62' title="bbox 1069 1511 1893 1551">
     <span class='ocr_line' id='line_1_62' title="bbox 1069 1511 1893 1551; baseline 0.005 -12"><span class='ocrx_word' id='word_1_459' title='bbox 1069 1511 1160 1548; x_wconf 76' lang='grc' dir='ltr'>τούτῳ</span> <span class='ocrx_word' id='word_1_460' title='bbox 1186 1514 1236 1545; x_wconf 78' lang='grc' dir='ltr'>τῆς</span> <span class='ocrx_word' id='word_1_461' title='bbox 1260 1511 1414 1548; x_wconf 77' lang='grc' dir='ltr'>ἐξετάσεως,</span> <span class='ocrx_word' id='word_1_462' title='bbox 1437 1512 1507 1550; x_wconf 72' lang='grc' dir='ltr'>μηδὲ</span> <span class='ocrx_word' id='word_1_463' title='bbox 1533 1516 1631 1551; x_wconf 84' lang='grc' dir='ltr'>γνῶναι</span> <span class='ocrx_word' id='word_1_464' title='bbox 1659 1514 1753 1542; x_wconf 70' lang='grc' dir='ltr'>ἑαυτὸν</span> <span class='ocrx_word' id='word_1_465' title='bbox 1779 1513 1893 1546; x_wconf 77' lang='grc' dir='ltr'>ἕκαστος</span> 
     </span>
    </p>
   </div>
   <div class='ocr_carea' id='block_1_63' title="bbox 1071 1556 1892 1596">
    <p class='ocr_par' dir='ltr' id='par_1_63' title="bbox 1071 1556 1892 1596">
     <span class='ocr_line' id='line_1_63' title="bbox 1071 1556 1892 1596; baseline 0.004 -12"><span class='ocrx_word' id='word_1_466' title='bbox 1071 1556 1144 1588; x_wconf 80' lang='grc' dir='ltr'>ὅστις</span> <span class='ocrx_word' id='word_1_467' title='bbox 1160 1556 1241 1585; x_wconf 80' lang='grc' dir='ltr'>ἐστίν.</span> <span class='ocrx_word' id='word_1_468' title='bbox 1259 1556 1376 1586; x_wconf 84' lang='grc' dir='ltr'>Εὑκολοί</span> <span class='ocrx_word' id='word_1_469' title='bbox 1396 1557 1474 1594; x_wconf 82' lang='grc' dir='ltr'>ἐσμεν</span> <span class='ocrx_word' id='word_1_470' title='bbox 1490 1560 1590 1596; x_wconf 84' lang='grc' dir='ltr'>γνῶναι</span> <span class='ocrx_word' id='word_1_471' title='bbox 1605 1558 1720 1596; x_wconf 81' lang='grc' dir='ltr'>οὐρανὸν</span> <span class='ocrx_word' id='word_1_472' title='bbox 1739 1558 1844 1595; x_wconf 74' lang='grc' dir='ltr'>μᾶλλον</span> <span class='ocrx_word' id='word_1_473' title='bbox 1874 1560 1892 1595; x_wconf 74' lang='lat' dir='ltr'>’r‘,</span> 
     </span>
    </p>
   </div>
   <div class='ocr_carea' id='block_1_64' title="bbox 192 1594 1017 1641">
    <p class='ocr_par' dir='ltr' id='par_1_64' title="bbox 192 1601 1014 1641">
     <span class='ocr_line' id='line_1_64' title="bbox 192 1601 1014 1641; baseline -0.006 -8"><span class='ocrx_word' id='word_1_474' title='bbox 192 1607 274 1633; x_wconf 81' lang='lat' dir='ltr'>tuam</span> <span class='ocrx_word' id='word_1_475' title='bbox 290 1604 412 1641; x_wconf 80' lang='lat' dir='ltr'>spiritus</span> <span class='ocrx_word' id='word_1_476' title='bbox 427 1603 455 1631; x_wconf 91' lang='lat' dir='ltr'>in</span> <span class='ocrx_word' id='word_1_477' title='bbox 473 1601 639 1639; x_wconf 68' lang='lat' dir='ltr'>praecordiis</span> <span class='ocrx_word' id='word_1_478' title='bbox 664 1601 861 1637; x_wconf 82' lang='lat' dir='ltr'>agitationem.</span> <span class='ocrx_word' id='word_1_479' title='bbox 878 1603 944 1634; x_wconf 70' lang='lat' dir='ltr'>Quae</span> <span class='ocrx_word' id='word_1_480' title='bbox 961 1610 1014 1629; x_wconf 95' lang='lat' dir='ltr'>nu-</span> 
     </span>
    </p>
   </div>
   <div class='ocr_carea' id='block_1_65' title="bbox 1074 1594 1890 1641">
    <p class='ocr_par' dir='ltr' id='par_1_65' title="bbox 1074 1594 1890 1641">
     <span class='ocr_line' id='line_1_65' title="bbox 1074 1594 1890 1641; baseline 0.004 -13"><span class='ocrx_word' id='word_1_481' title='bbox 1074 1601 1190 1632; x_wconf 68' lang='grc' dir='ltr'>εαυτούς.</span> <span class='ocrx_word' id='word_1_482' title='bbox 1208 1602 1288 1628; x_wconf 84' lang='grc' dir='ltr'>Ὥστε</span> <span class='ocrx_word' id='word_1_483' title='bbox 1318 1603 1355 1638; x_wconf 82' lang='grc' dir='ltr'>μή</span> <span class='ocrx_word' id='word_1_484' title='bbox 1387 1594 1547 1641; x_wconf 66' lang='grc' dir='ltr'>καταφριίνει</span> <span class='ocrx_word' id='word_1_485' title='bbox 1570 1604 1618 1630; x_wconf 81' lang='grc' dir='ltr'>τοῦ</span> <span class='ocrx_word' id='word_1_486' title='bbox 1642 1594 1668 1630; x_wconf 67' lang='grc' dir='ltr'>ἒν</span> <span class='ocrx_word' id='word_1_487' title='bbox 1684 1603 1725 1630; x_wconf 86' lang='grc' dir='ltr'>σοὶ</span> <span class='ocrx_word' id='word_1_488' title='bbox 1740 1594 1890 1640; x_wconf 80' lang='grc' dir='ltr'>θαύματος·</span> 
     </span>
    </p>
   </div>
   <div class='ocr_carea' id='block_1_66' title="bbox 192 1647 1014 1682">
    <p class='ocr_par' dir='ltr' id='par_1_66' title="bbox 192 1647 1014 1682">
     <span class='ocr_line' id='line_1_66' title="bbox 192 1647 1014 1682; baseline -0.006 -4"><span class='ocrx_word' id='word_1_489' title='bbox 192 1658 306 1678; x_wconf 85' lang='lat' dir='ltr'>merum</span> <span class='ocrx_word' id='word_1_490' title='bbox 323 1649 462 1677; x_wconf 80' lang='lat' dir='ltr'>excedant</span> <span class='ocrx_word' id='word_1_491' title='bbox 477 1647 513 1675; x_wconf 87' lang='lat' dir='ltr'>ab</span> <span class='ocrx_word' id='word_1_492' title='bbox 528 1647 587 1675; x_wconf 89' lang='lat' dir='ltr'>illis</span> <span class='ocrx_word' id='word_1_493' title='bbox 602 1647 752 1682; x_wconf 85' lang='lat' dir='ltr'>disputata</span> <span class='ocrx_word' id='word_1_494' title='bbox 773 1649 858 1680; x_wconf 83' lang='lat' dir='ltr'>sunt;</span> <span class='ocrx_word' id='word_1_495' title='bbox 875 1648 903 1673; x_wconf 88' lang='lat' dir='ltr'>et</span> <span class='ocrx_word' id='word_1_496' title='bbox 916 1648 1014 1674; x_wconf 88' lang='lat' dir='ltr'>tamen</span> 
     </span>
    </p>
   </div>
   <div class='ocr_carea' id='block_1_67' title="bbox 191 1690 1015 1728">
    <p class='ocr_par' dir='ltr' id='par_1_67' title="bbox 191 1690 1015 1728">
     <span class='ocr_line' id='line_1_67' title="bbox 191 1690 1015 1728; baseline -0.006 -5"><span class='ocrx_word' id='word_1_497' title='bbox 191 1703 245 1723; x_wconf 90' lang='lat' dir='ltr'>nos</span> <span class='ocrx_word' id='word_1_498' title='bbox 261 1694 393 1723; x_wconf 89' lang='lat' dir='ltr'>omnium</span> <span class='ocrx_word' id='word_1_499' title='bbox 410 1692 502 1728; x_wconf 87' lang='lat' dir='ltr'>ignari</span> <span class='ocrx_word' id='word_1_500' title='bbox 514 1700 629 1725; x_wconf 88' lang='lat' dir='ltr'>sumus,</span> <span class='ocrx_word' id='word_1_501' title='bbox 641 1691 748 1727; x_wconf 87' lang='lat' dir='ltr'>quippe</span> <span class='ocrx_word' id='word_1_502' title='bbox 763 1691 812 1726; x_wconf 91' lang='lat' dir='ltr'>qui</span> <span class='ocrx_word' id='word_1_503' title='bbox 824 1690 853 1718; x_wconf 91' lang='lat' dir='ltr'>in</span> <span class='ocrx_word' id='word_1_504' title='bbox 868 1691 1015 1726; x_wconf 88' lang='lat' dir='ltr'>ejusmodi</span> 
     </span>
    </p>
   </div>
   <div class='ocr_carea' id='block_1_68' title="bbox 189 1736 1013 1772">
    <p class='ocr_par' dir='ltr' id='par_1_68' title="bbox 189 1736 1013 1772">
     <span class='ocr_line' id='line_1_68' title="bbox 189 1736 1013 1772; baseline -0.005 -4"><span class='ocrx_word' id='word_1_505' title='bbox 189 1740 320 1768; x_wconf 86' lang='lat' dir='ltr'>studium</span> <span class='ocrx_word' id='word_1_506' title='bbox 333 1738 405 1766; x_wconf 85' lang='lat' dir='ltr'>nihil</span> <span class='ocrx_word' id='word_1_507' title='bbox 421 1737 629 1766; x_wconf 82' lang='lat' dir='ltr'>incumbamus</span> <span class='ocrx_word' id='word_1_508' title='bbox 643 1745 649 1771; x_wconf 90' lang='lat'><strong>;</strong></span> <span class='ocrx_word' id='word_1_509' title='bbox 666 1744 719 1764; x_wconf 89' lang='lat' dir='ltr'>nec</span> <span class='ocrx_word' id='word_1_510' title='bbox 730 1738 774 1764; x_wconf 88' lang='lat' dir='ltr'>est</span> <span class='ocrx_word' id='word_1_511' title='bbox 785 1736 833 1772; x_wconf 90' lang='lat' dir='ltr'>qui</span> <span class='ocrx_word' id='word_1_512' title='bbox 850 1738 931 1763; x_wconf 87' lang='lat' dir='ltr'>curet</span> <span class='ocrx_word' id='word_1_513' title='bbox 940 1736 1013 1764; x_wconf 85' lang='lat' dir='ltr'>scire</span> 
     </span>
    </p>
   </div>
   <div class='ocr_carea' id='block_1_69' title="bbox 188 1780 1011 1821">
    <p class='ocr_par' dir='ltr' id='par_1_69' title="bbox 188 1780 1011 1821">
     <span class='ocr_line' id='line_1_69' title="bbox 188 1780 1011 1821; baseline -0.006 -9"><span class='ocrx_word' id='word_1_514' title='bbox 188 1784 255 1821; x_wconf 88' lang='lat' dir='ltr'>quis</span> <span class='ocrx_word' id='word_1_515' title='bbox 270 1784 309 1812; x_wconf 92' lang='lat' dir='ltr'>sit</span> <span class='ocrx_word' id='word_1_516' title='bbox 323 1784 396 1820; x_wconf 88' lang='lat' dir='ltr'>ipse.</span> <span class='ocrx_word' id='word_1_517' title='bbox 412 1782 539 1811; x_wconf 84' lang='lat' dir='ltr'>Proclive</span> <span class='ocrx_word' id='word_1_518' title='bbox 554 1781 638 1809; x_wconf 90' lang='lat' dir='ltr'>nobis</span> <span class='ocrx_word' id='word_1_519' title='bbox 662 1783 717 1816; x_wconf 86' lang='lat' dir='ltr'>cst,</span> <span class='ocrx_word' id='word_1_520' title='bbox 733 1783 766 1808; x_wconf 88' lang='lat' dir='ltr'>ut</span> <span class='ocrx_word' id='word_1_521' title='bbox 782 1780 887 1808; x_wconf 73' lang='lat' dir='ltr'>cmlum</span> <span class='ocrx_word' id='word_1_522' title='bbox 902 1780 1011 1816; x_wconf 87' lang='lat' dir='ltr'>potius,</span> 
     </span>
    </p>
   </div>
   <div class='ocr_carea' id='block_1_70' title="bbox 188 1825 1010 1865">
    <p class='ocr_par' dir='ltr' id='par_1_70' title="bbox 188 1825 1010 1865">
     <span class='ocr_line' id='line_1_70' title="bbox 188 1825 1010 1865; baseline -0.006 -8"><span class='ocrx_word' id='word_1_523' title='bbox 188 1838 277 1865; x_wconf 86' lang='lat' dir='ltr'>quam</span> <span class='ocrx_word' id='word_1_524' title='bbox 293 1837 347 1857; x_wconf 88' lang='lat' dir='ltr'>nos</span> <span class='ocrx_word' id='word_1_525' title='bbox 357 1829 438 1864; x_wconf 87' lang='lat' dir='ltr'>ipsos</span> <span class='ocrx_word' id='word_1_526' title='bbox 449 1835 669 1863; x_wconf 84' lang='lat' dir='ltr'>cognoscamus.</span> <span class='ocrx_word' id='word_1_527' title='bbox 683 1825 876 1859; x_wconf 84' lang='lat' dir='ltr'>Quamobrem</span> <span class='ocrx_word' id='word_1_528' title='bbox 891 1825 967 1861; x_wconf 92' lang='lat' dir='ltr'>quod</span> <span class='ocrx_word' id='word_1_529' title='bbox 982 1825 1010 1853; x_wconf 91' lang='lat' dir='ltr'>in</span> 
     </span>
    </p>
   </div>
   <div class='ocr_carea' id='block_1_71' title="bbox 186 1870 1009 1907">
    <p class='ocr_par' dir='ltr' id='par_1_71' title="bbox 186 1870 1009 1907">
     <span class='ocr_line' id='line_1_71' title="bbox 186 1870 1009 1907; baseline -0.006 -5"><span class='ocrx_word' id='word_1_530' title='bbox 186 1877 214 1902; x_wconf 87' lang='lat' dir='ltr'>te</span> <span class='ocrx_word' id='word_1_531' title='bbox 229 1873 362 1901; x_wconf 89' lang='lat' dir='ltr'>miraculi</span> <span class='ocrx_word' id='word_1_532' title='bbox 374 1875 418 1901; x_wconf 88' lang='lat' dir='ltr'>est</span> <span class='ocrx_word' id='word_1_533' title='bbox 430 1881 465 1900; x_wconf 92' lang='lat' dir='ltr'>ne</span> <span class='ocrx_word' id='word_1_534' title='bbox 482 1870 819 1907; x_wconf 87' lang='lat' dir='ltr'>contempseris.Etenim</span> <span class='ocrx_word' id='word_1_535' title='bbox 832 1870 956 1905; x_wconf 88' lang='lat' dir='ltr'>pusillus</span> <span class='ocrx_word' id='word_1_536' title='bbox 968 1879 1009 1905; x_wconf 89' lang='lat' dir='ltr'>es,</span> 
     </span>
    </p>
   </div>
   <div class='ocr_carea' id='block_1_72' title="bbox 185 1915 1009 1952">
    <p class='ocr_par' dir='ltr' id='par_1_72' title="bbox 185 1915 1009 1952">
     <span class='ocr_line' id='line_1_72' title="bbox 185 1915 1009 1952; baseline -0.006 -6"><span class='ocrx_word' id='word_1_537' title='bbox 185 1920 216 1946; x_wconf 92' lang='lat' dir='ltr'>ut</span> <span class='ocrx_word' id='word_1_538' title='bbox 232 1917 403 1951; x_wconf 86' lang='lat' dir='ltr'>arbitraris;</span> <span class='ocrx_word' id='word_1_539' title='bbox 419 1919 448 1945; x_wconf 84' lang='lat' dir='ltr'>at</span> <span class='ocrx_word' id='word_1_540' title='bbox 464 1924 603 1952; x_wconf 87' lang='lat' dir='ltr'>magnum</span> <span class='ocrx_word' id='word_1_541' title='bbox 619 1918 647 1943; x_wconf 89' lang='lat' dir='ltr'>te</span> <span class='ocrx_word' id='word_1_542' title='bbox 658 1915 749 1943; x_wconf 89' lang='lat' dir='ltr'>oratio</span> <span class='ocrx_word' id='word_1_543' title='bbox 764 1923 919 1943; x_wconf 78' lang='lat' dir='ltr'>excurrens</span> <span class='ocrx_word' id='word_1_544' title='bbox 931 1923 1009 1942; x_wconf 88' lang='lat' dir='ltr'>com-</span> 
     </span>
    </p>
   </div>
   <div class='ocr_carea' id='block_1_73' title="bbox 185 1958 1010 1999">
    <p class='ocr_par' dir='ltr' id='par_1_73' title="bbox 185 1958 1010 1999">
     <span class='ocr_line' id='line_1_73' title="bbox 185 1958 1010 1999; baseline -0.006 -8"><span class='ocrx_word' id='word_1_545' title='bbox 185 1963 286 1999; x_wconf 87' lang='lat' dir='ltr'>periet.</span> <span class='ocrx_word' id='word_1_546' title='bbox 302 1963 458 1998; x_wconf 83' lang='lat' dir='ltr'>PrOpterea</span> <span class='ocrx_word' id='word_1_547' title='bbox 468 1960 587 1997; x_wconf 83' lang='lat' dir='ltr'>sapiens</span> <span class='ocrx_word' id='word_1_548' title='bbox 600 1959 701 1995; x_wconf 84' lang='lat' dir='ltr'>David,</span> <span class='ocrx_word' id='word_1_549' title='bbox 713 1959 763 1995; x_wconf 91' lang='lat' dir='ltr'>qui</span> <span class='ocrx_word' id='word_1_550' title='bbox 775 1958 904 1994; x_wconf 87' lang='lat' dir='ltr'>seipsum</span> <span class='ocrx_word' id='word_1_551' title='bbox 918 1959 1010 1987; x_wconf 89' lang='lat' dir='ltr'>consi-</span> 
     </span>
    </p>
   </div>
   <div class='ocr_carea' id='block_1_74' title="bbox 185 2004 1010 2041">
    <p class='ocr_par' dir='ltr' id='par_1_74' title="bbox 185 2004 1010 2041">
     <span class='ocr_line' id='line_1_74' title="bbox 185 2004 1010 2041; baseline -0.005 -6"><span class='ocrx_word' id='word_1_552' title='bbox 185 2008 287 2035; x_wconf 82' lang='lat' dir='ltr'>derare</span> <span class='ocrx_word' id='word_1_553' title='bbox 301 2008 430 2040; x_wconf 85' lang='lat' dir='ltr'>noverat,</span> <span class='ocrx_word' id='word_1_554' title='bbox 455 2005 607 2038; x_wconf 76' lang='lat' dir='ltr'>Mirabilis,</span> <span class='ocrx_word' id='word_1_555' title='bbox 632 2004 737 2041; x_wconf 86' lang='lat' dir='ltr'>inquit,</span> <span class='ocrx_word' id='word_1_556' title='bbox 753 2005 828 2039; x_wconf 82' lang='lat' dir='ltr'>facta</span> <span class='ocrx_word' id='word_1_557' title='bbox 842 2006 881 2032; x_wconf 75' lang='lat' dir='ltr'>est</span> <span class='ocrx_word' id='word_1_558' title='bbox 895 2005 1010 2032; x_wconf 75' lang='lat' dir='ltr'>scientia</span> 
     </span>
    </p>
   </div>
   <div class='ocr_carea' id='block_1_75' title="bbox 1073 1646 1892 1686">
    <p class='ocr_par' dir='ltr' id='par_1_75' title="bbox 1073 1646 1892 1686">
     <span class='ocr_line' id='line_1_75' title="bbox 1073 1646 1892 1686; baseline 0.004 -13"><span class='ocrx_word' id='word_1_559' title='bbox 1073 1646 1169 1683; x_wconf 82' lang='grc' dir='ltr'>μικρὸς</span> <span class='ocrx_word' id='word_1_560' title='bbox 1184 1646 1234 1684; x_wconf 80' lang='grc' dir='ltr'>γὰρ</span> <span class='ocrx_word' id='word_1_561' title='bbox 1251 1647 1284 1682; x_wconf 73' lang='grc' dir='ltr'>εἴ,</span> <span class='ocrx_word' id='word_1_562' title='bbox 1307 1646 1344 1677; x_wconf 85' lang='grc' dir='ltr'>ὡς</span> <span class='ocrx_word' id='word_1_563' title='bbox 1367 1647 1498 1682; x_wconf 78' lang='grc' dir='ltr'>νομίζεις,</span> <span class='ocrx_word' id='word_1_564' title='bbox 1525 1647 1608 1684; x_wconf 75' lang='grc' dir='ltr'>μέγαν</span> <span class='ocrx_word' id='word_1_565' title='bbox 1624 1646 1651 1674; x_wconf 78' lang='grc' dir='ltr'>δὲ</span> <span class='ocrx_word' id='word_1_566' title='bbox 1675 1647 1861 1686; x_wconf 74' lang='grc' dir='ltr'>ἐπερχόμενος</span> <span class='ocrx_word' id='word_1_567' title='bbox 1878 1649 1892 1676; x_wconf 96' lang='lat'>6</span> 
     </span>
    </p>
   </div>
   <div class='ocr_carea' id='block_1_76' title="bbox 1070 1689 1891 1732">
    <p class='ocr_par' dir='ltr' id='par_1_76' title="bbox 1070 1689 1891 1732">
     <span class='ocr_line' id='line_1_76' title="bbox 1070 1689 1891 1732; baseline 0.005 -15"><span class='ocrx_word' id='word_1_568' title='bbox 1070 1689 1153 1728; x_wconf 78' lang='grc' dir='ltr'>λόγος</span> <span class='ocrx_word' id='word_1_569' title='bbox 1170 1689 1287 1728; x_wconf 75' lang='grc' dir='ltr'>εὑρήσει.</span> <span class='ocrx_word' id='word_1_570' title='bbox 1305 1691 1354 1718; x_wconf 74' lang='grc' dir='ltr'>Διὰ</span> <span class='ocrx_word' id='word_1_571' title='bbox 1375 1693 1454 1719; x_wconf 82' lang='grc' dir='ltr'>τοῦτο</span> <span class='ocrx_word' id='word_1_572' title='bbox 1471 1691 1484 1718; x_wconf 87' lang='grc' dir='ltr'><strong>ὁ</strong></span> <span class='ocrx_word' id='word_1_573' title='bbox 1500 1692 1581 1730; x_wconf 71' lang='grc' dir='ltr'>σοφὸς</span> <span class='ocrx_word' id='word_1_574' title='bbox 1608 1689 1702 1729; x_wconf 76' lang='grc' dir='ltr'>Δαϐἱδ,</span> <span class='ocrx_word' id='word_1_575' title='bbox 1719 1691 1798 1725; x_wconf 76' lang='grc' dir='ltr'>εἰδὼς</span> <span class='ocrx_word' id='word_1_576' title='bbox 1814 1693 1891 1732; x_wconf 80' lang='grc' dir='ltr'>ἀκρι-</span> 
     </span>
    </p>
   </div>
   <div class='ocr_carea' id='block_1_77' title="bbox 1069 1732 1892 1776">
    <p class='ocr_par' dir='ltr' id='par_1_77' title="bbox 1069 1732 1892 1776">
     <span class='ocr_line' id='line_1_77' title="bbox 1069 1732 1892 1776; baseline 0.004 -14"><span class='ocrx_word' id='word_1_577' title='bbox 1069 1732 1125 1766; x_wconf 81' lang='grc' dir='ltr'>ϐῶς</span> <span class='ocrx_word' id='word_1_578' title='bbox 1162 1735 1254 1763; x_wconf 73' lang='grc' dir='ltr'>ἑαυτὸν</span> <span class='ocrx_word' id='word_1_579' title='bbox 1295 1735 1434 1771; x_wconf 81' lang='grc' dir='ltr'>ἐξετάσαι,</span> <span class='ocrx_word' id='word_1_580' title='bbox 1462 1736 1703 1773; x_wconf 80' lang='grc' dir='ltr'>ἘθαυμαστώθηΙ</span> <span class='ocrx_word' id='word_1_581' title='bbox 1741 1737 1842 1776; x_wconf 83' lang='grc' dir='ltr'>φησὶν,</span> <span class='ocrx_word' id='word_1_582' title='bbox 1877 1739 1892 1774; x_wconf 73' lang='grc' dir='ltr'>ἡ</span> 
     </span>
    </p>
   </div>
   <div class='ocr_carea' id='block_1_78' title="bbox 1067 1779 1893 1821">
    <p class='ocr_par' dir='ltr' id='par_1_78' title="bbox 1067 1779 1893 1821">
     <span class='ocr_line' id='line_1_78' title="bbox 1067 1779 1893 1821; baseline 0.002 -14"><span class='ocrx_word' id='word_1_583' title='bbox 1067 1779 1167 1817; x_wconf 84' lang='grc' dir='ltr'>γνῶσίς</span> <span class='ocrx_word' id='word_1_584' title='bbox 1193 1790 1239 1808; x_wconf 85' lang='grc' dir='ltr'>σου</span> <span class='ocrx_word' id='word_1_585' title='bbox 1270 1779 1294 1815; x_wconf 77' lang='grc' dir='ltr'>ἐξ</span> <span class='ocrx_word' id='word_1_586' title='bbox 1323 1780 1400 1817; x_wconf 73' lang='grc' dir='ltr'>ἐμοῦ’</span> <span class='ocrx_word' id='word_1_587' title='bbox 1427 1781 1559 1817; x_wconf 64' lang='grc' dir='ltr'>τουτέστι,</span> <span class='ocrx_word' id='word_1_588' title='bbox 1587 1782 1637 1816; x_wconf 78' lang='grc' dir='ltr'>τὴν</span> <span class='ocrx_word' id='word_1_589' title='bbox 1653 1783 1750 1819; x_wconf 82' lang='grc' dir='ltr'>γνῶσιν</span> <span class='ocrx_word' id='word_1_590' title='bbox 1764 1783 1893 1821; x_wconf 81' lang='grc' dir='ltr'>τήνπερὶ</span> 
     </span>
    </p>
   </div>
   <div class='ocr_carea' id='block_1_79' title="bbox 1067 1825 1893 1864">
    <p class='ocr_par' dir='ltr' id='par_1_79' title="bbox 1067 1825 1893 1864">
     <span class='ocr_line' id='line_1_79' title="bbox 1067 1825 1893 1864; baseline 0.004 -13"><span class='ocrx_word' id='word_1_591' title='bbox 1067 1827 1115 1851; x_wconf 72' lang='grc' dir='ltr'>σοῦ</span> <span class='ocrx_word' id='word_1_592' title='bbox 1145 1825 1305 1861; x_wconf 80' lang='grc' dir='ltr'>θαυμαστῶς</span> <span class='ocrx_word' id='word_1_593' title='bbox 1334 1825 1449 1864; x_wconf 77' lang='grc' dir='ltr'>ἐξεῦρον·</span> <span class='ocrx_word' id='word_1_594' title='bbox 1479 1825 1586 1860; x_wconf 83' lang='grc' dir='ltr'>πόθεν;</span> <span class='ocrx_word' id='word_1_595' title='bbox 1612 1825 1654 1861; x_wconf 81' lang='grc' dir='ltr'>Ἐξ</span> <span class='ocrx_word' id='word_1_596' title='bbox 1682 1825 1759 1863; x_wconf 79' lang='grc' dir='ltr'>ἐμοῦ.</span> <span class='ocrx_word' id='word_1_597' title='bbox 1790 1827 1893 1858; x_wconf 84' lang='grc' dir='ltr'>Ἑθαυ-</span> 
     </span>
    </p>
   </div>
   <div class='ocr_carea' id='block_1_80' title="bbox 1068 1869 1890 1909">
    <p class='ocr_par' dir='ltr' id='par_1_80' title="bbox 1068 1869 1890 1909">
     <span class='ocr_line' id='line_1_80' title="bbox 1068 1869 1890 1909; baseline 0.002 -13"><span class='ocrx_word' id='word_1_598' title='bbox 1068 1870 1196 1906; x_wconf 85' lang='grc' dir='ltr'>μαστώθη</span> <span class='ocrx_word' id='word_1_599' title='bbox 1226 1870 1243 1904; x_wconf 84' lang='grc' dir='ltr'>ἡ</span> <span class='ocrx_word' id='word_1_600' title='bbox 1274 1871 1374 1907; x_wconf 85' lang='grc' dir='ltr'>γνῶσις</span> <span class='ocrx_word' id='word_1_601' title='bbox 1403 1880 1450 1897; x_wconf 82' lang='grc' dir='ltr'>σου</span> <span class='ocrx_word' id='word_1_602' title='bbox 1479 1869 1504 1905; x_wconf 82' lang='grc' dir='ltr'>ἐξ</span> <span class='ocrx_word' id='word_1_603' title='bbox 1533 1870 1610 1906; x_wconf 77' lang='grc' dir='ltr'>ἐμοῦ’</span> <span class='ocrx_word' id='word_1_604' title='bbox 1642 1869 1686 1897; x_wconf 86' lang='grc' dir='ltr'>καὶ</span> <span class='ocrx_word' id='word_1_605' title='bbox 1716 1871 1766 1905; x_wconf 74' lang='grc' dir='ltr'>τὴν</span> <span class='ocrx_word' id='word_1_606' title='bbox 1785 1871 1890 1909; x_wconf 76' lang='grc' dir='ltr'>τέχνην</span> 
     </span>
    </p>
   </div>
   <div class='ocr_carea' id='block_1_81' title="bbox 1065 1913 1889 1953">
    <p class='ocr_par' dir='ltr' id='par_1_81' title="bbox 1065 1913 1889 1953">
     <span class='ocr_line' id='line_1_81' title="bbox 1065 1913 1889 1953; baseline 0.004 -13"><span class='ocrx_word' id='word_1_607' title='bbox 1065 1914 1112 1948; x_wconf 76' lang='grc' dir='ltr'>τήν</span> <span class='ocrx_word' id='word_1_608' title='bbox 1139 1913 1164 1941; x_wconf 80' lang='grc' dir='ltr'>ἐν</span> <span class='ocrx_word' id='word_1_609' title='bbox 1190 1913 1263 1949; x_wconf 74' lang='grc' dir='ltr'>ἐμοὶ,</span> <span class='ocrx_word' id='word_1_610' title='bbox 1286 1913 1336 1951; x_wconf 71' lang='grc' dir='ltr'>ὕσῃ</span> <span class='ocrx_word' id='word_1_611' title='bbox 1362 1914 1443 1953; x_wconf 83' lang='grc' dir='ltr'>σοφίᾳ</span> <span class='ocrx_word' id='word_1_612' title='bbox 1464 1915 1662 1950; x_wconf 79' lang='grc' dir='ltr'>κατεσκευάσθη</span> <span class='ocrx_word' id='word_1_613' title='bbox 1681 1925 1733 1952; x_wconf 78' lang='grc' dir='ltr'>μου</span> <span class='ocrx_word' id='word_1_614' title='bbox 1748 1915 1779 1942; x_wconf 86' lang='grc' dir='ltr'>τὸ</span> <span class='ocrx_word' id='word_1_615' title='bbox 1794 1918 1889 1952; x_wconf 76' lang='grc' dir='ltr'>σῶμα,</span> 
     </span>
    </p>
   </div>
   <div class='ocr_carea' id='block_1_82' title="bbox 1063 1959 1890 1997">
    <p class='ocr_par' dir='ltr' id='par_1_82' title="bbox 1063 1959 1890 1997">
     <span class='ocr_line' id='line_1_82' title="bbox 1063 1959 1890 1997; baseline 0.004 -11"><span class='ocrx_word' id='word_1_616' title='bbox 1063 1960 1242 1995; x_wconf 75' lang='grc' dir='ltr'>κατανοήσας,</span> <span class='ocrx_word' id='word_1_617' title='bbox 1257 1959 1286 1987; x_wconf 80' lang='grc' dir='ltr'>ἐκ</span> <span class='ocrx_word' id='word_1_618' title='bbox 1301 1962 1348 1987; x_wconf 83' lang='grc' dir='ltr'>τοῦ</span> <span class='ocrx_word' id='word_1_619' title='bbox 1366 1963 1464 1997; x_wconf 70' lang='grc' dir='ltr'>μικροῦ</span> <span class='ocrx_word' id='word_1_620' title='bbox 1481 1960 1539 1996; x_wconf 74' lang='grc' dir='ltr'>μὲν,</span> <span class='ocrx_word' id='word_1_621' title='bbox 1557 1963 1712 1996; x_wconf 75' lang='grc' dir='ltr'>θαυμαστοῦ</span> <span class='ocrx_word' id='word_1_622' title='bbox 1735 1959 1764 1988; x_wconf 76' lang='grc' dir='ltr'>δὲ</span> <span class='ocrx_word' id='word_1_623' title='bbox 1786 1961 1890 1989; x_wconf 75' lang='grc' dir='ltr'>τούτου</span> 
     </span>
    </p>
   </div>
   <div class='ocr_carea' id='block_1_83' title="bbox 1063 2003 1893 2044">
    <p class='ocr_par' dir='ltr' id='par_1_83' title="bbox 1063 2003 1893 2044">
     <span class='ocr_line' id='line_1_83' title="bbox 1063 2003 1893 2044; baseline 0.002 -13"><span class='ocrx_word' id='word_1_624' title='bbox 1063 2003 1327 2041; x_wconf 78' lang='grc' dir='ltr'>κατασκευάσματος,</span> <span class='ocrx_word' id='word_1_625' title='bbox 1356 2005 1402 2032; x_wconf 86' lang='grc' dir='ltr'>τὸν</span> <span class='ocrx_word' id='word_1_626' title='bbox 1435 2004 1517 2042; x_wconf 75' lang='grc' dir='ltr'>μέγαν</span> <span class='ocrx_word' id='word_1_627' title='bbox 1547 2003 1714 2044; x_wconf 79' lang='grc' dir='ltr'>δημιουργὸν</span> <span class='ocrx_word' id='word_1_628' title='bbox 1745 2004 1893 2041; x_wconf 80' lang='grc' dir='ltr'>ἐνενοήσα.</span> 
     </span>
    </p>
   </div>
   <div class='ocr_carea' id='block_1_84' title="bbox 183 2048 1896 2086">
    <p class='ocr_par' dir='ltr' id='par_1_84' title="bbox 183 2048 1896 2086">
     <span class='ocr_line' id='line_1_84' title="bbox 183 2048 1896 2086; baseline -0.001 -6"><span class='ocrx_word' id='word_1_629' title='bbox 183 2053 233 2080; x_wconf 79' lang='lat' dir='ltr'>tua</span> <span class='ocrx_word' id='word_1_630' title='bbox 246 2060 281 2080; x_wconf 69' lang='lat' dir='ltr'>ex</span> <span class='ocrx_word' id='word_1_631' title='bbox 295 2059 339 2080; x_wconf 74' lang='lat' dir='ltr'>me</span> <span class='ocrx_word' id='word_1_632' title='bbox 352 2052 371 2079; x_wconf 86' lang='grc'>¹.</span> <span class='ocrx_word' id='word_1_633' title='bbox 388 2053 447 2078; x_wconf 86' lang='lat' dir='ltr'>Hoc</span> <span class='ocrx_word' id='word_1_634' title='bbox 463 2053 518 2086; x_wconf 89' lang='lat' dir='ltr'>est,</span> <span class='ocrx_word' id='word_1_635' title='bbox 537 2058 600 2086; x_wconf 63' lang='lat' dir='ltr'>ques</span> <span class='ocrx_word' id='word_1_636' title='bbox 615 2049 650 2077; x_wconf 83' lang='lat' dir='ltr'>de</span> <span class='ocrx_word' id='word_1_637' title='bbox 665 2051 693 2076; x_wconf 90' lang='lat' dir='ltr'>te</span> <span class='ocrx_word' id='word_1_638' title='bbox 708 2050 753 2076; x_wconf 85' lang='lat' dir='ltr'>est</span> <span class='ocrx_word' id='word_1_639' title='bbox 767 2048 920 2076; x_wconf 81' lang='lat' dir='ltr'>scientiam</span> <span class='ocrx_word' id='word_1_640' title='bbox 934 2049 1061 2077; x_wconf 88' lang='lat' dir='ltr'>mirabili</span> <span class='ocrx_word' id='word_1_641' title='bbox 1077 2050 1189 2078; x_wconf 84' lang='lat' dir='ltr'>ratione</span> <span class='ocrx_word' id='word_1_642' title='bbox 1198 2049 1388 2086; x_wconf 86' lang='lat' dir='ltr'>deprehendi.</span> <span class='ocrx_word' id='word_1_643' title='bbox 1401 2050 1552 2078; x_wconf 83' lang='lat' dir='ltr'>Undenam</span> <span class='ocrx_word' id='word_1_644' title='bbox 1565 2059 1650 2086; x_wconf 89' lang='lat' dir='ltr'>porro</span> <span class='ocrx_word' id='word_1_645' title='bbox 1661 2051 1674 2078; x_wconf 79' lang='lat'>‘?</span> <span class='ocrx_word' id='word_1_646' title='bbox 1690 2053 1732 2079; x_wconf 70' lang='lat' dir='ltr'>Ex</span> <span class='ocrx_word' id='word_1_647' title='bbox 1741 2059 1794 2079; x_wconf 83' lang='lat' dir='ltr'>me.</span> <span class='ocrx_word' id='word_1_648' title='bbox 1806 2052 1896 2080; x_wconf 73' lang='lat' dir='ltr'>Mira-</span> 
     </span>
    </p>
   </div>
   <div class='ocr_carea' id='block_1_85' title="bbox 185 2094 1894 2132">
    <p class='ocr_par' dir='ltr' id='par_1_85' title="bbox 185 2094 1894 2132">
     <span class='ocr_line' id='line_1_85' title="bbox 185 2094 1894 2132; baseline 0 -8"><span class='ocrx_word' id='word_1_649' title='bbox 185 2097 248 2125; x_wconf 73' lang='lat' dir='ltr'>bz&#39;h‘s</span> <span class='ocrx_word' id='word_1_650' title='bbox 262 2098 336 2132; x_wconf 78' lang='lat' dir='ltr'>[acta</span> <span class='ocrx_word' id='word_1_651' title='bbox 351 2098 390 2124; x_wconf 81' lang='lat' dir='ltr'>est</span> <span class='ocrx_word' id='word_1_652' title='bbox 402 2096 520 2124; x_wconf 75' lang='lat' dir='ltr'>scicntia</span> <span class='ocrx_word' id='word_1_653' title='bbox 535 2099 583 2123; x_wconf 72' lang='lat' dir='ltr'>tua</span> <span class='ocrx_word' id='word_1_654' title='bbox 597 2103 632 2122; x_wconf 72' lang='lat' dir='ltr'>ex</span> <span class='ocrx_word' id='word_1_655' title='bbox 653 2102 715 2128; x_wconf 77' lang='lat' dir='ltr'>me;</span> <span class='ocrx_word' id='word_1_656' title='bbox 742 2102 877 2130; x_wconf 83' lang='lat' dir='ltr'>eamque,</span> <span class='ocrx_word' id='word_1_657' title='bbox 893 2102 957 2129; x_wconf 66' lang='lat' dir='ltr'>quae</span> <span class='ocrx_word' id='word_1_658' title='bbox 971 2094 1001 2122; x_wconf 92' lang='lat' dir='ltr'>in</span> <span class='ocrx_word' id='word_1_659' title='bbox 1027 2102 1072 2123; x_wconf 90' lang='lat' dir='ltr'>me</span> <span class='ocrx_word' id='word_1_660' title='bbox 1086 2097 1142 2130; x_wconf 85' lang='lat' dir='ltr'>est,</span> <span class='ocrx_word' id='word_1_661' title='bbox 1161 2097 1264 2129; x_wconf 87' lang='lat' dir='ltr'>artem,</span> <span class='ocrx_word' id='word_1_662' title='bbox 1289 2097 1399 2130; x_wconf 87' lang='lat' dir='ltr'>quanta</span> <span class='ocrx_word' id='word_1_663' title='bbox 1414 2095 1556 2130; x_wconf 83' lang='lat' dir='ltr'>sapientia</span> <span class='ocrx_word' id='word_1_664' title='bbox 1573 2103 1671 2123; x_wconf 84' lang='lat' dir='ltr'>meum</span> <span class='ocrx_word' id='word_1_665' title='bbox 1695 2095 1735 2123; x_wconf 83' lang='lat' dir='ltr'>sit</span> <span class='ocrx_word' id='word_1_666' title='bbox 1749 2098 1894 2124; x_wconf 84' lang='lat' dir='ltr'>constru-</span> 
     </span>
    </p>
   </div>
   <div class='ocr_carea' id='block_1_86' title="bbox 184 2138 1853 2176">
    <p class='ocr_par' dir='ltr' id='par_1_86' title="bbox 184 2138 1853 2176">
     <span class='ocr_line' id='line_1_86' title="bbox 184 2138 1853 2176; baseline -0.001 -7"><span class='ocrx_word' id='word_1_667' title='bbox 184 2143 265 2169; x_wconf 85' lang='lat' dir='ltr'>ctum</span> <span class='ocrx_word' id='word_1_668' title='bbox 282 2149 399 2176; x_wconf 87' lang='lat' dir='ltr'>corpus,</span> <span class='ocrx_word' id='word_1_669' title='bbox 415 2140 617 2174; x_wconf 87' lang='lat' dir='ltr'>considerans,</span> <span class='ocrx_word' id='word_1_670' title='bbox 633 2147 668 2166; x_wconf 88' lang='lat' dir='ltr'>ex</span> <span class='ocrx_word' id='word_1_671' title='bbox 683 2147 772 2175; x_wconf 86' lang='lat' dir='ltr'>parva</span> <span class='ocrx_word' id='word_1_672' title='bbox 787 2138 917 2174; x_wconf 88' lang='lat' dir='ltr'>quidem,</span> <span class='ocrx_word' id='word_1_673' title='bbox 933 2139 983 2166; x_wconf 89' lang='lat' dir='ltr'>sed</span> <span class='ocrx_word' id='word_1_674' title='bbox 1000 2139 1127 2167; x_wconf 83' lang='lat' dir='ltr'>mirabili</span> <span class='ocrx_word' id='word_1_675' title='bbox 1143 2139 1196 2167; x_wconf 83' lang='lat' dir='ltr'>hac</span> <span class='ocrx_word' id='word_1_676' title='bbox 1213 2140 1332 2174; x_wconf 81' lang='lat' dir='ltr'>fabrica,</span> <span class='ocrx_word' id='word_1_677' title='bbox 1348 2139 1377 2167; x_wconf 91' lang='lat' dir='ltr'>in</span> <span class='ocrx_word' id='word_1_678' title='bbox 1394 2139 1494 2175; x_wconf 82' lang='lat' dir='ltr'>magni</span> <span class='ocrx_word' id='word_1_679' title='bbox 1508 2147 1628 2168; x_wconf 88' lang='lat' dir='ltr'>sensum</span> <span class='ocrx_word' id='word_1_680' title='bbox 1644 2139 1758 2176; x_wconf 83' lang='lat' dir='ltr'>opiﬁcis</span> <span class='ocrx_word' id='word_1_681' title='bbox 1771 2141 1853 2169; x_wconf 86' lang='lat' dir='ltr'>veni.</span> 
     </span>
    </p>
   </div>
   <div class='ocr_carea' id='block_1_87' title="bbox 217 2181 1017 2222">
    <p class='ocr_par' dir='ltr' id='par_1_87' title="bbox 217 2183 1010 2219">
     <span class='ocr_line' id='line_1_87' title="bbox 217 2183 1010 2219; baseline -0.003 -7"><span class='ocrx_word' id='word_1_682' title='bbox 217 2185 244 2213; x_wconf 86' lang='lat'>2.</span> <span class='ocrx_word' id='word_1_683' title='bbox 275 2186 416 2214; x_wconf 81' lang='lat' dir='ltr'>Faciamus</span> <span class='ocrx_word' id='word_1_684' title='bbox 444 2186 585 2212; x_wconf 81' lang='lat' dir='ltr'>hominem</span> <span class='ocrx_word' id='word_1_685' title='bbox 608 2183 642 2211; x_wconf 83' lang='lat' dir='ltr'>ad</span> <span class='ocrx_word' id='word_1_686' title='bbox 670 2184 819 2219; x_wconf 81' lang='lat' dir='ltr'>imaginem</span> <span class='ocrx_word' id='word_1_687' title='bbox 848 2185 970 2211; x_wconf 78' lang='lat' dir='ltr'>nostram</span> <span class='ocrx_word' id='word_1_688' title='bbox 985 2185 1010 2211; x_wconf 73' lang='lat' dir='ltr'>et</span> 
     </span>
    </p>
   </div>
   <div class='ocr_carea' id='block_1_88' title="bbox 1074 2181 1894 2222">
    <p class='ocr_par' dir='ltr' id='par_1_88' title="bbox 1097 2181 1894 2222">
     <span class='ocr_line' id='line_1_88' title="bbox 1097 2181 1894 2222; baseline 0.003 -12"><span class='ocrx_word' id='word_1_689' title='bbox 1097 2185 1125 2211; x_wconf 81' lang='lat'>2.</span> <span class='ocrx_word' id='word_1_690' title='bbox 1151 2183 1315 2219; x_wconf 79' lang='grc' dir='ltr'>Ποιήσώμεν</span> <span class='ocrx_word' id='word_1_691' title='bbox 1345 2181 1485 2220; x_wconf 59' lang='grc' dir='ltr'>ἄνθρωπον</span> <span class='ocrx_word' id='word_1_692' title='bbox 1529 2183 1588 2211; x_wconf 85' lang='grc' dir='ltr'>κατ’</span> <span class='ocrx_word' id='word_1_693' title='bbox 1623 2183 1714 2211; x_wconf 78' lang='grc' dir='ltr'>εἰκόνα</span> <span class='ocrx_word' id='word_1_694' title='bbox 1750 2184 1894 2222; x_wconf 72' lang='grc' dir='ltr'>ἡμετέραν</span> 
     </span>
    </p>
   </div>
   <div class='ocr_carea' id='block_1_89' title="bbox 180 2229 1005 2264">
    <p class='ocr_par' dir='ltr' id='par_1_89' title="bbox 180 2229 1005 2264">
     <span class='ocr_line' id='line_1_89' title="bbox 180 2229 1005 2264; baseline -0.004 -6"><span class='ocrx_word' id='word_1_695' title='bbox 180 2229 394 2258; x_wconf 78' lang='lat' dir='ltr'>similitudinem</span> <span class='ocrx_word' id='word_1_696' title='bbox 407 2231 426 2258; x_wconf 83' lang='grc'>².</span> <span class='ocrx_word' id='word_1_697' title='bbox 443 2229 599 2257; x_wconf 86' lang='lat' dir='ltr'>Ostensum</span> <span class='ocrx_word' id='word_1_698' title='bbox 612 2231 654 2256; x_wconf 88' lang='lat' dir='ltr'>est</span> <span class='ocrx_word' id='word_1_699' title='bbox 667 2229 790 2264; x_wconf 90' lang='lat' dir='ltr'>pridem,</span> <span class='ocrx_word' id='word_1_700' title='bbox 802 2236 845 2263; x_wconf 90' lang='lat' dir='ltr'>ac,</span> <span class='ocrx_word' id='word_1_701' title='bbox 862 2230 1005 2263; x_wconf 88' lang='lat' dir='ltr'>quantum</span> 
     </span>
    </p>
   </div>
   <div class='ocr_carea' id='block_1_90' title="bbox 180 2272 1006 2310">
    <p class='ocr_par' dir='ltr' id='par_1_90' title="bbox 180 2272 1006 2310">
     <span class='ocr_line' id='line_1_90' title="bbox 180 2272 1006 2310; baseline -0.005 -7"><span class='ocrx_word' id='word_1_702' title='bbox 180 2277 226 2303; x_wconf 87' lang='lat' dir='ltr'>sat</span> <span class='ocrx_word' id='word_1_703' title='bbox 241 2277 312 2308; x_wconf 86' lang='lat' dir='ltr'>erat,</span> <span class='ocrx_word' id='word_1_704' title='bbox 328 2277 479 2302; x_wconf 88' lang='lat' dir='ltr'>ostensum</span> <span class='ocrx_word' id='word_1_705' title='bbox 495 2274 632 2310; x_wconf 86' lang='lat' dir='ltr'>quisnam</span> <span class='ocrx_word' id='word_1_706' title='bbox 650 2273 689 2300; x_wconf 89' lang='lat' dir='ltr'>sit</span> <span class='ocrx_word' id='word_1_707' title='bbox 699 2272 749 2308; x_wconf 92' lang='lat' dir='ltr'>qui</span> <span class='ocrx_word' id='word_1_708' title='bbox 764 2273 910 2308; x_wconf 83' lang='lat' dir='ltr'>loquatur,</span> <span class='ocrx_word' id='word_1_709' title='bbox 927 2273 962 2300; x_wconf 92' lang='lat' dir='ltr'>ad</span> <span class='ocrx_word' id='word_1_710' title='bbox 979 2274 1006 2300; x_wconf 88' lang='lat' dir='ltr'>et</span> 
     </span>
    </p>
   </div>
   <div class='ocr_carea' id='block_1_91' title="bbox 180 2317 1005 2355">
    <p class='ocr_par' dir='ltr' id='par_1_91' title="bbox 180 2317 1005 2355">
     <span class='ocr_line' id='line_1_91' title="bbox 180 2317 1005 2355; baseline -0.004 -8"><span class='ocrx_word' id='word_1_711' title='bbox 180 2328 268 2355; x_wconf 86' lang='lat' dir='ltr'>quem</span> <span class='ocrx_word' id='word_1_712' title='bbox 284 2327 381 2348; x_wconf 89' lang='lat' dir='ltr'>sermo</span> <span class='ocrx_word' id='word_1_713' title='bbox 396 2318 549 2355; x_wconf 81' lang='lat' dir='ltr'>dirigatur.</span> <span class='ocrx_word' id='word_1_714' title='bbox 568 2318 660 2345; x_wconf 81' lang='lat' dir='ltr'>Habet</span> <span class='ocrx_word' id='word_1_715' title='bbox 675 2317 803 2345; x_wconf 83' lang='lat' dir='ltr'>Ecclesia</span> <span class='ocrx_word' id='word_1_716' title='bbox 814 2318 848 2344; x_wconf 85' lang='lat' dir='ltr'>de</span> <span class='ocrx_word' id='word_1_717' title='bbox 861 2317 942 2345; x_wconf 89' lang='lat' dir='ltr'>hisce</span> <span class='ocrx_word' id='word_1_718' title='bbox 961 2325 1005 2345; x_wconf 84' lang='lat' dir='ltr'>re-</span> 
     </span>
    </p>
   </div>
   <div class='ocr_carea' id='block_1_92' title="bbox 179 2361 1007 2398">
    <p class='ocr_par' dir='ltr' id='par_1_92' title="bbox 179 2361 1007 2398">
     <span class='ocr_line' id='line_1_92' title="bbox 179 2361 1007 2398; baseline -0.002 -7"><span class='ocrx_word' id='word_1_719' title='bbox 179 2364 236 2393; x_wconf 87' lang='lat' dir='ltr'>bus</span> <span class='ocrx_word' id='word_1_720' title='bbox 251 2363 537 2396; x_wconf 87' lang='lat' dir='ltr'>demonstrationes;</span> <span class='ocrx_word' id='word_1_721' title='bbox 559 2362 691 2398; x_wconf 89' lang='lat' dir='ltr'>quinimo</span> <span class='ocrx_word' id='word_1_722' title='bbox 716 2362 790 2390; x_wconf 70' lang='lat'><strong>325</strong></span> <span class='ocrx_word' id='word_1_723' title='bbox 810 2362 896 2389; x_wconf 81' lang='lat' dir='ltr'>(idem</span> <span class='ocrx_word' id='word_1_724' title='bbox 918 2361 1007 2389; x_wconf 88' lang='lat' dir='ltr'>habet</span> 
     </span>
    </p>
   </div>
   <div class='ocr_carea' id='block_1_93' title="bbox 180 2406 1006 2436">
    <p class='ocr_par' dir='ltr' id='par_1_93' title="bbox 180 2406 1006 2436">
     <span class='ocr_line' id='line_1_93' title="bbox 180 2406 1006 2436; baseline -0.004 0"><span class='ocrx_word' id='word_1_725' title='bbox 180 2409 261 2436; x_wconf 90' lang='lat' dir='ltr'>omni</span> <span class='ocrx_word' id='word_1_726' title='bbox 285 2408 533 2436; x_wconf 84' lang='lat' dir='ltr'>demonstratione</span> <span class='ocrx_word' id='word_1_727' title='bbox 557 2406 724 2434; x_wconf 81' lang='lat' dir='ltr'>firmiorem.</span> <span class='ocrx_word' id='word_1_728' title='bbox 752 2407 898 2434; x_wconf 75' lang='lat' dir='ltr'>Faciamus</span> <span class='ocrx_word' id='word_1_729' title='bbox 919 2407 1006 2434; x_wconf 68' lang='lat' dir='ltr'>homi-</span> 
     </span>
    </p>
   </div>
   <div class='ocr_carea' id='block_1_94' title="bbox 178 2451 1004 2489">
    <p class='ocr_par' dir='ltr' id='par_1_94' title="bbox 178 2451 1004 2489">
     <span class='ocr_line' id='line_1_94' title="bbox 178 2451 1004 2489; baseline -0.004 -8"><span class='ocrx_word' id='word_1_730' title='bbox 178 2461 252 2481; x_wconf 74' lang='lat' dir='ltr'>nem.</span> <span class='ocrx_word' id='word_1_731' title='bbox 270 2453 353 2481; x_wconf 85' lang='lat' dir='ltr'>Disce</span> <span class='ocrx_word' id='word_1_732' title='bbox 367 2453 506 2489; x_wconf 87' lang='lat' dir='ltr'>teipsum,</span> <span class='ocrx_word' id='word_1_733' title='bbox 532 2452 600 2479; x_wconf 85' lang='lat' dir='ltr'>hinc</span> <span class='ocrx_word' id='word_1_734' title='bbox 616 2451 795 2487; x_wconf 87' lang='lat' dir='ltr'>auspicatus.</span> <span class='ocrx_word' id='word_1_735' title='bbox 821 2451 957 2479; x_wconf 90' lang='lat' dir='ltr'>Nondum</span> <span class='ocrx_word' id='word_1_736' title='bbox 973 2451 1004 2479; x_wconf 91' lang='lat' dir='ltr'>in</span> 
     </span>
    </p>
   </div>
   <div class='ocr_carea' id='block_1_95' title="bbox 179 2495 1004 2533">
    <p class='ocr_par' dir='ltr' id='par_1_95' title="bbox 179 2495 1004 2533">
     <span class='ocr_line' id='line_1_95' title="bbox 179 2495 1004 2533; baseline -0.002 -8"><span class='ocrx_word' id='word_1_737' title='bbox 179 2497 240 2526; x_wconf 90' lang='lat' dir='ltr'>ullo</span> <span class='ocrx_word' id='word_1_738' title='bbox 256 2498 412 2526; x_wconf 82' lang='lat' dir='ltr'>creationis</span> <span class='ocrx_word' id='word_1_739' title='bbox 437 2505 523 2533; x_wconf 88' lang='lat' dir='ltr'>opere</span> <span class='ocrx_word' id='word_1_740' title='bbox 549 2505 603 2524; x_wconf 83' lang='lat' dir='ltr'>vox</span> <span class='ocrx_word' id='word_1_741' title='bbox 617 2496 668 2524; x_wconf 83' lang='lat' dir='ltr'>illa</span> <span class='ocrx_word' id='word_1_742' title='bbox 692 2496 857 2532; x_wconf 84' lang='lat' dir='ltr'>conscripta</span> <span class='ocrx_word' id='word_1_743' title='bbox 872 2498 926 2524; x_wconf 90' lang='lat' dir='ltr'>est.</span> <span class='ocrx_word' id='word_1_744' title='bbox 943 2495 1004 2524; x_wconf 81' lang='lat' dir='ltr'>Lux</span> 
     </span>
    </p>
   </div>
   <div class='ocr_carea' id='block_1_96' title="bbox 178 2541 1004 2577">
    <p class='ocr_par' dir='ltr' id='par_1_96' title="bbox 178 2541 1004 2577">
     <span class='ocr_line' id='line_1_96' title="bbox 178 2541 1004 2577; baseline -0.001 -7"><span class='ocrx_word' id='word_1_745' title='bbox 178 2544 276 2571; x_wconf 81' lang='lat' dir='ltr'>creata</span> <span class='ocrx_word' id='word_1_746' title='bbox 301 2544 365 2577; x_wconf 84' lang='lat' dir='ltr'>est;</span> <span class='ocrx_word' id='word_1_747' title='bbox 394 2542 576 2577; x_wconf 80' lang='lat' dir='ltr'>simplexque</span> <span class='ocrx_word' id='word_1_748' title='bbox 599 2541 714 2576; x_wconf 90' lang='lat' dir='ltr'>jussio:</span> <span class='ocrx_word' id='word_1_749' title='bbox 740 2541 816 2568; x_wconf 69' lang='lat' dir='ltr'>Dixit</span> <span class='ocrx_word' id='word_1_750' title='bbox 841 2541 922 2574; x_wconf 75' lang='lat' dir='ltr'>Deus,</span> <span class='ocrx_word' id='word_1_751' title='bbox 942 2541 1004 2569; x_wconf 78' lang='lat' dir='ltr'>Fiat</span> 
     </span>
    </p>
   </div>
   <div class='ocr_carea' id='block_1_97' title="bbox 177 2585 1001 2622">
    <p class='ocr_par' dir='ltr' id='par_1_97' title="bbox 177 2585 1001 2622">
     <span class='ocr_line' id='line_1_97' title="bbox 177 2585 1001 2622; baseline -0.001 -7"><span class='ocrx_word' id='word_1_752' title='bbox 177 2587 268 2618; x_wconf 62' lang='lat' dir='ltr'>lux”;</span> <span class='ocrx_word' id='word_1_753' title='bbox 283 2586 400 2622; x_wconf 71' lang='lat' dir='ltr'>coelum,</span> <span class='ocrx_word' id='word_1_754' title='bbox 421 2586 560 2622; x_wconf 88' lang='lat' dir='ltr'>nullaque</span> <span class='ocrx_word' id='word_1_755' title='bbox 576 2585 680 2614; x_wconf 67' lang='lat' dir='ltr'>coelum</span> <span class='ocrx_word' id='word_1_756' title='bbox 704 2585 938 2617; x_wconf 76' lang='lat' dir='ltr'>consultatione:</span> <span class='ocrx_word' id='word_1_757' title='bbox 955 2585 1001 2614; x_wconf 90' lang='lat' dir='ltr'>lu-</span> 
     </span>
    </p>
   </div>
   <div class='ocr_carea' id='block_1_98' title="bbox 174 2629 999 2667">
    <p class='ocr_par' dir='ltr' id='par_1_98' title="bbox 174 2629 999 2667">
     <span class='ocr_line' id='line_1_98' title="bbox 174 2629 999 2667; baseline -0.002 -7"><span class='ocrx_word' id='word_1_758' title='bbox 174 2631 309 2667; x_wconf 84' lang='lat' dir='ltr'>minaria,</span> <span class='ocrx_word' id='word_1_759' title='bbox 326 2631 498 2667; x_wconf 88' lang='lat' dir='ltr'>nullumque</span> <span class='ocrx_word' id='word_1_760' title='bbox 512 2631 569 2658; x_wconf 90' lang='lat' dir='ltr'>illis</span> <span class='ocrx_word' id='word_1_761' title='bbox 591 2630 702 2667; x_wconf 72' lang='lat' dir='ltr'>prazivit</span> <span class='ocrx_word' id='word_1_762' title='bbox 717 2629 871 2658; x_wconf 88' lang='lat' dir='ltr'>consilium</span> <span class='ocrx_word' id='word_1_763' title='bbox 885 2639 892 2664; x_wconf 84' lang='lat'><strong>;</strong></span> <span class='ocrx_word' id='word_1_764' title='bbox 909 2639 999 2665; x_wconf 89' lang='lat' dir='ltr'>mare,</span> 
     </span>
    </p>
   </div>
   <div class='ocr_carea' id='block_1_99' title="bbox 173 2676 1001 2712">
    <p class='ocr_par' dir='ltr' id='par_1_99' title="bbox 173 2676 1001 2712">
     <span class='ocr_line' id='line_1_99' title="bbox 173 2676 1001 2712; baseline -0.001 -8"><span class='ocrx_word' id='word_1_765' title='bbox 173 2678 202 2704; x_wconf 87' lang='lat' dir='ltr'>et</span> <span class='ocrx_word' id='word_1_766' title='bbox 216 2685 279 2712; x_wconf 65' lang='lat' dir='ltr'>que</span> <span class='ocrx_word' id='word_1_767' title='bbox 295 2684 452 2704; x_wconf 86' lang='lat' dir='ltr'>numerum</span> <span class='ocrx_word' id='word_1_768' title='bbox 469 2676 612 2704; x_wconf 89' lang='lat' dir='ltr'>excedunt</span> <span class='ocrx_word' id='word_1_769' title='bbox 627 2683 743 2711; x_wconf 74' lang='lat' dir='ltr'>aequora</span> <span class='ocrx_word' id='word_1_770' title='bbox 757 2684 763 2710; x_wconf 92' lang='lat'>;</span> <span class='ocrx_word' id='word_1_771' title='bbox 776 2676 1001 2712; x_wconf 84' lang='lat' dir='ltr'>jussuque&#39;pro-</span> 
     </span>
    </p>
   </div>
   <div class='ocr_carea' id='block_1_100' title="bbox 172 2720 999 2757">
    <p class='ocr_par' dir='ltr' id='par_1_100' title="bbox 172 2720 999 2757">
     <span class='ocr_line' id='line_1_100' title="bbox 172 2720 999 2757; baseline 0 -8"><span class='ocrx_word' id='word_1_772' title='bbox 172 2721 260 2750; x_wconf 86' lang='lat' dir='ltr'>ducta</span> <span class='ocrx_word' id='word_1_773' title='bbox 283 2723 362 2757; x_wconf 88' lang='lat' dir='ltr'>sunt,</span> <span class='ocrx_word' id='word_1_774' title='bbox 379 2723 411 2749; x_wconf 88' lang='lat' dir='ltr'>ut</span> <span class='ocrx_word' id='word_1_775' title='bbox 435 2723 533 2750; x_wconf 86' lang='lat' dir='ltr'>essent</span> <span class='ocrx_word' id='word_1_776' title='bbox 548 2721 578 2748; x_wconf 92' lang='lat' dir='ltr'>in</span> <span class='ocrx_word' id='word_1_777' title='bbox 603 2729 700 2749; x_wconf 85' lang='lat' dir='ltr'>rerum</span> <span class='ocrx_word' id='word_1_778' title='bbox 727 2723 850 2754; x_wconf 80' lang='lat' dir='ltr'>natura;</span> <span class='ocrx_word' id='word_1_779' title='bbox 872 2720 999 2756; x_wconf 82' lang='lat' dir='ltr'>piscium</span> 
     </span>
    </p>
   </div>
   <div class='ocr_carea' id='block_1_101' title="bbox 212 2827 918 2864">
    <p class='ocr_par' dir='ltr' id='par_1_101' title="bbox 212 2827 918 2864">
     <span class='ocr_line' id='line_1_101' title="bbox 212 2827 918 2864; baseline -0.004 -7"><span class='ocrx_word' id='word_1_780' title='bbox 212 2829 219 2846; x_wconf 83' lang='grc'>¹</span> <span class='ocrx_word' id='word_1_781' title='bbox 236 2829 313 2857; x_wconf 85' lang='lat' dir='ltr'>Psal.</span> <span class='ocrx_word' id='word_1_782' title='bbox 331 2837 464 2864; x_wconf 80' lang='lat' dir='ltr'>cxxxvm,</span> <span class='ocrx_word' id='word_1_783' title='bbox 478 2829 504 2857; x_wconf 92' lang='lat'>6.</span> <span class='ocrx_word' id='word_1_784' title='bbox 545 2829 555 2846; x_wconf 85' lang='grc'><strong>²</strong></span> <span class='ocrx_word' id='word_1_785' title='bbox 572 2827 642 2856; x_wconf 83' lang='lat' dir='ltr'>Gen.</span> <span class='ocrx_word' id='word_1_786' title='bbox 659 2836 680 2863; x_wconf 85' lang='grc' dir='ltr'>ι,</span> <span class='ocrx_word' id='word_1_787' title='bbox 696 2828 740 2855; x_wconf 87' lang='lat'>26.</span> <span class='ocrx_word' id='word_1_788' title='bbox 779 2827 790 2844; x_wconf 84' lang='grc'>³</span> <span class='ocrx_word' id='word_1_789' title='bbox 805 2827 876 2855; x_wconf 91' lang='lat' dir='ltr'>ibid.</span> <span class='ocrx_word' id='word_1_790' title='bbox 892 2828 918 2855; x_wconf 92' lang='lat'>3.</span> 
     </span>
    </p>
   </div>
   <div class='ocr_carea' id='block_1_102' title="bbox 1062 2226 1894 2266">
    <p class='ocr_par' dir='ltr' id='par_1_102' title="bbox 1062 2226 1894 2266">
     <span class='ocr_line' id='line_1_102' title="bbox 1062 2226 1894 2266; baseline 0.001 -12"><span class='ocrx_word' id='word_1_791' title='bbox 1062 2228 1107 2255; x_wconf 82' lang='grc' dir='ltr'>καὶ</span> <span class='ocrx_word' id='word_1_792' title='bbox 1133 2229 1191 2260; x_wconf 81' lang='grc' dir='ltr'>καθ’</span> <span class='ocrx_word' id='word_1_793' title='bbox 1218 2227 1360 2264; x_wconf 76' lang='grc' dir='ltr'>ὁμοίωσιν.</span> <span class='ocrx_word' id='word_1_794' title='bbox 1382 2226 1509 2265; x_wconf 79' lang='grc' dir='ltr'>Έδείχθη</span> <span class='ocrx_word' id='word_1_795' title='bbox 1526 2227 1623 2264; x_wconf 83' lang='grc' dir='ltr'>πρώην</span> <span class='ocrx_word' id='word_1_796' title='bbox 1653 2228 1678 2255; x_wconf 80' lang='grc' dir='ltr'>ἐν</span> <span class='ocrx_word' id='word_1_797' title='bbox 1706 2227 1894 2266; x_wconf 76' lang='grc' dir='ltr'>παραδρομῇ,</span> 
     </span>
    </p>
   </div>
   <div class='ocr_carea' id='block_1_103' title="bbox 1062 2271 1894 2311">
    <p class='ocr_par' dir='ltr' id='par_1_103' title="bbox 1062 2271 1894 2311">
     <span class='ocr_line' id='line_1_103' title="bbox 1062 2271 1894 2311; baseline 0 -11"><span class='ocrx_word' id='word_1_798' title='bbox 1062 2272 1106 2300; x_wconf 78' lang='grc' dir='ltr'>καὶ</span> <span class='ocrx_word' id='word_1_799' title='bbox 1137 2272 1289 2311; x_wconf 74' lang='grc' dir='ltr'>ὰρκούντως</span> <span class='ocrx_word' id='word_1_800' title='bbox 1306 2271 1428 2310; x_wconf 77' lang='grc' dir='ltr'>ἐδείχθη,</span> <span class='ocrx_word' id='word_1_801' title='bbox 1444 2272 1484 2303; x_wconf 89' lang='grc' dir='ltr'>τίς</span> <span class='ocrx_word' id='word_1_802' title='bbox 1500 2273 1514 2300; x_wconf 94' lang='lat'>6</span> <span class='ocrx_word' id='word_1_803' title='bbox 1530 2271 1629 2310; x_wconf 71' lang='grc' dir='ltr'>λέγων,</span> <span class='ocrx_word' id='word_1_804' title='bbox 1646 2272 1690 2300; x_wconf 86' lang='grc' dir='ltr'>καὶ</span> <span class='ocrx_word' id='word_1_805' title='bbox 1710 2272 1778 2311; x_wconf 84' lang='grc' dir='ltr'>πρὸς</span> <span class='ocrx_word' id='word_1_806' title='bbox 1793 2272 1859 2300; x_wconf 84' lang='grc' dir='ltr'>τίνα</span> <span class='ocrx_word' id='word_1_807' title='bbox 1878 2274 1894 2300; x_wconf 89' lang='lat'>6</span> 
     </span>
    </p>
   </div>
   <div class='ocr_carea' id='block_1_104' title="bbox 1062 2316 1894 2355">
    <p class='ocr_par' dir='ltr' id='par_1_104' title="bbox 1062 2316 1894 2355">
     <span class='ocr_line' id='line_1_104' title="bbox 1062 2316 1894 2355; baseline 0 -11"><span class='ocrx_word' id='word_1_808' title='bbox 1062 2316 1156 2355; x_wconf 82' lang='grc' dir='ltr'>λόγος.</span> <span class='ocrx_word' id='word_1_809' title='bbox 1173 2318 1252 2355; x_wconf 83' lang='grc' dir='ltr'>Ἔχει</span> <span class='ocrx_word' id='word_1_810' title='bbox 1276 2319 1292 2352; x_wconf 84' lang='grc' dir='ltr'><strong>ἡ</strong></span> <span class='ocrx_word' id='word_1_811' title='bbox 1311 2316 1460 2352; x_wconf 82' lang='grc' dir='ltr'>Ἐκκλησία</span> <span class='ocrx_word' id='word_1_812' title='bbox 1473 2317 1520 2348; x_wconf 79' lang='grc' dir='ltr'>τὰς</span> <span class='ocrx_word' id='word_1_813' title='bbox 1549 2317 1611 2354; x_wconf 82' lang='grc' dir='ltr'>περὶ</span> <span class='ocrx_word' id='word_1_814' title='bbox 1638 2316 1742 2345; x_wconf 71' lang='grc' dir='ltr'>τούτων</span> <span class='ocrx_word' id='word_1_815' title='bbox 1772 2316 1894 2344; x_wconf 83' lang='grc' dir='ltr'>ἀποδεί-</span> 
     </span>
    </p>
   </div>
   <div class='ocr_carea' id='block_1_105' title="bbox 1060 2359 1895 2399">
    <p class='ocr_par' dir='ltr' id='par_1_105' title="bbox 1060 2359 1895 2399">
     <span class='ocr_line' id='line_1_105' title="bbox 1060 2359 1895 2399; baseline -0.001 -10"><span class='ocrx_word' id='word_1_816' title='bbox 1060 2363 1121 2397; x_wconf 61' lang='grc' dir='ltr'>ξεις</span> <span class='ocrx_word' id='word_1_817' title='bbox 1155 2361 1261 2398; x_wconf 80' lang='grc' dir='ltr'>μᾶλλον</span> <span class='ocrx_word' id='word_1_818' title='bbox 1283 2360 1311 2389; x_wconf 78' lang='grc' dir='ltr'>δὲ</span> <span class='ocrx_word' id='word_1_819' title='bbox 1333 2360 1390 2399; x_wconf 80' lang='grc' dir='ltr'>ἔχει</span> <span class='ocrx_word' id='word_1_820' title='bbox 1413 2361 1501 2389; x_wconf 82' lang='grc' dir='ltr'>πίστιν</span> <span class='ocrx_word' id='word_1_821' title='bbox 1521 2384 1528 2396; x_wconf 88' lang='grc'>,</span> <span class='ocrx_word' id='word_1_822' title='bbox 1556 2360 1718 2397; x_wconf 77' lang='grc' dir='ltr'>ἀποδείξεως</span> <span class='ocrx_word' id='word_1_823' title='bbox 1745 2359 1895 2399; x_wconf 75' lang='grc' dir='ltr'>βεϐαιοτέ-</span> 
     </span>
    </p>
   </div>
   <div class='ocr_carea' id='block_1_106' title="bbox 1061 2405 1895 2444">
    <p class='ocr_par' dir='ltr' id='par_1_106' title="bbox 1061 2405 1895 2444">
     <span class='ocr_line' id='line_1_106' title="bbox 1061 2405 1895 2444; baseline -0.001 -10"><span class='ocrx_word' id='word_1_824' title='bbox 1061 2417 1130 2444; x_wconf 83' lang='grc' dir='ltr'>ραν.</span> <span class='ocrx_word' id='word_1_825' title='bbox 1162 2407 1325 2443; x_wconf 73' lang='grc' dir='ltr'>Ποιήσωμεν</span> <span class='ocrx_word' id='word_1_826' title='bbox 1365 2405 1505 2444; x_wconf 74' lang='grc' dir='ltr'>ἄνθρωπον</span> <span class='ocrx_word' id='word_1_827' title='bbox 1529 2428 1535 2434; x_wconf 90' lang='grc'><strong>.</strong></span> <span class='ocrx_word' id='word_1_828' title='bbox 1567 2406 1710 2442; x_wconf 84' lang='grc' dir='ltr'>Κατάμαθε</span> <span class='ocrx_word' id='word_1_829' title='bbox 1748 2406 1864 2434; x_wconf 74' lang='grc' dir='ltr'>σεαυτὸν</span> <span class='ocrx_word' id='word_1_830' title='bbox 1887 2428 1895 2440; x_wconf 93' lang='grc'>,</span> 
     </span>
    </p>
   </div>
   <div class='ocr_carea' id='block_1_107' title="bbox 1059 2449 1898 2489">
    <p class='ocr_par' dir='ltr' id='par_1_107' title="bbox 1059 2449 1898 2489">
     <span class='ocr_line' id='line_1_107' title="bbox 1059 2449 1898 2489; baseline 0 -11"><span class='ocrx_word' id='word_1_831' title='bbox 1059 2450 1177 2483; x_wconf 76' lang='grc' dir='ltr'>ἐντεῦθεν</span> <span class='ocrx_word' id='word_1_832' title='bbox 1204 2450 1371 2489; x_wconf 75' lang='grc' dir='ltr'>ἀρξάμενος.</span> <span class='ocrx_word' id='word_1_833' title='bbox 1401 2449 1486 2479; x_wconf 65' lang='grc' dir='ltr'>Οὔπω</span> <span class='ocrx_word' id='word_1_834' title='bbox 1513 2450 1574 2487; x_wconf 85' lang='grc' dir='ltr'>περὶ</span> <span class='ocrx_word' id='word_1_835' title='bbox 1605 2449 1693 2478; x_wconf 80' lang='grc' dir='ltr'>ἄλλου</span> <span class='ocrx_word' id='word_1_836' title='bbox 1721 2452 1775 2478; x_wconf 86' lang='grc' dir='ltr'>τῶν</span> <span class='ocrx_word' id='word_1_837' title='bbox 1805 2460 1898 2478; x_wconf 79' lang='grc' dir='ltr'>κατα-</span> 
     </span>
    </p>
   </div>
   <div class='ocr_carea' id='block_1_108' title="bbox 1059 2494 1896 2534">
    <p class='ocr_par' dir='ltr' id='par_1_108' title="bbox 1059 2494 1896 2534">
     <span class='ocr_line' id='line_1_108' title="bbox 1059 2494 1896 2534; baseline 0 -11"><span class='ocrx_word' id='word_1_838' title='bbox 1059 2496 1250 2533; x_wconf 85' lang='grc' dir='ltr'>σκευασμάτων</span> <span class='ocrx_word' id='word_1_839' title='bbox 1272 2495 1338 2531; x_wconf 82' lang='grc' dir='ltr'>αὕτη</span> <span class='ocrx_word' id='word_1_840' title='bbox 1355 2497 1372 2531; x_wconf 83' lang='grc' dir='ltr'>ἡ</span> <span class='ocrx_word' id='word_1_841' title='bbox 1387 2496 1463 2534; x_wconf 80' lang='grc' dir='ltr'>φωνὴ</span> <span class='ocrx_word' id='word_1_842' title='bbox 1491 2495 1668 2534; x_wconf 84' lang='grc' dir='ltr'>ἀνάγραπτος.</span> <span class='ocrx_word' id='word_1_843' title='bbox 1686 2497 1749 2527; x_wconf 82' lang='grc' dir='ltr'>Φῶς</span> <span class='ocrx_word' id='word_1_844' title='bbox 1766 2494 1896 2533; x_wconf 70' lang='grc' dir='ltr'>ἐγένετο,</span> 
     </span>
    </p>
   </div>
   <div class='ocr_carea' id='block_1_109' title="bbox 1057 2539 1895 2578">
    <p class='ocr_par' dir='ltr' id='par_1_109' title="bbox 1057 2539 1895 2578">
     <span class='ocr_line' id='line_1_109' title="bbox 1057 2539 1895 2578; baseline 0 -10"><span class='ocrx_word' id='word_1_845' title='bbox 1057 2541 1101 2569; x_wconf 82' lang='grc' dir='ltr'>καὶ</span> <span class='ocrx_word' id='word_1_846' title='bbox 1128 2541 1230 2568; x_wconf 78' lang='grc' dir='ltr'>ἁπλοῦν</span> <span class='ocrx_word' id='word_1_847' title='bbox 1261 2539 1432 2578; x_wconf 86' lang='grc' dir='ltr'>πρόσταγμα.</span> <span class='ocrx_word' id='word_1_848' title='bbox 1466 2541 1547 2568; x_wconf 66' lang='lat' dir='ltr'>Eii-rev</span> <span class='ocrx_word' id='word_1_849' title='bbox 1579 2541 1593 2568; x_wconf 87' lang='lat'>6</span> <span class='ocrx_word' id='word_1_850' title='bbox 1622 2540 1703 2571; x_wconf 80' lang='grc' dir='ltr'>θεός·</span> <span class='ocrx_word' id='word_1_851' title='bbox 1735 2540 1895 2575; x_wconf 79' lang='grc' dir='ltr'>Γενηθήτω</span> 
     </span>
    </p>
   </div>
   <div class='ocr_carea' id='block_1_110' title="bbox 1057 2583 1894 2624">
    <p class='ocr_par' dir='ltr' id='par_1_110' title="bbox 1057 2583 1894 2624">
     <span class='ocr_line' id='line_1_110' title="bbox 1057 2583 1894 2624; baseline 0 -12"><span class='ocrx_word' id='word_1_852' title='bbox 1057 2588 1124 2624; x_wconf 81' lang='grc' dir='ltr'>φῶς·</span> <span class='ocrx_word' id='word_1_853' title='bbox 1151 2585 1271 2623; x_wconf 81' lang='grc' dir='ltr'>οὐρανὸς,</span> <span class='ocrx_word' id='word_1_854' title='bbox 1299 2584 1343 2613; x_wconf 84' lang='grc' dir='ltr'>καὶ</span> <span class='ocrx_word' id='word_1_855' title='bbox 1368 2583 1428 2612; x_wconf 78' lang='grc' dir='ltr'>ἄνευ</span> <span class='ocrx_word' id='word_1_856' title='bbox 1455 2583 1559 2622; x_wconf 76' lang='grc' dir='ltr'>βουλῆς</span> <span class='ocrx_word' id='word_1_857' title='bbox 1582 2585 1596 2612; x_wconf 88' lang='lat'>6</span> <span class='ocrx_word' id='word_1_858' title='bbox 1622 2584 1744 2622; x_wconf 80' lang='grc' dir='ltr'>οὐρανός·</span> <span class='ocrx_word' id='word_1_859' title='bbox 1771 2588 1894 2624; x_wconf 78' lang='grc' dir='ltr'>φωστῆ-</span> 
     </span>
    </p>
   </div>
   <div class='ocr_carea' id='block_1_111' title="bbox 1056 2627 1896 2668">
    <p class='ocr_par' dir='ltr' id='par_1_111' title="bbox 1056 2627 1896 2668">
     <span class='ocr_line' id='line_1_111' title="bbox 1056 2627 1896 2668; baseline 0 -11"><span class='ocrx_word' id='word_1_860' title='bbox 1056 2641 1111 2668; x_wconf 78' lang='grc' dir='ltr'>ρες,</span> <span class='ocrx_word' id='word_1_861' title='bbox 1136 2629 1180 2657; x_wconf 70' lang='grc' dir='ltr'>καὶ</span> <span class='ocrx_word' id='word_1_862' title='bbox 1206 2628 1281 2657; x_wconf 78' lang='grc' dir='ltr'>οὐδὲν</span> <span class='ocrx_word' id='word_1_863' title='bbox 1307 2627 1543 2667; x_wconf 73' lang='grc' dir='ltr'>προεϐουλεύσατο</span> <span class='ocrx_word' id='word_1_864' title='bbox 1562 2629 1624 2666; x_wconf 82' lang='grc' dir='ltr'>πιρῖ</span> <span class='ocrx_word' id='word_1_865' title='bbox 1647 2631 1701 2657; x_wconf 72' lang='grc' dir='ltr'>τῶν</span> <span class='ocrx_word' id='word_1_866' title='bbox 1716 2631 1896 2668; x_wconf 80' lang='grc' dir='ltr'>φωστήρων·</span> 
     </span>
    </p>
   </div>
   <div class='ocr_carea' id='block_1_112' title="bbox 1056 2673 1894 2712">
    <p class='ocr_par' dir='ltr' id='par_1_112' title="bbox 1056 2673 1894 2712">
     <span class='ocr_line' id='line_1_112' title="bbox 1056 2673 1894 2712; baseline -0.001 -10"><span class='ocrx_word' id='word_1_867' title='bbox 1056 2674 1176 2707; x_wconf 78' lang='grc' dir='ltr'>θάλασσα</span> <span class='ocrx_word' id='word_1_868' title='bbox 1200 2675 1244 2702; x_wconf 86' lang='grc' dir='ltr'>καὶ</span> <span class='ocrx_word' id='word_1_869' title='bbox 1268 2674 1374 2712; x_wconf 82' lang='grc' dir='ltr'>πελάγη</span> <span class='ocrx_word' id='word_1_870' title='bbox 1398 2673 1505 2712; x_wconf 76' lang='grc' dir='ltr'>ἄπειρα,</span> <span class='ocrx_word' id='word_1_871' title='bbox 1523 2673 1566 2702; x_wconf 71' lang='grc' dir='ltr'>καὶ</span> <span class='ocrx_word' id='word_1_872' title='bbox 1591 2676 1732 2712; x_wconf 79' lang='grc' dir='ltr'>προσταγῇ</span> <span class='ocrx_word' id='word_1_873' title='bbox 1747 2675 1894 2712; x_wconf 83' lang='grc' dir='ltr'>παρήχθη</span> 
     </span>
    </p>
   </div>
   <div class='ocr_carea' id='block_1_113' title="bbox 1055 2718 1897 2757">
    <p class='ocr_par' dir='ltr' id='par_1_113' title="bbox 1055 2718 1897 2757">
     <span class='ocr_line' id='line_1_113' title="bbox 1055 2718 1897 2757; baseline 0 -10"><span class='ocrx_word' id='word_1_874' title='bbox 1055 2720 1092 2751; x_wconf 86' lang='grc' dir='ltr'>εἷς</span> <span class='ocrx_word' id='word_1_875' title='bbox 1117 2720 1148 2747; x_wconf 82' lang='grc' dir='ltr'>τὸ</span> <span class='ocrx_word' id='word_1_876' title='bbox 1173 2720 1250 2750; x_wconf 78' lang='grc' dir='ltr'>εἶναι.</span> <span class='ocrx_word' id='word_1_877' title='bbox 1276 2720 1391 2757; x_wconf 77' lang='grc' dir='ltr'>Ἰχθύων</span> <span class='ocrx_word' id='word_1_878' title='bbox 1412 2718 1478 2757; x_wconf 82' lang='grc' dir='ltr'>γίνη</span> <span class='ocrx_word' id='word_1_879' title='bbox 1508 2718 1668 2748; x_wconf 68' lang='grc' dir='ltr'>παντοδαπὰ</span> <span class='ocrx_word' id='word_1_880' title='bbox 1683 2741 1691 2755; x_wconf 83' lang='grc'>,</span> <span class='ocrx_word' id='word_1_881' title='bbox 1720 2718 1897 2748; x_wconf 71' lang='grc' dir='ltr'>κελευθὲντα</span> 
     </span>
    </p>
   </div>
  </div>
