2018 3146
108 119 145 149 13
606 116 657 146 DE
679 115 845 146 HOMINIS
866 116 1102 148 STRUCTURA
1123 118 1271 149 ORATIO
1294 120 1318 149 I.
1779 119 1819 149 ﬂ

105 183 218 221 ἐγένετο·
247 181 329 219 θηρία
352 180 398 208 καὶ
422 181 509 216 κτήνη
532 180 629 216 νηκτὰ,
654 180 699 208 καὶ
722 180 821 216 πτηνά.
852 182 929 216 Εἴπι,

992 183 1144 220 cmnigsna
1154 184 1253 220 copia;
1269 184 1371 212 hostire
1384 186 1412 212 et
1427 192 1543 220 pecora,
1555 185 1690 214 natatilia
1700 187 1728 213 et
1741 185 1818 214 vola-

104 227 148 255 καί
175 226 290 265 ἐγένετο.
307 226 438 253 Ἐνταῦθα
466 224 542 252 οὔπω
571 225 585 252 ὁ
601 223 811 263 ἅνθρωπος,καὶ
843 225 931 264 βουλή

104 271 166 310 περὶ
193 271 353 309 ἀνθρώπιν’
366 269 418 297 οὐκ
433 269 517 304 εἶπεν,
547 269 584 301 ὡς
599 270 661 308 περὶ
684 272 738 297 τῶν
756 268 849 297 ἀλλων
866 270 932 298 πάν-

103 319 180 344 τῶν·
221 315 367 350 Γενηθήτω
403 313 556 351 ἄνθρωπος·
603 314 749 350 Κατάμαθε
782 315 877 342 ἑαυτοῦ
901 315 932 342 τὸ

103 362 208 397 τίμιον·
226 360 257 387 οὐ
273 358 437 397 προσερῥιψέ
462 369 509 386 σου
533 359 585 393 τὴν
599 357 702 396 γένεσιν
733 359 931 396 προστάγματι*

105 405 181 433 ἀλλὰ
212 404 405 443 βουλευτήριον
436 403 548 438 συνέστη
570 405 610 439 τῷ
636 405 694 439 Θεῷ
715 403 777 441 περὶ
793 405 851 438 σοῦ,
876 405 935 435 πῶς

109 449 205 486 μέλλει
241 449 272 476 τὸ
304 447 395 484 τίμιον
427 449 495 482 ζῶον
526 447 564 478 εἷς
590 447 636 474 τὸν
665 447 724 485 βίον
755 447 932 485 παράγεσθαι·

107 495 267 530 Ποιήσωμεν
293 493 354 531 γὰρ,
374 492 463 531 φησίν·
481 492 494 519 ὁ
510 492 595 528 σοφὸς
612 491 784 529 βουλεύεται,
803 492 817 519 ὁ
843 491 934 530 τεχνί-

106 549 154 574 της
178 538 342 575 ἐνθυμεῖται·
373 537 445 574 Ἀρα
461 536 551 571 λείηεέ
579 535 661 564 αὐτοῦ
675 539 709 573 τῇ
741 546 834 574 τεχνῃ,
849 536 893 563 καὶ
906 536 936 563 ἐκ

106 587 154 618 τῆς
178 582 313 620 μερίμνης
339 580 467 620 βούλεται
487 580 691 619 άπηρτισμένον
706 581 751 608 καὶ
768 579 871 608 τέλειον
887 581 934 608 καὶ

105 625 296 666 ὴκριϐωμὲνον
323 626 406 653 αὐτοῦ
435 628 548 660 ποιῆσαι
573 625 604 653 τὸ
635 625 840 664 φιλοτέχνημα,
857 624 935 660 ἣ¹ίνα

109 683 150 700 σοι
167 671 239 709 δείξῃ
265 672 308 699 ὅτι
335 669 441 701 τέλειος
459 670 482 697 εἷ
496 671 569 708 παρὰ
585 672 643 706 Θιῷ
656 680 662 705 ;
676 671 794 707 Ἐμαθες
813 670 859 706 μὲν
877 669 933 704 οὖν,

107 715 148 745 ὅτι
164 715 214 744 δύο
237 716 372 753 πρόσωπα
392 714 436 742 ἐπὶ
453 717 531 748 Θεοῦ,
548 714 562 741 ὁ
578 713 679 752 λέγων,
708 714 750 741 καὶ
781 713 850 752 πρὸς
865 714 894 741 ’ὸν
920 714 934 740 ὁ

109 761 204 799 λόγος.
221 761 266 788 Διὶ
290 759 317 787 τί
347 759 397 787 οὐκ
424 760 491 793 εἶπε,
521 758 652 794 Ποίησον,
682 757 754 786 ἀλλὰ
770 759 933 795 Ποιήσωμεν

108 805 247 843 ἄνθρωπον
267 815 274 840 ;
291 806 349 833 ¹¹Ινα
363 805 465 841 νοήσῃς
483 804 532 837 τὴν
557 802 724 830 δεσποτείαν·
752 801 798 830 ’ίνα
824 803 874 839 μὴ,
889 803 935 830 τὸν

107 849 213 888 Πατέρα
242 849 440 886 ἐπιγινώσκων,
465 848 510 875 τὸν
526 847 588 875 Υὶὸν
603 846 821 886 ἀπογνοίης’.¹ίνα
848 846 933 884 εῗδῇς,

107 894 148 922 ὅτι
178 894 270 931 Πατὴρ
295 892 407 928 ἐποίησε
429 891 473 919 διὰ
495 892 570 928 Υἱοῦ,
596 891 641 919 καὶ
665 892 728 923 Υἱὸς
754 891 877 919 ἐκτίσατο
893 892 932 928 (α)

106 939 228 976 πατρῴῳ
257 937 407 973 θελήματι·
434 937 477 964 καὶ
497 935 609 974 δοξάσῃς
634 937 740 973 Πατέρα
764 936 790 963 ἐν
807 937 872 972 Υῖῷ,
888 936 933 963 καὶ

106 983 169 1010 Υἱὸν
194 982 220 1010 ὲν
237 981 372 1018 Πνεύματι
388 981 468 1019 ἁγίῳ.
494 980 573 1010 Οὕτω
588 980 680 1008 κοινὸν
703 981 819 1019 γέγονας
844 978 933 1018 ἔργον,

103 1027 151 1055 ’ίνα
180 1026 225 1054 καὶ
252 1027 342 1058 κοινὸς
375 1026 567 1061 προπυνητής
605 1025 766 1063 ἀμφοτέρων
795 1026 828 1061 ᾗς
847 1045 854 1058 ,
895 1026 933 1061 μή

101 1071 208 1110 σχίζων
239 1071 289 1106 τὴν
317 1070 517 1108 προσκύνησιν,
546 1069 610 1097 ἀλλ’
636 1070 702 1097 ἑνῶν
727 1070 776 1104 τήν
808 1069 933 1104 θεότητα.

96 1118 168 1154 ’Όρα
185 1115 311 1153 ἱστορίαν
328 1115 419 1150 ἁπλῆν
438 1115 484 1151 μὲν
501 1117 541 1150 τῷ
568 1115 703 1152 σχήματι,
734 1113 875 1151 θεολογίαν
907 1113 935 1141 δὲ

102 1162 240 1199 ἀκραιφνῆ
268 1163 308 1196 τῷ
333 1161 452 1196 νοήματι
469 1181 475 1188 .
507 1159 556 1187 Καὶ
592 1158 714 1194 ἐποίησει
750 1159 764 1186 ὁ
802 1159 866 1189 Θεὸς
887 1159 933 1186 τὸν

99 1205 259 1243 ἄνθρωπον.
290 1205 467 1240 Ποιήσωμεν·
495 1203 540 1231 καὶ
556 1203 605 1231 οὐκ
620 1204 687 1232 εἷπε.
718 1204 767 1231 Καὶ
792 1203 933 1239 ἐποίησαν,

97 1249 146 1278 ’ἕνα
164 1250 202 1286 μή
229 1248 378 1281 πολοθεΐας
393 1246 481 1286 λάϐῃς
507 1249 643 1288 ἀφορμάς·
673 1247 695 1275 εἱ
721 1248 772 1286 γὰρ
787 1247 935 1282 πληθυντι-

96 1297 157 1325 κῶς
191 1295 368 1332 παρεισήχθη
397 1294 435 1330 (b)
465 1293 509 1320 καὶ
523 1293 540 1328 ἡ
561 1293 682 1328 ποίησις,
699 1291 818 1331 ἀφειδεῖς
833 1292 862 1319 ἂν
879 1291 935 1329 ἐγέρ-

98 1349 186 1367 νοντο
204 1339 229 1366 οῖ
243 1338 394 1375 ἅνθρωποι,
409 1336 502 1365 πολλᾶ
517 1337 611 1373 πλήθη
628 1338 694 1364 θεῶν
712 1338 817 1368 ἑαυτοῖς
834 1336 934 1364 ἔπισω-

100 1384 243 1422 ρεύοντες.
259 1385 311 1410 Νῦν
330 1381 432 1419 μέντοι,
450 1383 626 1418 Ποιήσωμεν,
645 1381 692 1409 ἳνα
713 1382 851 1419 γνωρίσῃς
880 1384 934 1408 Πα-

99 1429 183 1466 τέρα,
197 1427 242 1455 καὶ
257 1427 318 1454 my
335 1426 379 1454 καὶ
396 1429 506 1463 Πνεῦμα
520 1426 607 1464 ἅγιον.

987 227 1061 256 tilia.
1078 229 1164 263 Dixit,
1180 231 1208 256 et
1220 229 1295 264 facta
1307 231 1372 257 sunt
1383 229 1403 257 ‘.
1415 229 1477 263 Hic,
1503 229 1632 257 nondum
1647 232 1692 258 est
1722 230 1820 264 homo,

988 274 1015 300 et
1030 273 1064 300 de
1076 272 1195 301 homine
1207 274 1332 302 habetur
1348 274 1514 302 consilium.
1529 276 1592 301 Non
1618 275 1702 309 dixit,
1714 283 1818 311 quem-

987 317 1147 345 admodum
1164 318 1192 345 in
1209 319 1348 346 omnibus
1369 318 1504 354 reliquis,
1529 318 1592 346 Fiat
1618 318 1716 346 homo.
1733 319 1816 347 Disce

987 363 1073 388 tuum
1090 362 1217 398 pretium
1233 371 1266 390 ac
1279 363 1462 399 dignitatem.
1479 365 1541 390 Non
1568 362 1696 399 projecit
1719 365 1815 391 ortum

987 408 1071 433 tuum
1084 407 1161 434 nudo
1173 410 1315 443 precepto
1331 410 1418 444 atque
1432 408 1569 435 mandato
1582 416 1588 435 :
1601 407 1652 435 sed
1669 407 1697 435 in
1710 407 1767 435 Deo
1778 408 1815 436 de

987 453 1016 478 te
1030 451 1185 479 consilium
1201 452 1323 487 cogitur,
1340 460 1398 488 qua
1413 452 1524 480 ratione
1537 454 1678 488 prmstans
1705 452 1814 480 animal

989 497 1077 531 atque
1088 496 1184 524 nobile
1198 496 1228 524 in
1243 497 1334 524 vitam
1350 497 1389 524 sit
1408 497 1628 533 producendum
1642 505 1648 524 ι
1667 497 1815 525 Faciamus

989 540 1066 567 enim
1079 540 1184 576 inquit.
1196 541 1318 576 Sapiens
1334 541 1486 569 consilium
1500 541 1572 569 init:
1590 541 1694 569 artifex
1715 549 1814 569 secum

990 585 1106 620 cogitat.
1124 587 1197 621 Ergo
1213 585 1326 613 laborat
1337 586 1407 613 artis
1418 586 1676 621 defectu,curaque
1691 585 1816 614 sollicita

989 629 1044 656 hoc
1060 629 1131 665 agit,
1147 631 1179 656 ut
1195 629 1387 657 artiﬁciosum
1403 628 1556 666 solersque
1567 637 1641 665 opus
1657 637 1745 657 suum
1762 629 1816 657 ab-

990 673 1118 701 solutum
1131 675 1218 709 atque
1233 674 1396 709 perfectum
1407 675 1565 709 exacteque
1575 673 1721 702 excultum
1737 673 1815 710 edat,

989 725 1024 743 an
1042 719 1075 744 ut
1085 716 1137 744 tibi
1153 717 1298 750 ostendat,
1314 725 1378 745 esse
1391 720 1416 745 te
1431 718 1591 753 perfectum
1607 717 1684 753 apud
1700 717 1817 744 Deum?

989 761 1070 788 Nosti
1086 761 1185 797 itaque
1200 762 1273 789 duas
1289 769 1352 789 esse
1369 769 1510 797 personas
1535 761 1566 789 in
1594 764 1662 797 Deo,
1692 761 1816 789 alteram

989 813 1053 841 quae
1068 805 1215 841 loquatur,
1231 805 1353 833 alterum
1366 806 1400 833 ad
1413 814 1503 842 quam
1520 808 1564 833 est
1579 805 1748 834 sermo.Cur
1757 814 1816 834 non

990 849 1071 884 dixit,
1089 849 1196 884 Facito,
1220 851 1280 884 sed,
1305 851 1451 878 Faciamus
1476 851 1637 878 hominem?
1667 849 1814 879 Nimirum

988 895 1020 921 ut
1035 894 1183 930 intelligas
1198 894 1379 922 dominatum
1393 903 1399 929 ς
1412 903 1459 928 ne,
1476 895 1526 931 qui
1543 897 1658 922 Patrem
1674 902 1815 931 agnosce-

989 946 1046 971 res,
1062 938 1126 966 Filii
1141 939 1308 975 ignorantia
1331 939 1497 973 tenereris;
1523 941 1555 967 ut
1579 939 1670 967 scires
1697 940 1814 968 Patrem

989 983 1092 1011 fecisse
1103 991 1155 1019 per
1169 983 1287 1017 Filium,
1304 986 1332 1011 et
1348 983 1453 1011 Filium
1475 985 1596 1019 paterna
1624 990 1740 1011 creasse
1764 991 1814 1010 vo-

989 1027 1119 1061 luntate;
1137 1027 1331 1064 laudareeque
1349 1028 1462 1055 Patrem
1480 1028 1509 1056 in
1519 1027 1600 1062 Filio,
1613 1030 1642 1055 et
1668 1028 1773 1055 Filium
1784 1026 1815 1054 in

988 1072 1097 1107 Spiritu
1114 1073 1267 1100 sancto.In
1285 1072 1361 1100 hunc
1377 1073 1498 1100 modum
1510 1080 1668 1100 commune
1696 1071 1814 1099 exsistis

989 1125 1074 1152 opus,
1091 1118 1123 1144 ut
1134 1118 1161 1144 et
1172 1116 1340 1144 communis
1356 1117 1446 1144 trium
1459 1116 1554 1144 cultor
1568 1116 1609 1144 sis
1625 1118 1654 1144 et
1667 1116 1816 1149 adorator;

989 1168 1047 1188 non
1063 1160 1263 1188 adorationem
1280 1160 1428 1195 scindens,
1446 1161 1496 1188 sed
1509 1160 1651 1196 copulane
1663 1160 1814 1188 deitatem.

991 1205 1058 1232 Vide
1074 1204 1201 1240 simplici
1217 1205 1335 1241 quidem
1353 1205 1450 1241 specie
1479 1205 1644 1240 expositum
1670 1206 1758 1240 gestas
1775 1204 1816 1232 rei

989 1248 1206 1282 narrationem;
1223 1257 1310 1277 sensu
1318 1258 1383 1278 vero
1400 1258 1433 1278 ac
1445 1249 1651 1286 intelligentia,
1667 1249 1813 1277 sinceram

989 1293 1106 1321 dcitalis
1121 1301 1311 1329 personarum
1329 1295 1505 1322 doctrinam.
1524 1297 1560 1322 Et
1569 1295 1635 1329 fecit
1644 1295 1715 1322 Deus
1726 1294 1813 1322 hami-

989 1346 1052 1366 nem
1067 1338 1086 1365 ‘.
1104 1338 1258 1366 Faciamus.
1277 1340 1310 1366 Et
1326 1347 1382 1366 non
1399 1339 1481 1372 dixit,
1494 1340 1527 1366 Et
1541 1339 1681 1373 fecerunt,
1695 1346 1731 1365 ne
1746 1337 1815 1373 plu-

989 1382 1066 1410 rium
1082 1382 1316 1410 deorumerroris
1329 1391 1432 1411 ansam
1444 1383 1511 1411 inde
1526 1383 1681 1418 arriperes.
1692 1382 1720 1409 Si
1736 1381 1816 1409 enim

989 1426 1096 1462 plurali
1109 1435 1229 1455 numero
1241 1428 1305 1464 ipsa
1320 1436 1436 1464 quoque
1450 1427 1572 1462 inducta
1582 1427 1687 1454 fuisset
1697 1425 1816 1459 creatio,

102 1474 193 1503 omni
209 1473 329 1501 licentia
342 1472 478 1501 homines
493 1472 612 1500 deorum
625 1471 680 1500 sibi
709 1472 827 1500 turbam
857 1473 1052 1500 acervassent.
1083 1471 1167 1500 Nunc
1195 1472 1354 1505 enimvero,
1383 1472 1542 1507 Faciamm,
1567 1473 1600 1499 ut
1619 1473 1735 1499 Patrem
1764 1479 1816 1499 uo.

97 1517 197 1551 veris,
210 1520 239 1545 et
257 1517 371 1551 Filium,
387 1519 416 1545 et
426 1516 567 1552 Spiritum
584 1517 728 1543 sanctum.

138 1563 169 1590 3.
197 1562 311 1589 Ἔπειτα
327 1560 364 1588 δὲ·
393 1559 445 1589 Καὶ
472 1558 598 1594 ἐποίησεν
624 1560 638 1586 ὸ
664 1559 730 1590 Θεὸς
755 1560 802 1587 τὸν
830 1560 933 1597 ἂνθρω-

1026 1561 1053 1589 3.
1069 1561 1144 1588 Tum
1160 1569 1239 1596 vero,
1255 1561 1287 1589 Et
1301 1562 1365 1597 facit
1393 1562 1464 1589 Deus
1484 1561 1621 1589 hominem
1627 1569 1639 1592 ;
1667 1561 1701 1588 ut
1724 1567 1818 1587 unum

96 1615 167 1634 πον·
198 1604 244 1633 ’ίνα
274 1606 338 1633 Θεὸν
356 1604 412 1639 ἕνα,
427 1605 461 1632 τὰ
475 1604 538 1642 τρία
553 1605 652 1640 νοήσης
682 1604 826 1643 πρόσωπα·
844 1604 874 1632 οὐ
889 1604 936 1635 τὰς

95 1650 270 1681 ὑποστάσεις
301 1650 433 1683 tvo-nonin;
452 1671 459 1684 ,
498 1648 571 1676 ἀλλὰ
598 1650 647 1684 τήν
679 1649 740 1686 μίαν
768 1649 862 1676 οὐσίαν
891 1648 936 1676 καὶ

94 1696 224 1733 δύναμιν
255 1694 444 1733 λογιζόμενος·
469 1695 514 1722 καὶ
546 1695 607 1731 μίαν
626 1693 702 1730 δόξαν
717 1693 793 1732 ἕγῃς,
825 1695 863 1731 μή
890 1704 937 1730 με-

94 1741 255 1778 ριζόμενος
271 1739 333 1776 περὶ
348 1740 397 1773 τὴν
414 1738 608 1777 προσκύνησιν,
640 1738 710 1776 μηδὲ
725 1738 762 1770 εἷς
791 1737 936 1771 πολυθείαν

93 1784 275 1822 ἐμπίπτων.
307 1783 345 1812 Οὐ
375 1783 426 1821 γὰρ
458 1783 548 1811 εἶπεν·
582 1783 726 1818 Ἐποίησαν
753 1784 780 1811 οἱ
808 1783 864 1811 θεοὶ
892 1783 936 1810 τὸν

94 1830 270 1868 ἄνθρωπον·
286 1828 361 1862 ἀλλ’,
384 1829 528 1864 Ἐποίησεν
556 1829 570 1856 ὁ
604 1828 678 1860 Θεός.
697 1829 730 1857 Εἴ
757 1829 808 1866 γὰρ
823 1828 867 1856 καὶ
885 1827 939 1855 ἰδία

95 1876 150 1913 μὶν
173 1873 328 1904 ὑπόστασις
351 1873 467 1911 Πατρὸς,
494 1872 548 1900 ἰδία
562 1872 590 1900 δὲ
612 1874 687 1910 Υἱοῦ,
710 1873 755 1901 καὶ
770 1872 826 1900 ὶδία
854 1872 940 1901 ΙΙνεύ-

94 1930 195 1957 ματος
213 1917 306 1955 ἁγίου,
323 1916 386 1944 ἀλλ’
415 1917 477 1954 οὐχὶ
494 1917 539 1944 καὶ
551 1919 624 1953 τρεῖς
645 1917 710 1945 θιοίυ
740 1918 781 1945 δτι
799 1917 847 1954 μία
862 1917 905 1945 καὶ
921 1918 938 1952 ἠ

90 1965 171 1999 αὐτή
202 1963 235 1990 ὶν
265 1963 324 1993 τοῖς
350 1960 422 1997 τρισὶ
445 1962 580 1997 νοουμὲνη
608 1961 743 1997 οὐσιώδης
768 1963 873 1997 osor-qq.
890 1963 941 1990 ’Ἢν

89 2009 148 2048 γὰρ
186 2006 291 2046 βλέπω
320 2004 346 2032 ἐν
375 2004 459 2041 "argi.
486 2005 609 2041 ϐιότητα,
630 2005 727 2039 ταύτην
750 2006 794 2034 καὶ
819 2006 844 2033 ἐν
874 2007 939 2042 rio-

88 2054 142 2083 καὶ
158 2054 196 2088 ἣν
225 2051 253 2079 ἐν
278 2051 342 2087 Υἱῷ,
364 2050 465 2086 ταύτην
489 2051 534 2078 καὶ
556 2050 582 2077 ἐν
597 2051 732 2088 Πνεύματι
761 2051 841 2089 ἁγίῳ·
872 2050 942 2078 διότι

88 2100 143 2128 καὶ
164 2097 225 2135 μία
242 2096 260 2131 ἡ
285 2095 310 2123 ἐν
335 2095 445 2126 τούτοις
470 2095 644 2133 θεωρουμένη
664 2096 768 2135 μορφὴ,
793 2097 837 2123 καὶ
867 2095 941 2134 ἀρχὴ

88 2146 108 2180 ἡ
127 2143 225 2178 αὐτή.
256 2140 304 2168 Διὰ
332 2142 413 2168 τοῦτο
441 2140 487 2167 καὶ
516 2142 579 2178 παρ’
600 2141 668 2176 ἡμῖν
688 2141 736 2177 μία
760 2140 943 2179 προσκύνησις

85 2189 140 2217 καὶ
192 2185 347 2223 δοξολογία
374 2187 432 2216 τοῖς
459 2184 546 2222 τρισὶν
576 2185 614 2216 ὡς
643 2185 683 2212 ἑνὶ
714 2187 782 2220 Θεῷ.
813 2185 848 2212 Τὸ
880 2187 944 2222 γοῦν

87 2232 264 2270 προοίμιον
286 2233 336 2264 τῆς
361 2229 497 2268 ἡμετέρας
517 2229 656 2266 γενέσεως,
682 2228 813 2267 θεολογία
835 2239 943 2257 κατανε-

85 2277 205 2314 νόηται
219 2274 355 2309 ἀληθινή.

129 2368 161 2396 4,
208 2363 382 2399 Ποιήσωμεν
419 2361 559 2400 ἄνθρωπον
594 2366 652 2390 κατ’
688 2363 777 2391 εἰκόνα
808 2362 853 2390 καὶ
883 2363 943 2390 καθ’

85 2411 264 2449 ὁμοίωσιν.
300 2408 362 2434 Κατ’
386 2406 476 2434 εἰκόνα
507 2407 553 2443 μὲν
580 2409 646 2434 Θεοῦ
675 2408 835 2445 γεγενῆσθαι
858 2408 942 2444 ἡμᾶς,

83 2455 226 2492 εὔδηλον
253 2451 310 2479 ἀπὸ
338 2455 388 2486 τῆς
417 2451 535 2490 Γραφῆς.
561 2453 624 2483 Πώς
653 2450 681 2480 δὲ
706 2453 748 2487 τὸ,
777 2452 838 2480 Κατ’
854 2452 944 2479 εἶχόνα

85 2503 179 2537 Θεοῦ,
217 2496 352 2532 νοητὲον.
383 2493 468 2524 Οὐδέν
492 2507 518 2523 τι
547 2497 702 2533 σωματικὸν
725 2497 770 2524 καὶ
784 2497 879 2534 γήινον
905 2496 944 2524 ἐν·

81 2543 265 2582 νοήσασθαι
310 2541 366 2578 χρή
385 2549 391 2556 ·
432 2539 646 2578 ἂποκαθάρωμεν
693 2541 793 2569 ἑαυτῶν
832 2539 942 2579 καρδίαν

83 2588 269 2621 ἰδιωτικήν,
296 2584 436 2622 πρόληψιν
451 2583 623 2622 ἀπαίδευτον,
648 2586 763 2622 ἀμαθεῖς
791 2586 853 2623 περὶ
877 2588 943 2613 Θεοῦ

82 2635 283 2670 ὑπολήψεις,
315 2629 397 2657 ὁποῖά
422 2629 491 2661 τινες
518 2640 608 2668 φασιν.
628 2631 661 2658 El.
689 2632 749 2659 κατ’
779 2630 868 2658 εικόνα
891 2630 943 2669 γὰρ

124 2720 138 2738 ι
156 2715 252 2747 Psal.
274 2719 391 2748 cxnvm,
406 2712 433 2740 5.
472 2712 483 2729 ⁸
498 2712 571 2741 Gen.
582 2721 602 2747 ι,
613 2714 658 2742 27.

128 2791 172 2829 (α)
190 2783 344 2818 Ἐχτίασο.
359 2783 408 2820 Η.,
423 2779 521 2814 ἔκτισε.

991 1606 1082 1635 Deum
1099 1615 1132 1635 ac
1155 1609 1211 1635 tres
1227 1616 1367 1643 personas
1383 1606 1532 1642 intelligas
1547 1615 1554 1640 ;
1571 1615 1629 1634 non
1646 1606 1696 1642 qui
1719 1604 1818 1633 subsi-

992 1651 1115 1679 stentias
1126 1651 1238 1680 unitate
1251 1660 1419 1688 componas,
1433 1652 1483 1680 sed
1495 1651 1546 1687 qui
1558 1658 1647 1679 uuam
1659 1649 1818 1678 essentiam

992 1698 1110 1732 reputes
1123 1705 1156 1724 ac
1172 1697 1331 1732 potentiam
1346 1705 1352 1724 :
1369 1705 1519 1732 unamque
1548 1695 1656 1723 habeas
1684 1694 1820 1730 majesta-

993 1742 1063 1773 tem,
1075 1741 1154 1769 haud
1171 1742 1282 1769 scissus
1297 1743 1386 1776 atque
1401 1741 1513 1768 divisus
1525 1739 1704 1768 adorationis
1724 1738 1816 1772 cultu,

994 1785 1126 1821 nihilque
1142 1785 1348 1822 impingensin
1373 1793 1500 1813 errorem
1529 1783 1657 1820 plurium
1683 1783 1815 1811 deorum.

993 1830 1056 1858 Non
1072 1830 1147 1858 enim
1164 1830 1247 1866 dixit,
1260 1830 1400 1858 Fecerunt
1421 1830 1461 1857 dii
1490 1828 1640 1857 hominem
1656 1837 1662 1862 ;
1687 1828 1738 1855 sed
1768 1829 1816 1855 Fe-

993 1876 1031 1902 cit
1047 1878 1126 1902 Deus.
1137 1875 1266 1903 Tametsi
1282 1875 1360 1903 enim
1377 1874 1494 1910 propria
1507 1875 1552 1902 est
1563 1881 1688 1908 persona
1710 1872 1817 1907 Patris,

995 1919 1171 1955 propriaque
1189 1919 1260 1953 Filii,
1277 1928 1310 1947 ac
1326 1919 1443 1955 propria
1459 1918 1588 1954 Spiritus
1604 1916 1708 1951 sancti,
1737 1916 1817 1944 haud

995 1965 1094 1991 tamen
1106 1966 1259 1999 propterea
1270 1964 1358 1992 etiam
1375 1966 1434 1991 tres
1446 1963 1485 1991 dii
1499 1972 1505 1996 ;
1521 1962 1629 1990 idcirco
1640 1961 1710 1997 quia
1724 1961 1753 1988 in
1766 1960 1818 1988 tri-

996 2009 1051 2036 bus
1067 2009 1168 2036 eadem
1179 2007 1569 2043 substantialisintelligitur
1592 2006 1695 2034 deitas.
1725 2006 1818 2037 Quam

997 2053 1075 2080 enim
1087 2053 1117 2080 in
1133 2055 1219 2080 Patre
1235 2061 1320 2081 cerno
1335 2053 1486 2086 deitatem,
1504 2051 1579 2079 hanc
1595 2053 1623 2078 et
1638 2051 1668 2077 in
1685 2049 1766 2082 Filio,
1791 2050 1820 2076 et

998 2106 1086 2133 quam
1102 2097 1131 2125 in
1144 2097 1227 2132 Filio,
1239 2105 1304 2125 eam
1320 2100 1348 2125 et
1359 2098 1388 2124 in
1405 2097 1515 2132 Spiritu
1532 2097 1645 2123 sancto.
1671 2094 1751 2126 Quod
1773 2093 1821 2120 ni-

999 2142 1106 2169 mirum
1123 2142 1151 2169 in
1168 2142 1213 2169 his
1223 2150 1340 2178 quoque
1352 2150 1410 2169 una
1421 2140 1602 2176 intelligatur
1617 2137 1821 2171 forma,idem-

999 2195 1055 2222 que
1069 2186 1264 2222 principium:
1280 2187 1368 2222 idque
1384 2186 1413 2213 in
1435 2194 1524 2214 causa
1535 2186 1590 2217 est,
1607 2184 1683 2211 utet
1704 2191 1721 2210 a
1737 2181 1823 2210 nobis

1000 2239 1058 2258 una
1078 2230 1172 2258 tribus
1187 2231 1318 2258 adoratio
1330 2239 1363 2259 ac
1377 2230 1508 2258 laudatio
1519 2227 1604 2265 quasi
1621 2227 1671 2255 uni
1688 2227 1746 2254 Deo
1770 2225 1822 2253 ad-

998 2275 1141 2303 hibeatur.
1158 2275 1246 2302 Ortus
1261 2275 1361 2311 itaque
1376 2275 1469 2302 nostri
1483 2273 1646 2306 exordium,
1661 2278 1728 2299 vera
1739 2269 1822 2298 trinae

997 2314 1117 2348 deitatis
1133 2320 1275 2356 professio
1291 2319 1475 2355 intelligitur.

1034 2365 1060 2391 4.
1072 2365 1217 2392 Faciamus
1233 2364 1370 2392 hominem
1386 2364 1421 2391 ad
1436 2363 1592 2400 imaginem
1602 2363 1627 2389 et
1656 2359 1823 2388 similitudi-

998 2417 1070 2437 nem.
1088 2408 1190 2436 Fuisse
1202 2417 1255 2436 nos
1266 2408 1399 2436 conditos
1421 2408 1458 2435 ad
1487 2407 1537 2434 Dei
1566 2404 1736 2441 imaginem,
1757 2412 1821 2439 per-

998 2453 1134 2489 spicuum
1151 2461 1184 2481 ex
1195 2453 1344 2489 Scriptura
1359 2454 1413 2481 est.
1429 2453 1464 2480 At
1475 2459 1602 2488 quonam
1613 2449 1701 2478 modo
1715 2447 1823 2476 intelli-

998 2498 1138 2534 gendum,
1155 2498 1232 2534 quod
1244 2498 1286 2526 ita
1297 2497 1406 2525 dictum
1421 2498 1480 2525 est:
1496 2496 1535 2524 Ad
1550 2492 1724 2530 imaginem?
1743 2491 1822 2520 Nihil

997 2542 1051 2570 tibi
1060 2550 1232 2579 corporeum
1243 2551 1277 2570 ac
1286 2544 1436 2570 terrenum
1449 2541 1478 2569 in
1488 2542 1615 2568 mentem
1625 2537 1702 2566 826
1715 2536 1822 2565 veniat.

998 2587 1080 2615 Rude
1096 2589 1286 2615 cornostrum
1297 2589 1385 2623 atque
1400 2586 1540 2614 inscitum
1555 2585 1752 2620 depurgemus
1764 2579 1823 2614 ;in-

998 2632 1144 2661 eruditam
1158 2634 1330 2668 occupatam
1343 2630 1605 2662 existimationem;
1626 2626 1759 2655 indoctae
1787 2624 1824 2652 de

1040 2786 1079 2824 (b)
1093 2784 1283 2824 Παριισήχθη.
1298 2786 1364 2820 Με.,
1381 2780 1529 2821 παρεδόθη,
