2018 3146
189 151 228 180 l5
657 144 857 175 APPENDIX
879 142 1043 174 OPERUM
1066 143 1098 173 S.
1122 142 1264 172 BASlLll
1288 141 1426 172 MAGNI.
1856 141 1888 171 i6

185 218 243 244 Deo
251 223 285 243 ac
301 212 460 241 illiberales
471 211 641 248 opiniones;
658 209 822 245 cujusmodi
833 209 953 245 quidam
970 207 1010 235 di-

1070 209 1136 234 Θεοῦ
1165 206 1321 245 γεγόναμεν,
1352 206 1515 246 σύμμορφος
1544 207 1651 237 πάντως
1680 207 1748 242 ἡμῖν
1779 205 1848 234 ἐστιν
1875 207 1887 234 ὁ

183 261 264 288 cunt.
280 258 396 287 Etenim
412 257 436 285 si
449 257 483 284 ad
497 257 547 284 Dei
575 255 735 291 imaginem
765 254 874 282 conditi
894 261 1010 286 sumus,

183 304 260 332 Deus
276 302 362 331 nobis
377 310 498 338 prorsus
515 300 674 328 conformis
695 299 833 327 exsistit?
857 306 910 326 nec
939 298 1011 325 forte

184 347 358 376 desuntDeo
374 346 451 374 oculi
477 348 506 373 et
529 353 615 373 aures
634 353 641 378 ;
663 346 763 379 caput,
792 350 957 378 manusque
987 344 1014 369 et

186 401 283 425 coxas,
300 391 408 427 quibus
423 390 575 425 fulciatur,
592 389 679 416 habet
692 390 702 416 3’
713 387 825 416 Etenim
842 387 872 414 in
884 387 1013 422 Scriptu-

185 445 219 465 ra
233 436 343 464 dicitur
355 437 431 462 Deus
441 435 560 466 sedere;
579 434 701 469 pedibus
718 432 857 468 praeditus
869 431 1012 466 esse,qui-

187 482 243 508 bus
252 480 392 508 ambulet.
404 479 486 506 Haud
497 479 575 506 enim
590 485 658 504 vero
676 478 749 504 Deus
764 476 832 504 talis
843 477 1014 503 est.Absur-

188 526 241 554 das
252 526 351 553 animo
365 525 467 560 ablega
483 523 684 559 cogitationes.
695 523 820 550 Sensum
830 521 922 557 abjice
937 529 954 548 a
965 521 1012 548 Dei

187 570 392 598 abhorrentem
406 568 617 604 magnitudine.
626 568 700 594 Deus
711 567 789 593 omni
806 568 890 593 vacat
902 566 1012 601 ﬁgura;

185 614 310 649 simplex
326 616 380 647 est,
393 612 469 640 mole
481 614 559 640 caret
570 614 598 639 et
614 611 788 647 quantitate.
799 610 864 638 Noli
880 612 929 637 tuo
950 610 1013 645 ipse

184 659 282 686 animo
299 658 423 685 formam
440 658 469 684 in
484 656 542 684 Deo
558 656 695 691 cogitare.
712 654 776 682 Noli
796 655 920 682 Judaice
945 662 1012 681 eum

184 703 234 738 qui
250 710 377 738 magnus
392 703 448 735 est,
463 700 493 727 in
510 702 670 735 angustum
684 707 798 735 cogere.
818 698 882 726 Noli
910 706 1012 734 corpo-

183 747 241 774 reis
257 749 347 774 Deum
363 745 541 781 cogitatibus
557 743 711 779 complecti
725 753 731 771 :
757 752 794 770 ne
819 745 876 770 tum
903 742 1011 770 mentis

184 791 330 827 angustiis
346 798 414 818 eum
431 789 666 817 circumscribas.
684 787 948 823 lncomprehensus
968 789 1012 814 est

185 834 394 870 magnitudine.
407 833 508 870 Cogita
525 833 812 868 magnum,addeque
827 839 934 868 magno
948 839 1010 858 am-

1066 251 1145 286 Θεός;
1172 252 1216 279 καὶ
1248 251 1387 290 ὀφθαλμοὶ
1409 252 1482 289 τάχα
1497 250 1558 289 περὶ
1574 251 1650 284 θεὸν,
1666 251 1712 278 καὶ
1728 249 1793 286 ὦτα,
1809 261 1885 290 κεφα-

1066 295 1114 332 λή,
1143 299 1247 334 χεῖρες,
1277 295 1368 334 ἰσχίον
1393 295 1433 335 ἐφ’
1463 295 1494 323 οὗ
1520 295 1643 333 ι’δρυταις
1673 295 1785 334 Λέγεται
1809 296 1887 334 γάρὸ

1068 341 1133 371 Θεὸς
1161 340 1186 367 έν
1213 342 1247 378 τῇ
1265 342 1357 379 Γραφῇ
1378 341 1544 375 καθέζεσθαι·
1569 339 1616 367 καὶ
1644 338 1727 370 πόδες
1758 339 1839 376 αὐτῷ,
1855 338 1887 367 δι’

1069 385 1106 411 ὢν
1120 388 1273 422 περιπατεῖ.
1298 385 1401 412 Οὐκοῦν
1426 386 1550 416 τοιοῦτος
1574 385 1588 412 ὁ
1616 385 1682 415 Θεός
1700 397 1706 418 ς
1727 385 1888 411 ’Δποσκεύα-

1069 439 1114 456 σον
1129 432 1167 466 (α)
1182 433 1231 464 τῆς
1250 428 1362 467 καρδῖας
1379 429 1552 468 φαντάσματα
1572 430 1691 467 ἀπρεπῆ⁶
1716 426 1814 456 ἔκϐαλε
1841 429 1888 456 ἀπὸ

1069 476 1117 502 σοῦ
1144 473 1262 502 διάνοιαν
1292 474 1499 513 ἀφαρμόζουσαν
1535 476 1574 510 τῷ
1598 473 1703 511 μεγέθει
1727 475 1775 501 τοῦ
1804 476 1887 502 Θεοῦ.

1069 519 1293 556 Ἀσχημάτιστος
1323 520 1336 546 ὁ
1361 519 1436 552 Θεὸς,
1467 517 1581 552 ἁπλοῦς,
1612 518 1757 556 ἀμεγέθης,
1779 517 1886 549 ἄποτος.

1068 564 1112 597 Μὴ
1136 566 1289 600 φαντασθῇς
1317 566 1424 602 μορφὴν
1453 563 1496 590 ἐπὶ
1511 565 1588 590 Θεοῦ·
1607 563 1644 600 μὴ
1674 563 1889 600 κατισμικρύνῃς

1068 607 1224 639 Ἰουδαϊκῶς
1237 608 1282 635 τὸν
1305 609 1400 645 μέγαν·
1434 609 1471 645 μὴ
1489 605 1638 646 περιλάϐῃς
1653 607 1698 634 τὸν
1716 607 1779 635 Θεὸν
1797 618 1888 644 σωμα-

1067 655 1154 683 τικαῖς
1178 652 1305 683 ἑννοίαις’
1341 654 1378 689 μὴ
1406 654 1576 690 περιγράῲῃς
1605 652 1685 679 αὐτὸν
1715 652 1753 688 τῷ
1782 654 1820 688 σῷ
1844 654 1887 688 νῷ.

1066 696 1266 734 Ἀπερίληπτός
1283 696 1337 724 ἐστι
1354 699 1394 733 τῷ
1410 697 1527 735 μεγέθει.
1548 696 1720 731 Κατανόησον
1736 696 1782 724 τὸν
1799 695 1888 732 μέγαν,

1066 741 1111 768 καὶ
1139 744 1179 778 τῷ
1206 741 1317 779 μεγάλῳ
1341 741 1456 779 πρόσθες
1479 741 1574 769 πλεῖον
1591 743 1639 768 τοῦ
1654 741 1830 777 νενοημένου,
1846 741 1888 768 καὶ

1065 787 1105 821 τῷ
1119 785 1223 813 πλείονι
1238 786 1268 812 τὸ
1284 785 1392 813 πλεῖον·
1409 785 1453 813 καὶ
1468 786 1515 813 τὸν
1538 787 1652 813 σεαυτοῦ
1677 784 1814 823 λογισμὸυ
1835 787 1891 812 πεῖ-

1066 840 1123 866 σον,
1137 830 1179 857 ὅτι
1193 832 1247 856 τῶν
1261 829 1412 868 ἀπεράντων
1428 829 1477 857 οὐκ
1493 830 1619 866 ἐφίξεται.

185 879 263 914 plius
278 887 367 915 quam
381 877 573 914 cogitaveris;
590 876 777 913 amptiusque
789 876 886 904 adhuc
902 875 1254 912 superaddas,certusque
1270 876 1368 903 animo
1385 876 1436 910 sis,
1450 884 1506 903 non
1523 883 1609 912 posse
1620 875 1733 911 ﬂcri,ut
1744 883 1807 911 qua
1823 876 1890 903 sunt

186 923 311 958 infinita,
330 931 460 958 unquam
475 922 654 958 assequeris.

221 984 248 1013 5.
265 984 330 1014 Noli
344 984 443 1019 itaque
458 984 585 1020 cogitare
600 984 743 1020 ﬁguram;
760 992 777 1012 a
806 983 936 1020 potentia
962 983 1009 1010 in-

1098 983 1125 1010 5.
1155 982 1202 1017 Μή
1233 981 1279 1009 οὖν
1299 984 1396 1020 σχῆμα
1423 983 1539 1019 νοήσῃς·
1570 981 1622 1009 ἀπὸ
1654 980 1794 1017 ὃνναμεως
1822 980 1883 1012 Θεὸς

185 1028 328 1065 telligitur
343 1028 429 1056 Deus.
442 1028 504 1058 Non
523 1028 716 1064 quantitatem
731 1036 737 1062 ;
768 1027 876 1056 etenim
902 1027 1010 1063 ubique

185 1074 240 1107 est,
256 1075 285 1101 et
300 1081 389 1109 supra
405 1081 503 1100 rerum
524 1081 641 1100 omnem
667 1071 886 1100 universitatem
916 1072 1010 1099 modis

185 1117 347 1153 majoribus
360 1117 486 1145 excedit:
505 1117 555 1153 qui
577 1125 628 1145 nec
658 1117 806 1144 attrectari
828 1119 927 1152 queat,
958 1124 1010 1144 nec

183 1161 285 1195 videri,
303 1163 353 1189 aut
366 1163 462 1189 mente
473 1160 608 1196 intelligi,
625 1161 676 1197 qui
691 1169 744 1189 nec
754 1160 847 1196 figura
877 1169 1010 1188 coercea-

183 1207 242 1242 tur,
259 1213 313 1233 nec
324 1205 529 1242 magnitudine
544 1205 868 1238 circumscribatur,nec
880 1205 1011 1242 potentia

185 1258 355 1278 mensuram
373 1250 489 1285 habeat,
504 1259 561 1278 non
584 1250 722 1286 temporis
747 1250 937 1278 concludatur
959 1259 1010 1278 an-

184 1294 300 1330 gustiis,
319 1303 378 1322 non
403 1295 498 1322 tribus
520 1295 654 1323 terminis
679 1294 807 1323 finiatur.
832 1295 910 1323 Nihil
933 1294 1011 1322 enim

187 1347 308 1374 prorsus
325 1339 353 1366 in
366 1339 434 1374 Deo,
447 1339 613 1375 cujusmodi
624 1339 654 1367 in
670 1339 765 1374 nobis,
791 1342 842 1368 aut
869 1340 957 1368 etiam
982 1339 1011 1367 in

1065 1028 1176 1055 νοεῖται.
1205 1027 1250 1061 Μὴ
1283 1027 1394 1064 μέγεθος
1433 1029 1574 1064 πανταχοῦ
1599 1026 1650 1064 γάρ
1681 1025 1746 1060 ἐστι,
1762 1025 1807 1052 καὶ
1825 1026 1888 1063 ὑπὲρ

1064 1071 1095 1098 τὸ
1111 1074 1162 1098 πᾶν
1184 1071 1346 1108 περισσεύει.
1375 1070 1520 1108 ἀνέπαφον,
1539 1070 1665 1109 ἀόρατον,
1695 1070 1888 1105 ἀχατανόητον·

1067 1116 1136 1152 μήτε
1151 1116 1274 1153 σχήματι
1303 1114 1587 1154 περιλαμϐανόμενον,
1615 1116 1685 1151 μήτε
1711 1115 1816 1151 μεγέθει
1840 1124 1888 1141 πε-

1066 1169 1278 1198 ριγραφομενον’
1305 1161 1343 1197 μὴ
1375 1159 1485 1197 δυνάμει
1509 1159 1724 1198 ἐκμετρούμενον
1742 1159 1781 1195 μὴ
1798 1159 1889 1196 χρόνῳ

1065 1203 1300 1242 περικλειόμενον,
1334 1205 1371 1241 μὴ
1397 1205 1493 1240 πέρασι
1515 1203 1602 1241 τρισὶν
1618 1201 1789 1241 ὁριζόμενον.
1806 1201 1888 1231 Οὐδὲν

1065 1249 1115 1288 γάρ
1132 1248 1201 1276 ἐστιν
1219 1249 1291 1280 ὅλως
1306 1249 1367 1286 περὶ
1386 1249 1462 1285 Θεὸν,
1478 1250 1573 1277 ὁποῖον
1603 1249 1664 1286 περὶ
1694 1249 1778 1284 ἡμᾶς,
1804 1247 1822 1281 ἢ
1846 1246 1889 1274 γαὶ

1066 1294 1099 1321 τὰ
1115 1291 1205 1329 μόνως
1221 1296 1317 1329 νοητά.
1334 1296 1395 1326 Πῶς
1411 1293 1456 1321 οὖν
1482 1295 1499 1328 ἡ
1527 1293 1619 1332 Γράφὴ
1642 1293 1713 1320 εἶπεν
1730 1293 1804 1328 ἡμᾶς
1832 1291 1890 1318 κατ’

1067 1338 1156 1366 εἶκόνα
1172 1341 1237 1366 Θεοῦ
1252 1340 1410 1376 γεγενῆσθαι
1423 1348 1430 1373 ;

189 1382 225 1410 iis
242 1391 306 1419 quae
322 1383 384 1412 sola
394 1385 491 1412 mente
507 1386 631 1421 possunt
646 1383 780 1420 intelligi.
797 1385 929 1418 Quonam
945 1383 1035 1421 igitur
1045 1384 1130 1412 modo
1142 1384 1293 1420 Scriptura.
1307 1385 1342 1412 ad
1368 1384 1418 1412 Dei
1448 1392 1501 1412 nos
1531 1383 1689 1419 imaginem
1704 1383 1796 1411 factos
1825 1391 1890 1411 esse

187 1427 284 1454 dixit?

221 1489 249 1516 6.
266 1491 468 1525 Agnoscamus
483 1491 555 1526 quid
579 1491 628 1519 Dei
658 1491 808 1527 proprium
835 1491 1008 1525 habeamus,

186 1535 274 1569 atque
286 1533 315 1560 id
331 1534 408 1569 quod
425 1535 520 1562 estad
543 1535 700 1571 imaginem
728 1536 805 1563 haud
835 1544 957 1571 prorsus
980 1537 1010 1562 in

185 1577 280 1605 forma
294 1585 431 1612 corporea
446 1579 538 1615 accipi
553 1588 647 1614 posse.
673 1581 738 1608 Haec
761 1581 868 1616 quippe
886 1580 915 1608 in
946 1589 1011 1608 cor-

185 1630 254 1658 pore
269 1624 314 1650 est
328 1622 420 1650 oculis
431 1624 589 1659 conspicuo
603 1633 609 1651 :
626 1633 773 1660 nusquam
788 1633 855 1652 vero
889 1625 949 1657 fiat,
980 1627 1012 1652 ut

187 1666 265 1702 quod
280 1665 464 1702 inaspectum
479 1671 533 1700 est,
544 1667 573 1695 in
590 1669 719 1696 reoculis
734 1669 892 1704 conspicua
906 1669 1012 1704 ligure-

188 1712 250 1744 tur;
268 1716 298 1738 at.
312 1719 416 1746 neque,
429 1714 461 1739 ut
472 1713 550 1747 quod
567 1713 745 1748 corruptioni
775 1713 932 1740 obnoxium
957 1715 1011 1746 est,

187 1755 252 1790 ejus
262 1754 359 1791 imago
375 1755 423 1789 sit,
438 1756 514 1791 quod
530 1756 566 1784 ab
590 1758 671 1784 omni
685 1760 730 1784 est
752 1753 936 1792 corruptione
957 1757 1012 1784 im-

189 1807 288 1827 mune.
300 1799 412 1827 Etenim
427 1808 532 1836 corpus
547 1804 739 1837 augmentum
751 1802 831 1834 facit,
843 1801 1012 1829 diminutio-

190 1851 257 1871 nem
272 1844 392 1880 patitur,
409 1846 601 1878 consenescit,
617 1845 674 1873 alia
688 1854 722 1873 ex
737 1846 795 1874 alia
811 1846 952 1881 qualitate
963 1847 1013 1873 de-

189 1890 299 1916 terente
315 1891 465 1923 mutatur;
478 1889 555 1917 aliud
567 1890 753 1925 injuventute
764 1893 817 1923 est,
834 1893 919 1925 atque
934 1889 1013 1918 aliud

189 1931 220 1959 in
234 1935 382 1961 senectute
395 1933 490 1967 ,aliud
503 1942 570 1961 cum
584 1943 722 1970 prospera
735 1936 827 1962 utitur
836 1935 1011 1970 valetudine,

187 1978 275 2013 atque
290 1976 369 2005 aliud
385 1985 453 2005 cum
469 1979 579 2006 morbis
593 1979 740 2013 iactatur;
767 1979 846 2007 aliud
875 1987 942 2006 cum
963 1978 1012 2006 lse-

187 2023 275 2055 tatur,
288 2020 367 2049 aliud
383 2030 449 2049 cum
462 2022 492 2049 in
508 2022 659 2050 doloribus
675 2026 826 2057 versatur;
843 2023 922 2051 aliud
939 2032 1011 2059 pras-

187 2065 293 2099 ﬁdens,
310 2065 390 2094 aliud
407 2075 474 2094 cum
489 2067 613 2101 metuit;
631 2067 711 2095 aliud
727 2068 756 2095 in
775 2069 907 2103 penuria,
925 2071 1012 2104 atque

187 2110 267 2138 aliud
280 2110 310 2138 in
328 2111 520 2139 redundantia
539 2120 571 2140 ac
587 2113 758 2146 saturitate;
775 2113 852 2140 aliud
865 2113 905 2143 .in
930 2121 1010 2148 pace,

185 2156 273 2190 atque
289 2154 368 2182 aliud
385 2155 414 2182 in
430 2155 514 2183 bello.
527 2156 612 2184 Alius
627 2156 776 2192 vigilantis
789 2159 834 2184 est
848 2157 937 2190 color,
967 2159 1010 2185 at-

185 2205 241 2233 que
255 2198 331 2226 alius
347 2199 530 2227 dormientis.
553 2200 681 2236 Vigilans
697 2202 791 2235 magis
804 2201 924 2234 efﬂoret,
952 2209 1010 2236 quo

183 2243 289 2270 rubore
304 2243 502 2279 perfunditur,
521 2244 628 2272 idcirco
638 2245 707 2280 quia
733 2245 812 2272 calor
836 2249 916 2273 extra
942 2254 1010 2281 pro-

182 2287 330 2322 greditur;
344 2288 517 2316 dormientis
533 2291 630 2316 autem
647 2289 835 2325 confrigescit
850 2289 929 2317 calor
944 2291 1008 2317 etin

1100 1491 1127 1518 6.
1143 1491 1312 1527 Ἐπιγνῶμεν
1328 1489 1354 1516 τί
1370 1489 1468 1517 οἰκεῖον
1489 1491 1558 1516 Θεοῦ
1582 1486 1696 1526 ἔχομεν,
1724 1488 1768 1516 xei
1793 1488 1834 1515 ὅτι
1859 1488 1890 1516 τὸ

1065 1534 1121 1561 κατ’
1163 1533 1253 1561 εἰκόνα
1286 1533 1394 1564 πάντως
1433 1533 1482 1560 οὐκ
1509 1532 1535 1560 ἐν
1562 1534 1597 1568 τῇ
1623 1534 1765 1569 σωματικῇ
1795 1534 1889 1571 μορφῇ

1065 1577 1234 1615 έκληφοῆναι
1264 1577 1388 1605 δυνατόν.
1417 1581 1446 1605 ’Π
1480 1578 1527 1614 μὶν
1555 1578 1605 1615 γὰρ
1621 1576 1664 1604 ἐπὶ
1681 1576 1821 1615 ὁρωμένου
1838 1578 1892 1604 σώ-

1071 1632 1163 1658 ματος·
1193 1622 1220 1649 έν
1249 1623 1339 1660 ὁρατῷ
1368 1621 1445 1649 δὲτὸ
1473 1622 1587 1659 ἀόρατον
1619 1621 1650 1648 ού
1679 1621 1890 1659 σχηματίζεται·

1070 1666 1132 1694 ἀλλ’
1160 1665 1222 1693 οὐδὲ
1253 1667 1299 1703 μὲν
1319 1669 1357 1703 (b)
1371 1668 1402 1693 τὸ
1415 1668 1530 1706 φθαρτὸν
1561 1666 1603 1701 εἴη
1636 1667 1664 1693 ἃν
1693 1668 1741 1693 τοῦ
1755 1666 1892 1704 ἀφθάρτου

1067 1713 1084 1746 ἡ
1101 1711 1192 1739 εἰκών.
1209 1711 1249 1739 Τὸ
1264 1714 1344 1747 σῶμα
1361 1712 1407 1747 μὲν
1430 1711 1481 1749 γὰρ
1503 1710 1620 1747 αὔξεται,
1652 1713 1785 1748 μειοῦται,
1809 1713 1892 1748 γηρᾷ,

1068 1755 1242 1785 ἀλλοιοῦται.
1261 1755 1348 1784 ’Ἀλλο
1376 1755 1446 1782 ἐστὶν
1463 1755 1488 1782 ἐν
1502 1757 1536 1792 τῇ
1565 1756 1685 1791 νεότητι,
1710 1755 1754 1782 καὶ
1772 1754 1842 1782 ἄλλο
1864 1754 1891 1782 ἐν

1066 1802 1147 1839 γήρᾳ.
1167 1799 1238 1828 ἄλλο
1261 1799 1322 1827 ὅταν
1348 1801 1455 1837 εὖεκτῇ,
1479 1800 1524 1827 καὶ
1549 1799 1619 1828 ἄλλο
1643 1799 1705 1827 δτιν
1723 1799 1748 1826 έν
1779 1799 1891 1826 πάθεσιν

1066 1847 1094 1881 ᾖ·
1125 1844 1195 1872 ἄλλο
1221 1844 1440 1882 εὐφραινόμενον,
1464 1845 1508 1872 καὶ
1524 1843 1595 1872 ἄλλο
1620 1843 1802 1881 λυπούμενον·
1818 1842 1891 1872 ἄλλο

1067 1889 1193 1928 οαῤῥοῦν,
1213 1889 1258 1917 καὶ
1285 1889 1354 1917 ἄλλο
1370 1887 1549 1927 φοϐούμενονί
1581 1888 1651 1916 ἄλλο
1678 1888 1703 1916 ἐν
1732 1888 1829 1924 ἐνδείᾳ,
1843 1889 1892 1916 καὶ

1067 1933 1136 1961 ἄλλο
1153 1933 1178 1960 ἑν
1195 1932 1353 1970 πλησμονῇ-
1370 1932 1439 1960 ἄλλο
1455 1932 1480 1960 ἐν
1497 1933 1650 1970 ιὶρήνῃριαὶ
1668 1931 1738 1961 ἄλλο
1754 1932 1782 1960 ἐν
1799 1933 1891 1970 μάχῃ,

1066 1977 1138 2006 ἄλλο
1154 1980 1257 2016 χρῶμα
1271 1978 1466 2015 ἐγρηγορότως,
1491 1978 1533 2005 καὶ
1552 1977 1622 2005 ἄλλο
1636 1976 1823 2009 καθεύδοντος·
1841 1980 1891 2004 τοῦ

1069 2023 1115 2058 μὲν
1130 2022 1231 2058 ἐξανθεῖ
1258 2023 1325 2058 πρὸς
1338 2023 1369 2049 τὸ
1384 2022 1570 2060 ἐρυθρότερον,
1601 2024 1650 2049 τοῦ
1667 2023 1767 2058 θερμοῦ
1791 2021 1835 2048 ἐπὶ
1860 2021 1892 2049 τὸ

1067 2067 1117 2102 ἔξω
1133 2069 1301 2105 χωροῦντος·
1327 2069 1376 2094 τοῦ
1392 2065 1420 2093 δὲ
1440 2067 1603 2103 κατέψυκται
1628 2066 1674 2093 καὶ
1703 2065 1890 2101 συνέσταλται,

1066 2111 1110 2139 διὰ
1132 2112 1163 2139 τὸ
1188 2111 1231 2139 ἐπὶ
1255 2112 1286 2138 τὸ
1313 2111 1394 2149 βάθος
1409 2112 1459 2145 τήν
1485 2110 1640 2148 θερμότητα
1656 2109 1816 2142 εῐσδύεσθαι-
1848 2109 1893 2138 διὸ

1065 2156 1242 2193 χαὶῦπωχρα
1255 2157 1310 2183 τῶν
1326 2155 1507 2192 κοιμωμένων
1536 2155 1568 2182 τὰ
1596 2155 1720 2191 σώματα.
1748 2155 1811 2186 Πῶς
1840 2154 1891 2182 οὖν

1065 2199 1174 2228 δύναται
1190 2202 1221 2227 τὸ
1236 2199 1434 2236 ἀλλοιούμενον
1451 2201 1490 2235 τῷ
1511 2198 1693 2235 ἀναλλοιώτῳ
1709 2199 1820 2227 ἐοικέναι
1836 2209 1843 2231 ς
1860 2199 1894 2226 τὸ

1067 2244 1204 2281 μηδέποτε
1235 2245 1348 2280 ἑστηκὸς
1374 2243 1442 2281 μηδὲ
1464 2244 1508 2272 ἐπὶ
1536 2246 1634 2271 ταυτοῦ
1661 2244 1752 2280 μένον,
1779 2246 1820 2279 τῷ
1845 2243 1891 2271 ἀεὶ

1065 2289 1194 2320 ὡσαύτως
1212 2290 1256 2317 καὶ
1282 2290 1349 2316 κατὰ
1368 2289 1401 2316 τὰ
1416 2289 1483 2316 αὐτὰ
1498 2288 1590 2326 ἔχοντι
1605 2298 1612 2323 ;
1647 2288 1785 2327 Ἐχφεύγει
1812 2289 1892 2324 ἡμᾶς

183 2331 361 2366 profundum
377 2332 583 2367 contruditur;
602 2335 689 2368 atque
705 2333 734 2360 id
760 2342 854 2361 caussa
884 2337 928 2361 est
956 2342 1008 2362 cur

1066 2335 1098 2365 ὣς
1119 2334 1152 2361 τὰ
1181 2334 1287 2371 ῥευστὰ,
1314 2334 1377 2370 πρὶν
1407 2336 1533 2368 θεαθῆναι
1564 2332 1728 2371 ὑπέδραμεν,
1759 2331 1829 2359 ἄλλο
1863 2332 1890 2368 ἐξ

182 2375 411 2410 subpallescant,
427 2384 476 2411 qui
491 2384 594 2405 somno
607 2377 693 2412 sopiti
705 2380 786 2405 sunt.
803 2378 933 2409 Quonam
949 2379 1003 2414 igi-

181 2421 229 2447 tur
243 2420 341 2455 modo,
358 2420 435 2455 quod
452 2420 494 2448 sic
509 2429 544 2448 ex
559 2421 614 2448 alio
629 2421 706 2449 aliud
726 2424 828 2457 mutat,
844 2430 910 2450 eum
932 2423 1007 2450 refe-

181 2465 226 2491 rat
237 2464 287 2500 qui
303 2464 424 2492 abomni
447 2465 588 2493 immunis
606 2467 767 2494 mutatione
787 2467 852 2494 est?
879 2467 907 2494 id
928 2467 1006 2502 quod

180 2516 331 2544 nunquam
347 2508 491 2541 consistit,
504 2510 594 2537 necin
604 2511 706 2538 eodem
722 2513 799 2538 statu
813 2514 922 2543 manet,
937 2519 1005 2538 eum

179 2552 229 2589 qui
244 2553 346 2581 eodem
358 2561 474 2589 semper
491 2555 577 2582 modo
592 2563 726 2590 peraeque
738 2564 769 2583 se
780 2555 1004 2583 habet‘IDilabi-

177 2599 225 2624 tur
245 2596 340 2631 nobis,
357 2597 436 2625 velut
452 2607 497 2625 res
515 2598 591 2626 ﬂuxa
605 2607 611 2626 :
625 2600 798 2635 priusquam
819 2600 1003 2635 conspexeri-

1060 2378 1146 2406 ἄλλοι)
1176 2378 1293 2416 φαίνεται
1321 2378 1352 2405 τὸ
1380 2378 1547 2415 ἀνθρώπινον
1575 2380 1668 2414 σῶμα.
1699 2377 1764 2405 Κατ’
1793 2376 1888 2404 εἶκόνα

1062 2421 1205 2460 ἡμετέραν.
1222 2424 1284 2452 Πῶς
1301 2424 1384 2449 σῶσαι
1409 2421 1517 2449 δύναται
1546 2425 1595 2457 τῆς
1624 2421 1752 2456 ἀκινήτου
1781 2420 1892 2458 φύσεως

1062 2467 1193 2504 ήρευστὴ
1209 2466 1255 2494 καὶ
1272 2466 1458 2502 ἀλλοιουμένη
1489 2465 1567 2493 εἰκών
1589 2479 1595 2499 ;
1624 2469 1675 2501 τῆς
1702 2465 1841 2503 ἀμόρφου,
1870 2467 1890 2500 ἡ

1062 2511 1286 2550 μεμορφωμένη;
1304 2513 1365 2541 ηὼς
1381 2510 1426 2537 οὖν
1445 2511 1606 2547 ζητήσωμεν
1636 2511 1666 2537 τὸ
1690 2511 1749 2537 κατ’
1774 2509 1891 2545 εἷ’κόνα;

1060 2556 1103 2582 Ἐν
1121 2556 1163 2586 οἷς
1178 2555 1259 2586 αὐτὸς
1275 2556 1344 2582 εἶπεν
1360 2555 1385 2591 ἐξ
1411 2555 1529 2592 ὑπογύου
1589 2555 1663 2586 Θεὸς.
1680 2554 1741 2583 Ἐὶν
1773 2553 1838 2591 ἐμόν
1861 2565 1892 2582 τι

1059 2599 1140 2633 εἷ’πω,
1166 2600 1204 2636 μὴ
1233 2599 1426 2636 προσδέξησθε’
1456 2599 1499 2626 ἐὰν
1524 2598 1553 2626 δὲ
1569 2597 1740 2632 δεσποτικὸν,
1769 2597 1892 2626 καταδέ-

177 2649 253 2675 mus,
269 2650 301 2669 se
312 2641 439 2670 velocius
455 2643 594 2671 subducit
609 2651 616 2670 :
632 2642 711 2671 aliud
735 2653 769 2672 ex
800 2645 858 2672 alio
883 2648 1003 2680 apparet

1066 2647 1136 2679 ξασθε
1153 2665 1159 2672 .
1189 2645 1351 2680 Ποιήσωμεν
1379 2643 1521 2680 ἄνθρωπον
1549 2644 1607 2671 κατ’
1630 2644 1721 2671 εἰκόνα
1749 2644 1892 2681 ἡμετέραν

177 2685 339 2714 humanum
354 2695 469 2722 corpus.
489 2687 530 2715 Ad
545 2689 697 2722 imaginem
722 2693 855 2716 nostram.
876 2689 1001 2722 Quinam

1066 2688 1101 2715 ιαὶ
1138 2689 1196 2716 καθ’
1235 2688 1380 2725 ὁμοίωσιν·
1417 2688 1462 2716 καὶ
1498 2688 1657 2727 ἀρχέτωσαν
1694 2691 1750 2716 τῶν
1781 2688 1893 2726 ἰχθύων

212 2801 250 2838 (α)
263 2801 473 2831 Ἃποσκεύασοτ.
489 2803 575 2839 Editi,
592 2802 783 2837 ἀποσκεύαζον.
801 2804 879 2833 Ευιτ.

1089 2805 1128 2842 (b)
1143 2805 1211 2834 Mtv.
1228 2805 1312 2834 Forte
1328 2805 1393 2842 μήν.
1409 2805 1488 2834 Enrr.
