2018 3146
125 179 161 207 Π

626 177 675 206 DE
700 177 862 208 HUMINlS
885 179 1121 211 STRUCTURA
1146 181 1293 211 ORATIO
1316 182 1340 211 l.

1803 183 1841 212 18

121 241 179 270 Τίνι
204 241 299 280 ἄρχεις
327 243 381 268 τῶν
409 240 531 278 ίχθύων;
549 240 606 268 εἶπά
630 250 688 277 μοι’
705 242 821 278 σώματι,
838 241 855 276 ἢ
872 242 941 280 λογι-

1009 246 1070 280 list,
1086 249 1118 272 ut
1133 245 1326 274 immutabilis
1343 248 1452 273 natura:
1469 246 1547 274 ﬂuxa
1562 247 1719 283 sitimago,
1735 247 1837 275 aliam-

122 289 185 324 σμῷ
199 300 206 322 ;
222 286 248 314 ἐν
263 288 340 324 ψυχῇ
355 286 386 313 τὸ
403 284 500 323 ἄρχον,
517 285 534 319 ἢ
550 285 578 313 ἐν
592 285 670 323 σαρκί
688 295 694 320 ;

1006 297 1063 325 que
1074 298 1109 317 ex
1119 290 1175 317 alia
1188 290 1360 326 qualitatem
1373 292 1491 318 mutans
1503 290 1517 318 ‘I
1532 291 1596 325 ejus
1607 291 1656 327 qui
1668 292 1765 319 omnis
1776 292 1835 320 for-

124 345 178 364 ma:
195 345 315 373 exspers
324 336 517 371 exsistit,quae
528 336 622 364 forma
634 336 749 364 imbuta
764 339 808 364 est
818 337 963 365 ?Ubinam
975 337 1065 374 igitur
1075 340 1332 375 queeremus,quod
1345 342 1390 367 est
1405 340 1440 367 ad
1456 339 1615 376 imaginem
1624 340 1637 367 ?
1651 341 1680 367 In
1693 340 1728 368 iis
1740 341 1828 368 nimi-

122 390 201 416 rum,
219 382 250 409 in
266 381 371 417 quibus
387 382 450 417 ipse
459 381 536 408 Deus
552 381 683 417 proxime
694 381 767 410 327
783 382 864 409 dixit.
881 382 910 410 Si
925 383 994 418 quid
1010 392 1106 411 meum
1121 384 1230 418 dixero,
1243 393 1279 412 ne
1291 384 1438 419 recipiatis
1453 383 1496 417 ;si
1511 387 1608 412 autem
1624 385 1702 419 quod
1713 384 1830 413 Domini

120 427 209 460 est,id
220 434 286 454 vero
297 426 427 461 recipito.
439 426 583 453 Faciamus
597 426 736 454 hominem
746 426 781 454 ad
796 427 947 462 imaginem
959 430 1084 456 nostram
1093 431 1118 456 et
1132 429 1365 458 similitudinem;
1378 430 1404 456 et
1418 429 1533 464 prasini
1543 429 1674 463 piscibus.
1682 430 1813 460 Quonam
1822 449 1830 463 ,

119 479 218 507 quaeso
234 473 271 506 ιο,
282 470 413 506 piscibus
429 478 532 506 praess,
547 469 643 505 iisque
659 470 810 506 imperas?
825 479 954 507 corpore,
967 480 1004 499 an
1021 473 1133 500 ratione
1144 473 1197 500 ‘Iiu
1213 473 1310 500 animo
1328 472 1421 508 posita
1434 473 1549 508 imperii
1565 473 1617 506 vis,
1630 481 1666 500 an
1682 473 1711 500 in
1724 473 1831 501 carne?

154 520 180 546 7.
197 519 233 548 Τὸ
264 519 312 555 μὶν
331 518 383 556 γὰρ
411 517 579 555 ἀνθρώπινον
612 520 701 554 σῶμα,
721 517 835 545 πολλῶν
866 518 942 552 ζώων

118 562 225 600 ἀλόγων
254 562 416 597 καθέστηκεν
446 561 644 599 ἀσθενᾶστερον·
674 562 718 589 καὶ
743 561 792 589 οὖν.
818 563 848 589 ἂν
877 573 944 589 ποτε

117 607 271 646 συγκριθείη
288 608 356 645 πρὸς
383 605 497 643 δύναμιν
523 607 585 643 σὰρξ
615 606 736 644 ἡμετέρα
759 608 793 643 τῇ
821 609 869 633 τοῦ
893 617 941 634 χα-

119 651 221 689 μήλου,
237 651 255 686 ἢ
285 651 440 690 ἐλέφαντος,
464 650 483 685 ἢ
510 653 559 678 τοῦ
584 650 682 686 ἵππου,
705 652 722 686 ἢ
751 653 800 678 τοῦ
832 651 907 689 βοὸς,
923 651 940 685 ἢ

116 697 288 731 ἑκάστου,ὧν
320 695 349 723 ἂν
381 695 468 726 siam:
501 695 634 732 μεγίστων
656 694 768 733 θηρίων.
795 695 940 727 Εὐάλωτος

116 742 134 776 ἡ
163 741 227 778 σὰρξ
255 742 274 775 ἡ
303 740 474 778 ἀνθρωπίνη,
498 740 574 776 σαρκὶ
601 740 699 777 θηρίου
727 737 941 777 παραλαμϐανο-

120 786 187 823 μίνη
203 787 254 823 (α).
272 785 349 814 Ἀλλ’
363 784 389 812 ἐν
419 785 471 812 τίνι
487 785 519 812 τὸ
534 784 647 822 ἀρχικόν
662 797 670 819 ;
687 785 728 811 Ἐν
753 785 787 821 τῇ
815 786 863 811 τοῦ
892 783 939 811 λοι-

117 832 217 868 γισμοῦ
239 829 394 867 περιουσίᾳ’
412 828 476 856 ὅσον
501 828 588 856 λείπει
610 831 644 866 τῇ
670 827 781 865 δυνάμει
809 830 858 855 τοῦ
886 828 939 855 σώ-

119 885 215 909 ματος,
230 876 358 902 τοσοῦτον
372 873 491 911 περίεστι
506 874 541 909 τῇ
556 875 604 900 τοῦ
625 872 762 910 λογισμοῦ
777 875 937 909 κατασκευῇ.

116 919 165 946 Καὶ
180 919 232 957 γὰρ
247 921 264 954 ἡ
280 919 356 956 ψυχὴ
377 919 467 955 ἡμῶν,
482 918 527 945 καί
557 919 571 944 ὁ
596 917 621 945 ἐν
647 918 716 954 αὐτῇ
746 919 818 952 νοῦς,
834 918 939 944 ἅπαντα

115 950 200 991 ταῦτα
215 950 490 1001 ρᾳέιῴξὶᾶτοὲᾶττὶιν
506 960 659 997 δεδύνηται.
675 950 760 994 Ποθεν
783 950 816 989 τὰ
832 960 938 999 μεγάλα
954 950 977 982 Β

117 1008 187 1046 βάρη
208 1008 381 1045 μετατίθησιν
401 1007 563 1043 ἅνθρωπος;
581 1007 713 1041 Ἐπινοίᾳ,
772 1006 862 1038 τόνοις
885 1017 938 1033 σω-

116 1055 260 1090 ματικοῖς,
290 1053 369 1079 Ὥστε
393 1052 424 1079 τὸ
449 1051 563 1089 ἀρχικὸν
593 1052 670 1087 ἡμῖν,
692 1050 738 1078 καὶ
765 1051 822 1077 κατ’
849 1050 940 1077 εἰκόνα

113 1098 159 1125 καὶ
188 1097 247 1124 καθ’
266 1097 400 1134 ὁμοίωσιν
440 1098 517 1130 Θεοῦ,
546 1094 572 1123 ἐν
598 1097 633 1132 τῇ
658 1097 707 1123 τοῦ
735 1095 870 1133 λογισμοῦ
894 1105 940 1122 κα-

113 1143 232 1178 τασκευῇ
248 1141 411 1178 θιωρητᾶον,
428 1140 480 1168 οὐκ
495 1139 520 1167 ἐν
550 1142 585 1177 τῇ
613 1142 661 1167 τοῦ
678 1140 805 1176 σώματος
836 1141 939 1178 μορφῇ.

114 1187 280 1222 Ποιήσωμεν
323 1185 481 1224 ἄνθρωπονυ
507 1188 563 1212 κατ’
586 1184 677 1212 εἰκόνα
709 1185 854 1222 ἡμετέραν.
886 1184 939 1212 Τὸν

115 1229 172 1259 ἔσω
201 1231 343 1268 ἄνθρωπον
374 1229 458 1268 λέγει,
488 1231 652 1266 Ποιήσωμεν
683 1230 834 1266 ἄνθρωπον.
861 1227 942 1256 Ἀλλ’

115 1275 189 1314 ἐρεῖς
205 1275 247 1304 σύ.
264 1275 312 1302 Διὰ
337 1275 363 1302 τί
391 1274 422 1302 οὗ
452 1273 526 1311 λέγει
541 1275 609 1310 ἡμῖν
639 1273 700 1309 περὶ
717 1273 853 1311 λογισμοῦ
868 1286 875 1308 ;
890 1273 940 1299 Τὸν

115 1319 262 1358 ἄνῆρωπον
290 1320 347 1347 εἶπε
378 1320 436 1346 κατ’
465 1319 555 1346 εἰκόνα
582 1320 668 1347 Θεοῦ·
695 1319 709 1345 ὁ
739 1317 768 1345 δὶ
793 1317 940 1355 λογισμὸς,

115 1363 280 1402 ἄνθρωπος;
296 1364 397 1391 Ἀκουε
417 1366 466 1391 τοῦ
487 1363 658 1392 Ἀποστόλου
683 1363 822 1400 λὲγοντος·
840 1361 872 1390 Εἰ
896 1361 941 1388 καὶ

114 1408 128 1435 ὁ
145 1407 198 1443 ἔξω
227 1408 306 1444 ἡμῶν
336 1406 480 1445 ἅνθρωπος
499 1407 646 1446 φθείρεται,
673 1406 738 1434 ἀλλ’
761 1407 774 1433 ὁ
799 1403 851 1433 ἔσω
878 1406 940 1432 ἀνα-

113 1454 258 1480 καινοῦται
285 1453 376 1490 ἡμέρᾳ
404 1452 448 1479 καί
475 1452 575 1489 ἡμέρᾳ.
601 1454 663 1482 Πῶς
702 1450 748 1478 οὖν
787 1449 842 1477 δύω
872 1460 942 1487 γνω-

116 1496 187 1534 ρίσω
205 1496 251 1523 τὸν
268 1496 347 1524 αὐτὸν
372 1495 536 1532 ἅνθρωπον;
553 1497 613 1529 Ναὶ,
630 1495 722 1535 φησὶν,
737 1494 784 1523 ἕνα
810 1495 855 1522 τὸν
881 1504 942 1533 φαι-

117 1541 247 1576 νόμενον,
262 1540 306 1567 καὶ
327 1539 373 1567 ἵνα
399 1540 443 1568 τὸν
472 1540 524 1568 ὑπὸ
547 1543 587 1576 τῷ
602 1540 758 1578 φαινομένῳ
786 1537 943 1577 κεκρυμμέ-

113 1594 174 1619 νον,
191 1585 318 1623 ἀόρατον,
333 1585 378 1612 νὸν
392 1582 444 1612 ἔσω
468 1583 620 1621 ἄνθρωπον,
635 1584 682 1611 τὸν
707 1584 752 1611 καὶ
778 1583 941 1621 κυριώτερον

1033 521 1061 548 7.
1078 521 1150 548 Nam
1172 521 1249 557 quod
1266 521 1370 548 attinet
1383 521 1420 548 ad
1435 529 1542 556 corpus
1558 521 1733 555 humanum,
1751 521 1831 549 mul-

997 567 1096 593 tarum
1112 567 1265 593 brutarnm
1282 566 1478 593 animantium
1494 565 1672 593 imbecillius
1688 568 1733 594 est
1750 575 1756 593 :
1775 574 1828 594 nec

997 609 1047 637 ﬁat
1077 618 1220 645 unquam,
1237 615 1268 637 ut
1290 612 1391 637 nostra
1415 618 1492 644 caro,
1510 612 1654 645 quantum
1680 611 1715 637 ad
1738 610 1826 644 vires,

996 654 1166 681 conferatur
1179 662 1247 681 cum
1276 654 1379 681 cameli
1405 661 1491 681 carne
1517 656 1568 681 aut
1591 653 1767 689 elephantis,
1783 656 1826 683 vel

995 698 1063 733 equi
1079 700 1130 725 aut
1142 698 1223 725 bovis
1239 706 1289 726 seu
1307 698 1510 734 cujuscunque
1521 697 1662 726 malueris
1677 698 1825 734 majorum

995 743 1167 771 bestiarum.
1184 742 1304 777 Fragilis
1320 747 1365 770 est
1375 743 1506 770 humana
1514 750 1591 777 caro,
1602 742 1626 770 si
1639 750 1706 770 cum
1723 742 1824 770 bestias

994 795 1082 815 carne
1096 786 1265 814 contuleris.
1282 787 1444 821 Enimvero,
1460 788 1489 814 in
1516 795 1645 822 quonam
1666 787 1762 823 posita
1780 787 1823 815 vis

993 831 1045 860 illa
1060 831 1200 867 imperii?
1213 832 1243 858 In
1259 831 1382 859 rationis
1397 832 1481 866 copia
1495 839 1528 860 ac
1543 832 1824 867 praestantia.0uan-

992 879 1056 903 tum
1072 876 1171 903 deficit
1187 877 1316 911 corporis
1330 876 1453 911 viribus,
1472 879 1554 904 tanto
1582 875 1705 904 rationis
1729 884 1821 912 appa-

992 924 1057 948 ratu
1074 920 1208 956 superior
1222 920 1346 948 exsistit.
1361 920 1467 948 Anima
1481 921 1588 956 quippe
1604 921 1700 954 nobis,
1714 923 1742 948 et
1761 929 1820 956 qua

993 967 1090 993 mente
1105 965 1226 1000 praedita
1241 967 1294 998 est,
1307 965 1407 992 isthazo
1423 965 1522 992 omnia
1537 964 1620 992 facile
1635 965 1729 1001 potuit
1740 965 1820 992 subi-

993 1017 1070 1045 gere.
1085 1008 1236 1036 Undenam
1250 1009 1336 1037 homo
1352 1009 1479 1045 ingentis
1493 1009 1579 1036 molis
1593 1009 1733 1037 transfert
1747 1017 1819 1045 pon-

994 1054 1086 1081 dera?
1101 1054 1207 1080 mentis
1223 1054 1369 1088 acumine,
1385 1062 1421 1081 an
1433 1053 1563 1089 corporis
1579 1053 1703 1081 robore?
1718 1055 1820 1089 Itaque

994 1098 1038 1126 vis
1054 1097 1104 1125 illa
1118 1098 1146 1124 in
1164 1098 1249 1125 nobis
1265 1097 1391 1134 imperii,
1406 1100 1435 1125 et
1451 1098 1527 1133 quod
1543 1098 1579 1125 ad
1595 1098 1645 1125 Dei
1661 1097 1821 1133 imaginem

995 1151 1028 1171 ac
1055 1142 1282 1169 similitudinem
1309 1150 1424 1176 sumus,
1455 1143 1484 1169 in
1520 1141 1643 1169 rationis
1672 1141 1822 1177 animique

995 1189 1142 1214 structura
1157 1185 1334 1214 considerari
1347 1186 1442 1218 debet,
1453 1194 1509 1213 non
1528 1186 1558 1213 in
1576 1186 1669 1214 forma
1683 1185 1824 1222 corporis.

995 1232 1138 1259 Faciamus
1162 1231 1301 1258 hominem
1315 1230 1351 1257 ad
1376 1231 1525 1265 imaginem
1549 1234 1685 1258 nostram.
1713 1230 1754 1258 De
1779 1230 1823 1257 in-

995 1275 1096 1303 teriori
1112 1275 1232 1302 homine
1257 1274 1396 1310 loquitur,
1412 1282 1479 1302 cum
1504 1275 1554 1308 ait,
1580 1274 1713 1302 Facianus
1734 1275 1824 1302 homi-

995 1328 1068 1348 nem.
1086 1319 1198 1347 Atenim
1212 1318 1302 1351 dices,
1328 1318 1365 1346 Ut
1392 1319 1464 1354 quid
1484 1318 1569 1346 nobis
1584 1319 1620 1346 de
1635 1318 1749 1346 ratione
1765 1327 1825 1346 non

995 1364 1147 1401 loquitur?
1164 1364 1315 1392 Hominem
1340 1363 1413 1391 dixit
1428 1364 1464 1391 ad
1484 1363 1534 1391 Dei
1551 1372 1615 1391 esse
1635 1363 1796 1399 imaginem
1816 1372 1824 1391 :

996 1410 1128 1445 nunquid
1159 1409 1232 1437 ratio
1250 1408 1337 1436 homo
1359 1407 1428 1436 est?
1443 1408 1516 1435 Audi
1532 1407 1707 1443 Apostolum
1722 1407 1824 1435 dicen-

996 1457 1055 1483 tem
1073 1463 1079 1481 :
1097 1455 1171 1481 Licet
1185 1454 1209 1480 is
1221 1453 1269 1489 qui
1281 1453 1350 1488 foris
1365 1457 1414 1485 est,
1430 1451 1536 1487 inquit,
1551 1454 1644 1479 noster
1666 1452 1748 1479 homo
1761 1459 1824 1479 cor-

996 1500 1136 1534 rumptur,
1152 1502 1245 1525 tamen
1259 1498 1283 1524 is
1298 1498 1346 1532 qui
1359 1497 1434 1523 intus
1449 1500 1488 1524 est
1509 1498 1659 1524 renovatur
1677 1496 1710 1524 de
1732 1496 1777 1523 die
1792 1495 1824 1523 in

997 1543 1070 1571 diem
1077 1543 1174 1578 “.Ergo
1189 1541 1335 1576 duplicem
1351 1548 1509 1575 agnoscam
1524 1549 1616 1568 unum
1629 1540 1825 1575 eamdemque

997 1587 1169 1616 hominem?
1182 1587 1224 1614 Ita
1238 1587 1343 1623 plane;
1361 1594 1452 1614 unum
1467 1586 1672 1621 conspicuum,
1685 1588 1713 1613 et
1728 1593 1822 1613 unum

111 1629 158 1656 καὶ
177 1628 360 1667 ἀληθέστερον
375 1630 528 1667 ἄνθρωπον.
545 1630 620 1658 "Eam
645 1629 736 1656 τοίνυν
767 1627 867 1665 ἔχομεν
895 1625 941 1654 ἅν-

997 1635 1051 1662 sub
1067 1633 1116 1661 illo
1132 1632 1288 1668 conspicuo
1305 1631 1464 1663 occultum,
1481 1631 1650 1659 interiorem
1670 1630 1821 1658 hominem

113 1674 301 1710 0;w1rov,mi
325 1672 422 1702 διπλοῖ
443 1674 514 1704 τινές
544 1673 622 1710 ἐσμεν
636 1683 643 1690 ·
659 1673 703 1700 καὶ
728 1672 760 1700 τό
783 1683 814 1710 γε
841 1670 941 1707 ἀληθὲς

112 1718 278 1756 λεγόμενον,
296 1719 338 1746 δτι
356 1717 430 1746 ἔνδον
447 1717 538 1755 ἐσμέν.
555 1718 624 1755 Ἐγὼ
653 1718 703 1755 γὰρ
724 1717 792 1744 κατὰ
813 1717 859 1744 τὸν
889 1715 942 1744 ἔσω

109 1761 274 1800 ἄνθρωπον·
290 1762 324 1790 τὰ
352 1761 403 1798 ἔξω
432 1763 482 1790 οὐχ
509 1762 572 1800 ἐγὼ,
589 1761 662 1790 ἀλλὰ
690 1761 829 1798 ἐμά-ἐγὼ
858 1760 887 1788 δὲ
911 1760 943 1787 τὸ

112 1805 230 1844 λογικὸν
246 1810 297 1842 τῆς
315 1808 419 1845 ψυχῆς.
435 1809 514 1835 Ὥστε
535 1808 566 1835 τὸ
586 1806 690 1835 τέλειον
719 1806 744 1833 ἐν
771 1808 811 1842 τῷ
840 1805 943 1843 λογικῷ

107 1855 161 1886 τῆς
180 1853 277 1889 ψυχῆς
290 1851 402 1890 ἔχομεν.
419 1852 454 1879 Τὸ
468 1851 512 1880 οὖν
527 1855 616 1889 σῶμα,
629 1851 681 1888 ἐμά
693 1862 699 1868 ⁸
715 1852 746 1878 τὸ
774 1850 820 1878 οὖν
851 1853 941 1886 σῶμα,

108 1895 229 1934 ὄργανον
257 1899 307 1924 τοῦ
333 1897 488 1935 ἀνθρώπου,
519 1899 611 1935 ψυχῆς
637 1895 770 1935 ὄργανον·
801 1894 943 1933 ἅνθρωπος

107 1940 137 1968 δὲ
168 1941 289 1978 κυρίως,
314 1941 346 1969 τὸ
369 1942 428 1969 κατ’
451 1941 534 1976 αὐτὴν
562 1943 612 1977 τὴν
642 1943 746 1979 ψυχήν.
775 1941 941 1976 Ηοίήσωμεν

105 1985 261 2024 ἄνθρωπον
288 1985 346 2012 κατ’
372 1985 464 2013 εἰκόνα
502 1987 637 2023 ἡμετέραν
653 1995 660 2002 '
687 1987 820 2020 τουτέστι,
846 1984 942 2012 δώσω-

108 2041 158 2067 μεν
193 2029 271 2065 αὐτῷ
302 2028 387 2067 λόγου
411 2030 577 2068 περιουσίαν,
597 2031 643 2058 καὶ
666 2030 752 2062 οὕτως
768 2029 941 2068 Ἀρχέτωσαν

103 2078 163 2102 τῶν
210 2073 316 2112 ῗχθύων
347 2075 392 2102 καὶ
431 2077 485 2102 τῶν
527 2074 631 2111 θηρίων
664 2074 709 2102 καὶ
743 2075 860 2102 πάντων.
886 2074 943 2102 Οὐκ

120 2119 131 2130 v
166 2118 203 2129 v"
259 2119 263 2125 ν
511 2119 523 2125 ν
731 2120 736 2131 ι
809 2119 813 2128 ι

106 2130 170 2147 aut:
188 2120 232 2153 οὲ,
248 2120 290 2146 δτι
317 2120 480 2155 Ποιήσωμεν
508 2120 649 2157 ανθρωπον
679 2130 728 2147 κατ
759 2120 850 2146 εἰκονα
871 2120 942 2155 ἡμε-

104 2165 203 2201 τέραν,
235 2163 280 2190 καὶ
319 2163 526 2200 θυμούσθωσαν,
552 2164 597 2192 καὶ
636 2163 864 2201 ἐπιθυμείτωσαν,
897 2163 942 2190 καὶ

108 2207 316 2240 λυπείσθωσαν.
333 2208 372 2237 Οὐ
387 2208 439 2246 γὰρ
455 2209 488 2236 τὰ
508 2209 581 2244 πάθη
605 2209 643 2240 εἷς
669 2210 719 2243 τὴν
743 2211 792 2237 τοῦ
814 2210 880 2236 Θεοῦ
908 2207 944 2235 εἷ-

105 2254 178 2281 κόνα
191 2253 372 2291 παρελήφθη·
389 2252 453 2280 ἀλλ’
469 2254 482 2281 ὁ
496 2253 629 2292 λογισμὸς
651 2256 704 2281 τῶν
726 2255 818 2281 παθῶν
846 2251 943 2280 δεσπό-

103 2308 171 2333 της,
187 2298 203 2325 ὁ
230 2297 323 2335 ἅρχων
349 2298 456 2325 πάντων
482 2301 535 2326 τῶν
559 2301 734 2335 σωματικῶν,
753 2298 798 2325 καὶ
829 2298 943 2335 ὑπεραν-

106 2343 238 2378 εστηκὼς
258 2344 312 2369 τῶν
327 2342 497 2381 φαινομένων
513 2343 559 2370 καὶ
574 2341 757 2380 ψευδομένων.
774 2342 812 2370 Σὺ
835 2341 864 2370 δὲ
894 2353 941 2378 μοι

106 2386 256 2424 θαύμασον
270 2387 319 2421 τήν
332 2387 393 2424 περὶ
419 2387 448 2414 ei
467 2390 516 2415 τοῦ
542 2390 609 2416 Θεοῦ
633 2387 658 2424 ἐξ
680 2388 771 2425 ἀρχῆς
786 2387 869 2422 αὐτῆς
896 2398 944 2422 κη-

107 2431 244 2469 δεμόνιαν
268 2431 312 2458 καὶ
339 2431 482 2469 πρόνοιαν,
498 2433 539 2460 ὅτι
565 2432 643 2464 εὐθὺς
670 2432 805 2468 ἐκτίσθης,
822 2432 867 2459 καὶ
895 2431 944 2469 ἅρ-

106 2486 169 2514 χων
188 2475 329 2512 ἐκτίσθης,
344 2476 389 2503 καὶ
405 2475 517 2512 διηνεκῆ
548 2475 621 2515 ἔχεις
648 2477 694 2504 καὶ
720 2476 868 2515 ἁδιάδοχον
894 2478 944 2512 τήν

107 2521 216 2559 ἀρχήν.
249 2521 410 2557 ’Ἀνθρωπος
449 2521 501 2559 γὰρ
540 2522 614 2559 παρὰ
646 2522 790 2559 ἀνθρώπου
824 2521 942 2558 ἐξουσίαν

105 2565 172 2593 τινὰ
201 2562 367 2601 λαμϐάνων,
384 2565 421 2596 ὡς
445 2566 543 2601 θνητὸς
557 2566 631 2604 παρὰ
647 2567 757 2601 θνητοῦ,
773 2567 818 2594 καὶ
839 2567 876 2598 ὡς
905 2567 943 2604 μὴ

107 2609 186 2648 ἔχων
213 2609 292 2647 παρὰ
318 2610 355 2646 μὴ
377 2608 502 2648 ἔχοντος,
519 2611 610 2648 (ποίαν
622 2611 675 2649 γὰρ
700 2611 820 2646 ἐξουσίαν
851 2613 945 2649 ψυχῆς

106 2651 170 2692 ἔχει
197 2653 375 2691 ἄνθρωπος)
398 2655 509 2686 εἰκότως
535 2655 606 2694 ταχὺ
638 2655 713 2692 μάλα
736 2656 819 2691 αὐτὴν
846 2654 945 2684 ἀποϐέ-

109 2697 215 2735 ὗληκε”
233 2697 267 2726 σὺ
297 2697 326 2726 δὶ
355 2700 418 2737 παρ’
443 2699 525 2728 αὐτοῦ
552 2700 653 2736 ταύτην
669 2697 764 2732 ἔλαϐες
792 2703 841 2729 τοῦ
867 2703 946 2738 Θεοῦ,

146 2763 158 2782 ⁸
176 2762 203 2791 II
214 2762 282 2791 Cor.
298 2770 338 2799 ιν,
354 2763 396 2793 16.

151 2835 192 2872 (a)
209 2832 500 2874 Παραλαμϐανομὲνη.
514 2836 610 2873 Forte,
625 2833 872 2875 παραϐαλλομένη.
888 2839 967 2868 Em'r.

999 1677 1093 1706 oculis
1108 1685 1166 1704 non
1191 1676 1401 1710 conspicuum;
1418 1674 1469 1710 qui
1489 1677 1518 1703 et
1533 1675 1649 1711 proprie
1663 1675 1760 1711 magis
1777 1682 1826 1702 ve-

997 1723 1118 1757 riusque
1133 1722 1220 1749 homo
1235 1723 1289 1748 est.
1301 1721 1382 1747 Intus
1393 1720 1492 1756 itaque
1508 1720 1652 1747 habemus
1661 1719 1823 1753 hominem,

998 1769 1086 1802 atque
1095 1765 1226 1801 duplices
1239 1765 1455 1800 quodammodo
1467 1771 1572 1791 sumus
1585 1772 1592 1797 ;
1608 1771 1771 1799 verumque
1781 1765 1826 1791 est

998 1812 1074 1848 quod
1091 1811 1208 1843 dicitur,
1221 1818 1285 1837 esse
1296 1817 1348 1836 nos
1364 1808 1507 1841 interius;
1524 1816 1577 1843 ego
1593 1815 1722 1843 namque
1736 1807 1824 1835 homo

997 1855 1178 1883 illeinterior
1193 1862 1270 1882 sum.
1287 1854 1354 1885 Qum
1365 1853 1436 1880 foris
1451 1854 1531 1887 sunt,
1545 1860 1602 1880 non
1618 1859 1682 1887 ego,
1694 1852 1744 1879 sed
1760 1859 1826 1879 mea

998 1902 1087 1934 sunt;
1102 1908 1152 1935 ego
1170 1902 1269 1926 autem
1285 1898 1384 1926 anima
1409 1904 1529 1932 compos
1545 1895 1676 1924 rationis.
1693 1897 1824 1931 Quapro-

997 1948 1072 1981 pter,
1085 1943 1161 1980 quod
1176 1943 1335 1978 perfectum
1351 1943 1406 1975 est,
1417 1941 1448 1968 in
1462 1940 1560 1968 animo
1576 1940 1685 1968 residet
1700 1940 1822 1968 rationis

997 1992 1141 2025 compote.
1158 1988 1270 2024 Corpus
1284 1987 1375 2024 igitur
1388 1987 1419 2014 in
1435 1985 1471 2013 iis
1487 1993 1550 2021 quia
1568 1993 1635 2013 mea
1656 1987 1735 2012 sunt.
1751 1987 1825 2020 Ergo

997 2043 1103 2070 corpus
1121 2033 1246 2062 hominis
1269 2032 1499 2060 instrumentum
1522 2033 1576 2062 est,
1593 2029 1698 2057 animaa
1712 2030 1826 2057 instru-

997 2082 1130 2108 mentum
1144 2091 1152 2112 ;
1177 2078 1264 2106 homo
1292 2079 1389 2105 autem
1411 2075 1537 2112 proprie,
1553 2075 1617 2109 ipse
1632 2074 1759 2102 animus.
1775 2075 1825 2102 Fa-

996 2133 1058 2152 mus
1073 2124 1212 2152 hominem
1225 2122 1264 2150 ad
1288 2123 1439 2156 imaginem
1466 2121 1606 2150 nostram;
1634 2119 1686 2146 hoo
1701 2121 1757 2153 est,
1773 2120 1826 2146 Fa-

998 2170 1111 2198 ciamus
1126 2167 1169 2195 illi
1196 2167 1319 2195 rationis
1343 2165 1478 2200 copiam;
1502 2164 1592 2200 inque
1615 2171 1682 2191 eum
1706 2163 1827 2191 modum

997 2214 1116 2242 Praesint
1127 2212 1249 2248 piscibus
1261 2213 1286 2238 et
1302 2211 1381 2238 basiis
1396 2211 1483 2244 atque
1499 2207 1650 2236 omnibus.
1662 2207 1725 2235 Non
1740 2207 1827 2242 dixit,

997 2258 1140 2286 Faciamus
1169 2256 1306 2284 hominem
1333 2254 1368 2282 ad
1397 2253 1548 2288 imaginem
1568 2254 1700 2285 nostram,
1717 2254 1746 2280 et
1766 2251 1826 2280 ira.

998 2302 1103 2330 cundia
1119 2301 1239 2334 feratur,
1256 2299 1425 2335 cupiditate,
1441 2299 1470 2325 et
1485 2295 1622 2324 maestitia
1637 2298 1750 2332 agatur.
1762 2295 1825 2324 Non

999 2347 1078 2375 enim
1095 2344 1329 2382 perturbationes
1349 2344 1506 2377 assumptis
1524 2343 1594 2368 sunt
1607 2339 1638 2368 in
1656 2340 1705 2368 Dei
1720 2340 1826 2376 imagi-

998 2400 1085 2425 nem;
1109 2390 1160 2418 sed
1185 2389 1258 2416 ratio
1281 2396 1345 2424 qua:
1368 2384 1638 2423 perturbationibus
1665 2384 1748 2412 herili
1774 2392 1826 2421 po-

997 2437 1103 2464 testate
1132 2433 1318 2465 dominatur;
1348 2431 1421 2459 ratio
1454 2429 1595 2458 nimirum
1628 2429 1659 2456 in
1687 2437 1828 2466 corporea

999 2481 1099 2509 omnia
1115 2478 1282 2515 principatu
1299 2476 1423 2512 pollens,
1448 2476 1477 2502 et
1500 2483 1563 2510 quas
1579 2473 1670 2501 oculis
1692 2474 1828 2510 subjecta

999 2527 1070 2553 sunt
1084 2524 1249 2558 luduntque
1269 2521 1366 2557 specie
1389 2519 1542 2547 excedens.
1558 2520 1601 2546 'I‘u
1623 2526 1701 2551 vero,
1717 2526 1827 2554 quaso,

1000 2571 1107 2598 mirare
1125 2567 1173 2596 Dei
1188 2567 1218 2594 in
1239 2569 1268 2594 te
1289 2574 1324 2593 ex
1347 2565 1410 2600 ipso
1435 2563 1551 2591 exordio
1566 2571 1667 2590 curam
1682 2571 1715 2590 ao
1731 2563 1829 2598 provi-

1001 2614 1142 2646 dentiam,
1159 2611 1236 2647 quod
1252 2609 1352 2638 statim
1368 2611 1455 2643 atque
1479 2606 1614 2634 conditus
1638 2615 1680 2641 es,
1695 2606 1830 2642 princeps

1001 2667 1069 2686 cum
1084 2656 1207 2692 imperio
1224 2654 1363 2682 conditus
1382 2661 1425 2686 es,
1450 2653 1581 2687 jugeque
1605 2650 1772 2686 imperium,
1797 2659 1831 2679 ac

1001 2703 1079 2738 quod
1101 2700 1181 2729 nullo
1198 2705 1367 2728 successore
1388 2695 1566 2725 abolendum
1591 2695 1638 2729 sit,
1660 2696 1762 2723 nactus
1786 2703 1829 2724 es.
