2018 3146
178 192 217 222 19
648 190 848 221 APPENDIX
870 190 1031 221 OPEHUM
1056 191 1087 221 S.
1111 190 1251 221 BASILlI
1273 190 1416 222 MAGNI.
1847 189 1888 219 20

179 257 269 284 Homo
298 263 424 291 namque
451 256 488 284 ab
518 255 635 284 homine
664 258 837 291 potestatem
863 255 1001 291 aliquam,

1068 255 1110 282 καὶ
1127 254 1316 290 ἀνεξάλειπτον
1333 253 1416 293 ἓχεις·
1434 255 1483 282 οὐκ
1511 255 1536 282 ἐν
1563 255 1655 290 ξύλοις
1683 254 1890 292 γεγραμμένην,

179 300 264 337 quasi
280 300 413 328 mortalis
439 309 455 328 a
480 301 606 335 mortali,
623 302 651 328 et
674 300 760 336 quasi
783 309 840 328 non
863 301 974 328 habens
990 309 1006 328 ο

179 353 237 373 non
253 345 379 373 habente
395 344 542 381 accipiens
567 345 665 381 (quam
689 345 768 373 enim
794 345 881 373 homo
896 346 926 373 in
943 345 1005 373 ani-

181 398 260 418 mam
277 391 452 425 potestatem
481 389 570 418 habet
581 390 612 425 Ρ),
638 389 743 417 merito
771 398 858 425 quam
875 390 931 418 cito
947 398 1010 418 eam

180 434 291 462 amittit
304 443 311 468 ;
326 436 357 462 tu
374 436 472 462 autem
489 435 525 462 ab
536 434 599 470 ipso
609 434 666 462 Deo
677 443 741 462 eam
753 434 937 470 acoepisti,et
948 443 1011 470 quae

179 478 329 506 obliterari
346 487 403 506 non
421 479 513 514 possit
529 478 629 514 habes,
645 487 701 506 non
727 479 757 506 in
783 479 891 507 tabulis
907 478 1011 514 ligneis

179 522 330 558 scriptam,
347 524 398 550 aut
422 522 453 550 in
469 522 614 550 codicillis
628 522 779 558 perituris,
796 530 859 558 quae
883 531 900 550 a
924 522 1012 550 tineis

179 567 351 602 exeduntur,
376 567 426 594 sed
438 567 468 594 in
485 567 550 602 ipsa
565 571 669 595 natura
686 567 791 595 divinas
801 567 879 594 vocis
891 575 1012 595 munere

176 611 354 648 insculptum
386 620 419 639 ac
447 612 598 647 caelatum;
630 620 746 648 nempe.
778 613 908 640 Praesint.
934 612 1011 640 328

177 657 217 684 Ex
231 659 301 684 tunc
317 664 444 692 namque
469 658 498 683 et
525 656 554 683 in
581 656 669 684 ﬁnem
695 664 790 692 usque
823 658 928 684 cuncta
952 658 1013 684 haec

177 700 309 729 humano
331 709 416 728 serva
440 701 516 728 facta
540 703 611 728 sunt
635 709 668 728 ac
693 701 860 736 mancipata
875 701 1010 736 imperio.

178 746 227 772 Ait
243 753 370 780 namque
387 753 393 772 :
409 745 530 774 Praesint
543 745 674 781 piscibus,
691 745 785 773 bestii:
803 750 896 780 terrae,
912 746 1011 773 volati-

180 789 250 817 libus
270 790 342 823 cazli,
365 790 509 826 pecoribus
539 798 574 817 ac
590 790 744 825 jumentis,
775 790 921 825 reptilibus
951 798 1014 825 qua:

179 835 292 870 reptant
306 842 388 870 super
402 838 506 862 terram
520 835 541 861 ⁷.
568 834 630 862 Non
653 834 726 862 dixit
742 843 749 862 :
766 835 907 862 Faciamus
921 834 1011 862 homi-

179 887 242 906 nem
256 879 292 906 ad
313 879 467 914 imaginem
492 881 520 906 et
543 878 756 906 similitudinem
771 883 903 913 nost‘am,
921 881 949 906 et
965 888 1013 908 ve-

1062 298 1124 326 οὐδὲ
1148 299 1175 327 έν
1204 299 1285 335 πλαξὶ
1315 300 1445 338 φθαρταῖς
1474 299 1518 326 καὶ
1553 301 1642 334 σητῶν
1673 298 1864 335 δαπανήμασιν
1881 322 1887 328 .

1062 344 1126 372 ἀλλ’
1153 343 1179 371 έν
1209 344 1277 381 αὐτῇ
1305 346 1339 380 τῇ
1370 344 1445 382 φύσει
1489 343 1730 381 ἐγκεκολαμμένην
1761 343 1812 370 ἀπὸ
1841 347 1891 378 τῆς

1066 389 1179 426 πρώτης
1202 388 1273 420 θείας
1296 391 1399 428 φωνῆς,
1429 392 1491 423 τῆς,
1522 387 1707 426 Ἀρχέτωσαν.
1725 386 1814 415 Δοῦλα
1841 387 1892 425 γὰρ

1067 432 1157 460 ἔκτοτε
1183 434 1227 460 καὶ
1256 432 1322 470 ἄχρι
1347 432 1444 463 τέλους
1460 433 1492 460 τὰ
1507 432 1649 469 σύμπαντα
1662 434 1748 460 ταῦτα
1771 435 1822 466 τῆς
1848 432 1893 458 ἇν-

1067 479 1206 516 ορωπίνης
1242 477 1357 515 ἀρχῆς.
1388 477 1559 515 Ἀρχέτωσαν
1598 477 1649 514 γὰρ
1668 500 1675 513 ,
1708 477 1800 515 φησὶ,
1837 478 1891 504 τῶν

1067 522 1181 560 ἰχθύων,
1210 525 1264 550 τῶν
1293 521 1395 558 θηρίων
1423 523 1473 557 τῆς
1506 524 1566 559 γῆς,
1604 524 1658 548 τῶν
1687 522 1815 549 πετεινῶν
1844 522 1893 548 τοῦ

1067 567 1194 605 ούρανοῦ,
1223 569 1277 594 τῶν
1312 569 1431 602 κτηνῶν,
1454 569 1508 594 τῶν
1550 566 1669 604 ἑρπετῶν
1704 566 1757 593 τῶν
1797 565 1893 604 ἑρπόν-

1066 622 1119 639 των
1150 611 1193 639 ἐπὶ
1221 614 1271 644 τῆς
1300 615 1364 649 γῆς.
1391 610 1447 639 Οὐκ
1475 611 1541 638 εἷπε·
1560 611 1722 646 Ποιήσωμεν
1750 610 1891 647 ἄνθρωπον

1067 657 1124 684 κατ’
1164 656 1255 684 εἰκόνα
1293 656 1338 683 καὶ
1377 656 1436 683 καθ’
1471 655 1604 691 ὁμοίωσιν
1646 654 1805 692 ἡμετέραν,
1847 653 1894 681 καὶ

1067 701 1226 733 έσθιέτωσαν
1254 703 1305 728 πᾶν
1349 699 1429 735 ξύλον
1465 699 1602 736 κάρπιμον
1618 722 1624 732 ,
1650 700 1663 726 ὃ
1694 696 1752 736 ἔχει
1791 698 1896 736 καρπὸν

1067 745 1093 773 ἐν
1120 746 1225 782 έαυτῷο
1253 745 1364 783 ὕστερον
1394 745 1446 782 γὰρ
1473 746 1567 778 ταῦτα,
1600 743 1667 780 μετᾶ
1693 744 1743 778 τήν
1769 745 1818 770 τοῦ
1847 753 1897 770 πα-

1068 789 1196 828 ραδείσου
1226 789 1345 828 φυτείαν,
1372 788 1418 816 ἵνα
1447 788 1478 815 σὺ
1507 787 1654 826 διδαχοῇς,
1684 787 1794 826 δεύτερα
1823 786 1898 825 ἕχιιν

1067 835 1099 862 τὰ
1127 838 1178 869 τῆς
1207 834 1304 871 σαρκὸς
1329 834 1459 872 ἀναγκαῖα
1486 833 1560 870 παρὰ
1586 833 1621 860 τὰ
1638 836 1690 868 τῆς
1706 833 1799 870 ψυχῆς
1826 842 1895 869 προ-

1068 879 1216 917 ηγούμενα.

179 925 278 951 scatur
292 923 328 952 de
343 925 424 951 omni
439 923 518 959 ligno
535 923 686 959 pomifero,
704 923 781 959 quod
796 923 885 951 habet
903 924 1033 952 fructum
1048 925 1079 952 in
1093 924 1262 960 semeptiso.
1280 924 1345 951 Haec
1359 923 1437 951 enim
1455 925 1564 960 postea,
1580 925 1646 958 post
1661 921 1791 958 paradisi
1806 920 1886 949 scili-

178 970 222 995 cet
238 967 471 1004 plantationem;
488 976 546 1004 quo
561 970 591 995 tu
609 967 715 1001 discas,
733 967 762 995 in
788 967 924 996 secundis
946 968 1054 997 habere
1078 978 1142 1005 qum
1165 970 1234 997 sunt
1258 969 1424 996 necessaria
1439 967 1546 1001 carnis,
1564 975 1623 1003 prae
1639 968 1675 995 iis
1691 975 1756 1003 quae
1770 967 1806 995 ad
1823 965 1886 994 ani-

177 1020 258 1040 mum
275 1014 421 1048 spectant,
437 1014 565 1048 suntque
582 1012 789 1048 principaliora
804 1021 837 1040 ac
852 1013 947 1049 primo
963 1014 1120 1042 destinata.

210 1057 237 1084 8.
255 1057 353 1084 Prima
378 1064 505 1092 namque
529 1057 614 1084 nobis
637 1065 755 1092 unaque
779 1065 877 1084 comes
902 1058 1011 1085 consti-

1101 1059 1127 1086 Β.
1149 1056 1262 1091 Ἐπειδή
1289 1056 1333 1084 καὶ
1362 1058 1470 1093 πρῶτον
1498 1057 1567 1092 ἡμῖν
1597 1055 1840 1093 συνεχειροτονήθη
1872 1056 1891 1089 ἡ

176 1103 238 1129 tuta
252 1103 297 1129 est
311 1101 477 1137 imperandi
493 1103 623 1137 potestas
641 1109 647 1129 :
665 1103 729 1129 tum
745 1104 775 1129 et
793 1101 921 1137 paradisi
938 1102 1012 1130 libe-

177 1145 302 1173 ralitatis
319 1145 435 1174 cumulo
451 1146 570 1181 adjectae
586 1145 706 1173 deliciae.
721 1145 838 1173 Animal
854 1155 894 1181 es,
911 1146 1013 1175 homo:

178 1189 301 1226 imperio
316 1190 495 1218 destinatum
513 1197 519 1217 :
537 1192 570 1217 ut
585 1190 655 1226 quid
678 1190 951 1226 perturbationibus
968 1193 1013 1219 at-

180 1242 237 1270 que
251 1234 329 1262 vitiis
345 1234 458 1262 servis?
473 1236 506 1262 ut
520 1234 590 1270 quid
607 1237 687 1262 tuam
704 1235 879 1271 dignitatem
895 1235 1012 1271 dejicis,

181 1287 214 1306 ac
229 1279 339 1314 peccati
350 1287 451 1307 servus
462 1279 588 1307 efﬁceris
600 1279 614 1306 ‘I
629 1281 662 1307 ut
677 1279 747 1315 quid
760 1282 787 1307 te
795 1279 911 1307 diabolo
925 1281 1015 1316 capti-

182 1331 250 1351 vum
268 1323 403 1351 addicie?
418 1324 564 1352 Creaturae
590 1324 726 1360 princeps
751 1326 867 1352 creatus
883 1332 924 1359 es,
942 1327 1014 1352 tuae-

184 1375 240 1403 que
251 1368 423 1404 gravitatem
436 1368 583 1404 projecisti
595 1371 716 1395 natura.
730 1368 761 1395 In
777 1369 868 1404 gradu
885 1369 1014 1404 quodam

183 1421 217 1440 ac
233 1412 408 1448 magistratu
426 1412 525 1441 saeculi
540 1413 629 1448 hujus
645 1412 825 1441 constitutus
847 1421 879 1441 es
896 1422 902 1440 ε
920 1414 1014 1449 magis

182 1457 293 1485 teneris
312 1465 345 1484 ac
357 1457 472 1485 debitor
494 1465 536 1491 es,
554 1460 586 1485 ut
609 1460 638 1485 et
663 1457 793 1485 animum
816 1466 850 1485 ac
870 1459 1014 1486 rationem

183 1501 293 1537 pariter
315 1501 437 1537 imperio
453 1501 610 1538 pollentem
627 1502 746 1536 habeas,
763 1505 851 1538 atque
876 1503 955 1530 vitiis
982 1512 1015 1531 ac

184 1545 337 1574 affectibus
366 1546 594 1581 dominantem;
622 1556 658 1575 ne
688 1547 766 1576 risus
795 1556 828 1575 ac
854 1548 1015 1576 ludibrium

185 1590 311 1617 subditis
325 1590 461 1625 exsistas,
477 1591 527 1626 qui
544 1599 594 1626 pro
611 1599 643 1618 eo
659 1600 693 1619 ac
713 1592 814 1627 praesis
839 1595 926 1627 atque
942 1601 1015 1627 prie-

185 1633 284 1667 cellas,
305 1636 336 1661 te
360 1634 523 1668 subditum,
540 1637 569 1662 et
594 1635 643 1670 qui
659 1635 756 1671 ugaris
772 1636 891 1671 perinde
907 1645 940 1664 ac
955 1645 1016 1664 ser-

187 1686 241 1706 vus
270 1678 386 1707 vinctus
415 1681 444 1706 et
471 1679 596 1714 inutilis,
626 1682 762 1715 reputent
788 1689 820 1707 ac
840 1679 1015 1716 intelligant.

190 1723 289 1752 Servus
303 1727 413 1751 vouatus
433 1731 459 1751 es
473 1723 483 1741 ⁸
495 1724 506 1751 ?
518 1723 595 1756 Quid
611 1724 662 1751 tibi
680 1724 820 1752 molestiae
845 1724 915 1752 facit
928 1724 1016 1752 servi-

1066 1104 1115 1130 τοῦ
1145 1101 1239 1139 ἄρχειν
1270 1099 1395 1137 δύναμις,
1411 1098 1503 1128 ἔπειτα
1531 1100 1575 1127 καὶ
1600 1101 1617 1134 ἡ
1634 1098 1800 1136 παραδείσου
1830 1109 1893 1126 συν-

1068 1145 1266 1182 επεδαψιλεύθη
1283 1145 1445 1176 ἀπόλαυσις,
1463 1145 1593 1182 Ἀρχικὸν
1614 1145 1638 1172 εἴ
1666 1147 1746 1179 ζῶον,
1761 1143 1894 1181 ἄνθρωπε,

1068 1191 1113 1219 καὶ
1128 1191 1154 1218 τί
1170 1189 1308 1222 δουλεύεις
1326 1193 1385 1222 τοῖς
1407 1190 1521 1224 πάθεσι,
1536 1188 1563 1217 τί
1584 1191 1696 1217 σεαυτοῦ
1725 1189 1756 1216 τὸ
1787 1189 1895 1225 ἀξίωμα

1068 1233 1262 1270 καταϐάλλεις,
1275 1235 1319 1262 καὶ
1351 1233 1450 1265 δοῦλος
1471 1234 1529 1272 γίνῃ
1551 1237 1602 1268 τῆς
1617 1234 1772 1271 ἁμαρτίαςς
1791 1231 1835 1260 διὰ
1862 1232 1889 1260 τί

1069 1279 1178 1307 σεαυτὸν
1206 1282 1295 1310 ποιεῖς
1322 1278 1501 1316 αἰχμάλωτον
1529 1278 1576 1305 τοῦ
1607 1275 1759 1312 διαϐόλου;
1780 1273 1894 1314 ’Ἄρχων

1069 1324 1183 1354 κτίσεως
1223 1323 1439 1361 ἐχειροτονήοης
1457 1345 1464 1357 ,
1490 1322 1535 1350 καὶ
1563 1321 1713 1360 ἀπέρριψας
1743 1321 1897 1358 σεμνότητα

1068 1372 1118 1403 τῆς
1149 1370 1260 1395 σεαυτοῦ
1287 1367 1402 1407 φύσεως.
1433 1368 1476 1394 Ἐν
1513 1367 1586 1405 ἀρχῇ
1626 1377 1679 1393 τινι
1715 1366 1820 1403 τέταξαι
1849 1376 1898 1393 κο-

1070 1414 1155 1449 σμικῇ
1171 1422 1178 1447 ;
1197 1411 1252 1439 ἔστι
1268 1423 1310 1439 σοι
1326 1410 1410 1439 πλέον
1425 1411 1461 1438 δι’
1478 1410 1602 1449 ὀφειλῆς,
1617 1410 1649 1437 τὸ
1677 1410 1722 1438 καὶ
1747 1411 1792 1438 τὸν
1816 1409 1896 1447 λογι-

1071 1458 1138 1494 σμὸν
1164 1457 1268 1493 ὁμοίως
1293 1456 1366 1494 ἔχειν
1397 1455 1577 1494 συνάρχοντα,
1593 1455 1638 1482 καὶ
1666 1457 1816 1492 κρατοῦντα
1840 1454 1895 1482 τῶν

1070 1503 1173 1530 παθῶν·
1187 1501 1234 1529 ἵνα
1252 1501 1289 1538 μή
1306 1500 1395 1538 γέλως
1422 1499 1480 1535 sibi}:
1503 1503 1562 1531 τοῖς
1587 1499 1765 1538 ἀρχομένοις,
1785 1499 1829 1526 καὶ
1847 1499 1897 1535 έμ-

1070 1547 1200 1584 παιγμὸς,
1227 1546 1284 1573 ἀντὶ
1310 1546 1443 1583 ἄρχοντος
1464 1545 1509 1572 καὶ
1539 1545 1729 1582 ὑπερέχοντος,
1752 1543 1897 1580 ὑποκείμε-

1070 1602 1116 1619 νον
1129 1591 1174 1618 καὶ
1190 1591 1323 1628 ἀγόμενον
1344 1588 1389 1617 ί¹σα
1408 1590 1451 1617 καὶ
1470 1588 1561 1625 δούλῳ
1578 1587 1680 1625 δεσμίῳ
1706 1589 1752 1615 καὶ
1767 1588 1900 1625 ἀχρήστῳ

1070 1635 1230 1663 κατανοοῦσι
1268 1645 1315 1662 σι.
1350 1633 1453 1664 Δοῦλος
1492 1633 1637 1668 έκλήθης;
1662 1632 1689 1659 τί
1714 1642 1742 1658 σε
1771 1631 1854 1658 λυπεῖ
1882 1633 1900 1667 ἠ

1072 1679 1182 1707 δουλεία
1208 1681 1256 1706 τοῦ
1278 1679 1422 1715 σώματοςς
1444 1677 1489 1705 διὰ
1515 1677 1542 1705 τί
1572 1677 1603 1704 οὐ
1633 1676 1703 1714 μέγα
1729 1678 1839 1715 φρονεῖς
1863 1678 1899 1713 τῇ

1073 1723 1213 1758 δεσποτεία
1231 1722 1267 1760 τῇ
1284 1722 1357 1760 παρὰ
1379 1724 1446 1749 Θεοῦ
1476 1732 1517 1748 σοι
1543 1720 1681 1758 διδομένη,
1698 1720 1739 1748 ὅτι
1765 1719 1899 1758 λογισμὸν

187 1770 236 1796 tus
251 1767 380 1804 corporis
390 1768 404 1795 ἵ
419 1750 632 1804 Ουίᾶηῖωαεὶε
644 1768 735 1796 altum
748 1769 827 1804 sapis
839 1777 871 1796 ac
883 1768 1013 1805 gloriaris

1078 1750 1097 1751 η
1204 1750 1208 1758 ,
1253 1750 1265 1760 ..
1324 1750 1328 1760 .
1606 1750 1611 1757 .
1807 1750 1812 1758 _
1848 1750 1853 1757 ,

1073 1766 1147 1806 ἔχεις
1162 1769 1254 1799 παθῶν
1272 1765 1424 1801 δεσπότην;
1440 1768 1520 1794 Ὅταν
1546 1764 1607 1802 ἴδῃς
1622 1765 1668 1793 τὸν
1698 1764 1829 1800 δεσπότην
1851 1775 1899 1792 σου

189 1812 340 1840 dominatu
357 1811 409 1840 tibi
424 1812 507 1840 aDeo
523 1813 760 1848 concesso,quod
777 1814 890 1841 ratione
905 1816 1018 1849 pertur-

189 1857 342 1885 bationum
358 1856 477 1884 domina
497 1856 635 1892 praeditus
659 1866 690 1885 es
703 1857 716 1884 ?
740 1859 810 1885 Cum
835 1857 952 1892 herum,
970 1858 1016 1885 cui

188 1901 291 1935 servis,
321 1900 481 1936 voluptatis
505 1909 622 1928 servum
655 1901 763 1929 videris
791 1910 824 1929 ac
851 1901 961 1936 libinis,
988 1905 1016 1930 te

187 1953 255 1973 vero
269 1946 439 1981 temperatis
466 1954 530 1973 esse
554 1945 702 1982 castisque
717 1947 860 1980 moribus,
885 1946 1015 1983 intollige

187 1996 251 2016 esse
265 1990 294 2016 te
310 1997 425 2016 servum
438 1988 534 2016 solum
551 1989 670 2017 nomine
685 1992 791 2024 tenus;
807 1990 890 2018 illum
913 1993 1014 2018 contra

187 2032 305 2060 nomine
320 2032 439 2068 quidem
454 2032 516 2060 heri
533 2035 675 2068 potestate
691 2033 809 2070 pollere,
836 2034 900 2070 ipsa
916 2037 1012 2063 autem

186 2084 217 2104 re
228 2077 414 2105 obfirmatum
423 2076 479 2104 sibi
491 2077 631 2105 ascivisse
643 2078 1014 2114 servitutisjugum.0uan-

186 2114 349 2157 doquideui
369 2121 447 2149 enim
468 2121 550 2150 illum
573 2122 692 2157 quidem
717 2122 922 2151 fornicationis
942 2126 1013 2159 puta

184 2165 288 2193 vitium
311 2166 510 2202 mancipatum
522 2167 621 2201 trahit,
640 2169 671 2195 tu
695 2176 762 2196 vero
777 2168 899 2195 rationis
915 2168 1011 2195 domi-

185 2211 256 2238 natu
268 2209 318 2237 illo
330 2210 464 2246 superior
471 2211 651 2247 evasisti,qui
659 2212 746 2239 ﬁatut
753 2220 810 2240 non
821 2212 885 2248 ipso
895 2213 1010 2248 proprio

184 2262 307 2291 vereque
323 2255 461 2283 dominus
477 2255 529 2290 sis,
541 2255 590 2292 qui
606 2256 755 2292 voluptate
771 2265 804 2284 ac
819 2256 943 2285 libidine
959 2266 1009 2285 su-

183 2299 281 2335 perior
295 2299 346 2333 sis,
362 2299 470 2336 illeque
486 2301 584 2336 potius
599 2309 711 2336 servus,
724 2301 771 2337 qui
786 2301 852 2329 vitio
871 2310 888 2329 ε.
901 2303 929 2329 te
942 2310 1008 2338 pro-

184 2343 297 2372 culcato
315 2345 465 2380 subjaceat
479 2344 490 2372 ?
506 2345 559 2373 Ubi
575 2346 674 2381 itaque
690 2346 806 2382 imperii
822 2346 866 2374 vis
882 2355 915 2374 ac
931 2347 1124 2384 principatus,
1145 2348 1186 2376 ibi
1201 2348 1252 2376 Dei
1267 2347 1365 2384 imago
1389 2356 1396 2376 :

184 2390 213 2416 et
225 2389 313 2417 homo
329 2389 375 2425 qui
393 2389 429 2417 ab
444 2389 494 2418 illo
509 2390 652 2418 formatus
668 2393 723 2418 est.

1073 1812 1170 1840 δοῦλον
1200 1810 1264 1839 ὅντα
1292 1811 1343 1846 τῆς
1371 1809 1484 1845 ἡδονῆς.
1512 1809 1622 1837 σιαυτὺν
1645 1808 1674 1837 δὶ
1703 1809 1837 1847 σώφρονα,
1858 1809 1897 1846 γί-

1072 1867 1158 1884 νωσκε
1185 1856 1227 1883 ὅτι
1254 1855 1285 1883 σὺ
1312 1856 1359 1892 μὲν
1382 1855 1406 1882 εἴ
1429 1854 1528 1886 δοῦλος
1553 1855 1667 1891 ὀνόματι
1693 1854 1794 1890 μόνον’
1825 1853 1896 1881 ἐκεῖ·

1070 1911 1116 1933 νος
1139 1899 1168 1928 δὲ
1196 1900 1309 1937 ὀνόματι
1335 1899 1416 1936 μόνον
1433 1901 1470 1936 (α)
1486 1898 1543 1937 ἔχει
1569 1900 1618 1934 τὴν
1642 1898 1809 1933 δεσποτείαν,
1826 1896 1897 1936 ἔργῳ

1071 1944 1100 1972 δὲ
1130 1943 1326 1983 βεϐαιουμένην
1356 1944 1524 1972 ἐπεσπάσατο
1553 1944 1602 1978 τήν
1632 1942 1768 1971 δουλείαν.
1797 1942 1895 1970 Ὁπότε

1068 1990 1119 2027 γὰρ
1149 1989 1249 2017 ἐκεῖνον
1281 1990 1328 2025 μὶν
1353 1989 1384 2016 τὸ
1406 1992 1456 2023 τῆς
1479 1988 1605 2026 πορνείας
1621 1987 1707 2018 πάθος
1721 1987 1804 2025 τυχὸν
1821 1985 1896 2014 ἕλκει

1069 2033 1290 2069 καταδουλῶσαν,
1321 2033 1352 2061 σὺ
1383 2032 1412 2061 δὲ
1432 2033 1532 2061 τούτου
1562 2032 1607 2060 διὰ
1621 2033 1670 2068 τὴν
1686 2034 1734 2059 τοῦ
1761 2030 1896 2070 λογισμοῦ

1067 2079 1216 2117 κυριότητα
1247 2079 1476 2116 ὑπερανέστηκας,
1501 2080 1560 2109 πῶς
1588 2077 1652 2116 οὐχὶ
1681 2075 1814 2112 δεσπότης
1844 2076 1892 2112 μὲν

1066 2123 1166 2161 κυρίως
1196 2123 1256 2159 εἴης
1285 2123 1384 2158 αὐτὸς,
1411 2124 1425 2151 ὁ
1453 2126 1503 2158 τῆς
1532 2121 1635 2157 ἡδονῆς
1679 2120 1872 2159 ὑπερκείμενος

1066 2167 1168 2198 ἐκεῖνος
1189 2167 1217 2196 δὲ
1248 2167 1353 2204 μᾶλλον
1385 2166 1495 2202 δοῦλος,
1525 2168 1539 2194 ὁ
1569 2166 1747 2203 ὑποκείμενος
1774 2167 1814 2201 τῷ
1843 2164 1896 2192 ὑπὸ

1066 2215 1114 2240 σοῦ
1130 2213 1293 2250 πατουμένῳ
1307 2213 1386 2244 πάθει
1400 2221 1407 2246 ;
1423 2214 1512 2241 "On-oo
1528 2213 1593 2249 γοῦν
1610 2212 1628 2246 ἡ
1653 2213 1701 2238 τοῦ
1731 2209 1824 2247 ἄρχειν
1851 2207 1898 2236 δύ-

1063 2268 1157 2294 ναμις,
1174 2257 1231 2285 ἐκεῖ
1257 2258 1274 2293 ἡ
1304 2259 1352 2284 τοῦ
1379 2259 1446 2284 Θεοῦ
1471 2256 1567 2284 εἷκών’
1584 2257 1652 2283 ὅπου
1678 2254 1706 2283 δὲ
1726 2256 1743 2290 ἡ
1764 2256 1812 2282 τοῦ
1829 2256 1897 2281 Θεοῦ

1068 2302 1158 2338 εἰκὼν,
1173 2301 1228 2330 ἐκεῖ
1242 2302 1256 2328 ὁ
1275 2302 1317 2329 ὑπ’
1332 2301 1414 2329 αὐτοῦ
1428 2301 1618 2338 πεπλασμένος
1635 2299 1788 2337 ἄνθρωπος.

1422 2347 1472 2376 ubi
1503 2349 1602 2375 autem
1630 2346 1680 2374 Dei
1710 2345 1820 2380 imago,
1836 2343 1898 2371 illic

217 2434 244 2462 9.
265 2434 386 2462 Presim‘
411 2435 542 2470 piscibus.
569 2435 703 2463 Primum
733 2436 834 2464 datum
862 2438 907 2464 cst
928 2436 1013 2464 nobis

1102 2438 1129 2465 9.
1157 2436 1330 2474 Ἀρχέτωσαν
1363 2438 1418 2464 τῶν
1458 2436 1573 2474 ἰχθύων.
1602 2437 1715 2471 Πρῶτον
1743 2434 1811 2470 ἡμῖν
1839 2435 1895 2461 τῶν

182 2478 339 2514 imperium
361 2487 461 2507 eorum
492 2488 554 2515 qua:
577 2480 679 2516 procul
708 2483 820 2509 semota
847 2483 926 2509 sunt.
953 2481 1016 2510 Non

182 2523 266 2559 dixit,
278 2524 311 2551 Et
327 2523 447 2560 praesint
463 2524 643 2553 animalibus
659 2533 724 2561 quae
736 2525 826 2553 simul
842 2526 1015 2561 educantur,

183 2568 245 2603 sed,
262 2569 397 2602 Piscibus,
417 2569 467 2604 qui
493 2569 583 2597 vitam
610 2570 640 2597 in
665 2570 749 2605 aquis
778 2570 899 2606 degunt.
917 2570 1015 2598 Primo

181 2612 273 2649 igitur
287 2613 372 2640 nobis
398 2612 427 2640 in
444 2613 540 2649 pisces
561 2614 703 2642 traditum
728 2616 773 2642 est
799 2615 967 2651 imperium,
984 2617 1016 2642 ut

181 2665 233 2693 per
247 2665 290 2691 es,
309 2665 374 2693 qua:
391 2657 506 2693 longius
522 2658 626 2686 dissita
642 2661 712 2686 sunt
736 2667 769 2687 ac
795 2659 944 2696 aquatilia,
961 2668 1015 2696 po-

180 2701 248 2729 tiori
267 2701 353 2737 longe
379 2701 491 2730 ratione
521 2703 708 2738 postmodum
735 2704 823 2732 ctiam
851 2713 914 2740 qua:
945 2707 1016 2733 sunt

181 2745 322 2774 viciniora
345 2746 569 2782 complectatur,
597 2748 626 2775 id
656 2750 701 2776 est
729 2749 891 2783 terrestria,
907 2751 936 2778 et.
951 2757 1014 2785 quae

217 2804 227 2822 ⁷
243 2804 314 2833 Gen.
331 2813 351 2840 1,
365 2806 410 2833 26.
448 2805 461 2833 Ι
477 2805 541 2834 Cor.
558 2814 608 2844 vn,
624 2807 669 2836 21.

217 2852 255 2891 (a)
271 2853 370 2883 Μόνον.
388 2854 454 2889 Ms.,
470 2853 555 2892 μόνῳ.

1072 2481 1302 2518 ἀπῳκισμένων-ἡ
1324 2481 1398 2519 ἀρχὴ
1424 2480 1588 2515 ἐδόθή.οὐκ
1617 2480 1699 2513 εἶπεν,
1730 2478 1782 2507 Καὶ
1811 2478 1897 2516 ἀρχέ-

1070 2537 1157 2554 τωσαν
1181 2529 1236 2553 τῶν
1266 2526 1421 2564 συντρόφων
1453 2525 1541 2560 ζώων,
1567 2523 1650 2558 ἀλλὰ,
1675 2526 1732 2550 Τῶν
1766 2522 1870 2560 ἰχθύων
1890 2531 1896 2538 ·

1071 2568 1180 2608 ἔνυδρος
1203 2571 1253 2608 γὰρ
1269 2571 1358 2597 αὐτῶν
1375 2572 1392 2605 ἡ
1409 2569 1507 2597 δίαιτα.
1525 2571 1584 2596 Τῶν
1611 2567 1656 2595 οὖν
1683 2566 1787 2605 ἰχθύων
1815 2565 1896 2601 ἐδόοη

1070 2617 1138 2652 ἡμῖν
1154 2616 1171 2650 ἡ
1197 2615 1270 2652 ἀρχὴ
1301 2613 1491 2652 πρῶτον,“ίνα,
1508 2612 1554 2640 διὰ
1580 2615 1636 2640 τῶν
1665 2611 1826 2650 ποῤῥοτέρω
1851 2610 1900 2637 καὶ

1071 2657 1312 2698 ἐνύδρων,πολλῷ
1338 2657 1444 2695 μᾶλλον
1467 2657 1512 2685 καὶ
1536 2657 1571 2684 τὰ
1593 2656 1794 2693 πλησιαίστερα
1819 2655 1900 2682 ὕστε-

1071 2714 1116 2742 ρον
1140 2700 1344 2740 συμπεριλάϐῃ,
1374 2701 1460 2740 ἤγουν
1484 2702 1517 2729 τὰ
1541 2704 1656 2740 χερσαῖα
1677 2701 1720 2728 καὶ
1750 2699 1898 2738 σύντροφα.

1069 2750 1132 2780 Πῶς
1161 2747 1206 2776 οὗν
1235 2750 1287 2775 τῶν
1316 2746 1420 2785 ίχθύων
1444 2745 1577 2784 δοκοῦμεν
1594 2745 1740 2785 ἅρχειν,ο¹ι
1770 2745 1809 2782 μὴ
1838 2742 1897 2772 διά-
