2018 3146
176 171 211 200 21
681 169 730 198 ι)ῐέ
753 167 917 198 HOMINIS
940 167 1177 199 S'l‘llUCTURA
1201 168 1345 198 ORATIO
1368 169 1391 198 l.

1846 168 1886 198 22

175 245 268 273 γοντες
287 233 333 261 σὺν
358 233 470 268 αύτοῖς;
488 232 523 260 Ei’
541 243 594 260 που
619 231 700 271 ιγνως
729 233 837 260 σεαυτὸν
863 232 889 259 ἐν
916 230 982 268 λίμν

1061 241 1119 260 una
1135 233 1286 260 nobiscum
1303 233 1394 260 vitam
1411 235 1500 268 agunt
1515 236 1541 260 et
1557 233 1730 260 educantur.
1757 233 1819 266 Qua
1834 232 1885 259 ita'

176 279 244 307 ποτὲ
269 278 464 317 καταφανὲντα,
480 275 596 315 ἕϐλεψάς
625 287 654 305 τε
678 279 735 308 πῶς
750 278 767 312 ἡ
783 276 844 304 σκιά
857 286 904 303 σου
933 276 1002 312 μόνη

176 325 264 352 πάντα
291 324 324 351 τὰ
352 321 546 359 ἐνδιαιτώμενοι
573 322 657 359 ταύτῃ
688 320 800 359 ἰχθύδια
833 320 1002 356 διεπτόησεν,

177 368 296 406 ἅπὲγνως
322 367 351 395 ἂν
380 367 488 398 πάντως
514 366 585 404 ταχὺ
613 368 644 394 τὸ
668 369 718 401 τῆς
746 366 846 404 ἀρχῆς.
876 365 924 396 Τίς
951 366 1002 404 γὰρ

177 413 250 442 οὕτω
280 412 413 448 δεσπότης
445 411 552 446 οἰκίας,
585 408 785 449 θορυϐουμένου
823 412 874 438 τοῦ
907 408 1001 446 οἷ’κου,

177 458 281 496 ἀθρόως
307 457 427 493 ἐπιστὰς,
452 455 570 495 ἡσυχίαν
599 455 719 491 ἐποίησε,
745 455 788 483 καὶ
817 454 904 482 πάντα
939 464 1001 490 μετ-

174 501 269 531 έϐαλεν
296 503 335 534 εἰς
363 501 507 539 εὐκοσμίαν
592 499 724 539 παρουσίδ
750 502 798 528 τοῦ
826 502 999 537 κρατοῦντος,

175 548 212 579 ὡς
227 551 300 575 πᾶσα
324 549 342 582 ἡ
363 545 473 584 ἔνυδρος
495 546 591 580 κτίσις,
616 545 788 581 ἰπιφάνεντος
816 544 874 575 ἰνὸς
895 544 1000 582 ἀνθρώ-

173 603 237 626 που,
256 589 425 629 μεταϐάλλει
454 591 485 618 τὸ
511 593 627 628 σχῆμα;
655 589 752 618 Οὐκέτι
779 589 827 623 τὴν
856 587 998 624 ἐλευθίραν

173 636 232 675 ἲχει
259 635 410 675 διαγωγήνΔ
427 635 458 663 οὐ
487 634 580 672 τολμᾷ
613 634 787 671 ἐπινήξασθαι
814 636 872 665 τοῖς
900 630 1009 664 νώτοιςί

171 685 222 716 τῆς
237 681 375 716 θαλάσσης
390 680 407 715 ἢ
423 683 474 715 τῆς
489 679 602 716 λίμνης.

1059 286 1115 313 que
1143 278 1255 305 ratione
1280 277 1415 305 videmur
1438 277 1569 313 piscibus
1595 278 1717 313 imperio
1749 284 1882 313 praeesse,

1060 322 1112 357 qui
1127 321 1215 350 vitam
1228 330 1295 350 cum
1307 322 1349 349 eis
1361 330 1417 350 non
1432 330 1556 358 agamus
1567 321 1615 349 ?Si
1627 321 1742 356 quando
1754 321 1881 357 teipsum

1058 366 1087 393 in
1105 365 1211 402 palude
1222 366 1456 394 animadvertisti
1465 366 1761 402 conspicuum,atque
1771 365 1880 400 vidisti,

1057 411 1308 445 quemadmodum
1324 411 1386 440 sola
1410 413 1460 439 tua
1475 411 1580 439 umbra
1596 410 1746 447 pisciculis
1768 410 1880 438 cunctis

1055 454 1085 482 in
1102 463 1135 483 ea
1149 455 1323 492 degentibus
1338 459 1477 484 terrorem
1493 455 1602 491 injecit,
1616 456 1673 483 cito
1689 463 1808 491 prorsus
1823 454 1878 482 im-

1056 499 1128 535 perii
1152 500 1209 527 vim
1226 500 1381 537 agnovisti.
1407 501 1476 534 Quis
1500 501 1578 528 enim
1592 500 1633 528 ita
1656 499 1877 536 paterfamilias,

1055 544 1172 572 turbata
1187 545 1444 581 domo,derepente
1459 545 1679 578 zestans,sedata
1691 544 1777 572 turba
1787 543 1876 572 silen-

1055 588 1130 616 tium
1146 589 1226 622 fecit,
1242 591 1404 625 cunctaque
1418 590 1597 618 dominantis
1613 588 1742 626 potentia
1757 588 1785 616 in
1797 587 1874 616 ordi-

1053 641 1119 661 nem
1135 633 1257 670 redegit,
1273 634 1418 670 quomodo
1433 634 1600 662 nutatilium
1620 642 1711 669 genus
1736 640 1822 661 omne
1837 633 1874 661 ad

1053 678 1141 706 unius
1154 678 1282 706 hominis
1298 681 1461 715 aspectum,
1477 681 1591 716 gestum
1608 680 1702 707 mutat
1716 681 1804 714 atque
1823 685 1873 714 ge-

171 727 255 754 nium
268 727 282 754 ?
298 726 361 755 Non
376 725 505 762 amplius
519 725 598 761 degit
613 724 723 758 libere;
740 732 793 752 nec
809 732 859 760 per
874 722 964 750 maris
979 722 1095 750 lacusve
1109 730 1242 751 summas
1259 724 1352 751 undas
1367 724 1456 752 audet
1471 726 1580 752 natare.

205 771 248 799 10.
266 770 296 798 Ὀ
309 769 417 807 δελφές,
433 769 497 796 ὅταν
512 767 631 804 πλησίον
647 766 789 806 ἄνθρωπον
805 765 869 794 ὅντα
897 766 991 801 θεάση-

1080 767 1220 795 32910.
1258 767 1432 804 Delphinus,
1461 769 1510 796 ubi
1541 768 1690 797 hominem
1718 776 1750 796 se
1781 774 1869 803 prope

168 825 222 848 ται,
238 814 326 842 καίτοι
355 813 435 845 αὐτὸς
459 812 494 840 ὢν
521 814 536 840 ὁ
558 812 773 850 βασιλικώτατος
793 813 845 839 τῶν
873 811 985 849 ἰχθύων,

1046 812 1239 847 conspexerit,
1253 812 1371 841 tametsi
1385 813 1459 841 inter
1475 813 1606 841 natatilia
1622 820 1655 840 ac
1671 812 1766 848 pisces
1779 810 1868 847 regali

170 857 284 886 αἰδεῖται
299 858 393 892 οἱονεὶ,
409 858 454 885 καὶ
468 857 558 885 οὐκέτι
575 859 698 891 κινεῖται,
714 855 771 884 οὐδ’
795 857 832 887 ὡς
854 855 914 887 ἔθος
939 854 990 882 ἅλ-

169 903 256 932 λεται.
273 902 372 942 Δελφὶς
386 905 440 930 τῶν
455 904 562 938 νηκτῶν
579 902 593 930 ὁ
619 900 837 939 βασιλικώτατος
865 899 989 927 αἰδεῖται·

170 948 256 979 οὕτως
271 947 351 983 ἐδόθη
366 950 406 984 τῷ
421 947 557 984 ἀνθρώπῳ
571 947 589 981 ἡ
605 947 672 973 κατὰ
694 946 747 973 τῶν
771 947 877 981 νηκτῶν
903 944 988 982 ἀρχή.

169 993 253 1021 ’Όταν
268 990 296 1020 δὲ
313 991 373 1030 ἴδῃς
389 993 501 1019 σεαυτοῦ
515 990 560 1018 τὸν
581 990 714 1028 λογισμὸν
744 988 788 1017 διὰ
817 990 923 1016 πάντων
947 987 990 1015 δι-

168 1038 270 1072 ήκοντα
284 1037 328 1065 καὶ
341 1036 445 1064 πάντων
461 1038 520 1066 ταῖς
534 1035 645 1073 τίχναις
668 1036 828 1072 κρατοῦντα,
841 1036 899 1065 πῶς
925 1033 989 1070 ούχὶ

165 1084 219 1109 τῶν
234 1083 327 1117 κητῶν
342 1083 397 1109 τῶν
416 1079 544 1118 μεγάλων
561 1078 672 1118 ἄρχεις

202 1171 245 1198 11.
263 1169 341 1198 Εἶδον
366 1169 487 1198 ἐπίνοιαν
515 1168 698 1206 ἀνθρωπίνην,
724 1168 766 1196 ὅτι
791 1170 915 1196 ποιοῦσιν
941 1168 988 1204 ἀγ-

165 1213 282 1252 κίστρων
312 1217 393 1242 τινῶν
423 1213 665 1249 κατασκευὴν,καὶ
688 1213 795 1244 τούτοις
823 1210 987 1240 ἐπιϐάλλον-

163 1270 208 1290 τες
224 1258 395 1297 δελεάσματα
421 1259 564 1297 σύμμετρα
586 1261 626 1293 τῷ
657 1258 762 1296 μεγέθει
792 1260 846 1286 τῶν
873 1268 987 1285 καταπι-

163 1303 267 1332 νόντων
291 1307 397 1340 κητῶν
415 1305 470 1332 εἶτα
498 1306 551 1332 τῶν
573 1304 662 1336 ἄκρων
691 1302 798 1331 ἐκείνων
827 1305 880 1330 τῶν
908 1312 987 1340 σχοι-

127 1357 130 1362 ’
164 1348 243 1383 νίων,
268 1348 305 1377 ὧν
336 1349 490 1387 ἀπήρτηται
526 1349 559 1376 τὰ
593 1347 724 1386 ἄγκιστρα
749 1347 817 1375 κατὰ
840 1348 872 1375 τὸ
895 1346 985 1384 ἕτερον

164 1393 260 1430 πέρας,
284 1393 383 1424 ἀσκοὺς
404 1393 537 1430 πνεύματι
567 1391 751 1427 διατείνοντες,
779 1392 824 1419 καὶ
853 1390 987 1428 ἐκδήσαν-

163 1447 208 1468 τες
228 1440 283 1465 τῶν
306 1438 394 1476 ἄκρων
414 1437 533 1472 ἆκείνων,
549 1438 701 1475 μετεώρους
730 1437 837 1474 ἀφιᾶσιν
866 1436 910 1464 ἰπὶ
937 1439 986 1465 τοῦ

164 1481 316 1520 πελάγους.
344 1482 503 1521 Ἐνεχθέντα
531 1483 619 1510 τοίνυν
647 1482 681 1509 τὰ
717 1481 796 1520 ἄγρια
825 1483 896 1517 κήτη
926 1484 1022 1535 τοῖςῦ

169 1525 181 1535 θ
198 1526 207 1535 ἴ
237 1526 242 1535 Ι
391 1528 397 1535 1
435 1527 442 1535 \
472 1526 485 1535 ll
619 1525 630 1535 Π
649 1525 661 1535 τι
717 1526 724 1535 ι
784 1528 797 1534 ν
847 1525 859 1535 θ
876 1526 902 1535 h’

167 1525 340 1564 δελεάσμασι,
353 1528 398 1555 καὶ
413 1527 447 1555 τὰ
468 1526 598 1565 ἄγκιστρα
618 1525 691 1554 ἔνδον
716 1526 818 1553 ἑαυτῶν
845 1525 986 1563 δεξάμενα,

166 1571 241 1608 σύρει
260 1571 307 1608 μὲν
320 1571 383 1603 τοὺς
399 1572 498 1603 ἀσκοὺς
515 1571 552 1602 εἷς
564 1571 595 1599 τὸ
613 1571 708 1609 βάθος·
724 1572 742 1605 ἡ
765 1569 795 1598 δὶ
814 1572 867 1598 τῶν
896 1570 986 1598 ἀσκῶν

162 1615 241 1654 φύσις
261 1615 404 1654 ἀνωφερὴς
429 1615 504 1651 οὖσα,
527 1615 610 1644 πάλιν
635 1614 758 1646 ἀνθέλκει
786 1614 825 1645 εἰς
851 1614 901 1649 τὴν
927 1613 986 1642 ἐπι-

162 1659 282 1697 φάνειαν,
305 1660 350 1687 καὶ
380 1659 575 1697 ἑμπεπαρμὲνα
597 1661 631 1697 τῇ
658 1658 713 1695 ἰδίᾳ
740 1660 828 1696 τροφῆ
857 1656 913 1686 ἅνω
941 1657 986 1686 καὶ

160 1704 234 1731 κάτω
252 1704 443 1741 μαιμάσσεται,
458 1705 503 1732 καὶ
525 1704 644 1733 ἀλύοντα
661 1703 724 1736 τοὺς
751 1703 849 1742 βυθοὺς
880 1702 985 1741 διερευ-

159 1749 246 1782 νᾶται,
263 1749 370 1787 πελάγη
387 1749 511 1787 πελαγῶν
528 1747 635 1785 ἀμείϐει
647 1758 654 1766 ·
670 1749 715 1776 καὶ
744 1748 790 1776 τὸν
819 1747 906 1776 πολὺν
934 1748 984 1776 πό-

158 1802 206 1819 νον
221 1791 357 1831 ἄπρακτον
371 1793 448 1831 ἔχον,
463 1793 619 1821 τελευταῖον
642 1794 740 1832 βραχεῖ
768 1795 808 1829 τῷ
834 1792 981 1831 ἀγκίστρῳ,

157 1837 190 1864 τὸ
223 1837 291 1875 μέγα
318 1838 364 1865 καὶ
391 1836 503 1875 ἄτρυτον
530 1838 623 1876 θηρίον
649 1838 790 1874 ἁλώσιμον
806 1837 916 1875 γίνεται,
943 1840 983 1874 τῷ

158 1881 236 1918 πόνῳ
260 1881 405 1919 δαμασθὲν,
429 1893 469 1920 τῳ
497 1883 574 1919 λιμῷ
601 1883 794 1917 καταπονηθὶν,
816 1883 860 1910 καὶ
889 1883 980 1920 νεκρὸν

159 1926 229 1962 μετὰ
255 1928 311 1954 τῶν
341 1927 429 1954 ἀσκῶν
459 1927 628 1964 συρόμενον,
659 1927 770 1964 θήραμα
805 1926 906 1964 γίνεται
941 1929 982 1962 τῷ

157 1971 282 2007 θηρατῇο
298 1973 338 2006 τῷ
364 1974 463 2008 μικρῷ,
479 1971 510 1998 τὸ
538 1971 606 2008 μέγα
621 1980 627 1987 ·
645 1973 684 2007 τῷ
707 1971 821 2005 ἀσθενεῖ,
849 1972 880 1998 τὸ
909 1969 979 2008 ἄμα-

155 2025 209 2053 γον
224 2015 275 2049 τὴν
290 2014 380 2052 ἴσχύν·
397 2014 442 2042 διὰ
455 2015 500 2050 τίς
517 2014 557 2042 ὅτι
575 2017 610 2052 τῇ
634 2017 683 2042 τοῦ
707 2014 841 2052 λογισμοῦ
869 2026 979 2054 περιου-

155 2059 202 2095 σίᾳ
224 2057 337 2096 δύναμιν
358 2062 407 2087 τοῦ
431 2059 525 2098 ἄρχειν
556 2057 648 2086 λαϐὼν
669 2059 683 2087 6
702 2059 854 2096 ἄνθρωπος,
870 2060 907 2092 ὡς
929 2071 980 2088 κα·-

154 2103 220 2135 κοὺς
245 2103 378 2142 δραπέτας
401 2105 470 2143 πρὸς
496 2104 643 2132 εὐπείθειαν
672 2103 730 2142 ἄγει
745 2103 808 2135 τοὺς
822 2104 980 2133 ἀπειθεστά-

153 2158 218 2178 τους
231 2157 237 2164 ·
255 2148 300 2176 καὶ
315 2148 379 2180 τοὺς
398 2150 436 2186 μὴ
462 2147 626 2186 δυναμένους
650 2147 684 2176 δι’
696 2148 869 2186 ἡμερότητος
894 2159 979 2188 προσ-

1046 856 1172 884 maxime
1185 856 1273 893 pollet
1286 857 1371 893 genio
1387 859 1474 893 atque
1489 857 1596 892 indole,
1613 857 1692 885 velut
1706 858 1822 885 veretur
1833 864 1866 883 ac

1045 901 1147 935 timet;
1166 909 1217 929 nec
1233 901 1310 929 ultra
1325 903 1467 936 movetur,
1489 910 1583 938 neque
1610 903 1642 929 ut
1663 900 1780 934 assolet,
1797 900 1866 928 salit

1045 953 1077 972 ac
1094 945 1245 981 tripudiat.
1262 946 1309 974 Sic
1323 946 1410 974 datus
1425 946 1537 974 homini
1553 947 1584 975 in
1600 954 1634 974 ea
1645 954 1708 982 quas
1724 945 1754 973 in
1778 943 1864 981 aquis

1044 990 1162 1025 degunt,
1172 990 1352 1027 principatus
1367 991 1495 1019 est.Cum
1513 991 1611 1026 itaque
1627 991 1770 1018 rationem
1781 991 1864 1017 tuam

1043 1033 1234 1070 animumque
1249 1036 1347 1063 omnia
1358 1035 1748 1072 pervadentem,cunctisque
1759 1034 1866 1062 artium

1043 1079 1070 1106 vi
1081 1079 1282 1108 dominantem
1298 1080 1424 1115 videris;
1441 1081 1587 1116 quomodo
1611 1088 1668 1108 non
1692 1079 1780 1107 etiam
1803 1087 1864 1107 mu-

1043 1131 1169 1159 gnorum
1185 1127 1315 1152 cetorum
1330 1124 1453 1161 imperio
1469 1125 1572 1161 potiris
1583 1125 1597 1152 Τ

1080 1168 1123 1196 11.
1139 1168 1204 1196 Vidi
1219 1177 1288 1205 ergo
1312 1169 1417 1197 subtile
1443 1169 1595 1197 hominum
1627 1169 1791 1202 inventum,
1815 1172 1866 1204 qui

1043 1211 1139 1240 hamis
1154 1213 1190 1240 ad
1201 1215 1280 1241 cetos
1295 1213 1452 1250 capiendos
1466 1214 1616 1249 confectis,
1633 1216 1722 1250 atque
1737 1221 1805 1242 esca
1817 1221 1868 1250 pro

1043 1257 1156 1285 ratione
1171 1258 1387 1293 magnitudinis
1401 1267 1503 1286 eorum
1515 1258 1565 1294 qui
1576 1258 1867 1295 deglutiant,adjecta

1043 1302 1168 1330 summis
1185 1302 1304 1330 funibus
1319 1303 1426 1338 quibus
1443 1303 1521 1330 hami
1536 1302 1673 1338 suspensi
1689 1305 1768 1336 sunt,
1786 1305 1866 1330 utres

1042 1353 1076 1374 ex
1091 1346 1182 1374 altera
1197 1349 1277 1383 parte
1291 1349 1375 1375 vento
1393 1347 1494 1384 plenos
1510 1347 1643 1384 alligant,
1666 1355 1775 1383 eosque
1792 1355 1865 1383 pen-

1042 1390 1110 1418 siles
1126 1399 1216 1427 super
1231 1400 1311 1419 mare
1322 1392 1446 1427 jactant.
1468 1393 1576 1420 luvecti
1600 1392 1697 1428 itaque
1720 1393 1750 1420 in
1767 1399 1864 1419 escam

1041 1435 1094 1463 feri
1110 1436 1176 1471 ceti,
1192 1444 1285 1472 exque
1300 1444 1334 1464 ea
1348 1437 1446 1464 hausti
1461 1437 1568 1471 hamis,
1583 1439 1663 1465 utres
1687 1436 1806 1472 quidem
1831 1435 1862 1463 in

1040 1480 1219 1515 profundum
1234 1481 1356 1508 trahunt
1371 1489 1378 1509 :
1394 1489 1493 1509 verum
1516 1489 1583 1509 cum
1608 1489 1641 1509 ea
1663 1483 1742 1509 utres
1766 1480 1864 1509 indole

1040 1524 1100 1553 sint
1116 1526 1147 1552 ut
1160 1533 1277 1552 sursum
1294 1525 1466 1558 tendant,ad
1481 1534 1629 1553 summam
1646 1534 1749 1554 rursus
1763 1533 1863 1562 super-

1041 1568 1137 1596 ficiem
1153 1568 1306 1597 retrahunt
1321 1577 1328 1596 :
1346 1570 1511 1606 conﬁxique
1538 1578 1605 1598 cum
1631 1579 1685 1598 sua
1713 1578 1780 1598 esca
1795 1569 1862 1603 ceti,

1041 1621 1092 1641 sus
1107 1613 1201 1649 deque
1217 1614 1319 1649 perciti
1336 1616 1416 1642 motu
1437 1615 1632 1649 concitantur,
1657 1614 1813 1650 doloreque
1829 1622 1862 1642 ac

1040 1660 1112 1686 astu
1128 1659 1273 1693 profunda.
1285 1661 1473 1694 scrutantur;
1490 1659 1548 1688 alia
1562 1668 1597 1688 ex
1621 1659 1687 1687 aliis
1711 1661 1859 1687 mutantes

1039 1711 1154 1738 aequora
1171 1711 1177 1730 ε
1194 1703 1363 1740 frustraque
1378 1707 1483 1732 conatu
1499 1713 1532 1732 ac
1547 1704 1646 1732 labore
1661 1704 1806 1740 impenso,
1825 1704 1861 1731 ad

1039 1749 1199 1776 extremum
1209 1748 1288 1776 brevi
1299 1748 1386 1776 hamo
1397 1749 1516 1785 grandis
1526 1757 1559 1777 ac
1567 1749 1756 1777 indomabilis
1768 1748 1861 1776 bestia

1038 1792 1166 1828 captain
1182 1800 1289 1820 manus
1304 1793 1383 1821 venit
1399 1805 1406 1827 ;
1423 1792 1522 1821 labore
1537 1793 1674 1828 edomita,
1690 1794 1767 1821 fama
1791 1801 1860 1820 con-

1036 1836 1122 1872 fecta,
1137 1838 1166 1864 et
1178 1845 1241 1872 quas
1256 1846 1315 1865 una
1329 1845 1397 1866 cum
1413 1838 1529 1866 utribus
1539 1837 1671 1866 trahatur
1683 1839 1858 1870 mortua,ve-

1037 1881 1136 1909 nautis
1150 1883 1246 1918 praeda
1269 1882 1388 1917 eﬁ'ecta;
1404 1883 1468 1918 ejus
1494 1883 1542 1918 qui
1559 1882 1684 1919 pusillus
1708 1882 1758 1916 sit,
1783 1890 1856 1918 prte-

1036 1934 1160 1962 magna;
1178 1927 1242 1962 ejus
1259 1927 1309 1963 qui
1325 1927 1639 1963 imbecillis,immenso
1653 1927 1756 1956 robore
1770 1927 1856 1963 vique

1035 1970 1243 2006 praedita.Quid
1258 1971 1320 2000 ita?
1335 1972 1416 2004 Quod
1431 1973 1573 2001 nimirum
1582 1972 1704 2001 rationis
1715 1974 1854 2008 prastan-

1035 2015 1074 2043 tia
1089 2017 1176 2051 atque
1189 2016 1284 2052 copia,
1301 2017 1424 2053 imperio
1441 2017 1556 2053 regendi
1573 2017 1712 2045 facultate
1726 2019 1854 2053 accepta,

1034 2061 1175 2095 tanquam
1192 2060 1338 2096 mancipia
1350 2061 1484 2097 quedam
1501 2061 1725 2098 procacissimos
1739 2062 1775 2090 ad
1786 2061 1855 2089 obe-

1034 2106 1174 2135 dientiam
1190 2115 1241 2143 per
1255 2107 1313 2135 vim
1339 2110 1474 2143 revocat;
1492 2111 1524 2136 ut
1538 2109 1588 2144 qui
1601 2108 1722 2136 lenitate
1749 2108 1855 2136 adduci

1033 2151 1236 2186 nequiverant,
1253 2151 1273 2180 ii
1289 2152 1463 2181 necessitate
1478 2153 1617 2181 servitute
1627 2153 1855 2189 premantur.Sic

153 2195 292 2229 αχθῆναι,
320 2192 435 2224 τούτους
464 2191 509 2220 διὰ
533 2196 584 2227 τῆς
609 2192 726 2230 ἀνάγκης
752 2185 977 2222 καταδουλοῧται.

1046 2185 1149 2231 mperii
1163 2197 1206 2224 vis
1215 2205 1232 2224 a
1241 2197 1375 2225 Creatore
1387 2197 1497 2225 homini
1510 2185 1727 2234 indita,ubique
1737 2197 1762 2226 ei
1774 2206 1854 2226 com-

153 2235 246 2268 Οὕτως
273 2239 414 2275 πανταχοῦ
443 2238 460 2272 ἠ
484 2239 533 2265 τοῦ
558 2235 652 2275 ἄρχειν
677 2236 791 2274 δύναμις
818 2238 892 2274 παρὰ
929 2236 977 2265 τοῦ

151 2279 290 2312 κτίσαντος
317 2281 480 2319 ἐγγινομένη
518 2283 559 2317 τῷ
597 2281 730 2319 ἀνθρώπῳ
759 2281 887 2320 ὑπάρχει.
918 2282 975 2311 Ἐν-

150 2325 241 2352 τεῦθεν
258 2325 352 2364 ξιφίαι,
378 2326 422 2353 καὶ
455 2325 570 2364 ζύγεναι,
595 2326 640 2354 καὶ
662 2325 802 2364 φάλαιναι,
821 2326 867 2354 καὶ
894 2325 974 2364 πρίο-

1032 2240 1114 2276 petit.
1131 2240 1263 2277 Hincque
1278 2242 1349 2270 adeo
1365 2242 1409 2276 ﬁt,
1426 2245 1458 2270 ut
1472 2245 1501 2270 et
1515 2242 1621 2279 xiphize
1637 2250 1687 2271 seu
1708 2242 1810 2278 gladii,
1825 2244 1855 2271 et

1031 2287 1189 2320 zygenaa,et
1203 2286 1331 2321 bellante,
1342 2289 1371 2314 et
1386 2295 1484 2321 serras,
1495 2289 1523 2315 et
1537 2286 1618 2315 vituli
1631 2287 1747 2322 marini,
1761 2289 1789 2315 et
1803 2295 1850 2315 τοι

1030 2328 1392 2365 iiquaterribiliacetorum
1404 2331 1630 2368 generahomini
1642 2331 1850 2368 subjectasint.

151 2379 206 2404 νες,
221 2369 266 2397 καὶ
284 2371 356 2408 βόες,
369 2371 413 2398 καὶ
431 2371 518 2398 πάντα
532 2369 620 2399 ἐκεῖνα
631 2371 664 2398 τὰ
679 2367 782 2408 φοϐερὰ
795 2373 848 2399 τῶν
863 2373 955 2406 κητῶν
973 2371 1094 2409 ὀνόματα
1108 2373 1254 2412 ὑποχείρια
1267 2374 1361 2413 γέγονε
1375 2367 1417 2412 τῶ
1430 2376 1572 2414 ἀνθρώπῳ.

188 2416 232 2443 12.
260 2414 431 2452 ’Δρχιτωσαν
460 2417 514 2442 τῶν
544 2414 647 2453 ἰχθύων
677 2418 727 2450 τῆς
754 2414 901 2451 θαλάσσης,
930 2415 975 2443 καὶ

149 2460 204 2486 τῶν
222 2459 324 2496 θηρίων
350 2463 401 2494 τῆς
416 2462 479 2496 γῆς.
497 2459 559 2497 Οὐχ
574 2459 637 2497 ὁρᾷς
662 2459 708 2486 τὸν
735 2458 830 2487 λέοντα
857 2460 903 2488 τὸν
931 2460 976 2498 βα-

153 2502 214 2541 ρὺν,
229 2503 276 2530 τὸν
294 2504 476 2542 βρυχητικὸν,
497 2504 528 2531 οὗ
543 2504 586 2531 καὶ
603 2503 633 2531 τὸ
661 2502 749 2541 ὄνομα
776 2504 912 2544 ἀφόρητον
939 2507 974 2542 τῇ

149 2547 230 2583 ἀκοῇ,
246 2548 292 2575 καὶ
307 2548 322 2575 ὁ
340 2548 464 2587 βρυγμὸς
479 2548 634 2586 ὑπότρομον
649 2551 724 2576 ποιεῖ
745 2549 795 2584 τὴν
810 2552 860 2587 γῆν
873 2560 881 2585 ;
896 2549 920 2586 ᾦ
935 2551 973 2587 (α)

145 2592 199 2619 τίνι
225 2591 296 2620 ἐστὶν
319 2592 406 2626 οὕτως
432 2593 564 2632 φορητὸν,
589 2592 658 2620 ὥστε
682 2593 771 2630 ὁρμὴν
790 2593 873 2621 αὐτοῦ
907 2593 973 2621 ὑπο-

148 2639 262 2673 μεῖναις
280 2636 363 2666 Οὐδὲν
379 2640 432 2665 τῶν
459 2637 565 2676 ἀλόγων
589 2637 633 2665 καὶ
663 2637 797 2675 μεγίστων
827 2638 903 2673 ζώων
931 2649 974 2667 τοι

147 2681 233 2719 σαύτῂ
262 2681 377 2714 πίποιθε
405 2681 544 2719 δυνάμεως
572 2682 724 2719 περιουσίᾳ,
749 2681 818 2710 ὥστε
846 2683 971 2718 ἀντιστῆ-

146 2735 189 2753 ναι
215 2727 370 2764 ὁρμωμένῳ
392 2725 492 2754 λὲοντι.
522 2724 599 2754 Ἀλλ’
622 2727 699 2763 ὅμως
722 2726 821 2755 ἐκεῖνον
852 2729 915 2765 ὁρᾷς
944 2728 970 2756 ἰν

148 2771 238 2809 μικρῷ
269 2771 366 2810 ζώγρῳ
408 2769 677 2808 κατακεκλεισμένον.
706 2772 751 2805 Τίς
779 2772 793 2800 ὁ
831 2772 971 2812 καθείρξας

178 2835 216 2871 (a)
231 2835 274 2875 ᾯ.
295 2835 390 2872 Forte,
405 2833 430 2872 ὅ,
446 2835 558 2866 scilicet
572 2832 665 2873 θηρίον
682 2836 727 2865 vel
742 2836 838 2873 ὄνομα.
853 2837 932 2867 Eon.

1066 2419 1108 2446 12.
1126 2420 1160 2447 Et
1185 2421 1302 2455 ρνικείηε
1322 2421 1446 2457 piscibus
1468 2423 1566 2456 maris,
1588 2425 1614 2450 et
1642 2422 1734 2451 bestiis
1758 2423 1849 2451 teme.

1028 2463 1168 2499 Nunquid
1194 2473 1251 2492 non
1276 2473 1394 2501 gravem
1418 2465 1543 2500 leonem,
1573 2466 1735 2502 rugientem
1760 2467 1852 2496 feram

1029 2507 1187 2544 conspicis,
1203 2509 1289 2544 cujus
1303 2513 1333 2538 et
1348 2518 1453 2538 nomen
1470 2511 1573 2539 auditu
1590 2511 1786 2548 importabile,
1802 2521 1852 2540 ru-

1029 2551 1169 2588 gitusque
1184 2561 1289 2589 pavore
1304 2557 1411 2583 terram
1436 2555 1585 2584 succutit?
1601 2557 1712 2593 ecquod
1735 2557 1853 2586 tandem

1029 2598 1074 2625 est
1085 2597 1185 2632 robur,
1201 2600 1233 2626 ut
1249 2599 1313 2634 ejus
1329 2599 1474 2628 sustinere
1485 2601 1626 2637 impetum
1642 2600 1855 2637 possit?Nulla

1029 2642 1107 2669 enim
1121 2642 1277 2671 brutarum
1289 2644 1525 2680 animantium,et
1535 2654 1599 2682 qua
1609 2646 1854 2682 praegrandimole

1028 2687 1159 2723 corporis
1175 2688 1244 2723 sint,
1257 2690 1338 2717 tanta
1352 2689 1460 2718 virium
1476 2691 1559 2727 copia
1574 2691 1745 2726 contidit,ut
1759 2690 1852 2719 leonis

1027 2731 1171 2761 obsistere
1187 2732 1311 2769 impetui
1327 2735 1431 2771 possit.
1447 2736 1582 2764 Attamen
1597 2735 1682 2764 illum
1707 2735 1736 2763 in
1761 2744 1851 2772 parvo

1027 2775 1134 2805 vivario
1162 2777 1311 2807 inclusum
1339 2779 1433 2809 vides.
1462 2780 1602 2812 Quisnam
1642 2788 1756 2810 carcere
1780 2787 1849 2808 con-
