2018 3146
165 143 203 172 93
631 143 829 174 APPENDIX
850 143 1014 174 OPERUM
1037 143 1070 172 S.
1093 140 1236 172 BASILII
1259 141 1397 172 MAGNI.
1831 143 1870 172 24

165 207 306 235 strinxit?
327 209 394 244 quis
422 208 558 245 exiguum
589 217 733 237 carcerem
758 210 862 245 grandi
888 209 987 236 bestiae

1055 207 1205 241 ιύτόν;τίς
1231 208 1245 234 ὁ
1273 207 1304 234 τὸ
1331 207 1426 244 μικρὸν
1465 205 1654 242 δεσμωτήριον
1683 208 1723 242 τῷ
1759 207 1870 245 μεγάλῳ

165 252 363 287 excogitavit?
388 253 454 288 quis
484 262 565 281 raros
595 262 685 282 caveas
715 254 817 290 ligneae
846 254 992 282 cancellos

167 296 286 324 inclusis
303 298 368 325 ferae
383 299 534 328 exstruxit.
552 307 609 334 quo
627 299 792 334 respiraret,
810 306 845 326 ne
865 298 992 333 suoipsa

169 341 300 369 anhelitu
312 342 516 377 suil‘ocaretur,
536 344 584 370 sed
602 344 690 371 libere
714 343 843 370 animam
864 344 992 376 duceret,

170 394 329 421 securaque
343 390 440 422 ageret
451 387 464 414 ?
480 388 546 422 quis
560 389 572 414 ἓ
585 387 723 423 Nunquid
745 395 802 415 non
828 387 927 421 homo,
943 387 993 422 qui

169 430 330 458 bestiarum
346 431 524 459 saevissimas
539 431 596 459 sibi
612 432 715 459 ludum
731 431 821 460 facit?

208 520 250 547 13.
266 520 406 556 Nunquid
423 528 479 548 non
496 521 654 557 pantheras
675 520 868 555 deludit,cum
883 521 994 555 charta,

171 565 202 592 in
222 564 352 592 hominis
361 565 487 601 efﬁgiem
501 567 596 594 efﬁcta
612 574 627 594 e
638 566 783 602 superiori
795 565 857 594 loco
870 565 993 601 objecta,

171 609 301 636 chartam
318 609 460 644 panthera
476 610 625 645 discerpit,
642 613 730 646 atque
745 610 832 637 homo
852 610 928 636 infra
943 617 996 645 po-

171 653 257 687 situs,
272 652 375 680 bestiae
388 653 567 682 dementiam
584 663 674 690 prono
690 656 751 682 risu
775 654 904 689 excipit?
916 656 995 680 Nun-

172 697 242 732 quid
254 705 312 724 non
327 697 415 725 homo
428 697 550 725 rationis
561 699 644 734 copia
654 699 767 726 cunctis
778 698 912 734 superior
922 697 996 725 exsi-

173 740 244 769 stit?
258 741 388 772 Quonam
405 741 434 768 id
451 742 537 770 modo
553 744 564 769 Ρ
578 743 678 770 Dicam
701 743 754 770 tibi
769 743 804 770 de
827 742 997 770 volucribus

175 785 253 812 haud
270 785 388 820 quidem
403 785 433 813 in
457 794 523 814 aera
546 794 666 822 corpore
690 787 886 815 conscendere
901 786 998 813 homi-

177 837 244 857 nem
262 837 268 857 :
287 838 354 857 nam
371 838 466 866 neque
481 830 535 858 alis
549 832 686 867 prmditus
698 834 760 859 est:
777 832 885 859 mentis
900 833 997 858 tamen

177 873 318 910 potentia,
333 882 391 902 una
406 883 474 902 cum
489 875 532 903 eis
546 875 674 903 volatum
691 876 850 903 contendit.
866 875 943 902 Nihil
955 877 999 902 est

178 918 255 954 quod
272 918 400 946 hominis
415 919 558 947 rationem
576 920 767 956 animumque
783 920 920 947 detineat.
931 919 997 951 Quae

177 963 207 990 in
224 963 367 998 profundo
382 966 462 996 sunt,
478 964 620 998 rimatur;
637 973 700 1000 quas
716 972 804 1000 super
815 967 934 996 terram,
949 971 1000 992 ve-

178 1009 248 1034 natu
265 1007 342 1034 380
357 1007 455 1043 capit;
473 1016 537 1043 qua:
554 1008 584 1036 in
601 1016 678 1042 aere,
700 1008 870 1044 pernicitate
894 1008 998 1044 majori

178 1051 343 1084 antevertit,
359 1051 548 1088 detractaque
562 1052 623 1081 solo
639 1053 763 1081 devehit.

213 1094 366 1122 14.Vidisti
382 1095 541 1131 aliquando
556 1097 586 1124 in
602 1105 719 1125 summo
735 1097 848 1125 arboris
861 1105 942 1125 ramo
954 1097 1000 1125 in-

177 1139 321 1167 sidentem
332 1140 601 1175 volucrem,subtus
612 1142 641 1169 in
655 1144 734 1169 terra
742 1144 893 1170 versantes
904 1142 998 1169 homi-

177 1191 229 1211 nes
243 1183 422 1212 deridentem
437 1193 444 1218 ;
461 1187 494 1212 ut
513 1193 576 1221 qute
602 1186 715 1213 alarum
732 1186 805 1214 freta
829 1187 1000 1222 pernicitate

177 1228 236 1256 sit?
250 1228 357 1256 Videas
373 1229 567 1257 nihilominus
584 1230 630 1258 hic
646 1239 762 1266 quoque
779 1231 855 1259 hanc
870 1240 885 1258 a
909 1239 999 1267 puero

177 1272 246 1300 ludo
262 1272 336 1308 capi.
353 1272 486 1301 Calamos
496 1275 574 1302 enim
586 1275 708 1303 calamis
723 1276 1001 1310 subjicit,summos-

179 1324 236 1352 que
251 1324 284 1344 eo
300 1318 378 1345 visco
392 1317 498 1346 illinit:
513 1327 546 1346 ac
562 1321 624 1346 tum
641 1328 693 1355 per
708 1328 806 1347 ramos
821 1328 854 1347 ac
869 1320 938 1347 folia
960 1320 1000 1348 ita

180 1361 280 1389 furtim
297 1362 427 1397 disponit
441 1371 474 1390 ac
489 1363 575 1396 locat,
592 1366 625 1391 ut
638 1364 750 1392 viscum
766 1373 823 1392 non
849 1367 999 1400 apparent,

180 1413 346 1442 vagumque
352 1414 386 1434 ac
392 1407 548 1435 sublimem
558 1407 686 1435 volucris
693 1408 774 1436 fallat
782 1409 927 1436 obtutum.
934 1409 999 1436 Levi

183 1452 291 1477 attactu
307 1458 358 1485 per
378 1459 446 1478 aera
472 1451 617 1479 volantem
641 1453 786 1480 aviculam
810 1454 920 1481 tenuit:
937 1461 1000 1488 qua:

184 1501 235 1529 per
249 1493 356 1522 aethera
372 1495 493 1530 feratur,
509 1496 654 1524 volucrem
670 1497 749 1524 visco
765 1497 901 1525 devinxit.
927 1500 999 1525 Nam

180 1538 262 1565 humi
278 1537 590 1574 quidemjacethomo;
603 1541 687 1569 humi
698 1549 764 1569 vero
779 1543 843 1576 eius
854 1547 883 1570 et
894 1551 1000 1570 manus

179 1583 208 1609 et
224 1582 331 1617 pedes;
348 1583 412 1618 ejus
428 1583 574 1612 enimvero
595 1593 677 1612 mens
699 1588 786 1621 atque
810 1587 927 1614 animus
943 1595 1000 1614 una
1015 1575 1036 1608 (ἶ

179 1634 247 1653 cum
261 1626 428 1654 volucribus
444 1628 473 1655 in
489 1628 615 1656 sublime
631 1631 772 1665 ascendit,
787 1639 821 1658 ac
836 1639 895 1666 qua
911 1631 1001 1667 pollet

178 1670 252 1698 artis
267 1670 530 1708 industria,pervia
541 1673 583 1700 illi
597 1673 671 1701 ﬁunt
681 1674 808 1702 caelestia
824 1677 852 1702 et
867 1683 931 1711 quas
943 1676 998 1703 sub

177 1722 264 1742 manu
280 1715 399 1743 veniant
414 1724 447 1743 ac
461 1717 624 1752 capiantur,
641 1726 705 1753 quae
714 1720 783 1746 sunt
798 1719 853 1747 alis
869 1719 997 1754 praedita.

177 1759 252 1786 Tum
261 1759 340 1787 enim
354 1759 428 1788 retia
441 1761 602 1788 tenduntur
616 1762 860 1795 volucribus,tum
876 1764 999 1799 sagitta-

175 1802 212 1830 rii
229 1802 360 1832 volantes
375 1808 585 1840 assequuntur,
602 1814 635 1833 ac
650 1815 715 1842 quas
734 1809 804 1835 sunt
824 1807 997 1844 gulosiores,

179 1855 312 1875 escarum
327 1848 463 1876 illecebra
478 1850 580 1885 praedae
595 1851 714 1879 cedunt.

215 1892 258 1919 15.
274 1894 351 1920 Num
367 1895 396 1920 et
406 1893 536 1928 aquilam
553 1903 704 1930 nunquam
720 1896 818 1923 vidisti
834 1897 998 1924 vehementi

178 1935 291 1972 impetu
307 1937 551 1973 praedaeillapsam
565 1939 658 1975 plagis
670 1940 751 1967 humi
763 1941 914 1968 confestim
926 1941 999 1968 irre-

178 1980 228 2007 tiri
240 1980 254 2007 Τ
270 1983 310 2008 Ac
325 1989 390 2016 qua;
404 1982 501 2009 volatu
517 1983 576 2010 alta
590 1985 715 2019 petebat,
729 1984 857 2013 hominis
872 1988 935 2013 astu
948 1986 998 2013 ob-

175 2024 254 2060 jecta
269 2032 346 2060 esca,
362 2025 391 2052 in
408 2028 515 2054 terram
532 2027 699 2055 detruditur
708 2036 742 2056 ac
757 2030 880 2056 tenetus.
894 2029 999 2057 Omnia

178 2068 286 2105 quippe
300 2069 354 2097 sub
370 2069 593 2099 hominismanu
605 2080 623 2099 ο.
638 2072 696 2100 Deo
707 2073 802 2108 posita
815 2074 931 2102 sunt.Et
941 2074 998 2101 im-

177 2113 268 2149 plevit
277 2114 418 2146 orbemyet
433 2115 580 2143 hominem
593 2117 774 2152 principatus
785 2120 928 2153 expertem
942 2127 999 2146 non

177 2157 255 2185 fecit.
272 2158 313 2185 Ne
327 2159 435 2186 dixeris
450 2168 460 2186 :
476 2160 543 2191 Quae
557 2160 587 2188 in
601 2168 667 2188 aere
684 2161 827 2194 feruntur,
852 2163 999 2197 quomodo

178 2209 244 2229 mea
257 2204 327 2229 sunt
337 2203 350 2229 Ρ
363 2202 436 2230 Nam
450 2206 479 2231 et
494 2203 546 2231 illa
560 2204 683 2232 rationis
694 2213 748 2241 ope
758 2205 812 2233 tibi
823 2207 955 2241 subjecta
966 2214 999 2234 ac

178 2245 303 2273 obnoxia
316 2246 400 2274 ﬁunt.

215 2289 259 2317 16.
275 2290 307 2317 Et
320 2291 473 2326 reptilibus,
489 2299 553 2327 quae
566 2295 676 2328 reptant
689 2301 772 2329 super
784 2295 897 2322 terram.
912 2295 1001 2323 Vides

180 2334 230 2362 ubi
250 2334 340 2362 situm
353 2335 401 2371 sit,
418 2337 495 2372 quod
511 2337 545 2364 ad
562 2337 612 2364 Dei
623 2337 782 2373 imaginem
798 2339 933 2367 conditus
947 2341 1002 2367 es?

179 2379 210 2406 In
226 2387 259 2407 eo
271 2379 411 2407 nimirum
428 2381 504 2417 quod
519 2382 681 2417 principatu
699 2382 897 2418 polles,inque
909 2383 1000 2411 animi

179 2425 261 2459 parte
276 2423 457 2460 intelligente
472 2433 505 2453 ac
517 2428 616 2454 utente
631 2427 789 2460 ratione,El
800 2428 866 2463 fecit
877 2429 945 2456 Dea:
955 2428 1002 2456 ho-

178 2468 368 2501 minem.Quid
380 2469 469 2504 igitur
479 2472 524 2497 est
534 2470 621 2498 homo
633 2470 644 2498 ?
656 2472 696 2499 Ex
712 2471 746 2499 iis
760 2479 823 2507 quas
834 2471 1002 2507 legimus,et

177 2519 212 2539 ex
228 2512 264 2540 iis
279 2521 343 2548 qua
357 2513 535 2546 audivimus.
549 2514 698 2543 hominem
720 2516 905 2544 deﬂniemus.
922 2517 1000 2545 Nihil

176 2556 320 2593 enimjam
328 2565 401 2593 opus
410 2560 455 2586 est
463 2560 495 2585 ut
502 2559 612 2587 alienas
623 2560 808 2589 definitiones
818 2563 1000 2596 mutuemur,

176 2608 269 2636 neque
285 2603 317 2628 ut
331 2601 366 2629 ab
373 2604 492 2630 externa
505 2604 632 2631 vanitate
644 2604 772 2639 petitain
782 2605 915 2633 veritatis
922 2606 1000 2642 cogi-

175 2647 269 2672 tatum
285 2654 464 2681 sensumque
478 2647 665 2676 inducamus.
682 2648 772 2677 Home
793 2652 837 2678 est
851 2658 925 2685 opus
937 2650 998 2681 Dei,

176 2690 289 2718 ratione
300 2691 506 2726 praeditum,“
523 2693 650 2720 creantis
660 2692 820 2730 imaginem
837 2694 999 2722 conditum.

1047 251 1109 287 ζώῳ
1124 251 1345 286 έπινοήσας;τίς
1372 252 1386 278 ὁ
1414 253 1449 287 τῇ
1479 250 1620 287 ἀραιότητι
1647 253 1701 278 τῶν
1726 251 1870 287 στημόνων

1047 295 1155 322 έκείνων
1179 298 1232 322 τῶν
1257 295 1371 330 ξυλίνων
1395 296 1443 329 τὴν
1460 294 1596 329 ἀναπνοὴν
1612 297 1650 330 τῷ
1678 294 1871 332 ἐγκεκλεισμέ-

1046 351 1086 375 νῳ
1101 341 1139 377 (η)
1155 339 1244 378 Θηρίῳ
1259 339 1471 377 παρασκευάσας,
1487 339 1524 370 ὡς
1541 340 1579 375 μὴ
1595 340 1740 374 ἀποπνῖξαι
1754 339 1818 367 αὐτὸ
1832 342 1871 375 τῷ

1048 384 1110 421 ἰδίῳ
1138 384 1266 420 ἄσθματι,
1283 383 1356 412 ἀλλὰ
1383 384 1428 411 καὶ
1457 384 1590 417 ἀναπνοὴν
1618 383 1770 421 έλευθέριον
1797 384 1870 420 αὐτῷ

1048 428 1123 464 δοὺς,
1139 429 1184 456 καὶ
1211 429 1261 463 τὴν
1286 427 1433 466 ἀσφάλειαν
1459 427 1689 464 διοικησάμενος;
1711 428 1776 462 Τίς;
1807 428 1871 466 οὖχὶ

1048 473 1191 510 ἄνθρωπος
1201 473 1313 510 παίγνια
1323 475 1441 500 ποιεῖται
1450 475 1503 500 τῶν
1513 473 1615 511 θηρίων
1624 473 1657 500 τὰ
1667 471 1851 510 χαλεπώτατα
1865 482 1872 507 ;

1086 520 1128 546 13.
1156 517 1214 546 Οὐκ
1237 517 1381 552 ἀποπαίζει
1408 519 1462 545 τῶν
1492 516 1665 555 παρδάλεων,
1694 517 1756 544 ὅταν
1789 518 1872 554 ὑπερ-

1048 563 1122 599 τείνῃ
1137 562 1241 600 χάρτην
1258 562 1296 593 εἲς
1312 563 1453 599 ἄνθρωπον
1468 561 1716 600 ἐσχηματισμένον·
1730 562 1774 589 καὶ
1786 563 1803 596 ἡ
1823 563 1871 598 μὶν

1048 607 1094 634 τὸν
1120 607 1226 644 χάρτην
1253 605 1408 643 ἐσπάραξεν,
1433 606 1447 633 ὸ
1472 605 1501 633 δὲ
1523 604 1665 643 ἅνθρωπος
1690 606 1764 633 κάτω
1785 606 1876 642 κείμε-

1049 661 1095 682 νος
1110 652 1159 683 τῆς
1173 650 1266 682 ἀνοίας
1289 652 1338 677 τοῦ
1360 650 1456 688 θηρίου
1480 649 1675 687 κατεγέλασενς
1695 650 1734 679 Οὐ
1763 660 1874 687 περιου-

1051 705 1096 730 σιᾳ
1114 697 1164 722 τοῦ
1180 694 1314 732 λογισμοῦ
1329 695 1435 722 πάντων
1458 697 1551 731 κρατεῖ
1574 695 1587 721 ὁ
1613 694 1757 731 ἅνθρωπος
1774 704 1781 728 ;
1797 697 1874 728 πὼςς

1051 739 1128 768 Εἴπω
1153 749 1195 766 σοι
1222 740 1282 775 περὶ
1308 741 1363 766 τῶν
1391 739 1559 775 πετομένων,
1589 740 1632 766 ὅτι
1661 739 1709 766 οὐκ
1738 737 1875 766 ἀναϐαίνει

1054 785 1101 820 μὶν
1117 785 1131 812 ὁ
1147 784 1288 820 ἄνθρωπος
1318 783 1357 814 εἲς
1383 784 1430 811 τὸν
1460 783 1525 820 ἀέρα
1547 783 1663 820 σώματι’
1681 784 1712 811 οὐ
1738 783 1789 821 γὰρ
1816 782 1875 820 ἔχει

1051 827 1389 866 πτερά”συμπαρίπταται
1419 826 1448 855 δὲ
1469 830 1527 858 τοῖς
1550 830 1665 862 πτηνοῖς
1692 829 1726 864 τῇ
1754 829 1803 855 τοῦ
1829 829 1876 854 νοῦ

1053 871 1174 909 δυνάμει.
1191 871 1276 901 Οὐδὲν
1293 873 1402 910 κατέχει
1418 871 1464 899 τὸν
1479 873 1529 899 τοῦ
1555 871 1699 908 ἀνθρώπου
1724 871 1858 908 λογισμόν
1869 880 1876 887 ”

1052 918 1086 944 τὰ
1111 917 1138 945 έν
1165 917 1238 954 βυθῷ
1266 915 1444 954 διερευνᾶται,
1464 916 1498 944 τὰ
1527 915 1592 953 ὑπὲρ
1616 919 1667 953 γῆς
1703 919 1829 953 θηρᾶται,
1843 915 1878 943 τὸ.

1054 961 1080 989 ἐν
1095 964 1135 998 τῷ
1149 961 1206 999 ἀέρι
1222 958 1490 999 προκαταλαμϐάνει,
1506 960 1550 988 καὶ
1566 960 1604 992 είς
1619 964 1670 998 γῆν
1693 959 1876 995 κατασπάσας,

1053 1005 1227 1043 ἀποκομίζιι.

1091 1097 1134 1124 14.
1162 1094 1239 1126 Εἷδές
1277 1105 1343 1122 ποτε
1381 1094 1422 1123 ἐπ’
1451 1094 1535 1133 ἄκρου
1563 1092 1666 1122 κλάδου
1695 1094 1876 1131 καθεζόμενον

1054 1138 1146 1178 ὄρνεον
1160 1139 1316 1177 καταγελῶν
1331 1142 1386 1167 τῶν
1397 1139 1470 1166 κάτω
1485 1139 1548 1176 περὶ
1571 1139 1621 1174 τήν
1649 1142 1699 1176 γῆν
1730 1140 1877 1178 στρεφομέ-

1054 1195 1108 1212 νων
1124 1185 1284 1222 ἀνθρώπων,
1301 1184 1328 1211 ὲν
1342 1187 1382 1220 τῷ
1410 1183 1566 1215 πεποιθέναι
1594 1185 1628 1220 τῇ
1656 1183 1806 1220 κουφότητι
1830 1185 1878 1210 τοῦ

1054 1231 1173 1265 πτεροῦς
1202 1228 1281 1257 Ἀλλ’
1310 1228 1386 1265 ὅμως
1416 1227 1485 1255 ἔστιν
1520 1229 1604 1255 πάλιν
1641 1228 1775 1259 κάνταῦθα
1810 1226 1877 1254 ἰδεῖν

1054 1271 1139 1300 παῖδα
1152 1272 1367 1311 ἀδολεσχοῦντα,
1382 1272 1524 1308 καλάμους
1538 1271 1674 1308 καλάμοις
1704 1269 1876 1299 ὑποϐάλλονι

1054 1327 1097 1351 τα,
1113 1317 1159 1344 καὶ
1174 1317 1242 1344 κατὰ
1256 1319 1309 1344 τῶν
1324 1318 1412 1354 ἄκρων
1437 1319 1491 1344 τῶν
1512 1315 1643 1353 καλάμων
1674 1316 1727 1352 ἰξὸν
1756 1326 1877 1353 προσαρ-

1054 1363 1182 1396 τήσαντα·
1200 1361 1256 1388 εἶτα
1271 1361 1458 1392 λανθανόντως
1472 1359 1516 1388 διὰ
1538 1363 1593 1388 τῶν
1616 1359 1725 1388 κλάδων
1751 1360 1796 1387 καὶ
1823 1362 1876 1387 τῶν

1056 1405 1168 1445 φύλλων
1183 1405 1322 1441 κλέψανσα
1336 1408 1384 1433 τοῦ
1400 1406 1457 1440 ἰξοῦ
1484 1406 1534 1439 τὴν
1564 1405 1726 1442 παρουσίαν,
1742 1405 1786 1432 καὶ
1814 1405 1879 1432 ἀπο-

1058 1450 1289 1488 μετεωριζόμενον
1313 1450 1345 1477 τὸ
1375 1448 1453 1486 ὄμμα
1480 1451 1530 1476 τοῦ
1559 1448 1662 1487 ὀρνέου.
1678 1451 1770 1486 Μικρᾷ
1792 1458 1878 1486 προσ-

1057 1495 1152 1532 ψαύσει
1182 1494 1314 1532 ἐκράτησε
1337 1494 1368 1522 τὸ
1383 1494 1561 1531 ἀεροποροῦν·
1577 1494 1608 1521 τὸ
1633 1492 1678 1521 διὰ
1703 1495 1752 1521 τοῦ
1771 1493 1878 1529 αἰθέρος

1057 1540 1205 1578 φερόμενον
1219 1539 1333 1574 πτηνὸν,
1350 1537 1459 1575 δέσμιον
1478 1538 1525 1574 ἰξῷ
1540 1537 1639 1575 ἤγαγε.
1656 1537 1735 1566 Κάτω
1751 1537 1799 1574 μὶν
1825 1537 1877 1575 γὰρ

1055 1587 1141 1612 κεῖται
1159 1585 1173 1611 ὁ
1188 1585 1342 1619 ἅνθρωπος,
1359 1584 1433 1611 κάτω
1449 1582 1477 1610 δὶ
1491 1583 1537 1610 καὶ
1556 1583 1596 1610 τὼ
1618 1585 1695 1620 χεῖρε
1722 1581 1804 1609 αὐτοῦ
1833 1582 1879 1609 καὶ

1053 1630 1093 1656 τὼ
1121 1627 1203 1656 πόδι’
1235 1628 1297 1656 ἀλλ’
1320 1629 1336 1662 ἡ
1365 1626 1471 1654 διάνοια
1499 1626 1597 1654 τούτου
1627 1623 1811 1653 συναναϐαίνιι
1839 1625 1878 1656 εἲς

1054 1672 1121 1708 ὕψος
1134 1675 1193 1702 τοῖς
1208 1674 1332 1706 πτηνοῖς,
1347 1671 1392 1698 καὶ
1409 1670 1453 1698 διὰ
1467 1674 1516 1704 τῆς
1538 1669 1639 1707 τέχνης
1667 1669 1762 1708 ἐφικτὰ
1788 1668 1879 1706 τούτῳ

1054 1716 1156 1754 γίνεται
1179 1717 1212 1744 τὰ
1235 1715 1355 1753 οὐράνια,
1376 1715 1420 1742 καὶ
1441 1715 1475 1742 τὰ
1494 1715 1629 1751 πτερωτὰ,
1654 1712 1760 1743 ἁλωτά.
1781 1714 1878 1741 Δίκτυά

1053 1772 1082 1790 τε
1095 1762 1145 1799 γὰρ
1158 1761 1264 1789 ἵσταται
1287 1763 1346 1792 τοῖς
1368 1762 1492 1796 πτηνοῖς,
1507 1759 1554 1787 καὶ
1579 1759 1686 1794 τοξόται
1713 1761 1766 1786 τῶν
1796 1769 1876 1786 πετο-

1056 1806 1141 1843 μένων
1165 1805 1425 1843 καταστοχάζονται,
1454 1805 1499 1832 καὶ
1527 1803 1690 1841 δελεάσμασι
1722 1803 1873 1841 βρωμάτων

1054 1853 1190 1888 θηρῶνται
1204 1850 1237 1878 τὰ
1251 1849 1466 1887 λαιμαργότερα.

1089 1897 1133 1923 45.
1149 1894 1208 1923 Οὐκ
1233 1893 1302 1925 εἶδές
1329 1904 1396 1921 ποτε
1423 1894 1469 1921 καὶ
1493 1893 1569 1920 ἀετὸν
1593 1890 1703 1930 λάϐρως
1720 1892 1768 1928 μὶν
1795 1892 1876 1928 έμπε-

1054 1937 1134 1966 σὸντα
1148 1942 1187 1975 τῷ
1201 1939 1348 1977 θηράματι,
1363 1938 1449 1975 τάχος
1466 1936 1494 1965 δὶ
1509 1938 1690 1975 περιπαρέντα
1717 1939 1777 1967 ταῖς
1801 1936 1875 1964 κάτω

1053 1985 1171 2022 πάγαις;
1188 1983 1282 2015 Οὕτως
1295 1983 1326 2010 τὸ
1343 1982 1447 2020 ὑψηλὸν
1467 1983 1541 2009 κάτω
1564 1983 1666 2020 γίνεται
1691 1983 1749 2012 τοῖς
1774 1980 1876 2018 ἀνθρω-

1053 2028 1142 2058 πίνοις
1158 2026 1336 2064 δελεάσμασιν
1352 2025 1542 2058 καθελκυσθέν.
1559 2026 1648 2053 Πάντα
1669 2026 1720 2063 γὰρ
1747 2025 1799 2052 ὑπὸ
1825 2025 1875 2058 τὴν

1053 2075 1134 2110 χεῖρα
1157 2071 1242 2109 ἤγαγε
1268 2073 1317 2098 τοῦ
1345 2071 1488 2108 ἀνθρώπου
1505 2079 1511 2087 ·
1537 2070 1581 2097 καὶ
1609 2070 1659 2104 τήν
1683 2069 1768 2096 κτίσιν
1793 2067 1876 2103 ἐκλή-

1055 2127 1135 2155 ρωσε,
1150 2117 1194 2144 καὶ
1209 2116 1255 2144 τὸν
1270 2114 1412 2153 ἄνθρωπον
1429 2113 1544 2152 ἄμοιρον
1567 2115 1618 2146 τῆς
1644 2112 1799 2144 δεσποτείας
1826 2113 1876 2140 οὐκ

1054 2161 1174 2196 έποίησε.
1198 2160 1245 2194 Μὴ
1266 2159 1370 2190 εἷ’ποις·
1386 2159 1426 2188 Τὰ
1449 2159 1474 2186 ἐν
1497 2161 1537 2194 τῷ
1555 2158 1613 2196 ἀέρι
1643 2157 1788 2196 φερόμενα,
1816 2159 1875 2187 πῶς

1053 2206 1115 2242 ἐμοὶ
1142 2205 1280 2243 διαφέρει;
1305 2204 1362 2232 έπεὶ
1390 2204 1499 2232 κάκεῖνα
1529 2202 1573 2231 διὰ
1598 2205 1647 2231 τοῦ
1676 2202 1810 2241 λογισμοῦ
1833 2212 1874 2229 σοι

1014 2256 1037 2289 Ι)
1056 2250 1203 2287 ὑποχείρια
1216 2249 1328 2287 γίνεται.

1092 2297 1135 2323 16.
1160 2294 1213 2322 Καὶ
1240 2294 1293 2322 τῶν
1333 2294 1451 2331 ἑρπετῶν
1493 2295 1546 2320 τῶν
1589 2293 1725 2329 ἑρπόντων
1753 2290 1798 2319 έπὶ
1825 2294 1876 2326 τῆς

1054 2342 1114 2376 γῆς.
1144 2339 1223 2376 Ὁρᾷς
1265 2340 1319 2366 ποῦ
1357 2336 1429 2375 ἔχεις
1456 2337 1488 2365 τὸ
1515 2338 1572 2365 κατ’
1599 2336 1690 2364 εἰκόνα
1716 2337 1875 2374 γεγενῆσθαι

1055 2384 1140 2417 Θεοῦς
1156 2383 1224 2410 κατὰ
1238 2383 1269 2410 τὸ
1283 2382 1397 2420 ἀρχικὸν
1427 2379 1548 2417 δηλαδὴ,
1575 2381 1620 2409 καὶ
1648 2381 1680 2408 τὸ
1707 2384 1757 2415 τῆς
1784 2379 1878 2417 ψυχῆς

1055 2427 1148 2465 νοερόν
1175 2438 1205 2455 τε
1233 2427 1278 2454 καὶ
1308 2427 1429 2464 λογικόν,
1458 2426 1506 2453 Καὶ
1536 2425 1660 2458 ἐποίησεν
1692 2425 1707 2452 ὁ
1735 2425 1801 2456 Θεὸς
1830 2424 1876 2451 τὸν

1055 2471 1208 2509 ἄνθρωπον.
1233 2471 1265 2499 Τί
1295 2470 1340 2498 οὖν
1368 2470 1438 2498 έστιν
1467 2469 1618 2506 ἅνθρωπος,
1647 2469 1673 2504 le
1697 2470 1734 2496 ὧν
1759 2469 1876 2506 ἀνέγνω-

1057 2526 1113 2552 μεν,
1130 2516 1174 2543 καὶ
1203 2515 1228 2552 ἐξ
1259 2516 1295 2542 ὧν
1320 2514 1487 2551 ἠκούσαμεν,
1517 2514 1674 2552 ὁρισόμεθα.
1701 2512 1798 2541 Οὐκέτι
1826 2512 1876 2550 γὰρ

1055 2560 1135 2599 χρεία
1150 2559 1312 2594 δανείζεσθαι
1327 2559 1408 2596 ὅρους
1430 2558 1602 2596 ἀλλοτρίους,
1619 2556 1682 2585 οὐδὲ
1709 2557 1742 2584 τὰ
1770 2556 1801 2584 ἐκ
1826 2559 1876 2591 τῆς

1058 2605 1240 2642 ματαιότητος
1265 2603 1417 2642 ἐπεισάγειν
1441 2605 1482 2639 τῷ
1508 2602 1633 2639 λογισμῷ
1659 2605 1708 2637 τῆς
1733 2600 1875 2637 ἀληθείας.

1056 2649 1213 2686 Ἄνθρωπός
1242 2648 1312 2676 ἐστιν
1342 2647 1450 2684 ποίημα
1478 2648 1545 2675 Θεοῦ
1570 2646 1692 2684 λογικὸν,
1712 2646 1770 2674 κατ’
1787 2645 1877 2672 εἰκόνα

1055 2694 1201 2731 γινόμενον
1230 2695 1280 2720 τοῦ
1313 2692 1453 2722 κτίσαντος
1486 2691 1578 2721 αὐτόν,
1605 2691 1639 2719 Εἴ
1667 2701 1694 2718 τι
1721 2689 1809 2718 λείπει
1836 2688 1876 2725 τῷ

176 2766 197 2812 Ἀ
215 2770 256 2812 (α).
267 2770 376 2812 Verba,
391 2771 661 2812 tifpﬁvxsxhwpévq;
677 2783 771 2811 usque
785 2775 821 2804 ad
836 2773 881 2802 καὶ
897 2774 997 2804 ἀναπνο

1055 2776 1082 2806 in
1094 2776 1221 2805 editione
1236 2775 1369 2805 Garnerii
1384 2775 1420 2804 ob
1436 2774 1681 2805 homoeoteleuton
1703 2772 1824 2808 omissa,
1841 2779 1876 2801 ex

177 2805 343 2837 Combetisii
357 2805 612 2840 Basilio'receruiio
627 2805 822 2841 restituimus.
838 2813 916 2840 Enrr.
