2018 3146
188 181 227 209 2⁸7

667 183 863 213 APPENDIX
886 184 1050 215 OPEBUM
1072 184 1105 214 S.
1129 183 1268 213 BASILII
1291 182 1416 213 MAGNI

1852 179 1889 209 28

190 246 327 282 deinceps
338 248 499 283 septennio,
509 257 565 276 una
576 257 692 285 quoque
704 250 864 285 perfectum
876 259 1013 288 augmen-

1070 250 1147 287 τρίτῃ
1163 249 1259 277 λοιπὸν
1277 246 1409 285 ὲϐδομάδι
1436 248 1478 275 καὶ
1504 247 1535 274 τὸ
1559 246 1664 274 τέλειον
1688 248 1738 279 τῆς
1757 244 1892 280 αὐξήσεως

189 293 252 319 tum
265 292 460 320 nanciscitur:
472 293 593 327 necjam
603 293 740 330 amplius,
751 294 835 322 tertio
846 294 959 330 expleto
971 303 1011 322 se-

189 336 308 372 ptennio
320 345 426 372 corpus
437 337 540 365 altiore
551 340 664 366 statura
675 339 842 375 surrigitur.
853 339 1012 375 Postquam

189 389 256 409 vero
270 383 374 409 natura
386 390 402 409 a
414 381 564 410 laboribus
577 383 701 418 augendi
714 383 741 410 in
753 383 845 411 altum
858 384 1012 419 respirave-

189 426 229 453 rit
246 433 252 452 :
268 426 328 460 jam
345 427 374 453 in
392 426 483 454 latum
507 427 611 463 incipit
633 430 824 463 augmentum
850 429 1011 463 traducere,

192 470 728 508 isdiliciiquesuifastigium,tanquam
738 473 937 500 fundamentis
947 474 1013 500 sub~

191 515 291 543 stratis
307 514 418 548 fulcire,
431 524 587 551 crassaque
604 517 631 544 in
653 517 752 544 orbem
769 517 893 557 adjicere
909 518 1011 554 pergit,

191 562 279 595 atque
295 560 324 586 in
341 568 406 587 eum
431 561 549 588 modum
575 562 708 589 membra
723 561 852 598 corporis
877 562 1012 590 roborare

191 607 279 640 atque
291 604 425 639 formare,
435 608 462 632 et
477 605 505 632 in
518 606 710 634 robustiorem
723 609 831 634 statum
845 608 1011 643 perducere.

191 649 257 684 Agit
272 648 333 676 haec
349 649 479 684 quotidie
500 653 607 678 natura
625 651 863 687 impraatermisse
879 660 932 679 suo
949 652 1013 688 ipsa

191 693 303 726 ordine,
316 693 365 721 sed
382 695 477 729 cujus,
491 703 525 722 ex
540 698 682 731 precepto
694 696 843 724 Dominico
859 697 937 732 erige
953 699 1011 730 est;

191 745 224 765 ac
239 740 309 765 tunc
325 738 481 773 prolatum,
500 748 550 775 per
565 748 680 768 omnem
697 741 726 768 in
742 741 829 768 tinem
847 750 938 775 usque
954 749 1015 776 per-

191 784 279 817 petuo
295 785 457 811 creaturam
474 787 624 819 grassatur
640 793 646 812 :
662 786 788 818 Crescite,
805 788 831 813 et
845 786 1015 820 multiplica-

190 827 272 854 mini.
291 827 416 860 Crescite,
434 828 539 864 inquit,
556 837 591 856 ne
607 830 636 856 in
653 838 710 857 uno
728 833 832 858 natura
848 831 1012 859 deﬁniatur.

191 871 433 906 Multiplicamini,
451 881 486 900 ne
511 873 547 900 ad
574 882 664 901 unum
684 875 836 908 duntaxat,
852 876 902 903 sed
927 878 955 904 et
978 877 1013 903 ad

192 914 292 951 plures
306 923 399 951 genus
424 919 566 945 excurrat.
584 918 665 946 Unde
678 921 706 946 et
721 920 827 955 adjecit
843 930 848 947 :
867 921 898 948 Et
914 921 1015 956 replete
1028 936 1051 968 B

192 964 304 987 terram.
320 960 426 996 Rep/etc
441 969 516 994 vero,
530 971 587 989 non
603 962 797 998 habitatione;
813 965 853 992 sic
868 965 945 992 enim
960 965 1012 993 fal-

192 1012 242 1031 sus
253 1006 331 1031 esset
342 1008 693 1043 sermo,quaudoquidem
704 1010 865 1037 etiamnum
876 1018 1012 1046 magnam

191 1050 274 1075 terras
291 1053 411 1084 partem,
424 1058 486 1085 qua)
502 1059 559 1079 non
574 1052 731 1088 habitetur,
742 1055 895 1082 videmus:
912 1063 1012 1083 verum

193 1093 308 1128 Replete.
326 1093 514 1128 Potestatem,
525 1096 630 1132 inquit,
645 1098 816 1126 dominandi
832 1102 913 1127 terra:
929 1099 1014 1127 nobis

192 1137 304 1165 tribuit.
323 1139 404 1170 Quod
430 1139 508 1167 enim
525 1141 635 1169 dictum
656 1145 709 1178 est,
727 1144 835 1179 Replete
858 1147 970 1179 terram,
985 1145 1013 1172 in

193 1180 374 1210 habitatione
390 1182 486 1211 locum
503 1193 559 1212 non
575 1186 676 1221 habet;
689 1196 756 1216 nam
774 1197 868 1224 neque
883 1189 953 1217 solis
969 1198 1014 1216 ar-

194 1225 313 1254 doribus
324 1229 467 1260 exustam,
479 1230 566 1264 atque
578 1229 729 1265 incultam,
743 1232 802 1259 sive
813 1232 878 1268 gelu
891 1233 1015 1268 rigidam

193 1269 361 1306 inviamque
383 1280 416 1299 ac
439 1271 629 1303 inaccessam.
646 1274 783 1311 Nunquid
809 1277 884 1305 hanc
899 1285 1015 1312 quoque

195 1314 328 1343 homines
340 1315 485 1351 habitant,
496 1320 524 1345 et
547 1318 670 1354 implent
682 1321 810 1348 terram?
822 1321 877 1349 Sed
888 1330 921 1349 ea
930 1321 1016 1349 ratio-

195 1367 230 1386 ne
245 1361 328 1387 terris
353 1361 495 1396 rapiendae
511 1363 635 1391 arbitros
652 1365 769 1399 fecit,et
792 1366 939 1402 replemus
964 1374 1015 1402 per

193 1403 344 1437 rationem,
356 1407 433 1441 quod
446 1406 575 1435 sciamus
585 1411 694 1443 quanta
704 1409 813 1445 sitejus
825 1418 892 1446 pars
903 1410 1016 1438 inhabi-

192 1448 292 1476 tabilis
307 1449 436 1485 solisque
451 1452 604 1480 ardoribus
618 1456 738 1481 exusta:
754 1455 830 1490 quod
847 1455 1015 1483 noverimus

193 1495 303 1527 quanta
314 1494 377 1529 ejus
392 1495 516 1524 borealis
528 1496 623 1533 plaga,
634 1506 667 1526 ex
681 1499 757 1527 832
770 1499 885 1535 frigoris
896 1508 1016 1536 exsupe-

193 1537 289 1564 rantia
304 1537 414 1565 inculta
429 1543 473 1567 est
493 1541 661 1578 nulliusque
677 1543 781 1579 frugis.
794 1544 932 1580 Nunquid
957 1554 1014 1573 non

193 1583 301 1609 terram
317 1583 511 1619 replevimus?
524 1587 654 1621 nunquid
667 1596 723 1615 non
735 1588 845 1616 delecto
857 1589 933 1624 quod
946 1590 1013 1617 usui

193 1629 279 1661 esset,
298 1628 440 1663 quidquid
462 1637 563 1665 parum
579 1619 766 1660 commodum
791 1634 827 1660 ad
852 1619 1012 1662 humanam
1029 1619 1049 1652 Ο

192 1671 281 1699 vitam
298 1673 518 1708 transigendam
535 1675 711 1710 rejecimus?
727 1677 919 1708 Quamobrem
937 1679 1014 1713 quod

193 1715 234 1743 ita
253 1716 365 1744 dictum
382 1719 436 1751 est,
455 1719 570 1754 Replete,
589 1720 630 1747 rei
646 1729 698 1748 nos
715 1721 841 1750 arbitros
857 1722 934 1750 fecit.
952 1723 1014 1750 Non

194 1760 263 1795 quia
274 1761 415 1790 universa:
427 1771 513 1790 usum
526 1772 582 1791 non
597 1764 750 1799 habemus,
763 1774 819 1793 non
831 1767 895 1802 ejus
906 1770 1017 1802 quanta

194 1806 249 1838 est,
266 1805 378 1833 domini
400 1807 550 1834 constituti
566 1817 680 1837 sumus.
693 1809 792 1845 Neque
816 1811 893 1838 enim
910 1813 951 1846 tu,
968 1820 1014 1839 co-

194 1852 293 1885 empto
310 1850 416 1883 tritico,
434 1851 540 1879 idcirco
565 1861 622 1881 non
638 1854 703 1889 ejus
718 1855 814 1882 omnis
831 1855 968 1883 dominus
985 1864 1015 1883 es

194 1894 272 1929 quod
288 1894 318 1922 in
334 1895 430 1922 tritico
455 1895 533 1923 aliud
553 1897 649 1931 edule,
665 1898 743 1926 aliud
761 1900 837 1934 quod
863 1900 892 1926 in
919 1908 1015 1928 escam

195 1939 297 1966 cedere
321 1942 446 1974 nequeat
469 1940 603 1975 otTendis,
618 1944 645 1969 et
660 1942 778 1978 abjicis;
804 1952 836 1971 ac
862 1944 1016 1980 scrupulos

195 1983 312 2018 quidem
329 1992 362 2011 ac
376 1983 489 2020 lapides
505 1985 623 2020 projicis
647 1989 679 2014 ut
701 1987 831 2023 inutiles,
849 1997 880 2016 ac
896 1989 921 2017 si
946 1989 1016 2024 quid

195 2027 274 2055 aliud
291 2028 479 2056 commistum
496 2032 541 2058 est
556 2031 633 2066 quod
652 2031 688 2058 ad
705 2040 792 2060 usum
818 2033 939 2061 minime
954 2033 1016 2061 ido-

195 2080 284 2100 neum
300 2073 349 2106 sit,
364 2073 522 2110 glumaque
543 2075 695 2104 exsufﬂata
709 2079 797 2113 atque
812 2079 906 2114 palea,
923 2086 955 2106 ac
971 2087 1015 2106 se-

196 2119 273 2145 creto
288 2117 368 2153 lolio,
385 2118 530 2154 quidquid
554 2119 590 2147 ad
616 2121 679 2149 vitm
703 2123 946 2150 sustentationem
962 2131 1015 2159 pu-

195 2169 261 2189 rum
275 2165 328 2197 est,
343 2163 372 2191 id
387 2163 501 2200 deligis.

231 2206 274 2233 19.
290 2207 337 2234 Sic
352 2207 451 2243 itaque
470 2209 558 2236 etiam
583 2211 671 2244 terra,
688 2211 794 2246 partim
820 2212 856 2240 ad
880 2212 1016 2240 habitan-

195 2251 266 2278 dum
283 2251 367 2280 nobis
383 2261 522 2281 concessa
543 2254 648 2282 idonea
662 2258 722 2290 est;
742 2257 850 2292 partim
867 2258 902 2285 ad
918 2257 1016 2285 colen-

1068 291 1315 331 συναπολαμϐάνει·
1341 292 1379 321 ἔτι
1402 291 1430 320 δὲ
1459 293 1503 320 καὶ
1528 291 1565 322 είς
1582 295 1670 328 μῆκος
1687 291 1704 324 ἡ
1721 288 1892 320 διανάστασις

1066 341 1116 366 τοῦ
1133 339 1259 375 σώματος
1290 338 1339 366 οὐκ
1367 338 1512 376 ἐπιγίνεται
1541 336 1608 373 μετὰ
1627 336 1678 370 τὴν
1702 334 1795 372 τρίτην
1813 332 1891 361 ἑϐδο-

1070 382 1150 420 μάδα.
1180 382 1302 412 Ἐπειδὰν
1329 382 1357 410 δὲ
1373 381 1524 419 ἀναπνεύσῃ
1548 382 1565 415 ἡ
1594 379 1671 420 φύσις
1687 380 1740 407 τῶν
1761 379 1889 415 καμάτων

1067 431 1117 462 τῆς
1141 427 1185 455 ἐπὶ
1209 428 1240 455 τὸ
1264 426 1320 455 ἅνω
1344 427 1492 463 αὐξήσεως,
1522 424 1635 463 ἄρχεται
1664 423 1761 452 λοιπὸν
1791 423 1830 453 εἷς
1859 423 1892 450 τὰ

1068 472 1157 508 πλάτη
1172 470 1337 507 διαϐιϐάζειν
1365 473 1414 507 τὴν
1444 470 1565 507 αὔξησιν,
1590 469 1634 497 καὶ
1651 469 1733 496 οἷονεί
1746 469 1889 506 περιοεμε-

1068 516 1144 545 λιοῦν
1160 517 1193 545 τὰ
1222 517 1371 554 ὑψωθὶντα,
1388 515 1433 543 καὶ
1448 516 1524 553 πάχη
1541 515 1633 545 αὐτοῖς
1654 514 1829 552 περιτιθέναι,
1846 512 1892 539 καὶ

1068 561 1141 589 οὕτω
1157 561 1280 600 στερεοῦν
1292 562 1337 589 καὶ
1361 560 1499 599 κρατύνειν
1525 562 1573 587 τοῦ
1601 559 1727 596 σώματος
1750 557 1784 584 τὰ
1808 555 1891 594 μέλη,

1067 607 1113 634 καὶ
1138 606 1174 637 εἴς
1199 607 1230 634 τὸ
1256 605 1469 645 ῥωμαλεώτερον
1493 605 1685 639 ἀποκαθιστᾷν.
1713 603 1804 631 Ταῦτα
1819 603 1894 629 ποιεῖ

1070 652 1116 688 μὶν
1142 651 1269 678 ἑκάστοτε
1293 652 1310 685 ἡ
1329 651 1407 688 φάσις
1431 648 1640 687 ἀπαραλείπτως
1656 647 1725 675 κατὰ
1752 647 1800 681 τὴν
1832 647 1892 673 huc

1067 699 1117 731 τῆς
1147 694 1322 724 ἀκολουθίαν·
1353 694 1456 733 ἐγένετο
1486 693 1514 721 δὲ
1538 693 1563 730 ἐξ
1588 692 1678 730 ἀρχῆς
1705 690 1893 729 προστάγματι

1069 739 1231 776 δεσποτικῳ,
1262 739 1306 766 καὶ
1336 739 1396 766 τότι
1426 737 1557 773 λαληθὲν,
1585 736 1629 764 διὰ
1655 736 1745 771 πάσης
1775 735 1815 762 ἀεὶ
1843 736 1892 769 τῆς

1068 784 1181 815 κτίσεως
1213 785 1295 822 μέχρι
1321 782 1417 814 τὲλους
1446 784 1543 820 χωρεῖ,
1573 781 1723 817 Αὐξάνεσθι
1750 779 1794 807 καὶ
1819 778 1893 822 πλη-

1070 828 1186 860 Θύνεσθε.
1217 827 1367 863 Αὐξοίνεσοε
1393 827 1454 865 γὰρ,
1471 826 1547 864 φησὶ,
1575 824 1621 852 ’ίνα
1652 824 1689 861 μὴ
1720 823 1813 854 ἀτελὲς
1838 821 1898 850 δια-

1071 873 1150 910 μείνῃ
1178 873 1209 900 τὸ
1224 873 1342 909 ποίημα·
1358 871 1535 907 πληθύνεσθε,
1548 869 1594 897 τίνα
1625 869 1663 906 μὴ
1695 869 1733 900 εἱς
1746 867 1804 904 ἵνα,
1821 866 1895 895 ἀλλὰ

1069 918 1113 945 καὶ
1130 917 1168 949 εἷς
1183 917 1306 949 πολλοὺς
1321 916 1457 955 διαδράμῃ
1471 916 1502 943 τὸ
1517 915 1602 954 γένος.
1618 914 1664 942 Διὸ
1689 913 1734 941 καὶ
1761 913 1892 950 ἐπήγαγε·

1068 961 1118 990 Καὶ
1147 961 1313 998 πληρώσατε
1343 961 1392 995 τὴν
1429 964 1488 998 γῆν.
1529 958 1698 996 Πληρώσατε
1727 956 1766 991 8‘s,
1797 956 1827 983 οὐ
1857 957 1894 993 τῇ

1065 1007 1232 1041 κχτοιγήσεγ
1264 1005 1335 1033 οὕτω
1363 1005 1412 1042 γὰρ
1428 1003 1502 1031 ἕσται
1532 1004 1545 1031 ὁ
1575 1002 1659 1040 λόγος
1688 1000 1893 1038 διεψευσμένος,

1067 1050 1160 1085 ἐπειδὴ
1176 1050 1304 1089 ἅχριτοῦ
1329 1050 1375 1078 νῦν
1403 1050 1510 1086 ὁρῶμεν
1538 1047 1646 1082 πολλὴν
1676 1048 1726 1084 γῆν
1747 1045 1888 1080 ἀοίκητον,

1067 1095 1139 1123 ἀλλὰ
1155 1119 1162 1131 ,
1190 1095 1359 1133 Πληρώσατε
1375 1104 1381 1111 ’
1411 1095 1460 1128 τὴν
1491 1093 1621 1129 ἐξουσίαν,
1653 1091 1743 1132 φησὶ,
1768 1092 1816 1117 τοῦ
1842 1100 1889 1116 κυ-

1068 1140 1165 1178 ριεύειν
1189 1141 1238 1174 τὴν
1262 1143 1312 1178 γῆν
1341 1138 1455 1167 δέδωκεν
1469 1140 1548 1174 ἡμῖν.
1578 1138 1616 1166 Τὸ
1643 1137 1705 1174 γὰρ,
1722 1134 1892 1173 Πληρώσατε

1067 1186 1117 1220 τήν
1146 1187 1207 1222 γῆν⁷
1247 1184 1291 1212 ἐπὶ
1326 1188 1375 1220 τῆς
1408 1184 1590 1218 κατοικήσεως
1616 1181 1710 1219 χώραν
1741 1180 1791 1208 οὐκ
1819 1178 1888 1217 ’ἐχει-

1069 1228 1162 1264 ἐπειδὴ
1191 1228 1254 1257 οὐδὲ
1278 1230 1326 1263 τὴν
1351 1228 1563 1264 διακεκαυμένην
1587 1226 1632 1254 καὶ
1659 1226 1842 1263 ἀγεώργητον,
1872 1222 1890 1258 ἢ

1068 1275 1116 1309 τὴν
1142 1274 1346 1312 κατεψυγμένην
1368 1273 1412 1300 καὶ
1439 1270 1536 1300 ἄϐατον
1550 1281 1557 1289 ⁶
1583 1271 1628 1299 καὶ
1658 1269 1722 1307 οὐχί
1737 1269 1846 1321 ταύτηνΧ
1866 1269 1893 1321 o‘l.

1447 1317 1452 1321 .
1506 1315 1514 1321 ι
1578 1318 1591 1321 _
1672 1315 1678 1321 .
1742 1317 1756 1321 _
1802 1313 1825 1321 ..
1857 1312 1866 1321 κ

1069 1318 1206 1355 ἅνθρωποι
1228 1311 1384 1346 κατοικοῦσι
1410 1317 1455 1344 καὶ
1484 1315 1622 1354 πλιηροῦσι
1649 1315 1698 1349 τὴν
1723 1317 1786 1352 γῆν.
1802 1311 1893 1340 Ἀλλὰ

1068 1364 1177 1402 κυρίους
1202 1365 1275 1400 ἡμᾶς
1298 1362 1408 1398 ἐποίηςι
1433 1361 1568 1398 πληροῦν,
1583 1361 1628 1388 καὶ
1645 1358 1805 1397 πληροῦμεν
1822 1356 1893 1385 ὲκεί-

1068 1420 1117 1444 νην
1132 1412 1172 1445 τῷ
1187 1408 1322 1447 λογισμῷ,
1338 1410 1378 1444 τῷ
1394 1405 1491 1434 εἱδέναι
1506 1407 1580 1442 ἡμᾶς
1603 1404 1687 1432 πόσον
1719 1403 1815 1441 μέτρον
1840 1403 1892 1434 τῆς

1070 1455 1200 1489 ἀοικήτου
1214 1454 1257 1481 καὶ
1275 1452 1486 1488 διακεκαυμένης
1500 1454 1560 1488 γῆς.
1575 1452 1655 1478 Ὀτοιν
1667 1447 1768 1485 ἴδωμεν
1785 1448 1824 1484 (a)
1838 1447 1891 1474 πό-

1070 1510 1114 1526 σον
1130 1499 1160 1526 τὸ
1175 1498 1262 1534 κλίμα
1276 1497 1306 1525 τὸ
1321 1496 1460 1535 βόρειον,ὂ
1476 1494 1520 1523 διὰ
1534 1495 1582 1529 τὴν
1601 1491 1824 1531 ὑπερϐάλλουσαν
1840 1490 1894 1528 ψύ-

1069 1544 1106 1579 ξιν
1132 1542 1306 1581 ἀγεώργητόν
1323 1541 1378 1569 ἐστι
1391 1541 1436 1568 καὶ
1452 1541 1601 1578 ἄχρηστον,
1614 1538 1679 1576 οὐχὶ
1692 1537 1896 1581 ἐπληρώσαμεν

1068 1589 1117 1622 τήν
1128 1579 1178 1625 γῆν
1192 1579 1241 1622 {at
1251 1587 1282 1614 τὸ
1293 1587 1433 1624 χρήσιμον
1448 1583 1666 1620 ἐκλεξάμενοι,τὸ
1676 1582 1737 1609 ὅσον
1754 1579 1897 1618 ἄχρηστον

1070 1633 1108 1662 είς
1137 1631 1275 1669 διαγωγὴν
1300 1631 1454 1668 ἀνθρώποις
1480 1627 1715 1664 ἀπεπεμψάμεοα;
1741 1626 1821 1651 ’Ώστε
1848 1625 1896 1659 τὸ,

1069 1676 1237 1714 Πληρώσατε
1259 1676 1308 1709 τὴν
1339 1678 1410 1712 γῆν,
1437 1673 1545 1710 κυρίους
1575 1673 1649 1708 ἡμᾶς
1675 1669 1811 1714 ίποίησςν.
1838 1669 1899 1696 Οὐκ

1069 1712 1163 1754 ἐπειδὴ
1191 1720 1279 1754 πάσης
1314 1719 1366 1746 οὐκ
1388 1717 1488 1755 ἔχομεν
1518 1717 1567 1750 τὴν
1591 1719 1702 1754 χρῆσιν,
1726 1714 1776 1742 οὐκ
1789 1712 1895 1751 ἔχομεν

1069 1763 1159 1799 πάσης
1183 1765 1231 1791 τοῦ
1255 1762 1398 1800 κυριεύειν.
1424 1761 1494 1791 Οὐδὲ
1512 1762 1562 1800 γὰρ
1579 1760 1609 1788 σὺ
1624 1760 1669 1787 τὸν
1696 1762 1768 1786 σῖτον
1799 1758 1897 1796 ἀγορά-

1071 1819 1117 1839 σας
1133 1809 1180 1845 (ὺ),
1207 1807 1255 1835 οὐκ
1280 1807 1304 1835 εἶ
1327 1806 1371 1834 διὰ
1385 1808 1465 1834 τοῦτο
1480 1808 1528 1833 τοῦ
1557 1804 1655 1835 παντὸς
1677 1804 1781 1842 κύριος,
1797 1800 1895 1836 ἐπειδὴ

1071 1852 1096 1880 ἐν
1112 1855 1151 1889 τῷ
1168 1853 1233 1889 σίτῳ
1247 1852 1278 1879 τὸ
1294 1852 1341 1888 μὲν
1359 1849 1505 1887 ἐδώδιμον,
1521 1850 1552 1877 τὸ
1567 1849 1595 1876 δὲ
1619 1846 1742 1885 ἄϐρωτον
1759 1846 1895 1884 εὑρίσκεις

1069 1897 1114 1924 καὶ
1129 1895 1284 1934 ἀποϐάλλῃ·
1314 1897 1358 1924 καὶ
1381 1896 1414 1923 τὰ
1429 1893 1533 1928 λιθίδια
1546 1895 1590 1932 γὶν
1605 1894 1641 1924 ὡς
1661 1893 1786 1931 ἄχρηστα
1808 1889 1895 1928 ἀπορ-

1071 1941 1183 1980 ῥίπτεις,
1212 1942 1256 1968 καὶ
1287 1940 1314 1968 εἶ’
1337 1951 1363 1968 τι
1393 1939 1463 1967 ἄλλο
1495 1938 1670 1976 ἐπιμέμικται
1695 1937 1763 1975 πρὸς
1791 1935 1894 1980 βρώσιν

1070 1985 1266 2021 ἀνεπιτήδειον·
1283 1986 1314 2013 τὸ
1330 1984 1358 2012 δὲ
1381 1983 1484 2023 ἄχυρον
1501 1983 1677 2022 ἀποφυσήσας
1698 1981 1741 2009 καὶ
1763 1981 1795 2008 τὸ
1818 1979 1894 2015 ζιζά-

1069 2042 1126 2058 νιον
1144 2030 1301 2068 ἀποκρίνας,
1324 2030 1354 2058 τὸ
1381 2029 1444 2057 ὅσον
1468 2028 1585 2067 καθαρὸν
1604 2027 1672 2066 πρὸς
1687 2026 1736 2061 τὴν
1752 2027 1800 2053 τοῦ
1832 2024 1895 2062 βίου

1070 2076 1194 2104 σύστασιν
1210 2078 1290 2103 τοῦτο
1306 2073 1493 2111 ἐκλεξάμενος.

1107 2210 1150 2238 19.
1175 2208 1255 2237 Οὕτω
1275 2207 1364 2235 τοίνυν
1388 2206 1433 2234 καὶ
1457 2207 1474 2241 ἡ
1499 2209 1545 2244 γῆ,
1570 2206 1588 2240 ἡ
1621 2205 1666 2241 μὶν
1689 2204 1757 2242 πρὸς
1786 2201 1894 2238 οἴκησιν

1071 2253 1202 2291 ἐχαρίσθη
1228 2251 1379 2288 ἐπιτηδεία,
1408 2253 1425 2286 ἡ
1457 2249 1486 2278 δὲ
1514 2250 1552 2281 ὡς
1580 2249 1648 2287 πρὸς
1663 2246 1794 2286 γεωργίαν
1811 2246 1896 2291 ἀναγλ-

196 2296 249 2323 dos
265 2303 350 2331 agros
365 2297 543 2332 necessaria;
560 2299 666 2334 partim
683 2289 719 2327 ad
735 2289 959 2337 quadrupedum
974 2304 1014 2330 at-

1070 2289 1141 2326 xailai'
1173 2297 1245 2333 ἄλλη
1276 2298 1313 2328 ὡς
1340 2296 1407 2334 πρὸς
1438 2294 1618 2334 βοσκημάτων
1647 2293 1691 2321 καὶ
1716 2289 1896 2339 ,τετραπόδων

196 2348 253 2375 que
274 2348 413 2376 pecorum
437 2349 544 2377 pascua
561 2343 697 2378 dimissa;
714 2344 829 2380 aliaque
853 2347 1015 2374 secundum

196 2384 286 2413 alium
302 2386 460 2421 quemdam
485 2395 582 2423 usum,
600 2388 650 2416 tibi
665 2389 729 2416 vitm
749 2390 912 2419 rationibus
930 2393 1016 2419 tuen-

195 2429 240 2458 dis
256 2433 466 2467 opportunum,
482 2433 575 2468 deque
593 2433 644 2461 illa
659 2441 720 2468 quae
736 2434 816 2470 libet,
833 2437 862 2463 et
877 2438 909 2463 ut
933 2436 1014 2471 libet,

196 2475 343 2511 disponis;
361 2476 468 2505 idcirco
490 2477 642 2514 nimirum,
659 2480 736 2515 quod
752 2480 895 2509 Dominus
914 2490 973 2509 suae
988 2484 1016 2510 te

196 2522 335 2548 creaturae
346 2521 500 2550 dominum
512 2523 673 2552 constituit.
680 2524 757 2552 Licet
764 2525 863 2562 itaque
872 2526 944 2554 mihi
952 2535 1015 2563 quae

195 2565 281 2593 velim
297 2566 462 2602 disponere,
473 2568 582 2603 quippe
598 2569 648 2604 qui
664 2569 801 2598 dominus
817 2573 933 2599 creatus
947 2572 1015 2607 sim,

195 2610 290 2646 ipsius
307 2611 356 2647 qui
372 2619 418 2639 me
442 2612 551 2640 creavit
573 2613 688 2642 Domini
715 2623 845 2644 munere.
862 2617 894 2644 Et
908 2617 1017 2653 implete

194 2656 308 2694 terg-am.
331 2656 363 2683 Et
389 2656 533 2691 prxsidete
560 2658 681 2693 piscibus
708 2662 803 2694 maris,
817 2665 844 2689 et
858 2660 1017 2690 volatilibus

194 2699 270 2735 caeli,
288 2704 313 2728 et
327 2701 419 2729 bestiis
433 2703 515 2730 terrae
528 2704 562 2730 ¹¹.
575 2703 637 2731 Haec
647 2704 709 2739 jam
726 2705 801 2741 ejus,
815 2707 891 2742 quod
905 2709 959 2742 est,
971 2707 1018 2735 Re-

193 2745 267 2780 plete
282 2749 393 2779 terram,
408 2746 586 2783 benedictio;
599 2748 660 2777 haec
675 2750 789 2779 sancita
804 2750 849 2779 lex
865 2760 872 2779 :
889 2752 949 2780 haec
965 2760 1017 2781 no-

232 2799 252 2818 “
269 2799 340 2828 Gen.
357 2809 377 2834 I,
391 2801 437 2828 28.

1072 2342 1163 2378 ἀνείθη
1180 2343 1279 2379 νομὴν,
1296 2341 1340 2369 καὶ
1368 2340 1441 2375 ἄλλη
1458 2340 1516 2367 κατ’
1544 2338 1632 2374 ἄλλην
1659 2336 1753 2376 χρείαν
1768 2335 1829 2364 τινὰ
1838 2338 1895 2362 τῶν

1071 2398 1113 2415 σοι
1138 2387 1206 2415 κατὰ
1227 2387 1273 2414 τὸν
1290 2386 1347 2425 βίον
1365 2386 1554 2423 ἁρμοζουσῶν·
1585 2384 1630 2411 καὶ
1646 2381 1774 2418 διατάττῃ
1827 2379 1895 2432 βούῖ

1071 2433 1124 2468 λιι,
1140 2433 1185 2460 καὶ
1201 2433 1237 2464 ὡς
1265 2431 1358 2471 βούλει
1391 2430 1453 2468 περὶ
1482 2430 1574 2464 αὐτῆς,
1605 2426 1697 2462 ἐπειδή
1719 2437 1748 2454 σε
1771 2425 1864 2471 κύριον
1881 2426 1896 2452 ὁ

1071 2477 1210 2513 Δεσπότης
1233 2469 1283 2511 τῆς
1311 2477 1406 2504 ἑαυτοῦ
1437 2475 1582 2509 κατὲο-τησε
1613 2472 1738 2502 κτίσεως.
1772 2469 1896 2505 Ἔξεστιν

1071 2522 1118 2551 οὗν
1133 2521 1305 2558 διατάξασθαι
1326 2520 1342 2548 ἂ
1370 2519 1518 2558 βούλομαι,
1550 2515 1643 2551 ἐπειδὴ
1669 2516 1767 2555 γέγονα
1788 2514 1896 2552 κύριος,

1071 2568 1145 2606 παρὰ
1159 2568 1208 2602 τὴν
1234 2569 1282 2594 τοῦ
1306 2564 1445 2596 κτίσαντός
1477 2574 1508 2600 με
1538 2559 1674 2590 Δεσπότου
1703 2559 1815 2598 δωρεάν.
1845 2558 1897 2586 Καὶ

1072 2614 1238 2652 πληρώσατε
1266 2615 1315 2647 τὴν
1343 2613 1402 2649 γῆν.
1430 2611 1479 2638 Καὶ
1509 2608 1607 2648 ἄρχετε
1635 2610 1688 2636 τῶν
1708 2606 1822 2652 νῗχθύων
1844 2608 1897 2652 τῆς

1073 2650 1220 2694 θαλάσσης,
1257 2657 1301 2685 καὶ
1339 2658 1392 2684 τῶν
1429 2657 1558 2683 πετεινῶν
1600 2655 1648 2681 τοῦ
1686 2651 1812 2705 οιῖιροινοῦζ
1851 2650 1897 2705 xix?

1209 2704 1213 2705 ,
1563 2697 1572 2705 .
1634 2698 1640 2705 ι
1681 2698 1688 2705 .
1742 2698 1756 2703 .-
1773 2698 1794 2705 τ.

1071 2707 1125 2733 τῶν
1151 2704 1254 2741 θηρίων
1284 2705 1333 2737 τῆς
1363 2704 1426 2738 γῆς.
1459 2699 1533 2736 Αὕτη
1557 2697 1661 2747 ’λοιπὸν
1677 2698 1694 2732 ἡ
1710 2698 1758 2747 τοῦ
1773 2694 1896 2747 Πληρώῐ

1072 2759 1134 2777 σατε
1147 2739 1196 2785 τὴν
1214 2751 1277 2786 γῆν,
1307 2745 1429 2785 εὐλογία,
1455 2745 1521 2781 αὕτη
1550 2745 1568 2780 ἡ
1592 2741 1751 2781 νομοθεσία,
1766 2741 1849 2768 τοῦτο
1864 2739 1896 2767 τό

229 2856 268 2892 (a)
283 2855 407 2895 Ἰδωμεν.
423 2859 506 2889 Forte
520 2858 650 2896 εἰδῶμεν,
667 2862 699 2889 ut
714 2862 743 2889 et
758 2860 902 2897 interpres
918 2860 1014 2897 legium

1069 2860 1162 2889 detur.
1178 2858 1257 2886 EDIT.
1296 2857 1334 2894 (b)
1349 2853 1510 2893 Ἀγοράσας.
1528 2852 1572 2886 L.,
1587 2849 1774 2888 ὠνησάμενος.
