2018 3146
149 186 189 214 29
649 187 700 217 DE
723 187 886 219 HOMINIS
909 190 976 219 STH

1032 190 1145 220 lTURA
1167 191 1313 220 ORATIO
1336 190 1360 219 Ι.
1817 188 1856 218 30

150 251 256 287 ἀξίωμα
277 251 308 278 τὸ
331 249 476 287 δεδομένον
497 252 564 288 ἡμῖν
590 253 663 290 παρὰ
679 255 754 281 Θεοῦ.
771 253 820 280 Καὶ
850 253 976 287 ἐποίησεν

1034 255 1079 283 bis
1095 265 1111 283 ιι
1122 256 1177 283 Deo
1193 255 1298 283 collata
1313 255 1451 290 dignitas.
1472 257 1506 282 Et
1533 256 1600 291 fecit
1621 256 1689 283 Deus
1705 255 1854 282 hominem.

151 296 165 322 ὁ
194 295 258 326 Θεὸς
281 295 326 322 τὸν
357 294 510 333 ἄνθρωπον.
545 297 606 323 Κατ’
635 297 726 324 εἰκόνα
753 297 820 324 Θεοῦ
846 297 975 333 ἐποίησεν

152 340 245 368 αὐτόν.
263 342 333 378 Ἀρα
348 339 397 367 οὐκ
411 339 588 376 ἐπεσημήνῳ,
604 339 645 368 ὅτι
674 341 791 376 ἐλλιπὴς
818 342 852 376 ἦν
874 344 891 377 ἡ
909 342 978 370 ἀπό-

154 383 236 419 δειξις
262 385 320 421 (α);
345 385 506 421 Ποιήσωμεν
531 383 675 423 ἄνθρωπον
703 387 761 414 κατ’
791 386 881 414 ιῗκόνα
909 388 979 424 ἡμε-

154 429 232 463 τέραν
258 429 301 456 καὶ
331 430 390 461 καθ¹
405 429 548 466 ὁμοίωσιν.
564 430 594 457 Ἡ
626 431 713 467 βουλή
749 430 796 458 δύο
827 432 894 469 εἶχε,
920 432 977 460 κατ’

156 474 254 508 εἰκόνα,
270 473 315 501 καὶ
341 475 400 506 καθ’
425 474 572 510 ὁμοίωσιν·
592 476 609 509 ἡ
627 474 795 513 δημιουργία
822 476 853 503 τὸ
876 476 904 503 ἓν
920 475 977 514 ἔχει

157 519 291 555 μόνον,τὸ
305 519 364 546 κατ’
383 518 482 548 εὶκόνα,
504 520 549 554 Μὴ
576 518 669 550 ἄλλως
695 517 845 556 ἐϐουλήθη,
859 521 903 548 καὶ
929 521 978 549 ἄλ-

154 563 211 595 λως
228 561 479 600 μετεϐουλεύσατος
499 564 535 599 μὴ
555 563 719 600 μεταμέλειά
739 575 780 596 τις
806 565 830 592 ἐν
857 568 892 602 τῇ
921 565 978 593 κτί-

153 618 192 635 σει
221 606 477 645 παρηκολούθησε;
509 609 546 644 μὴ
577 608 671 636 ἀτονία
707 609 792 646 τυχὸν
828 609 978 646 κτίσαντος,

154 652 260 690 μεγάλα
286 652 333 689 μὲν
356 652 555 690 προελομένου,
576 653 660 690 μικρὰ
687 652 716 680 δὲ
745 654 976 689 ἀποτιλέσαντοςς

152 696 181 731 ἢ,
200 697 237 732 μή
254 707 307 724 που
319 695 468 734 ἀδολεσχία
480 697 505 724 ὲν
518 699 575 728 τοῖς
590 698 732 736 προτέροις
748 696 842 736 λόγοις
870 699 978 735 ὑπολη-

153 741 243 779 φθείη,
259 742 302 768 καὶ
321 742 432 777 περιττή
450 742 467 776 ἡ
483 744 531 768 τοῦ
552 740 677 778 δευτέρου
693 745 848 779 προσθήκη,
865 744 902 774 ὡς
924 746 977 772 τῶν

153 785 202 812 δύο
218 785 316 820 λέξεων
332 786 382 820 τὴν
408 786 493 820 αὐτὴν
518 784 622 814 ἔννοιαν
639 786 771 824 ἐχουσῶν,
787 787 832 815 καὶ
855 788 886 815 τὸ
915 788 979 816 αὐτὸ

153 829 371 868 ἀπαραλλάκτως
395 833 608 866 σημαινουσῶν;
622 831 700 859 Ἀλλ’
715 831 780 869 ὅπερ
805 832 834 859 ἂν
865 832 894 860 ἐκ
915 833 978 860 τού-

152 885 206 901 των
232 875 357 902 ἁπάντων
384 875 581 911 ὑπονοήσωμεν
610 875 654 902 καὶ
678 877 920 915 προφασισώμιοα,
940 877 978 908 εἷς

154 919 318 957 κατηγορίαν
333 921 412 946 τοῦτο
428 923 477 954 τῆς
502 922 611 958 Γραφῆς
640 919 671 947 οὗ
699 920 807 958 μετρίαν
832 921 978 949 ἀποτελευ-

154 964 242 998 τήσει.
258 962 322 992 Εἷίτε
336 964 387 1002 γὰρ
412 965 449 995 ὡς
473 963 609 1001 παρέλκον
635 975 660 992 τι
685 965 726 1000 τὸ,
745 966 809 993 Καθ’
835 966 979 1002 ὁμοίωσιν,

155 1007 228 1035 εἴποι
243 1018 294 1044 τις,
312 1009 347 1039 ὡς
377 1007 419 1040 δὶς
439 1009 471 1036 τὸ
495 1008 559 1036 αὐτὸ
586 1008 686 1046 λέγειν,
704 1010 788 1047 ἀργὸν
813 1009 922 1048 ἐλέγχει
948 1011 980 1038 τὸ

154 1052 241 1090 ῥῆμα·
258 1053 303 1080 καὶ
322 1052 485 1090 βλασφημία
502 1051 576 1087 δεινὴ
592 1056 673 1081 τοῦτο
695 1054 764 1081 κατὰ
787 1056 836 1087 τῆς
862 1057 979 1094 Γραφῆς,

152 1097 214 1132 ἥτις
230 1097 279 1125 οὒκ
295 1096 351 1125 οἶδε
366 1097 431 1125 ποτὲ
455 1097 628 1136 ἀργολογεῖν.
646 1098 751 1126 Οὐκοῦν
777 1099 910 1136 ἀναγκαῖα
934 1100 979 1128 καὶ

153 1142 237 1180 ἄμφω
252 1142 296 1169 καὶ
319 1141 528 1180 ίόιοσήμαντρα,
542 1143 573 1169 τό
597 1153 626 1170 τε
653 1143 718 1170 Κατ’
742 1142 840 1176 εἰκόνα,
865 1145 909 1171 καὶ
935 1145 977 1172 τὸ.

155 1187 218 1213 Καθ’
233 1185 377 1222 ὁμοίωσιν.
395 1189 457 1218 Πῶς
487 1187 532 1214 οὖν
555 1187 619 1225 οὐχὶ
641 1186 685 1214 καὶ
707 1188 773 1223 μετὰ
797 1187 827 1215 τδ
857 1187 980 1225 γενέσθαι

151 1231 198 1258 τὸν
225 1230 366 1268 ἄνθρωπον
396 1231 500 1267 ὁμοίως
529 1231 630 1269 ἐρρήθη
661 1232 702 1266 τὸ,
727 1233 792 1260 Κατ’
816 1232 907 1260 εἰκόνα
934 1233 979 1260 καὶ

152 1278 212 1307 καθ’
236 1275 368 1311 ὁμοίωσιν
393 1274 518 1310 ἐποίησεν
547 1275 626 1303 αὐτὸν
650 1276 664 1303 ὁ
689 1277 765 1312 Θεὸς,
782 1276 855 1305 ἀλλὰ
885 1277 980 1314 μόνον,

152 1321 212 1348 κατ’
236 1319 345 1354 είκόνα;
365 1321 394 1349 Et
426 1321 472 1357 μὲν
502 1320 543 1348 ὅτι
572 1321 704 1357 ἠτόνησεν
733 1323 746 1349 ὁ
767 1324 863 1356 ποιῶν,
880 1320 979 1357 ἀσεϐὴς

153 1365 167 1392 ὁ
195 1365 276 1402 Λόγος
300 1365 345 1392 καὶ
368 1365 479 1397 ἄτοπος·
504 1365 527 1393 εί
554 1365 583 1393 δὲ
609 1365 650 1393 ὅτι
676 1366 850 1403 μετεμελήθη
868 1367 881 1394 ὁ
898 1377 980 1404 προσ-

151 1410 269 1443 τάτσων,
295 1407 468 1447 ἀσεϐέστερον
505 1410 536 1437 τὸ
561 1409 704 1446 ἐνθύμημα
720 1421 726 1427 ·
757 1411 779 1438 εἷ
807 1410 836 1438 δὲ
862 1411 907 1438 καὶ
937 1411 978 1439 ὅτι

153 1455 204 1488 τὴν
220 1455 354 1492 προτέραν
373 1453 489 1492 βουλὴν.
507 1454 537 1481 οὗ
565 1455 634 1482 πάνυ
658 1454 745 1492 ὀρθῶς
761 1452 887 1492 ἔχουσαν,
903 1455 978 1483 ὕστε-

158 1508 204 1534 ρον
229 1498 300 1535 τάχα
325 1497 350 1525 ἐν
376 1500 410 1535 τῇ
435 1499 544 1533 ποιήσει
571 1497 803 1536 ἐπιδιωρθώσοιτο,
825 1499 869 1526 καὶ
898 1502 978 1527 τοῦτο

156 1542 261 1578 ὁμοίως
276 1542 366 1574 desim:
381 1543 412 1570 τὸ
428 1542 558 1579 ἐννόημα.
575 1543 652 1571 Ἀλλ’
676 1541 738 1570 οὕτε
761 1544 775 1570 ὁ
805 1544 977 1581 Δημιουργὸς

152 1586 253 1623 ἀτονεῖ,
267 1585 328 1614 οὕτε
352 1588 366 1614 ὁ
388 1587 497 1624 ἀγαθὸς,
514 1588 547 1614 τὰ
571 1588 657 1615 πάντα
678 1586 766 1624 εἰδὼς,
785 1587 976 1624 μεταμέλεται,

1033 300 1070 328 Ad
1084 301 1239 337 imaginem
1254 301 1302 328 Dei
1310 301 1377 336 fecit
1392 299 1669 335 eum.Nunquidnon
1683 300 1854 333 observasti,

1034 353 1168 372 mancum
1185 352 1247 372 esse
1264 353 1296 372 ac
1312 344 1528 372 diminutumid
1545 344 1622 380 quod
1639 343 1855 371 redditur?Fa-

1031 390 1136 417 ciamus
1151 389 1287 417 hominem
1298 389 1333 416 ad
1345 390 1627 424 imaginemnostram
1640 390 1667 416 et
1682 387 1855 416 adsimilitu-

1032 434 1136 462 dinem.
1154 434 1314 461 Consilium
1330 434 1388 461 duo
1405 434 1518 466 habuit,
1535 434 1570 460 ad
1587 433 1758 469 imaginem,
1774 434 1802 460 et
1817 433 1853 460 ad

1033 479 1276 506 similitudinem:
1296 479 1455 514 procreatio
1481 486 1569 505 unam
1595 478 1737 505 duntaxat
1757 477 1854 511 habet,

1033 531 1137 558 nempe
1153 523 1229 559 quod
1246 523 1334 550 estad
1346 522 1655 558 imaginem.Nunquid
1667 521 1854 550 aliterdecre-

1032 567 1083 601 vit,
1096 570 1184 603 atque
1200 566 1285 594 aliter
1300 568 1412 594 mutato
1424 566 1546 594 consilio
1563 566 1630 593 fecit
1643 566 1657 593 ?
1673 574 1743 593 num
1760 565 1855 601 paeni-

1032 612 1103 639 tudo
1119 611 1218 647 aliqua
1233 611 1261 638 in
1279 611 1424 639 creatione
1436 611 1593 638 subsecuta
1603 612 1648 637 est
1662 610 1676 637 ?
1691 610 1765 637 Num
1782 610 1855 638 forte

1034 656 1129 683 fractae
1145 657 1273 684 creantis
1287 656 1362 683 vires
1374 664 1406 683 ac
1422 656 1588 688 minutm,ut
1602 663 1670 682 cum
1687 662 1793 690 magna
1803 654 1853 682 de-

1033 700 1195 734 stinaverit,
1214 701 1328 728 minora
1343 709 1429 737 opere
1445 702 1600 728 exsecutus
1616 700 1654 727 sit
1668 701 1679 726 P
1692 700 1758 732 Aut,
1773 707 1852 726 nun-

1034 745 1102 781 quid
1120 745 1148 772 in
1167 745 1312 781 prioribus
1339 745 1436 773 verbis
1460 745 1612 779 nugacitas
1628 744 1800 772 aestimanda
1816 744 1855 772 sit

1034 790 1241 826 superfluaquo
1255 791 1329 825 ejus,
1348 791 1426 826 quod
1443 790 1570 817 secundo
1586 789 1648 817 loco
1660 790 1787 824 positum
1800 791 1854 823 est,

1034 834 1176 869 adjectio;
1195 834 1303 871 quippe
1318 835 1393 870 quod
1405 835 1497 862 ambas
1509 834 1650 861 dictiones
1660 833 1795 861 eumdem
1803 833 1854 860 ba-

1033 877 1402 913 beantscnsum,nulloque
1413 877 1665 905 discrimineidem
1677 876 1856 913 signiﬁcent?

1036 922 1188 949 Enimvero
1205 922 1348 958 quidquid
1365 923 1469 950 horum
1485 921 1628 958 suspicati
1649 929 1680 948 ac
1692 921 1854 949 causiﬁcsti

1034 965 1220 999 fuerimus,in
1235 966 1391 1001 Scriptura;
1406 966 1483 993 haud
1500 965 1562 993 leve
1573 965 1683 992 crimen
1696 963 1854 992 cedet.Sive

1034 1010 1112 1038 enim
1126 1018 1177 1038 ceu
1194 1010 1264 1045 quid
1280 1011 1449 1037 redundans
1465 1009 1542 1037 dicat
1559 1009 1716 1045 quis,quod
1729 1009 1770 1036 ita
1783 1008 1856 1035 scri-

1035 1057 1118 1090 ptum
1133 1055 1230 1088 est,Ad
1245 1055 1468 1089 similitudinem,
1478 1054 1561 1090 quasi
1576 1053 1621 1081 bis
1637 1053 1714 1081 idem
1730 1053 1855 1085 dicatur,

1035 1099 1162 1126 otiosum
1169 1099 1291 1127 verbum
1301 1099 1565 1135 arguit:gravisque
1572 1098 1630 1125 hinc
1638 1097 1666 1125 in
1673 1097 1855 1133 Scripturam

1035 1143 1314 1179 blasphemia,cujus
1331 1152 1480 1179 nunquam
1497 1143 1588 1170 moris
1602 1144 1646 1170 est
1660 1143 1754 1170 otiosa
1764 1141 1854 1177 loqui.

1036 1188 1136 1223 Itaque
1148 1188 1313 1216 necessaria
1328 1188 1414 1216 ambo
1429 1190 1544 1222 sunt,ac
1554 1186 1854 1222 eujusqueproprium

1034 1232 1311 1268 signiﬁcetum,tum
1320 1233 1384 1268 ejus
1394 1233 1471 1268 quod
1487 1232 1528 1260 Ad
1543 1232 1766 1267 imaginem,tum
1777 1231 1854 1266 quod

1034 1277 1073 1304 Ad
1087 1277 1298 1305 similitudinem
1314 1277 1454 1312 scriptum
1485 1278 1538 1304 est.
1555 1276 1629 1308 Quid
1654 1275 1746 1312 igitur
1760 1283 1854 1303 causa

1034 1323 1088 1354 est,
1104 1329 1155 1348 cur
1169 1323 1197 1349 et
1214 1323 1279 1357 post
1303 1322 1452 1349 conditum
1477 1320 1638 1354 hominem,
1670 1328 1725 1348 non
1748 1320 1856 1355 pariter

1034 1366 1144 1393 dictum
1155 1365 1423 1402 est,Adimsginem
1438 1368 1466 1393 et
1475 1365 1701 1393 similitudinem
1712 1364 1777 1392 fecit
1787 1372 1854 1391 eum

1034 1410 1121 1443 Deus,
1138 1410 1188 1438 sed
1204 1410 1405 1444 duntaxat,Ad
1421 1411 1572 1446 imaginem
1584 1409 1597 1436 εἰ
1611 1410 1650 1436 Ac
1666 1408 1734 1444 quia
1748 1409 1773 1436 si
1789 1408 1854 1436 ideo

1035 1455 1112 1490 quod
1128 1463 1231 1482 creans
1242 1454 1374 1481 minutus
1387 1453 1515 1490 potentia
1531 1452 1697 1489 est,impius
1708 1455 1855 1481 sermoest

1034 1501 1062 1526 et
1077 1498 1293 1526 ebsurdus.Sin
1306 1499 1497 1531 vero,idcirco
1513 1497 1581 1533 quia
1593 1498 1674 1533 prius
1685 1497 1852 1531 consilium,

1034 1543 1111 1579 quod
1128 1543 1206 1570 haud
1222 1542 1305 1570 valde
1321 1545 1396 1570 recte
1413 1542 1542 1578 haberet,
1567 1542 1754 1578 postmodum
1781 1542 1855 1569 forte

1035 1588 1063 1614 in
1094 1587 1240 1615 creatione
1264 1588 1359 1615 denuo
1386 1587 1559 1620 emendarit,
1585 1588 1613 1614 et
1643 1587 1702 1614 hmo
1731 1585 1854 1622 perinde

152 1631 197 1658 καὶ
222 1631 283 1668 περῖ
305 1631 352 1662 τὰς
376 1632 537 1669 ὑποοχέσεις
551 1630 744 1666 ἀναϐάλλεται,
763 1631 824 1660 οὔτε
853 1633 867 1659 ὁ
896 1633 976 1672 σοφὸς

1034 1632 1176 1668 impietsti
1193 1632 1305 1659 hierens
1321 1632 1497 1659 existimatio
1509 1634 1563 1659 est.
1580 1633 1618 1659 At
1633 1639 1727 1667 neque
1736 1633 1855 1659 Creator

155 1673 392 1710 μεταϐουλεῦιται,
405 1675 468 1704 οὔτε
481 1679 498 1711 ὴ
517 1677 609 1715 Γραφὴ
625 1676 750 1704 τοιοῦτόν
776 1687 802 1704 τι
830 1675 913 1715 λέγει.
930 1677 979 1709 Τίς

153 1719 199 1746 οὖν
216 1720 230 1747 ὁ
246 1719 327 1758 λόγος
341 1723 389 1748 τοῦ
404 1721 446 1756 τὸ,
461 1722 525 1749 Κατ’
540 1721 639 1755 εῗκόνα,
658 1721 752 1758 μόνον,
767 1721 792 1748 ἐν
822 1723 855 1758 τῇ
868 1722 976 1757 ποιήσει

152 1766 201 1791 τοῦ
229 1764 384 1802 ἀνθρώπου,
414 1765 498 1792 εἰπεῖν
536 1766 582 1793 τὸν
612 1765 750 1793 θεσπέσιον
779 1767 908 1800 Μωϋσῆν,
934 1766 976 1802 τὸ,

154 1809 220 1840 Καθ’
231 1808 376 1845 ὁμοίωσιν,
393 1809 634 1846 ἀποσιωπήσαντα,
650 1809 739 1838 καίτοι
756 1809 782 1837 ἐν
798 1812 832 1847 τῇ
857 1810 978 1848 προτέρᾳ

154 1852 243 1890 βουλῇ
257 1853 419 1892 ἀμφοτέρων
444 1854 549 1890 ὁμοίως
572 1853 861 1894 συμπαραληφθέντων
883 1854 975 1891 αὐτῷ;

1033 1676 1144 1704 viribus
1161 1676 1313 1708 deﬁcitur;
1332 1684 1425 1711 neque
1441 1677 1490 1712 qui
1506 1676 1602 1704 bonus
1623 1677 1677 1709 est,
1693 1677 1855 1710 cunctaque

1034 1720 1183 1756 explorata
1197 1720 1480 1756 habet,pmnitudine
1490 1720 1652 1755 ducitur,ac
1661 1728 1758 1748 moras
1766 1720 1855 1747 nectit

1035 1768 1067 1794 ut
1082 1765 1226 1801 promissa
1241 1765 1377 1801 impleat:
1389 1773 1440 1792 nec
1450 1765 1501 1800 qui
1516 1763 1853 1800 sapiensest,consilium

1034 1811 1139 1845 mutat,
1156 1817 1209 1837 nec
1223 1809 1372 1845 Scriptura
1392 1809 1537 1845 ejusmodi
1554 1809 1629 1836 338
1646 1808 1797 1844 quidpiam
1810 1807 1852 1835 lo-

1034 1854 1145 1890 quitur.
1158 1855 1295 1886 Qumnam
1312 1853 1401 1889 igitur
1416 1853 1488 1881 ratio
1504 1855 1616 1887 est,cur
1630 1852 1747 1880 divinus
1756 1852 1852 1880 Moses

152 1898 217 1932 hoc,
233 1899 311 1934 quod
334 1901 378 1926 est
393 1899 429 1926 ad
443 1898 613 1934 imaginem,
629 1900 658 1927 in
674 1900 803 1927 hominis
818 1900 965 1928 creatione
980 1899 1166 1927 solummodo
1176 1898 1289 1938 dixerit,
1301 1898 1438 1933 quodque
1453 1898 1489 1925 ad
1505 1896 1729 1925 similitudinem
1744 1898 1799 1931 est,
1815 1895 1856 1924 si-

147 1946 239 1974 lentio
255 1947 395 1982 presserit
411 1948 548 1975 :tametsi
561 1948 590 1975 in
608 1948 695 1984 priori
711 1949 834 1976 consilio
850 1951 1011 1984 utrumque
1022 1947 1110 1976 simul
1123 1947 1243 1983 perinde
1259 1946 1480 1983 assumpserat?

181 1992 227 2018 20.
244 1989 335 2027 Ῥᾳδία
349 1992 388 2026 τῷ
407 1990 569 2028 προσέχοντι
597 1991 642 2018 καὶ
666 1992 781 2019 συνιέναι
814 1992 975 2030 βουλομένῳ

145 2036 164 2070 ἡ
182 2034 316 2066 ἐπίλυσις.
338 2035 376 2063 Τὸ
403 2035 450 2071 μὲν
472 2036 534 2073 γὰρ,
551 2036 616 2063 Κατ’
641 2035 740 2071 εἲκόνα,
767 2036 843 2075 φύσει
870 2035 975 2064 δέδοται

148 2081 228 2116 ἡμῖν,
245 2079 290 2107 καὶ
316 2077 509 2116 ἀμιτάϐλητον
539 2077 564 2116 ἔξ
590 2079 681 2118 ἀρχῆς
706 2081 752 2108 καί
777 2080 816 2112 εἷς
839 2081 870 2108 τὸ
895 2080 974 2113 τέλος

149 2124 327 2161 συμπάρεστι·
344 2124 375 2152 τὸ
400 2123 439 2158 δὲ,
466 2125 529 2152 Καθ’
551 2124 695 2161 ὁμοίωσιν,
725 2124 754 2153 ἐκ
780 2125 973 2164 προαιρέσεως,

147 2168 194 2196 καὶ
223 2167 328 2196 οἴκοθεν
353 2171 538 2206 κατορθοῦμεν
569 2168 690 2206 ὕστερον.
717 2171 759 2198 Ἐν
791 2170 837 2207 μὶν
868 2169 913 2198 οὗν
939 2172 973 2207 τῇ

147 2213 244 2251 πρώτῃ
274 2213 363 2250 βουλῇ
394 2212 480 2252 λέγων
509 2214 523 2241 ὁ
548 2214 623 2248 Θεὸς,
640 2215 803 2252 Ποιήσωμεν
831 2214 973 2253 ἄνθρωπον

1064 1993 1109 2020 20.
1138 1991 1242 2020 Facilis
1258 1994 1312 2024 est,
1338 1991 1362 2019 si
1379 1991 1446 2027 quis
1462 1991 1594 2019 animum
1615 1991 1748 2019 attendat
1761 1999 1794 2018 ac
1809 1990 1851 2018 in-

1031 2036 1161 2072 telligere
1177 2036 1255 2071 velit,
1271 2036 1388 2064 solutio.
1400 2036 1513 2063 Etenim
1530 2035 1607 2071 quod
1623 2037 1667 2063 est
1695 2036 1731 2062 ad
1747 2035 1850 2071 imagi-

1030 2089 1108 2114 nem,
1125 2083 1231 2108 natura
1246 2080 1331 2108 nobis
1348 2088 1519 2108 concessum
1536 2081 1591 2113 est,
1608 2081 1695 2115 atque
1710 2088 1726 2107 ε
1742 2079 1850 2116 princi-

1029 2126 1076 2161 pio
1093 2125 1277 2153 immutabile
1292 2127 1320 2153 et
1335 2125 1364 2152 in
1381 2124 1467 2152 ﬁnem
1484 2132 1577 2160 usque
1593 2132 1691 2152 comes
1706 2126 1759 2152 est.
1767 2124 1850 2156 Quod

1028 2178 1094 2198 vero
1109 2171 1144 2198 ad
1159 2169 1394 2203 similitudinem,
1410 2169 1503 2197 libera
1517 2168 1666 2197 voluntate
1680 2170 1709 2197 et
1732 2177 1750 2197 ο.
1765 2168 1849 2197 nobis

1029 2216 1217 2251 postmodum
1234 2216 1474 2250 praestatur.Cum
1490 2214 1588 2250 itaque
1604 2213 1633 2241 in
1651 2213 1744 2250 primo
1752 2213 1847 2242 cousi-

147 2257 207 2285 κατ’
223 2257 312 2285 εἶχόνα
335 2258 483 2295 ἡμετέραν,
508 2258 553 2286 καὶ
574 2259 616 2292 τὸ,
635 2259 696 2286 Καθ’
726 2259 858 2296 ὁμοίωσιν
889 2269 973 2297 προσ-

1032 2259 1066 2287 lio
1083 2260 1123 2288 ait
1138 2260 1225 2288 Deus.
1239 2259 1382 2287 Faciamus
1411 2259 1550 2287 hominem
1579 2258 1614 2286 ad
1637 2259 1788 2295 imaginem
1802 2266 1850 2287 no-

149 2302 256 2336 ἐοηκειν
274 2301 390 2338 δεικνὺς,
407 2301 449 2330 ὅτι
462 2303 507 2330 καὶ
531 2303 689 2341 προαίρεσιν
711 2304 779 2340 ἡμῖν
804 2304 973 2340 αὐτεξουσίαν

147 2344 275 2383 ἐμϐαλεῖ,
293 2347 344 2382 τὴν
374 2345 526 2384 δυναμένην
555 2351 668 2383 ποιῆσαι
697 2350 772 2385 ἡμᾶς
802 2349 972 2386 ὁμοιωθῆναι

147 2393 218 2427 Θεῷ.
246 2391 296 2418 Καὶ
323 2394 389 2429 γοῦν
420 2392 463 2419 καὶ
494 2394 615 2420 τοιοῦτοι
651 2392 879 2430 ἀπετελέσοημεν,
905 2394 973 2422 κατᾶ

146 2436 196 2470 τήν
213 2435 364 2474 πρόρρησιν
379 2438 428 2463 τοῦ
444 2438 520 2466 Θεοῦ.
538 2436 643 2465 Πολλοὶ
659 2437 708 2475 γὰρ
730 2438 756 2465 οἱ
791 2438 972 2475 ὁμοιωθέντες

146 2480 231 2516 αὐτῷ,
259 2480 368 2512 πάντως
393 2480 421 2508 δί
441 2481 485 2509 καὶ
513 2482 762 2519 ὁμοιωθησόμενοι;
785 2481 833 2510 κᾶν
865 2484 902 2520 μή
927 2483 972 2510 καὶ

146 2525 245 2558 πάντες
270 2525 309 2556 εἷς
330 2528 411 2554 τοῦτο
437 2525 659 2563 ἐπισπεύδοιμεν,
674 2526 748 2555 ἀλλὰ
773 2528 822 2562 τήν
853 2527 972 2555 ἐναντίαν

148 2569 257 2607 μᾶλλον
276 2571 328 2598 ὑπὸ
345 2569 518 2603 ἐθελοκακίας
532 2570 698 2608 βαδίζοιμεν.
715 2573 757 2599 Ἐν
782 2570 811 2599 δὲ
839 2574 873 2609 τῇ
894 2583 973 2600 κατα-

144 2616 228 2651 σκευῇ
259 2614 368 2652 ὕστερον
396 2616 477 2651 μόνον
507 2616 565 2643 εἶπε
592 2616 634 2650 τὸ,
652 2617 714 2643 Κατ’
739 2616 839 2650 εἰκόνα,
861 2617 898 2648 ὡς
927 2617 972 2645 καὶ

144 2660 227 2696 μόνον
242 2661 324 2687 τοῦτο
340 2659 444 2690 ἐντελὲς
459 2660 504 2687 καὶ
533 2659 720 2688 ἀναλλοίωτον
749 2663 783 2698 τῇ
814 2661 970 2699 ἀνθρωπίνῃ

143 2704 222 2743 φύσει
253 2703 504 2742 ἐγκατασκευάσας·
531 2705 562 2732 τὸ
600 2703 629 2732 δέ
665 2715 705 2743 γε,
735 2706 800 2733 Καθ’
826 2705 971 2742 ὁμοίωσιν,

141 2747 238 2783 ἐπειδὴ
262 2747 373 2787 δυνάμει
399 2750 467 2791 τὲως
492 2748 575 2786 μόνον
591 2748 781 2788 ἑγκατὲσπειρε
807 2752 847 2787 τῷ
873 2749 974 2787 ἀνθρώ-

176 2850 214 2887 (a)
226 2848 394 2886 Ἀπόδειξις.
410 2851 491 2888 Leg.,
503 2848 644 2882 ἀπόδοσις.

1029 2309 1124 2338 stram,
1142 2304 1242 2340 adjicit
1270 2306 1308 2339 et,
1324 2305 1364 2332 Ad
1378 2303 1611 2336 similitudinem;
1629 2306 1661 2332 ut
1685 2304 1851 2332 ostenderet

1027 2349 1149 2378 liberam
1166 2358 1280 2386 quoque
1293 2350 1377 2378 nobis
1389 2349 1683 2383 voluntatemindere,
1700 2357 1751 2385 per
1759 2357 1848 2385 quam

1028 2395 1158 2423 nancisci
1174 2394 1271 2429 liceat,
1284 2396 1317 2422 ut
1331 2394 1389 2422 Deo
1406 2394 1517 2422 similes
1533 2394 1706 2422 efﬁciamur.
1723 2395 1764 2421 Ae
1779 2401 1850 2421 sane

1028 2439 1101 2468 tales
1117 2439 1204 2467 etiam
1221 2439 1314 2467 eﬁ‘ecti
1330 2448 1446 2474 sumus,
1462 2448 1513 2475 pro
1540 2447 1573 2467 eo
1602 2447 1635 2466 ac
1663 2438 1760 2466 divino
1776 2446 1849 2474 prae-

1028 2484 1138 2512 dictum
1149 2484 1267 2512 oraculo
1282 2486 1337 2512 est.
1353 2484 1437 2512 Multi
1458 2484 1536 2512 enim
1551 2483 1664 2512 similes
1681 2483 1706 2511 ei
1723 2491 1849 2516 evasere,

1028 2537 1168 2565 prorsusq
1174 2537 1208 2557 ue
1215 2528 1302 2556 etiam
1315 2529 1446 2556 futurum
1456 2531 1488 2556 ut
1496 2528 1581 2556 multi
1595 2526 1850 2560 evadant,tametsi

1028 2582 1084 2601 non
1093 2581 1195 2601 omnes
1203 2573 1237 2600 ad
1250 2573 1304 2601 hoc
1313 2573 1568 2610 properemus,sed
1576 2572 1750 2601 contrariam
1768 2579 1849 2607 pror-

1028 2626 1079 2645 sus
1096 2618 1171 2645 viam
1185 2620 1284 2646 nostra
1296 2620 1398 2654 sponte
1407 2617 1731 2645 socordiaincedamus.
1748 2616 1779 2643 In
1796 2615 1849 2643 ho-

1028 2662 1117 2691 minis
1132 2671 1199 2690 vero
1215 2663 1403 2698 postmodum
1417 2665 1563 2690 structura
1574 2661 1670 2689 solum
1688 2660 1759 2687 dixit
1771 2661 1848 2696 quod

1027 2709 1072 2735 est
1087 2708 1122 2735 ad
1136 2708 1305 2743 imaginem,
1322 2707 1429 2743 quippe
1441 2707 1491 2742 qui
1507 2706 1594 2734 etiam
1611 2714 1703 2732 unum
1719 2704 1773 2733 hoc
1784 2713 1849 2740 per-

1028 2752 1136 2780 fectum
1153 2754 1181 2780 et
1195 2751 1380 2780 immutabile
1390 2751 1419 2779 in
1435 2751 1565 2779 humane
1576 2752 1681 2778 natura
1689 2750 1848 2778 fabricatus
