2018 3146
133 130 172 160 33
629 125 682 156 DE
702 123 865 156 HOMINIS
888 122 1125 154 STRUCTURA
1147 122 1294 154 ORATIO
1316 124 1340 154 Ι.
1802 127 1842 156 3|

134 194 253 230 σίκακος,
279 193 318 230 μὴ
343 192 514 230 ἀμυνόμενος
537 192 583 219 τὸν
599 191 708 236 ἐχθρὸν,
727 190 765 226 μὴ
783 188 957 236 μεμνημένος

1016 196 1082 216 rum
1098 188 1269 217 memoriam
1285 189 1436 226 deleveris,
1453 191 1569 219 hostem
1595 192 1671 220 haud
1688 192 1840 236 ulciscare,

132 240 180 273 τῆς
195 240 296 276 χθιζῆς
311 236 422 275 ἔχθρας·
437 236 481 264 ἐὰν
498 236 560 275 γένῃ
589 234 768 275 φιλάδελφος,
799 233 954 271 συμπαθὴς,

134 283 283 319 ὡμοιώθης
299 284 367 318 Θεῷ,
396 282 456 310 'an
474 282 532 312 οἷός
548 280 618 308 ἐστιν
635 280 679 308 ἐπὶ
696 280 724 307 σὲ
752 280 797 307 τὸν
827 279 956 315 ἀμαρτω-

135 327 183 355 λὺν
201 328 215 355 ὁ
238 327 313 361 Θεὸς,
338 326 382 353 τὸν
413 325 614 363 ἐναντιούμενον
641 324 714 361 αὖτῷ
741 324 801 351 καθ’
830 324 956 358 ἑκάστην,

134 374 261 402 τοιοῦτος
290 370 351 408 γένῃ
378 370 421 398 ἐπὶ
437 370 481 397 τὸν
496 370 533 401 εἰς
551 370 579 398 σὲ
599 367 860 406 πεπλημμεληκότα
875 366 959 395 ἀδελ-

137 417 198 454 φὸν,
227 416 261 452 τῇ
287 414 378 451 τελείᾳ
391 415 480 452 ἀγαπῃ
505 414 550 442 καί
574 416 608 451 τῇ
637 415 704 453 πρὸς
718 414 764 441 τὸν
780 412 897 448 πλησίον
915 411 958 440 εὐ-

139 459 304 498 σπλαγχνίᾳ,
334 459 483 496 ὡμοιώθης
499 461 568 495 θεῷ,
590 460 670 486 Ὥστε
683 458 714 486 τὸ
729 458 786 486 κατ’
802 457 893 485 εἰκόνα
911 457 957 493 μὲν

137 503 209 542 ἔχεις
236 503 266 531 ἐκ
280 504 329 530 τοῦ
350 503 459 540 λογικὸς
489 503 566 530 εἶναι·
594 503 649 534 κςθ’
679 502 810 539 ὁμοίωσιν
839 499 867 528 δὲ
886 500 958 538 γένῃ,

137 548 165 576 ἐκ
191 550 239 575 τοῦ
268 547 445 586 χρηστότητα
474 544 629 575 ἀναλαϐεῖν.
658 543 789 575 Ἀνάλαϐε
813 547 959 583 τοιγαροῦν

137 592 280 632 σπλάγχνα
323 591 485 629 οἰκτιρμοῦ,
528 590 725 629 χρηστότητα,
766 589 813 618 ’ίτα
863 588 959 625 ἐνδύσῃ

134 637 258 675 Χριστόν·
289 635 323 664 δι’
349 637 386 664 ὧν
413 636 464 674 γὰρ
490 633 689 673 ἀναλαμϐάνῃς
704 636 753 670 τήν
770 633 957 673 χρηστότητα,

134 681 178 709 διὰ
188 682 292 709 τούτων
310 679 389 718 ἐνδόῃ
402 681 526 718 Χριστὸν,
541 681 585 707 καὶ
601 682 634 717 τῇ
650 679 717 718 πρὸς
741 679 820 707 αὐτὸν
852 678 959 706 οἰκειώ-

134 736 172 753 σει
197 725 386 762 οίκιιούμενος
414 726 481 761 Θεῷ.
505 724 596 755 Οὕτως
619 725 637 759 ἡ
661 723 766 762 ἱστορία
790 727 840 758 τῆς
856 723 958 760 ἀνθρω-

133 771 215 805 πίνης
231 769 357 801 πλάσεως
373 767 512 800 παίδιυσίς
527 769 582 797 ἐστι
600 771 646 796 τοῦ
664 768 724 806 βίον
739 770 787 795 τοῦ
812 767 958 805 ἡμετὲρου.

136 815 298 851 Ποιήσωμεν
336 812 480 851 ἄνθρωπον
519 815 581 840 κατ’
617 813 707 840 εἰκόνα
745 813 879 850 ἡμετέραν
915 811 958 839 καὶ

134 859 192 886 καθ’
222 858 366 895 ὁμοίωσιν.
397 857 503 896 Ἐχέτω
531 858 559 885 ἐτ
587 858 655 895 αὑτῇ
684 859 718 895 τῇ
745 857 830 885 κτίσει
855 856 886 884 τὸ
901 857 959 884 κατ’

136 900 236 931 εθκόνω
252 903 370 940 γενέσθω
387 901 415 930 δὲ
429 902 474 930 καὶ
489 903 548 934 καθ’
565 902 698 938 ὁμοίωσιν
729 900 773 929 διὰ
794 905 845 936 τῆς
860 901 961 932 οἰκείας

137 946 270 982 σπουδῆς.
286 945 378 981 ἐπειδὴ
405 947 456 981 τὴν
480 945 594 982 δύναμιν
611 946 708 973 τούτου
733 945 791 984 ἔχει
807 945 834 973 ἐν
863 945 897 982 τῇ
920 945 960 972 οἰ-

136 992 196 1028 κείᾳ
210 991 285 1030 φῦσει
311 988 413 1018 λαϐών.
428 990 460 1018 Εἰ
478 990 588 1026 ἐποίησε
612 991 671 1022 καθ’
700 990 831 1027 ὁμοίωσιν
853 992 919 1017 Θεοῦ
935 989 960 1025 ἐξ

134 1037 236 1074 ἀρχῆς,
263 1038 316 1063 ποῦ
343 1046 391 1062 σου
416 1036 434 1070 ἡ
461 1034 562 1073 χάρις;
579 1035 658 1067 πόθεν
676 1034 705 1062 ἂν
736 1034 767 1061 σὺ
792 1033 959 1074 ἐστεφανοῦ;

135 1081 167 1109 Ei
182 1081 232 1118 γὰρ
249 1081 263 1108 ὁ
288 1081 460 1118 Δημιουργός
478 1080 509 1107 τὸ
532 1079 597 1107 δλον
613 1081 647 1116 τῇ
662 1080 738 1119 φύσει
754 1077 886 1113 ἀπέδωκε,
902 1081 960 1110 πῶς

134 1125 165 1152 ἃν
182 1136 223 1152 σοι
241 1126 258 1160 ἡ
277 1124 402 1163 βασιλεία
416 1127 470 1152 τῶν
487 1124 607 1162 οὐρανῶν
624 1124 770 1162 inici-{510;
797 1126 849 1151 Νῦν
867 1123 906 1158 δὲ,
929 1124 961 1151 τὸ

137 1171 185 1206 μὲν
201 1168 294 1204 ἐδόθηο
311 1170 343 1197 τὸ
359 1168 388 1196 δὲ
403 1169 497 1200 ἀτελὲς
519 1168 696 1208 κατελείφθη·
722 1167 767 1196 ’ίνα
795 1169 904 1196 σεαυτὸν
921 1179 962 1195 τε-

135 1214 263 1248 λειώσας,
294 1212 369 1249 ἄξιος
392 1211 455 1250 γένῃ
477 1217 526 1248 τῆς
551 1214 624 1251 παρᾶ
643 1215 691 1240 τοῦ
707 1215 773 1240 Θεοῦ
794 1212 962 1250 μισθαποδο-

135 1258 205 1290 σίας.
223 1261 284 1290 Πῶς
300 1257 345 1285 οῦν
362 1258 493 1296 γινόμεθα
507 1258 564 1286 καθ’
580 1257 731 1294 ὁμοίωσιν;
750 1258 798 1285 Διὰ
812 1259 860 1285 τοῦ
876 1257 962 1295 Εὐαγ-

135 1303 242 1340 γελίου.
261 1303 294 1330 Τί
317 1303 370 1341 γάρ
395 1302 450 1330 ἐστι
475 1302 705 1341 Χριστιανισμόςς
735 1304 801 1330 Θεοῦ
830 1302 963 1339 ὁμοίωσις

135 1348 205 1375 κατὰ
219 1347 250 1374 τὸ
265 1345 445 1385 ἐνδεχόμενον
468 1346 613 1384 ἀνθρώπου
639 1347 726 1386 φύσει.
744 1346 776 1375 Ei
793 1345 906 1383 ἀνεδέξω
930 1347 961 1374 τὸ

139 1391 207 1419 εἶναι
235 1391 407 1429 Χριστιανὸς,
439 1390 581 1428 ἰπιίχοητι
616 1391 736 1429 γενέσθαι
766 1392 862 1428 ὅμοιος
892 1393 960 1427 Θεῷ’

139 1434 246 1463 ἔνδυσαι
269 1435 392 1473 Χριστόν.
418 1437 479 1466 Πῶς
505 1434 534 1463 δὲ
558 1435 664 1473 ἐνδύσῃ,
691 1436 704 1462 ὁ
723 1435 760 1472 μή
777 1435 962 1473 σφραγισάμε-

139 1491 185 1511 νος
202 1489 208 1514 ;
225 1481 284 1510 πῶς
299 1479 404 1518 ἐνδύσῃ,
421 1480 435 1507 ὁ
453 1481 538 1516 μήπω
553 1480 584 1507 τὸ
602 1479 742 1517 βάπτισμα
766 1480 908 1518 εἰληφώςς
931 1479 963 1508 Ὁ

137 1524 189 1562 γὰρ
212 1524 243 1551 τὸ
271 1522 371 1561 ἔνδυμα
385 1527 435 1559 τῆς
460 1524 608 1563 ἀφθαρσίας
635 1524 672 1560 μὴ
698 1523 850 1560 δεξάμενος,
867 1523 962 1562 πόῤῥω

1013 233 1037 261 si
1054 233 1196 262 hesterna
1222 233 1382 263 simultatis
1406 237 1494 272 atque
1514 236 1572 264 odii
1599 238 1767 265 recordatus
1783 233 1841 266 non

1013 278 1104 306 fueris
1119 286 1126 306 :
1143 278 1167 306 si
1184 279 1302 307 fratrem
1318 288 1416 308 amore
1432 289 1463 308 ac
1475 281 1663 309 miseratione
1674 282 1764 310 fueris
1776 291 1842 318 pro—

1013 326 1142 357 secutus,
1160 323 1217 351 Deo
1235 323 1342 352 similis
1354 325 1484 352 evasisti.
1496 325 1524 353 Si
1542 334 1576 353 ex
1588 327 1687 354 animo
1702 327 1843 355 dimisisti

1013 368 1143 402 inimico,
1162 370 1218 396 Deo
1233 368 1339 397 similis
1356 369 1468 397 existis.
1489 369 1519 398 Si
1536 370 1632 406 qualis
1648 379 1716 406 erga
1731 373 1759 398 te
1773 379 1841 407 pec-

1014 413 1085 440 catis
1100 413 1258 440 obnoxium
1275 413 1351 441 Deus
1366 416 1421 446 est,
1438 415 1488 450 qui
1503 414 1634 450 quotidie
1652 415 1693 442 illi
1708 416 1844 443 adverse-

1014 456 1065 490 ris,
1083 457 1149 484 talis
1165 459 1192 484 et
1205 457 1267 493 ipse
1292 466 1360 494 erga
1384 458 1504 486 fratrem
1521 459 1549 486 in
1567 462 1595 486 te
1623 459 1842 495 delinquentem

1014 501 1150 533 afﬁciare,
1168 502 1272 529 affectu
1291 502 1340 530 illo
1365 503 1534 531 miserantis
1556 504 1646 531 animi
1663 513 1730 539 erga
1746 505 1844 540 proxi-

1015 554 1107 579 mum,
1124 546 1182 574 Deo
1194 546 1299 574 similis
1310 547 1432 575 eil‘ectus
1447 556 1488 576 es.
1500 548 1696 581 Quamobrem
1709 549 1786 585 quod
1800 550 1845 576 est

1015 591 1049 618 ad
1063 590 1219 626 imaginem
1232 591 1299 619 inde
1311 591 1412 625 habes,
1426 593 1503 628 quod
1515 593 1627 620 ratione
1639 593 1778 628 praeditus
1791 601 1841 621 es:

1014 635 1139 662 efficeris
1155 643 1221 663 vero
1237 636 1272 663 ad
1285 635 1522 672 similitudinem,
1536 645 1569 665 ex
1580 645 1613 665 eo
1624 638 1700 673 quod
1713 637 1845 673 benigni-

1013 681 1104 707 tatem
1117 679 1254 707 assumis.
1269 684 1395 708 Assume
1407 681 1506 717 itaque
1518 683 1622 709 viscera
1635 683 1842 717 misericordiae,

1016 723 1209 760 benignitatem
1222 724 1252 760 ‘3,
1270 726 1301 752 ut
1316 725 1463 753 Christum
1492 725 1607 753 induas.
1631 726 1744 760 Quibus
1764 726 1843 754 enim

1014 768 1224 804 benignitatem
1243 769 1382 803 assumis,
1395 769 1431 797 iis
1442 770 1591 797 Christum
1608 771 1728 804 induis;
1744 773 1773 799 et
1786 779 1844 806 qua

1015 813 1057 840 illi
1070 813 1286 841 necessitudine
1297 814 1496 850 conjungeris,
1509 823 1574 842 cum
1590 816 1645 842 Deo
1655 815 1844 843 necessitudi-

1016 866 1081 885 nem
1098 857 1257 885 contrahis.
1282 859 1313 885 in
1340 859 1417 886 hunc
1436 860 1556 886 modum
1581 859 1709 888 hominis
1726 860 1843 888 formati

1016 902 1150 935 historia,
1177 901 1240 929 vitae
1269 905 1375 930 nostra:
1402 903 1535 931 formatio
1564 906 1608 931 est
1628 912 1660 931 ac
1676 905 1843 940 disciplina.

1016 949 1163 976 Faciamus
1178 948 1316 976 hominem
1331 949 1369 976 ad
1397 949 1549 983 imaginem
1562 953 1690 977 nostram
1718 952 1743 977 et
1758 950 1792 977 ad
1805 951 1843 978 si-

1015 993 1215 1019 militudinem.
1228 993 1335 1020 Habeat
1348 993 1433 1021 homo
1446 993 1473 1020 in
1487 994 1551 1029 ipsa
1564 995 1756 1028 creatione,ut
1767 995 1844 1030 quod

1016 1039 1060 1064 est
1076 1037 1110 1064 ad
1127 1036 1296 1072 imaginem,
1314 1037 1363 1064 fiat
1380 1040 1408 1065 et
1432 1038 1465 1065 ad
1484 1038 1707 1066 similitudinem
1728 1039 1844 1075 proprio

1017 1081 1114 1109 studio
1124 1083 1215 1117 atque,
1224 1089 1313 1117 opera
1326 1091 1332 1116 ;
1345 1082 1452 1118 quippe
1466 1082 1513 1118 qui
1525 1083 1563 1110 rei
1574 1082 1663 1118 hujus
1673 1083 1840 1111 facultatem

1016 1125 1047 1154 in
1065 1126 1181 1162 propria
1197 1128 1301 1153 nactus
1319 1129 1423 1154 natura
1435 1127 1522 1155 est.Si
1536 1127 1612 1154 Deus
1626 1136 1641 1155 a
1653 1128 1796 1164 principio
1807 1129 1843 1156 ad

1017 1170 1242 1197 similitudinem
1268 1170 1394 1203 fecisset,
1422 1171 1542 1198 ubinam
1565 1174 1614 1199 tua
1640 1172 1712 1199 foret
1727 1173 1845 1209 gratia?

1017 1214 1090 1246 Quid
1107 1216 1185 1242 esset
1201 1215 1278 1241 unde
1290 1222 1395 1242 corona
1407 1215 1580 1243 doner-eris?
1595 1216 1622 1242 Si
1634 1216 1711 1243 enim
1729 1217 1847 1244 Creator

1017 1267 1078 1286 rem
1096 1266 1213 1286 omnem
1230 1260 1340 1286 naturae
1353 1259 1515 1293 tribuisset,
1534 1267 1591 1295 qun
1602 1260 1720 1288 tandem
1735 1260 1846 1289 ratione

1017 1311 1139 1339 regnum
1157 1302 1296 1330 ccelorum
1314 1303 1366 1330 tibi
1385 1305 1517 1339 pateret?
1531 1306 1614 1331 Nunc
1638 1313 1704 1332 vero
1722 1304 1846 1333 alterum

1017 1348 1108 1381 dedit,
1125 1347 1250 1375 alterum
1266 1348 1469 1383 imperfectum
1496 1348 1623 1384 reliquit,
1640 1352 1672 1375 ut
1688 1353 1717 1376 tu
1738 1352 1766 1376 te
1781 1349 1844 1385 ipse

1019 1392 1172 1427 perﬁciens
1187 1392 1296 1428 dignus
1320 1392 1468 1425 efﬁciaris,
1489 1393 1539 1428 qui
1565 1394 1725 1421 mercedem
1749 1403 1765 1421 a
1788 1396 1842 1422 Deo

1017 1436 1217 1471 consequaris.
1244 1436 1304 1468 Qua
1320 1436 1409 1472 igitur
1432 1437 1543 1464 ratione
1559 1438 1595 1464 ad
1617 1437 1841 1467 similitudinem

1018 1480 1184 1508 efficimur?
1200 1483 1253 1507 Per
1277 1481 1477 1516 Evangelium.
1503 1482 1577 1514 Quid
1598 1482 1673 1510 enim
1691 1485 1735 1510 est
1756 1483 1842 1511 Chri-

1019 1525 1115 1552 stiana
1131 1525 1296 1561 professio?
1315 1525 1386 1552 inita
1401 1534 1465 1553 cum
1486 1527 1540 1553 Deo
1557 1526 1728 1560 similitudo,
1746 1528 1838 1563 quoad

136 1569 207 1596 πάνυ
218 1567 372 1596 καθίσταται
389 1573 440 1604 τῆς
454 1568 522 1606 πρὸς
538 1569 601 1596 Θεὸν
618 1568 778 1605 ὁμοιώσεως
816 1568 848 1596 Εἰ
864 1567 957 1605 ἔλεγόν

1018 1570 1082 1604 ejus
1099 1569 1176 1605 capit
1190 1569 1319 1597 humana
1337 1573 1449 1597 natura.
1466 1571 1493 1597 Si
1510 1571 1538 1598 in
1557 1571 1840 1599 animuminduxisti

134 1623 188 1648 σοι,
203 1612 280 1651 δεῦρο
295 1616 373 1651 γενοῦ
389 1613 485 1650 ὅμοιος
504 1613 621 1651 βασιλεῖ,
639 1613 688 1640 οὐκ
703 1611 732 1640 ἂν
759 1612 899 1651 εὐεργέτην
927 1623 960 1649 με

131 1657 249 1695 ἔκρινας,
265 1658 309 1685 καὶ
333 1657 434 1694 πολλῷ
447 1657 487 1694 τῷ
501 1657 579 1695 τάχει
595 1655 720 1688 ἔσπευδες
734 1658 801 1694 πρὸς
817 1657 846 1684 τὸ
862 1657 960 1685 καλού-

130 1712 228 1738 μενονς
259 1702 334 1730 Ἑπεῖ
365 1700 393 1729 δὲ
421 1701 561 1740 βούλομαί
583 1712 612 1729 σε
636 1702 733 1738 ὅμοιον
756 1703 814 1738 Θεῷ
834 1705 957 1736 ποιῆσαι,

131 1746 240 1784 φεύγεις
254 1747 299 1774 τὸν
317 1745 400 1784 λόγον
424 1746 470 1774 τὸν
494 1747 672 1778 θεοποιοῦντά
688 1757 726 1781 σε⁷
743 1745 958 1785 ἐπιφραξάμενος

127 1791 162 1818 τὰ
177 1791 244 1825 ὦτα,
261 1791 304 1818 ἴνα
321 1789 392 1827 μηδὲ
417 1790 523 1818 ἀκούειν
546 1790 612 1829 ἔχῃς
627 1793 680 1818 τῶν
696 1791 838 1829 σωτηρίων
855 1790 955 1829 λόγων.

1016 1616 1047 1641 ut
1063 1621 1143 1640 esses
1159 1613 1352 1645 Christianus.
1373 1623 1490 1650 operam
1517 1623 1589 1642 nava
1606 1618 1638 1642 ut
1664 1616 1719 1642 Deo
1735 1615 1840 1643 similis

1014 1658 1170 1686 efﬁciarie:
1188 1658 1276 1686 indue
1298 1659 1459 1687 Christum.
1475 1660 1511 1686 At
1533 1667 1658 1695 quanam
1674 1659 1778 1687 induas
1795 1669 1839 1687 rn-

1013 1703 1103 1738 tionc,
1120 1702 1167 1737 qui
1184 1711 1240 1730 non
1258 1711 1288 1730 cs
1302 1703 1398 1739 sigillo
1410 1704 1622 1740 consignatus?
1637 1704 1784 1735 Quomodo
1795 1705 1840 1731 in-

1015 1748 1096 1780 duas,
1115 1747 1165 1783 qui
1181 1747 1311 1775 nondum
1326 1748 1471 1782 baptismo
1483 1757 1513 1776 es
1526 1748 1660 1776 initiatus
1672 1748 1685 1775 ‘I
1696 1748 1748 1780 Qui
1761 1748 1838 1776 enim

1013 1791 1241 1828 incorruptionis
1267 1792 1475 1820 indumentum
1505 1800 1560 1820 non
1586 1793 1726 1828 suscepit,
1756 1793 1840 1820 valde

130 1836 231 1872 procul
248 1845 264 1864 θ.
279 1836 328 1864 Dei
347 1835 540 1864 similitudine
556 1836 701 1864 consistit.
725 1836 754 1864 Si
771 1837 898 1864 dicerem
927 1836 991 1870 libi,
1016 1837 1151 1873 agedum.
1169 1839 1230 1864 esto
1256 1836 1361 1864 similis
1390 1836 1558 1872 imperatori
1574 1845 1580 1870 ;
1597 1845 1694 1864 nonne
1710 1837 1837 1864 amicum

130 1889 177 1909 me
192 1889 225 1908 ac
241 1881 404 1909 beneficum
420 1881 614 1914 existimares,
632 1889 665 1908 ac
680 1889 767 1916 quam
796 1881 947 1908 celerrime
962 1889 1020 1916 quo
1042 1881 1175 1908 invitaris
1192 1889 1364 1917 properares
1375 1880 1389 1908 Ἰ
1418 1881 1490 1913 Quia
1510 1889 1575 1908 vero
1591 1881 1649 1907 Deo
1666 1883 1693 1908 te
1710 1881 1837 1908 similem

129 1928 269 1961 praetura
284 1928 397 1960 satago,
410 1925 570 1952 obstructis
586 1925 707 1953 auribus
723 1933 887 1952 sermonem
916 1925 993 1961 fugis
1009 1927 1036 1953 te
1060 1925 1167 1953 deitate
1183 1926 1353 1959 donantem,
1371 1928 1402 1952 ut
1429 1933 1480 1953 nec
1496 1925 1597 1952 auditu
1626 1925 1731 1953 salutis
1750 1926 1838 1953 verba

129 1969 229 2005 possis
244 1968 404 2005 percipere.

162 2024 209 2050 22.
230 2021 282 2049 Καὶ
313 2021 438 2056 ἐποίησεν
470 2021 484 2048 ὁ
515 2020 579 2052 Θεὸς
607 2021 653 2048 τὸν
679 2020 829 2058 ἄνθρωπον·
846 2023 904 2049 κατ’
920 2022 957 2049 εἰ-

1047 2023 1092 2050 22.
1109 2024 1141 2051 Ει
1167 2024 1234 2059 fecit
1261 2025 1334 2051 Deus
1362 2023 1522 2051 hominem:
1547 2023 1589 2051 ad
1612 2024 1762 2059 imaginem
1790 2024 1841 2050 Dei

123 2067 194 2095 κόνει
209 2068 276 2094 Θεοῦ
291 2065 415 2102 ἐποίησεν
438 2065 530 2094 αὐτόν.
557 2065 638 2094 Εἴποι
667 2065 697 2093 ἃν
714 2066 785 2103 τάχα
802 2065 912 2098 ἐνταῦθα
939 2067 955 2101 ἠ

1014 2069 1076 2103 fecit
1089 2076 1150 2096 eum
1165 2069 1195 2093 “.
1215 2067 1295 2095 Dicat
1309 2068 1353 2095 hic
1371 2067 1490 2095 forsitan
1509 2068 1633 2095 mulier:
1651 2067 1723 2100 Quid
1741 2068 1775 2095 ad
1793 2075 1840 2095 me

123 2113 208 2150 γυνή’
224 2112 253 2139 Τί
270 2112 338 2149 πρὸς
353 2110 402 2147 ἐμὲ
417 2111 430 2137 ό
448 2109 532 2148 λόγος
546 2120 551 2145 ;
569 2110 583 2137 ὁ
595 2110 664 2148 ἀνὴρ
679 2112 827 2145 τηνικαῦτα
841 2109 954 2148 ἐγένετο.

124 2155 167 2184 Οὔ
182 2156 234 2194 γὰρ
250 2157 307 2183 εἷπε
322 2157 372 2191 τὴν
388 2154 541 2194 ἄνθρωπον²
552 2154 645 2194 φησὶν,
658 2156 675 2190 ἢ
692 2153 789 2187 ἀπλως
803 2153 954 2193 ἄνθρωπον.

124 2199 203 2228 ἀλλὰ
216 2202 249 2237 τῇ
269 2202 318 2227 τοῦ
334 2201 434 2238 ἄρθρου
458 2200 603 2238 προσθήκῃ
617 2199 648 2227 τὸ
664 2199 803 2237 ἀρρενικὸν
820 2198 954 2238 ἐνέφηνεν.

1012 2121 1108 2140 sermo
1125 2112 1257 2148 spectat?
1272 2112 1324 2139 Vir
1349 2114 1419 2140 tunc
1440 2113 1576 2140 conditus
1600 2114 1653 2140 est.
1670 2113 1732 2140 Non
1749 2111 1839 2148 enim,

1012 2157 1087 2185 335
1105 2157 1214 2192 inquit,
1232 2156 1305 2184 dixit
1329 2156 1477 2184 hominem
1504 2164 1608 2192 genere
1624 2156 1775 2192 feminino,
1792 2159 1842 2184 aut

1012 2201 1186 2238 simpliciter
1198 2201 1357 2234 hominem,
1367 2202 1416 2229 sed
1426 2201 1540 2229 articuli
1552 2202 1715 2237 adjectioae
1724 2209 1839 2229 mascu-

125 2243 209 2272 Ἀλλ’
222 2243 267 2271 ’ίνα
285 2245 322 2281 μὴ
335 2244 447 2281 ἀμαθῶς
462 2254 504 2275 τις
519 2246 553 2277 τῆ
578 2246 626 2271 τοῦ
651 2244 794 2281 ἀνθρώπου
814 2254 954 2282 προσηγο-

1014 2246 1102 2274 linum
1120 2255 1221 2273 sexum
1238 2245 1385 2273 indicavit.
1402 2247 1435 2273 At
1453 2253 1488 2273 ne
1504 2246 1570 2282 quis
1596 2247 1700 2274 inscite
1715 2246 1840 2274 hominis

128 2289 176 2328 ρίᾳ
191 2288 234 2316 ἐπὶ
249 2291 296 2316 τοῦ
312 2287 408 2326 ἀνδρὸς
458 2288 542 2325 μόνον
565 2288 748 2326 κεχρημένος,
777 2287 954 2325 προσέθηκεν.

128 2335 226 2370 Ἀρσεν
254 2333 298 2360 καὶ
329 2332 400 2368 θῆλυ
431 2332 556 2368 ἐποίησεν
582 2333 679 2364 αὐτούς
697 2343 703 2349 ·
735 2332 781 2360 ’ίνα
809 2335 888 2370 γνῷς,
913 2333 954 2361 ὅτι

127 2378 175 2406 καὶ
201 2379 219 2413 ὴ
248 2378 315 2414 γυνὴ
340 2377 398 2416 ἔχει
426 2378 458 2405 τὸ
484 2378 544 2405 κατ’
573 2377 661 2405 εἰκόνα
691 2380 756 2405 Θεοῦ
786 2379 955 2416 γεγενῆσθαι,

126 2423 174 2450 καὶ
206 2423 220 2450 ὁ
252 2422 332 2460 ἀνήρ.
348 2425 456 2459 Ὁμοιαι
470 2423 520 2460 γὰρ
537 2423 564 2449 αἰ
581 2421 672 2461 φύσεις
690 2421 849 2459 ἀμφοτέρων
872 2421 955 2450 ἐπλά-

127 2467 242 2502 σθησαν,
257 2466 302 2494 καὶ
315 2466 372 2494 ’ίσαι
389 2466 491 2494 τούτων
518 2467 545 2494 αἰ
567 2466 687 2504 πράξεις,
714 2465 761 2494 *ἶσα
782 2467 815 2494 τὰ
839 2465 954 2501 ἔπαθλα,

126 2510 174 2547 ἴση
197 2513 215 2546 ὴ
240 2511 343 2539 τούτων
374 2509 519 2546 καταδίκη.
546 2511 593 2545 Μὴ
623 2511 674 2549 γὰρ
703 2511 910 2549 προφασιζέσθω
923 2512 954 2539 τὸ

125 2555 314 2592 ἀσθενέστερον
346 2557 364 2590 ἡ
403 2557 484 2593 γυνή’
516 2555 542 2582 ἂν
570 2556 620 2592 γὰρ
649 2557 682 2592 τῇ
712 2555 790 2591 σαρκὶ
816 2557 906 2582 τοῦτο·
937 2557 954 2590 ἡ

128 2599 223 2636 μέντοι
238 2600 315 2637 ψυχή
332 2599 426 2634 ἐπίσης
442 2601 476 2636 τῇ
493 2598 599 2637 ἀνδρείᾳ
613 2600 662 2634 τήν
679 2599 779 2627 οἰκείαν
790 2598 894 2637 ἔσχηκε
910 2598 955 2626 δύ-

126 2654 223 2680 ναμιν.
248 2642 360 2678 Ἐπειδὴ
393 2644 443 2671 οὔκ
466 2642 600 2680 ὁμότιμον
627 2644 659 2671 τὸ
683 2645 740 2672 κατ’
773 2643 862 2671 εἰκόνα
889 2646 956 2671 Θεοῦ

130 2688 289 2725 ιίλήφασιν,
303 2687 439 2724 ὁμότιμον
467 2687 562 2724 ἔχουσι
584 2688 629 2716 καὶ
643 2689 692 2723 τὴν
714 2688 823 2726 ἀρετὴν,
845 2689 889 2716 καὶ
905 2689 954 2723 τήν

172 2788 195 2806 ¹³
210 2788 320 2816 Coloss.
337 2796 379 2824 lu,
395 2786 440 2817 12.
477 2787 499 2806 ιι
516 2787 584 2816 Gen.
602 2796 623 2823 ι,
639 2788 685 2816 27.

1010 2289 1204 2326 appellatione
1212 2291 1239 2317 in
1247 2289 1307 2317 viro
1316 2290 1457 2318 duntaxat
1466 2299 1551 2318 usum
1561 2290 1838 2325 existimet,adjccit:

1010 2334 1165 2362 Masculum
1178 2337 1203 2362 et
1215 2336 1348 2370 feminam
1362 2335 1427 2370 fecit
1439 2343 1504 2369 eos;
1520 2337 1551 2362 ut
1568 2335 1717 2370 intelligas
1733 2334 1840 2363 habere

1010 2381 1039 2406 et
1055 2379 1220 2414 mulierem,
1237 2380 1314 2415 quod
1341 2379 1375 2406 ad
1401 2379 1448 2407 Dei
1475 2379 1631 2415 imaginem
1658 2379 1774 2407 condita
1790 2379 1839 2414 sit,

1010 2426 1037 2450 et
1055 2424 1131 2459 quod
1147 2424 1181 2452 ad
1198 2423 1249 2451 Dei
1266 2423 1491 2451 similitudinem
1508 2432 1572 2451 esse
1589 2424 1786 2457 nanciscatur,
1797 2423 1840 2451 uti

1009 2471 1039 2495 et
1065 2468 1119 2495 vir.
1145 2468 1225 2496 Paris
1249 2468 1400 2504 dignitatis
1424 2469 1575 2496 amborum
1600 2469 1717 2496 formati
1741 2475 1839 2501 sexus,

1010 2520 1153 2548 paresque
1169 2515 1239 2540 sunt
1254 2513 1358 2540 horum
1384 2513 1523 2546 actiones,
1541 2513 1622 2548 paria
1641 2512 1769 2548 praemia,
1786 2520 1840 2548 par

1010 2564 1110 2584 eorum
1126 2557 1287 2584 damnatio.
1313 2557 1353 2585 Ne
1381 2557 1461 2584 enim
1486 2556 1592 2585 mulier
1617 2556 1838 2584 imbecilliorem

1010 2609 1112 2629 sexum
1129 2601 1325 2629 causilicetur.
1342 2601 1424 2628 Istud
1438 2609 1567 2636 namque
1581 2601 1610 2628 in
1625 2609 1711 2628 carne
1727 2603 1771 2627 est
1783 2609 1790 2633 ;
1801 2600 1838 2628 ad

1010 2646 1139 2673 animam
1156 2654 1221 2673 vero
1237 2646 1315 2681 quod
1332 2646 1446 2679 attinet,
1464 2645 1537 2672 nihil
1554 2646 1613 2672 viro
1631 2645 1773 2679 imparem
1786 2652 1840 2672 na-

1011 2692 1058 2718 cta
1077 2693 1123 2718 est
1145 2691 1315 2725 potentiam.
1339 2690 1583 2725 Quandoquidem
1610 2688 1699 2724 igitur
1722 2688 1839 2716 feminae
