  <div class='ocr_page' id='page_1' title='image "/cluster/home/n/w/nwhite01/storage/ocr_20150623/30/njp.32101013202591/029.png"; bbox 0 0 2018 3146; ppageno 0'>
   <div class='ocr_carea' id='block_1_1' title="bbox 170 173 1874 218">
    <p class='ocr_par' dir='ltr' id='par_1_1' title="bbox 170 173 1874 218">
     <span class='ocr_line' id='line_1_1' title="bbox 170 173 1874 218; baseline -0.001 -14"><span class='ocrx_word' id='word_1_1' title='bbox 170 175 205 204; x_wconf 87' lang='grc'><strong>31</strong></span> <span class='ocrx_word' id='word_1_2' title='bbox 637 173 837 202; x_wconf 83' lang='lat' dir='ltr'><strong>APPENDIX</strong></span> <span class='ocrx_word' id='word_1_3' title='bbox 860 173 1022 204; x_wconf 81' lang='lat' dir='ltr'><strong>OPERUM</strong></span> <span class='ocrx_word' id='word_1_4' title='bbox 1046 174 1078 204; x_wconf 91' lang='lat' dir='ltr'><strong>S.</strong></span> <span class='ocrx_word' id='word_1_5' title='bbox 1103 174 1241 218; x_wconf 75' lang='lat' dir='ltr'><strong>BASlLl]</strong></span> <span class='ocrx_word' id='word_1_6' title='bbox 1265 175 1401 204; x_wconf 83' lang='lat' dir='ltr'><strong>MAGNI.</strong></span> <span class='ocrx_word' id='word_1_7' title='bbox 1835 173 1874 202; x_wconf 72' lang='grc'><strong>32</strong></span> 
     </span>
    </p>
   </div>
   <div class='ocr_carea' id='block_1_2' title="bbox 172 237 990 276">
    <p class='ocr_par' dir='ltr' id='par_1_2' title="bbox 172 237 990 275">
     <span class='ocr_line' id='line_1_2' title="bbox 172 237 990 275; baseline -0.002 -7"><span class='ocrx_word' id='word_1_8' title='bbox 172 239 346 272; x_wconf 86' lang='lat' dir='ltr'><strong>esset.Quod</strong></span> <span class='ocrx_word' id='word_1_9' title='bbox 364 247 429 266; x_wconf 89' lang='lat' dir='ltr'><strong>vero</strong></span> <span class='ocrx_word' id='word_1_10' title='bbox 447 239 481 265; x_wconf 80' lang='lat' dir='ltr'><strong>ad</strong></span> <span class='ocrx_word' id='word_1_11' title='bbox 499 237 722 266; x_wconf 76' lang='lat' dir='ltr'><strong>similitudinem</strong></span> <span class='ocrx_word' id='word_1_12' title='bbox 739 239 873 274; x_wconf 88' lang='lat' dir='ltr'><strong>est,quod</strong></span> <span class='ocrx_word' id='word_1_13' title='bbox 891 241 990 275; x_wconf 86' lang='lat' dir='ltr'><strong>poten-</strong></span> 
     </span>
    </p>
   </div>
   <div class='ocr_carea' id='block_1_3' title="bbox 1047 237 1874 276">
    <p class='ocr_par' dir='ltr' id='par_1_3' title="bbox 1050 237 1874 276">
     <span class='ocr_line' id='line_1_3' title="bbox 1050 237 1874 276; baseline -0.002 -10"><span class='ocrx_word' id='word_1_14' title='bbox 1050 249 1104 275; x_wconf 70' lang='grc' dir='ltr'><strong>τεῳ,</strong></span> <span class='ocrx_word' id='word_1_15' title='bbox 1127 238 1203 266; x_wconf 71' lang='grc' dir='ltr'>οὔπω</span> <span class='ocrx_word' id='word_1_16' title='bbox 1233 237 1262 266; x_wconf 68' lang='grc' dir='ltr'><strong>δὲ</strong></span> <span class='ocrx_word' id='word_1_17' title='bbox 1286 239 1331 266; x_wconf 80' lang='grc' dir='ltr'><strong>καὶ</strong></span> <span class='ocrx_word' id='word_1_18' title='bbox 1355 239 1394 271; x_wconf 64' lang='grc' dir='ltr'>εἷς</span> <span class='ocrx_word' id='word_1_19' title='bbox 1418 239 1449 266; x_wconf 80' lang='grc' dir='ltr'>τὸ</span> <span class='ocrx_word' id='word_1_20' title='bbox 1478 238 1652 275; x_wconf 72' lang='grc' dir='ltr'><strong>ἀποτέλεσμα</strong></span> <span class='ocrx_word' id='word_1_21' title='bbox 1680 237 1874 276; x_wconf 77' lang='grc' dir='ltr'>ἐμπεφάνιστο,</span> 
     </span>
    </p>
   </div>
   <div class='ocr_carea' id='block_1_4' title="bbox 172 283 992 316">
    <p class='ocr_par' dir='ltr' id='par_1_4' title="bbox 172 283 992 316">
     <span class='ocr_line' id='line_1_4' title="bbox 172 283 992 316; baseline -0.001 -4"><span class='ocrx_word' id='word_1_22' title='bbox 172 285 214 312; x_wconf 86' lang='lat' dir='ltr'><strong>tia</strong></span> <span class='ocrx_word' id='word_1_23' title='bbox 227 283 323 312; x_wconf 89' lang='lat' dir='ltr'><strong>solum</strong></span> <span class='ocrx_word' id='word_1_24' title='bbox 341 283 484 311; x_wconf 81' lang='lat' dir='ltr'><strong>hactenus</strong></span> <span class='ocrx_word' id='word_1_25' title='bbox 499 283 610 310; x_wconf 82' lang='lat' dir='ltr'><strong>homini</strong></span> <span class='ocrx_word' id='word_1_26' title='bbox 627 283 800 316; x_wconf 72' lang='lat' dir='ltr'><strong>inseruerat,</strong></span> <span class='ocrx_word' id='word_1_27' title='bbox 817 291 850 310; x_wconf 89' lang='lat' dir='ltr'><strong>ac</strong></span> <span class='ocrx_word' id='word_1_28' title='bbox 867 284 992 311; x_wconf 86' lang='lat' dir='ltr'><strong>necdum</strong></span> 
     </span>
    </p>
   </div>
   <div class='ocr_carea' id='block_1_5' title="bbox 170 327 994 364">
    <p class='ocr_par' dir='ltr' id='par_1_5' title="bbox 170 327 994 364">
     <span class='ocr_line' id='line_1_5' title="bbox 170 327 994 364; baseline -0.001 -8"><span class='ocrx_word' id='word_1_29' title='bbox 170 329 200 356; x_wconf 91' lang='lat' dir='ltr'><strong>in</strong></span> <span class='ocrx_word' id='word_1_30' title='bbox 217 329 320 356; x_wconf 79' lang='lat' dir='ltr'><strong>sﬂ‘ectu</strong></span> <span class='ocrx_word' id='word_1_31' title='bbox 337 327 538 362; x_wconf 80' lang='lat' dir='ltr'><strong>eluxerat,sed</strong></span> <span class='ocrx_word' id='word_1_32' title='bbox 555 327 590 354; x_wconf 81' lang='lat' dir='ltr'><strong>ad</strong></span> <span class='ocrx_word' id='word_1_33' title='bbox 607 330 689 355; x_wconf 78' lang='lat' dir='ltr'><strong>actus</strong></span> <span class='ocrx_word' id='word_1_34' title='bbox 703 327 836 355; x_wconf 73' lang='lat' dir='ltr'><strong>eﬂ‘ectum</strong></span> <span class='ocrx_word' id='word_1_35' title='bbox 851 328 994 364; x_wconf 85' lang='lat' dir='ltr'><strong>accipien-</strong></span> 
     </span>
    </p>
   </div>
   <div class='ocr_carea' id='block_1_6' title="bbox 172 372 992 409">
    <p class='ocr_par' dir='ltr' id='par_1_6' title="bbox 172 372 992 409">
     <span class='ocr_line' id='line_1_6' title="bbox 172 372 992 409; baseline -0.001 -8"><span class='ocrx_word' id='word_1_36' title='bbox 172 374 209 401; x_wconf 88' lang='lat' dir='ltr'><strong>tis</strong></span> <span class='ocrx_word' id='word_1_37' title='bbox 226 373 322 401; x_wconf 85' lang='lat' dir='ltr'><strong>adhuc</strong></span> <span class='ocrx_word' id='word_1_38' title='bbox 339 373 470 401; x_wconf 90' lang='lat' dir='ltr'><strong>animum</strong></span> <span class='ocrx_word' id='word_1_39' title='bbox 487 372 631 400; x_wconf 84' lang='lat' dir='ltr'><strong>volentem</strong></span> <span class='ocrx_word' id='word_1_40' title='bbox 643 372 893 409; x_wconf 82' lang='lat' dir='ltr'><strong>exigebat,merilo</strong></span> <span class='ocrx_word' id='word_1_41' title='bbox 902 373 992 400; x_wconf 86' lang='lat' dir='ltr'><strong>silen-</strong></span> 
     </span>
    </p>
   </div>
   <div class='ocr_carea' id='block_1_7' title="bbox 170 417 993 454">
    <p class='ocr_par' dir='ltr' id='par_1_7' title="bbox 170 417 993 454">
     <span class='ocr_line' id='line_1_7' title="bbox 170 417 993 454; baseline -0.001 -8"><span class='ocrx_word' id='word_1_42' title='bbox 170 419 211 446; x_wconf 85' lang='lat' dir='ltr'><strong>tio</strong></span> <span class='ocrx_word' id='word_1_43' title='bbox 229 418 346 454; x_wconf 78' lang='lat' dir='ltr'><strong>pressit.</strong></span> <span class='ocrx_word' id='word_1_44' title='bbox 365 418 514 454; x_wconf 85' lang='lat' dir='ltr'><strong>Siquidem</strong></span> <span class='ocrx_word' id='word_1_45' title='bbox 531 418 620 454; x_wconf 82' lang='lat' dir='ltr'><strong>igitur</strong></span> <span class='ocrx_word' id='word_1_46' title='bbox 635 417 714 446; x_wconf 87' lang='lat' dir='ltr'><strong>nullo</strong></span> <span class='ocrx_word' id='word_1_47' title='bbox 731 421 877 454; x_wconf 70' lang='lat' dir='ltr'><strong>praaeunte</strong></span> <span class='ocrx_word' id='word_1_48' title='bbox 886 419 910 446; x_wconf 90' lang='lat' dir='ltr'><strong>ei</strong></span> <span class='ocrx_word' id='word_1_49' title='bbox 927 427 993 446; x_wconf 84' lang='lat' dir='ltr'><strong>con-</strong></span> 
     </span>
    </p>
   </div>
   <div class='ocr_carea' id='block_1_8' title="bbox 171 463 992 499">
    <p class='ocr_par' dir='ltr' id='par_1_8' title="bbox 171 463 992 499">
     <span class='ocr_line' id='line_1_8' title="bbox 171 463 992 499; baseline 0 -9"><span class='ocrx_word' id='word_1_50' title='bbox 171 463 237 491; x_wconf 89' lang='lat' dir='ltr'><strong>silio</strong></span> <span class='ocrx_word' id='word_1_51' title='bbox 251 463 373 490; x_wconf 83' lang='lat' dir='ltr'><strong>dixisset</strong></span> <span class='ocrx_word' id='word_1_52' title='bbox 390 463 558 498; x_wconf 84' lang='lat' dir='ltr'><strong>Deus,qu0d</strong></span> <span class='ocrx_word' id='word_1_53' title='bbox 571 466 614 491; x_wconf 84' lang='lat' dir='ltr'><strong>est</strong></span> <span class='ocrx_word' id='word_1_54' title='bbox 629 464 665 490; x_wconf 84' lang='lat' dir='ltr'><strong>ad</strong></span> <span class='ocrx_word' id='word_1_55' title='bbox 682 463 917 498; x_wconf 78' lang='lat' dir='ltr'><strong>similitudinem,</strong></span> <span class='ocrx_word' id='word_1_56' title='bbox 934 463 992 499; x_wconf 89' lang='lat' dir='ltr'><strong>pri-</strong></span> 
     </span>
    </p>
   </div>
   <div class='ocr_carea' id='block_1_9' title="bbox 170 507 992 543">
    <p class='ocr_par' dir='ltr' id='par_1_9' title="bbox 170 507 992 543">
     <span class='ocr_line' id='line_1_9' title="bbox 170 507 992 543; baseline 0 -9"><span class='ocrx_word' id='word_1_57' title='bbox 170 507 270 542; x_wconf 90' lang='lat' dir='ltr'><strong>mique</strong></span> <span class='ocrx_word' id='word_1_58' title='bbox 287 507 365 535; x_wconf 87' lang='lat' dir='ltr'><strong>illius</strong></span> <span class='ocrx_word' id='word_1_59' title='bbox 382 507 457 534; x_wconf 76' lang='lat' dir='ltr'><strong>elfati</strong></span> <span class='ocrx_word' id='word_1_60' title='bbox 475 510 573 535; x_wconf 83' lang='lat' dir='ltr'><strong>tenore</strong></span> <span class='ocrx_word' id='word_1_61' title='bbox 588 507 724 535; x_wconf 76' lang='lat' dir='ltr'><strong>virtutem</strong></span> <span class='ocrx_word' id='word_1_62' title='bbox 736 508 836 535; x_wconf 72' lang='lat' dir='ltr'><strong>statim</strong></span> <span class='ocrx_word' id='word_1_63' title='bbox 853 507 992 543; x_wconf 81' lang='lat' dir='ltr'><strong>elargilus</strong></span> 
     </span>
    </p>
   </div>
   <div class='ocr_carea' id='block_1_10' title="bbox 169 552 992 588">
    <p class='ocr_par' dir='ltr' id='par_1_10' title="bbox 169 552 992 588">
     <span class='ocr_line' id='line_1_10' title="bbox 169 552 992 588; baseline 0 -8"><span class='ocrx_word' id='word_1_64' title='bbox 169 555 258 586; x_wconf 84' lang='lat' dir='ltr'><strong>esset,</strong></span> <span class='ocrx_word' id='word_1_65' title='bbox 275 555 306 580; x_wconf 90' lang='lat' dir='ltr'><strong>ut</strong></span> <span class='ocrx_word' id='word_1_66' title='bbox 316 553 374 580; x_wconf 91' lang='lat' dir='ltr'><strong>Deo</strong></span> <span class='ocrx_word' id='word_1_67' title='bbox 391 552 503 580; x_wconf 84' lang='lat' dir='ltr'><strong>similes</strong></span> <span class='ocrx_word' id='word_1_68' title='bbox 520 553 942 588; x_wconf 75' lang='lat' dir='ltr'><strong>efﬁceremur,haudquaquam</strong></span> <span class='ocrx_word' id='word_1_69' title='bbox 958 561 992 580; x_wconf 84' lang='lat' dir='ltr'><strong>ex</strong></span> 
     </span>
    </p>
   </div>
   <div class='ocr_carea' id='block_1_11' title="bbox 170 598 991 634">
    <p class='ocr_par' dir='ltr' id='par_1_11' title="bbox 170 598 991 634">
     <span class='ocr_line' id='line_1_11' title="bbox 170 598 991 634; baseline 0 -9"><span class='ocrx_word' id='word_1_70' title='bbox 170 598 234 626; x_wconf 85' lang='lat' dir='ltr'><strong>sola</strong></span> <span class='ocrx_word' id='word_1_71' title='bbox 250 600 350 625; x_wconf 84' lang='lat' dir='ltr'><strong>nostra</strong></span> <span class='ocrx_word' id='word_1_72' title='bbox 366 600 507 634; x_wconf 76' lang='lat' dir='ltr'><strong>potestate</strong></span> <span class='ocrx_word' id='word_1_73' title='bbox 535 599 722 633; x_wconf 77' lang='lat' dir='ltr'><strong>postmodum</strong></span> <span class='ocrx_word' id='word_1_74' title='bbox 752 607 891 634; x_wconf 82' lang='lat' dir='ltr'><strong>magnum</strong></span> <span class='ocrx_word' id='word_1_75' title='bbox 913 598 991 625; x_wconf 87' lang='lat' dir='ltr'><strong>istud</strong></span> 
     </span>
    </p>
   </div>
   <div class='ocr_carea' id='block_1_12' title="bbox 169 642 991 678">
    <p class='ocr_par' dir='ltr' id='par_1_12' title="bbox 169 642 991 678">
     <span class='ocr_line' id='line_1_12' title="bbox 169 642 991 678; baseline 0.001 -9"><span class='ocrx_word' id='word_1_76' title='bbox 169 643 280 669; x_wconf 85' lang='lat' dir='ltr'><strong>donum</strong></span> <span class='ocrx_word' id='word_1_77' title='bbox 296 642 422 670; x_wconf 86' lang='lat' dir='ltr'><strong>asciscre</strong></span> <span class='ocrx_word' id='word_1_78' title='bbox 450 643 662 678; x_wconf 79' lang='lat' dir='ltr'><strong>potuissemus,</strong></span> <span class='ocrx_word' id='word_1_79' title='bbox 679 651 710 670; x_wconf 82' lang='lat' dir='ltr'><strong>ac</strong></span> <span class='ocrx_word' id='word_1_80' title='bbox 725 646 877 678; x_wconf 78' lang='lat' dir='ltr'><strong>propterea</strong></span> <span class='ocrx_word' id='word_1_81' title='bbox 892 651 991 671; x_wconf 88' lang='lat' dir='ltr'><strong>neces-</strong></span> 
     </span>
    </p>
   </div>
   <div class='ocr_carea' id='block_1_13' title="bbox 170 688 990 724">
    <p class='ocr_par' dir='ltr' id='par_1_13' title="bbox 170 688 990 724">
     <span class='ocr_line' id='line_1_13' title="bbox 170 688 990 724; baseline 0.001 -9"><span class='ocrx_word' id='word_1_82' title='bbox 170 689 247 716; x_wconf 87' lang='lat' dir='ltr'><strong>sario</strong></span> <span class='ocrx_word' id='word_1_83' title='bbox 263 690 332 716; x_wconf 88' lang='lat' dir='ltr'><strong>tunc</strong></span> <span class='ocrx_word' id='word_1_84' title='bbox 345 688 442 723; x_wconf 77' lang='lat' dir='ltr'><strong>adepti</strong></span> <span class='ocrx_word' id='word_1_85' title='bbox 458 697 600 716; x_wconf 85' lang='lat' dir='ltr'><strong>essemus.</strong></span> <span class='ocrx_word' id='word_1_86' title='bbox 619 688 671 716; x_wconf 91' lang='lat' dir='ltr'><strong>Ubi</strong></span> <span class='ocrx_word' id='word_1_87' title='bbox 684 690 746 724; x_wconf 82' lang='lat' dir='ltr'><strong>jam</strong></span> <span class='ocrx_word' id='word_1_88' title='bbox 776 698 842 716; x_wconf 85' lang='lat' dir='ltr'><strong>vero</strong></span> <span class='ocrx_word' id='word_1_89' title='bbox 857 697 890 716; x_wconf 85' lang='lat' dir='ltr'><strong>eo</strong></span> <span class='ocrx_word' id='word_1_90' title='bbox 907 689 990 716; x_wconf 77' lang='lat' dir='ltr'><strong>deve-</strong></span> 
     </span>
    </p>
   </div>
   <div class='ocr_carea' id='block_1_14' title="bbox 170 734 991 769">
    <p class='ocr_par' dir='ltr' id='par_1_14' title="bbox 170 734 991 769">
     <span class='ocr_line' id='line_1_14' title="bbox 170 734 991 769; baseline 0.002 -9"><span class='ocrx_word' id='word_1_91' title='bbox 170 734 269 760; x_wconf 86' lang='lat' dir='ltr'><strong>nimus</strong></span> <span class='ocrx_word' id='word_1_92' title='bbox 288 735 318 760; x_wconf 83' lang='lat' dir='ltr'><strong>ut</strong></span> <span class='ocrx_word' id='word_1_93' title='bbox 332 734 533 768; x_wconf 85' lang='lat' dir='ltr'><strong>conderemur,</strong></span> <span class='ocrx_word' id='word_1_94' title='bbox 551 736 638 769; x_wconf 80' lang='lat' dir='ltr'><strong>atque</strong></span> <span class='ocrx_word' id='word_1_95' title='bbox 654 742 688 761; x_wconf 82' lang='lat' dir='ltr'><strong>ex</strong></span> <span class='ocrx_word' id='word_1_96' title='bbox 703 734 794 761; x_wconf 86' lang='lat' dir='ltr'><strong>nihilo</strong></span> <span class='ocrx_word' id='word_1_97' title='bbox 810 735 842 761; x_wconf 91' lang='lat' dir='ltr'><strong>ut</strong></span> <span class='ocrx_word' id='word_1_98' title='bbox 858 742 991 762; x_wconf 83' lang='lat' dir='ltr'><strong>essemus</strong></span> 
     </span>
    </p>
   </div>
   <div class='ocr_carea' id='block_1_15' title="bbox 168 777 991 814">
    <p class='ocr_par' dir='ltr' id='par_1_15' title="bbox 168 777 991 814">
     <span class='ocr_line' id='line_1_15' title="bbox 168 777 991 814; baseline 0.002 -10"><span class='ocrx_word' id='word_1_99' title='bbox 168 777 198 804; x_wconf 91' lang='lat' dir='ltr'><strong>in</strong></span> <span class='ocrx_word' id='word_1_100' title='bbox 215 786 312 805; x_wconf 88' lang='lat' dir='ltr'><strong>rerum</strong></span> <span class='ocrx_word' id='word_1_101' title='bbox 327 781 432 805; x_wconf 78' lang='lat' dir='ltr'><strong>natura</strong></span> <span class='ocrx_word' id='word_1_102' title='bbox 456 777 685 813; x_wconf 86' lang='lat' dir='ltr'><strong>adipsceremur,</strong></span> <span class='ocrx_word' id='word_1_103' title='bbox 701 779 729 806; x_wconf 90' lang='lat' dir='ltr'><strong>id</strong></span> <span class='ocrx_word' id='word_1_104' title='bbox 747 778 866 814; x_wconf 88' lang='lat' dir='ltr'><strong>quidem</strong></span> <span class='ocrx_word' id='word_1_105' title='bbox 882 779 957 813; x_wconf 88' lang='lat' dir='ltr'><strong>quod</strong></span> <span class='ocrx_word' id='word_1_106' title='bbox 975 787 991 806; x_wconf 79' lang='grc' dir='ltr'><strong>θ.</strong></span> 
     </span>
    </p>
   </div>
   <div class='ocr_carea' id='block_1_16' title="bbox 168 822 989 850">
    <p class='ocr_par' dir='ltr' id='par_1_16' title="bbox 168 822 989 850">
     <span class='ocr_line' id='line_1_16' title="bbox 168 822 989 850; baseline 0.001 -1"><span class='ocrx_word' id='word_1_107' title='bbox 168 824 284 850; x_wconf 83' lang='lat' dir='ltr'><strong>creante</strong></span> <span class='ocrx_word' id='word_1_108' title='bbox 298 824 408 849; x_wconf 69' lang='lat' dir='ltr'><strong>natura:</strong></span> <span class='ocrx_word' id='word_1_109' title='bbox 423 824 529 849; x_wconf 66' lang='lat' dir='ltr'><strong>nostra</strong></span> <span class='ocrx_word' id='word_1_110' title='bbox 545 825 578 849; x_wconf 89' lang='lat' dir='ltr'><strong>ut</strong></span> <span class='ocrx_word' id='word_1_111' title='bbox 594 822 619 849; x_wconf 88' lang='lat' dir='ltr'><strong>ei</strong></span> <span class='ocrx_word' id='word_1_112' title='bbox 635 823 713 850; x_wconf 85' lang='lat' dir='ltr'><strong>velut</strong></span> <span class='ocrx_word' id='word_1_113' title='bbox 729 824 898 850; x_wconf 73' lang='lat' dir='ltr'><strong>substantia</strong></span> <span class='ocrx_word' id='word_1_114' title='bbox 913 823 989 850; x_wconf 88' lang='lat' dir='ltr'><strong>indi-</strong></span> 
     </span>
    </p>
   </div>
   <div class='ocr_carea' id='block_1_17' title="bbox 169 867 989 902">
    <p class='ocr_par' dir='ltr' id='par_1_17' title="bbox 169 867 989 902">
     <span class='ocr_line' id='line_1_17' title="bbox 169 867 989 902; baseline 0.001 -9"><span class='ocrx_word' id='word_1_115' title='bbox 169 868 335 901; x_wconf 87' lang='lat' dir='ltr'><strong>tum,atque</strong></span> <span class='ocrx_word' id='word_1_116' title='bbox 347 867 408 902; x_wconf 86' lang='lat' dir='ltr'><strong>jam</strong></span> <span class='ocrx_word' id='word_1_117' title='bbox 428 868 489 893; x_wconf 85' lang='lat' dir='ltr'><strong>tum</strong></span> <span class='ocrx_word' id='word_1_118' title='bbox 508 867 667 902; x_wconf 81' lang='lat' dir='ltr'><strong>perfectum</strong></span> <span class='ocrx_word' id='word_1_119' title='bbox 686 867 876 900; x_wconf 88' lang='lat' dir='ltr'><strong>tribuebatur,</strong></span> <span class='ocrx_word' id='word_1_120' title='bbox 888 868 989 895; x_wconf 84' lang='lat' dir='ltr'><strong>statim</strong></span> 
     </span>
    </p>
   </div>
   <div class='ocr_carea' id='block_1_18' title="bbox 169 910 1029 953">
    <p class='ocr_par' dir='ltr' id='par_1_18' title="bbox 169 910 1029 953">
     <span class='ocr_line' id='line_1_18' title="bbox 169 910 1029 953; baseline 0.002 -16"><span class='ocrx_word' id='word_1_121' title='bbox 169 910 246 938; x_wconf 84' lang='lat' dir='ltr'><strong>nacti</strong></span> <span class='ocrx_word' id='word_1_122' title='bbox 263 912 469 945; x_wconf 83' lang='lat' dir='ltr'><strong>sumus,atque</strong></span> <span class='ocrx_word' id='word_1_123' title='bbox 485 919 519 938; x_wconf 83' lang='lat' dir='ltr'><strong>ex</strong></span> <span class='ocrx_word' id='word_1_124' title='bbox 533 919 566 938; x_wconf 88' lang='lat' dir='ltr'><strong>eo</strong></span> <span class='ocrx_word' id='word_1_125' title='bbox 583 912 863 947; x_wconf 83' lang='lat' dir='ltr'><strong>nuncupati,nempe</strong></span> <span class='ocrx_word' id='word_1_126' title='bbox 874 912 988 939; x_wconf 84' lang='lat' dir='ltr'><strong>ndima-</strong></span> <span class='ocrx_word' id='word_1_127' title='bbox 1006 922 1029 953; x_wconf 80' lang='grc' dir='ltr'>Β</span> 
     </span>
    </p>
   </div>
   <div class='ocr_carea' id='block_1_19' title="bbox 169 955 988 990">
    <p class='ocr_par' dir='ltr' id='par_1_19' title="bbox 169 955 988 990">
     <span class='ocr_line' id='line_1_19' title="bbox 169 955 988 990; baseline 0.002 -9"><span class='ocrx_word' id='word_1_128' title='bbox 169 955 368 990; x_wconf 83' lang='lat' dir='ltr'><strong>ginem.Quod</strong></span> <span class='ocrx_word' id='word_1_129' title='bbox 384 963 451 982; x_wconf 88' lang='lat' dir='ltr'><strong>vero</strong></span> <span class='ocrx_word' id='word_1_130' title='bbox 467 963 524 982; x_wconf 89' lang='lat' dir='ltr'><strong>non</strong></span> <span class='ocrx_word' id='word_1_131' title='bbox 541 955 640 983; x_wconf 84' lang='lat' dir='ltr'><strong>statim</strong></span> <span class='ocrx_word' id='word_1_132' title='bbox 660 964 718 983; x_wconf 90' lang='lat' dir='ltr'><strong>una</strong></span> <span class='ocrx_word' id='word_1_133' title='bbox 734 956 885 984; x_wconf 84' lang='lat' dir='ltr'><strong>nobiscum</strong></span> <span class='ocrx_word' id='word_1_134' title='bbox 903 956 988 983; x_wconf 89' lang='lat' dir='ltr'><strong>abso-</strong></span> 
     </span>
    </p>
   </div>
   <div class='ocr_carea' id='block_1_20' title="bbox 169 998 990 1034">
    <p class='ocr_par' dir='ltr' id='par_1_20' title="bbox 169 998 990 1034">
     <span class='ocr_line' id='line_1_20' title="bbox 169 998 990 1034; baseline 0.004 -9"><span class='ocrx_word' id='word_1_135' title='bbox 169 998 265 1026; x_wconf 86' lang='lat' dir='ltr'><strong>lutum</strong></span> <span class='ocrx_word' id='word_1_136' title='bbox 282 1001 336 1033; x_wconf 89' lang='lat' dir='ltr'><strong>est,</strong></span> <span class='ocrx_word' id='word_1_137' title='bbox 352 1007 405 1026; x_wconf 88' lang='lat' dir='ltr'><strong>nec</strong></span> <span class='ocrx_word' id='word_1_138' title='bbox 434 1002 539 1026; x_wconf 78' lang='lat' dir='ltr'><strong>natura</strong></span> <span class='ocrx_word' id='word_1_139' title='bbox 554 1008 650 1027; x_wconf 89' lang='lat' dir='ltr'><strong>comes</strong></span> <span class='ocrx_word' id='word_1_140' title='bbox 676 1000 844 1028; x_wconf 78' lang='lat' dir='ltr'><strong>formationi</strong></span> <span class='ocrx_word' id='word_1_141' title='bbox 860 1000 923 1034; x_wconf 84' lang='lat' dir='ltr'><strong>luit,</strong></span> <span class='ocrx_word' id='word_1_142' title='bbox 940 1000 990 1028; x_wconf 84' lang='lat' dir='ltr'><strong>sed</strong></span> 
     </span>
    </p>
   </div>
   <div class='ocr_carea' id='block_1_21' title="bbox 168 1042 991 1081">
    <p class='ocr_par' dir='ltr' id='par_1_21' title="bbox 168 1042 991 1081">
     <span class='ocr_line' id='line_1_21' title="bbox 168 1042 991 1081; baseline 0.005 -12"><span class='ocrx_word' id='word_1_143' title='bbox 168 1051 202 1070; x_wconf 86' lang='lat' dir='ltr'><strong>ex</strong></span> <span class='ocrx_word' id='word_1_144' title='bbox 217 1043 377 1070; x_wconf 74' lang='lat' dir='ltr'><strong>adventura</strong></span> <span class='ocrx_word' id='word_1_145' title='bbox 388 1042 481 1070; x_wconf 83' lang='lat' dir='ltr'><strong>libera</strong></span> <span class='ocrx_word' id='word_1_146' title='bbox 495 1043 757 1079; x_wconf 84' lang='lat' dir='ltr'><strong>voluntate,nostra</strong></span> <span class='ocrx_word' id='word_1_147' title='bbox 773 1044 881 1080; x_wconf 89' lang='lat' dir='ltr'><strong>quippe</strong></span> <span class='ocrx_word' id='word_1_148' title='bbox 890 1053 991 1081; x_wconf 80' lang='lat' dir='ltr'><strong>opera-</strong></span> 
     </span>
    </p>
   </div>
   <div class='ocr_carea' id='block_1_22' title="bbox 168 1087 990 1125">
    <p class='ocr_par' dir='ltr' id='par_1_22' title="bbox 168 1087 990 1125">
     <span class='ocr_line' id='line_1_22' title="bbox 168 1087 990 1125; baseline 0.004 -11"><span class='ocrx_word' id='word_1_149' title='bbox 168 1087 254 1120; x_wconf 88' lang='lat' dir='ltr'><strong>tione,</strong></span> <span class='ocrx_word' id='word_1_150' title='bbox 272 1087 461 1122; x_wconf 87' lang='lat' dir='ltr'><strong>postmodum</strong></span> <span class='ocrx_word' id='word_1_151' title='bbox 491 1088 575 1115; x_wconf 85' lang='lat' dir='ltr'><strong>nobis</strong></span> <span class='ocrx_word' id='word_1_152' title='bbox 600 1096 760 1125; x_wconf 84' lang='lat' dir='ltr'><strong>congruere</strong></span> <span class='ocrx_word' id='word_1_153' title='bbox 776 1089 910 1122; x_wconf 81' lang='lat' dir='ltr'><strong>debebat,</strong></span> <span class='ocrx_word' id='word_1_154' title='bbox 927 1098 990 1125; x_wconf 78' lang='lat' dir='ltr'><strong>quea</strong></span> 
     </span>
    </p>
   </div>
   <div class='ocr_carea' id='block_1_23' title="bbox 168 1131 990 1167">
    <p class='ocr_par' dir='ltr' id='par_1_23' title="bbox 168 1131 990 1167">
     <span class='ocr_line' id='line_1_23' title="bbox 168 1131 990 1167; baseline 0.004 -9"><span class='ocrx_word' id='word_1_155' title='bbox 168 1131 471 1167; x_wconf 87' lang='lat' dir='ltr'><strong>nobis,inquam,cum</strong></span> <span class='ocrx_word' id='word_1_156' title='bbox 489 1132 545 1160; x_wconf 89' lang='lat' dir='ltr'><strong>Deo</strong></span> <span class='ocrx_word' id='word_1_157' title='bbox 563 1132 653 1160; x_wconf 87' lang='lat' dir='ltr'><strong>initur</strong></span> <span class='ocrx_word' id='word_1_158' title='bbox 668 1133 843 1167; x_wconf 81' lang='lat' dir='ltr'><strong>similitudo,</strong></span> <span class='ocrx_word' id='word_1_159' title='bbox 859 1134 887 1161; x_wconf 90' lang='lat' dir='ltr'><strong>id</strong></span> <span class='ocrx_word' id='word_1_160' title='bbox 905 1133 990 1161; x_wconf 87' lang='lat' dir='ltr'><strong>nimi-</strong></span> 
     </span>
    </p>
   </div>
   <div class='ocr_carea' id='block_1_24' title="bbox 169 1175 993 1213">
    <p class='ocr_par' dir='ltr' id='par_1_24' title="bbox 169 1175 993 1213">
     <span class='ocr_line' id='line_1_24' title="bbox 169 1175 993 1213; baseline 0.004 -11"><span class='ocrx_word' id='word_1_161' title='bbox 169 1184 235 1202; x_wconf 86' lang='lat' dir='ltr'><strong>rum</strong></span> <span class='ocrx_word' id='word_1_162' title='bbox 252 1184 304 1203; x_wconf 88' lang='lat' dir='ltr'><strong>nec</strong></span> <span class='ocrx_word' id='word_1_163' title='bbox 320 1175 415 1203; x_wconf 85' lang='lat' dir='ltr'><strong>adhuc</strong></span> <span class='ocrx_word' id='word_1_164' title='bbox 430 1185 613 1210; x_wconf 83' lang='lat' dir='ltr'><strong>eramus,nec</strong></span> <span class='ocrx_word' id='word_1_165' title='bbox 624 1177 680 1204; x_wconf 89' lang='lat' dir='ltr'><strong>dici</strong></span> <span class='ocrx_word' id='word_1_166' title='bbox 693 1178 993 1213; x_wconf 82' lang='lat' dir='ltr'><strong>poteramus.Dimisit</strong></span> 
     </span>
    </p>
   </div>
   <div class='ocr_carea' id='block_1_25' title="bbox 167 1220 992 1258">
    <p class='ocr_par' dir='ltr' id='par_1_25' title="bbox 167 1220 992 1258">
     <span class='ocr_line' id='line_1_25' title="bbox 167 1220 992 1258; baseline 0.005 -12"><span class='ocrx_word' id='word_1_167' title='bbox 167 1221 241 1247; x_wconf 88' lang='lat' dir='ltr'><strong>enim</strong></span> <span class='ocrx_word' id='word_1_168' title='bbox 257 1220 311 1247; x_wconf 82' lang='lat' dir='ltr'><strong>hoc</strong></span> <span class='ocrx_word' id='word_1_169' title='bbox 339 1221 375 1248; x_wconf 83' lang='lat' dir='ltr'><strong>de</strong></span> <span class='ocrx_word' id='word_1_170' title='bbox 391 1221 539 1248; x_wconf 83' lang='lat' dir='ltr'><strong>industria</strong></span> <span class='ocrx_word' id='word_1_171' title='bbox 554 1221 672 1249; x_wconf 83' lang='lat' dir='ltr'><strong>Creator</strong></span> <span class='ocrx_word' id='word_1_172' title='bbox 693 1222 906 1258; x_wconf 75' lang='lat' dir='ltr'><strong>imperfectum,</strong></span> <span class='ocrx_word' id='word_1_173' title='bbox 924 1226 955 1250; x_wconf 88' lang='lat' dir='ltr'><strong>ut</strong></span> <span class='ocrx_word' id='word_1_174' title='bbox 975 1231 992 1250; x_wconf 77' lang='grc' dir='ltr'>ο.</span> 
     </span>
    </p>
   </div>
   <div class='ocr_carea' id='block_1_26' title="bbox 171 1264 991 1303">
    <p class='ocr_par' dir='ltr' id='par_1_26' title="bbox 171 1264 991 1303">
     <span class='ocr_line' id='line_1_26' title="bbox 171 1264 991 1303; baseline 0.004 -12"><span class='ocrx_word' id='word_1_175' title='bbox 171 1264 256 1292; x_wconf 87' lang='lat' dir='ltr'><strong>nobis</strong></span> <span class='ocrx_word' id='word_1_176' title='bbox 272 1265 339 1292; x_wconf 90' lang='lat' dir='ltr'><strong>boni</strong></span> <span class='ocrx_word' id='word_1_177' title='bbox 357 1273 447 1293; x_wconf 82' lang='lat' dir='ltr'><strong>usura</strong></span> <span class='ocrx_word' id='word_1_178' title='bbox 458 1266 655 1301; x_wconf 64' lang='lat' dir='ltr'><strong>perficeretur,</strong></span> <span class='ocrx_word' id='word_1_179' title='bbox 673 1270 865 1303; x_wconf 84' lang='lat' dir='ltr'><strong>nostrumque</strong></span> <span class='ocrx_word' id='word_1_180' title='bbox 880 1267 991 1295; x_wconf 87' lang='lat' dir='ltr'><strong>bonum</strong></span> 
     </span>
    </p>
   </div>
   <div class='ocr_carea' id='block_1_27' title="bbox 168 1309 991 1348">
    <p class='ocr_par' dir='ltr' id='par_1_27' title="bbox 168 1309 991 1348">
     <span class='ocr_line' id='line_1_27' title="bbox 168 1309 991 1348; baseline 0.006 -13"><span class='ocrx_word' id='word_1_181' title='bbox 168 1309 368 1343; x_wconf 86' lang='lat' dir='ltr'><strong>videretur,ut</strong></span> <span class='ocrx_word' id='word_1_182' title='bbox 382 1312 411 1336; x_wconf 87' lang='lat' dir='ltr'><strong>et</strong></span> <span class='ocrx_word' id='word_1_183' title='bbox 425 1310 553 1338; x_wconf 77' lang='lat' dir='ltr'><strong>debitam</strong></span> <span class='ocrx_word' id='word_1_184' title='bbox 571 1310 638 1338; x_wconf 90' lang='lat' dir='ltr'><strong>inde</strong></span> <span class='ocrx_word' id='word_1_185' title='bbox 653 1312 816 1339; x_wconf 87' lang='lat' dir='ltr'><strong>mercedem</strong></span> <span class='ocrx_word' id='word_1_186' title='bbox 831 1320 991 1348; x_wconf 78' lang='lat' dir='ltr'><strong>conseque-</strong></span> 
     </span>
    </p>
   </div>
   <div class='ocr_carea' id='block_1_28' title="bbox 168 1354 991 1392">
    <p class='ocr_par' dir='ltr' id='par_1_28' title="bbox 168 1354 991 1392">
     <span class='ocr_line' id='line_1_28' title="bbox 168 1354 991 1392; baseline 0.006 -12"><span class='ocrx_word' id='word_1_187' title='bbox 168 1361 267 1381; x_wconf 87' lang='lat' dir='ltr'><strong>remur</strong></span> <span class='ocrx_word' id='word_1_188' title='bbox 283 1362 289 1380; x_wconf 87' lang='lat'><strong>:</strong></span> <span class='ocrx_word' id='word_1_189' title='bbox 304 1362 340 1381; x_wconf 89' lang='lat' dir='ltr'><strong>ne</strong></span> <span class='ocrx_word' id='word_1_190' title='bbox 354 1354 436 1382; x_wconf 88' lang='lat' dir='ltr'><strong>velut</strong></span> <span class='ocrx_word' id='word_1_191' title='bbox 447 1354 608 1382; x_wconf 83' lang='lat' dir='ltr'><strong>simulacra</strong></span> <span class='ocrx_word' id='word_1_192' title='bbox 636 1355 767 1383; x_wconf 81' lang='lat' dir='ltr'><strong>inanima</strong></span> <span class='ocrx_word' id='word_1_193' title='bbox 786 1364 931 1389; x_wconf 80' lang='lat' dir='ltr'><strong>essemus,</strong></span> <span class='ocrx_word' id='word_1_194' title='bbox 947 1356 991 1392; x_wconf 89' lang='lat' dir='ltr'><strong>pi-</strong></span> 
     </span>
    </p>
   </div>
   <div class='ocr_carea' id='block_1_29' title="bbox 166 1398 992 1436">
    <p class='ocr_par' dir='ltr' id='par_1_29' title="bbox 166 1398 992 1436">
     <span class='ocr_line' id='line_1_29' title="bbox 166 1398 992 1436; baseline 0.006 -12"><span class='ocrx_word' id='word_1_195' title='bbox 166 1400 279 1425; x_wconf 91' lang='lat' dir='ltr'><strong>ctorum</strong></span> <span class='ocrx_word' id='word_1_196' title='bbox 296 1398 414 1434; x_wconf 87' lang='lat' dir='ltr'><strong>quidem</strong></span> <span class='ocrx_word' id='word_1_197' title='bbox 432 1402 494 1426; x_wconf 86' lang='lat' dir='ltr'><strong>arte</strong></span> <span class='ocrx_word' id='word_1_198' title='bbox 514 1399 611 1426; x_wconf 79' lang='lat' dir='ltr'><strong>efﬁcta</strong></span> <span class='ocrx_word' id='word_1_199' title='bbox 628 1404 794 1435; x_wconf 86' lang='lat' dir='ltr'><strong>temereque</strong></span> <span class='ocrx_word' id='word_1_200' title='bbox 807 1400 949 1436; x_wconf 80' lang='lat' dir='ltr'><strong>jacentia,</strong></span> <span class='ocrx_word' id='word_1_201' title='bbox 965 1403 992 1428; x_wconf 90' lang='lat' dir='ltr'><strong>et</strong></span> 
     </span>
    </p>
   </div>
   <div class='ocr_carea' id='block_1_30' title="bbox 167 1442 991 1481">
    <p class='ocr_par' dir='ltr' id='par_1_30' title="bbox 167 1442 991 1481">
     <span class='ocr_line' id='line_1_30' title="bbox 167 1442 991 1481; baseline 0.006 -13"><span class='ocrx_word' id='word_1_202' title='bbox 167 1450 231 1477; x_wconf 67' lang='lat' dir='ltr'><strong>qua:</strong></span> <span class='ocrx_word' id='word_1_203' title='bbox 245 1451 263 1469; x_wconf 79' lang='grc' dir='ltr'><strong>ιι</strong></span> <span class='ocrx_word' id='word_1_204' title='bbox 278 1450 309 1469; x_wconf 85' lang='lat' dir='ltr'><strong>se</strong></span> <span class='ocrx_word' id='word_1_205' title='bbox 325 1442 398 1469; x_wconf 88' lang='lat' dir='ltr'><strong>nihil</strong></span> <span class='ocrx_word' id='word_1_206' title='bbox 415 1443 567 1471; x_wconf 78' lang='lat' dir='ltr'><strong>conferant</strong></span> <span class='ocrx_word' id='word_1_207' title='bbox 578 1445 613 1471; x_wconf 81' lang='lat' dir='ltr'><strong>ad</strong></span> <span class='ocrx_word' id='word_1_208' title='bbox 629 1445 761 1472; x_wconf 88' lang='lat' dir='ltr'><strong>decorem</strong></span> <span class='ocrx_word' id='word_1_209' title='bbox 780 1454 858 1480; x_wconf 72' lang='lat' dir='ltr'><strong>;quae</strong></span> <span class='ocrx_word' id='word_1_210' title='bbox 867 1445 991 1481; x_wconf 86' lang='lat' dir='ltr'><strong>quicon-</strong></span> 
     </span>
    </p>
   </div>
   <div class='ocr_carea' id='block_1_31' title="bbox 165 1488 991 1526">
    <p class='ocr_par' dir='ltr' id='par_1_31' title="bbox 165 1488 991 1526">
     <span class='ocr_line' id='line_1_31' title="bbox 165 1488 991 1526; baseline 0.007 -14"><span class='ocrx_word' id='word_1_211' title='bbox 165 1488 295 1520; x_wconf 80' lang='lat' dir='ltr'><strong>tueatur,</strong></span> <span class='ocrx_word' id='word_1_212' title='bbox 328 1489 485 1522; x_wconf 83' lang='lat' dir='ltr'><strong>exactaque</strong></span> <span class='ocrx_word' id='word_1_213' title='bbox 511 1488 626 1524; x_wconf 79' lang='lat' dir='ltr'><strong>depicta</strong></span> <span class='ocrx_word' id='word_1_214' title='bbox 654 1489 828 1523; x_wconf 86' lang='lat' dir='ltr'><strong>consideret,</strong></span> <span class='ocrx_word' id='word_1_215' title='bbox 853 1490 991 1526; x_wconf 84' lang='lat' dir='ltr'><strong>pictorem</strong></span> 
     </span>
    </p>
   </div>
   <div class='ocr_carea' id='block_1_32' title="bbox 165 1530 992 1570">
    <p class='ocr_par' dir='ltr' id='par_1_32' title="bbox 165 1530 992 1570">
     <span class='ocr_line' id='line_1_32' title="bbox 165 1530 992 1570; baseline 0.008 -14"><span class='ocrx_word' id='word_1_216' title='bbox 165 1530 282 1565; x_wconf 88' lang='lat' dir='ltr'><strong>quidem</strong></span> <span class='ocrx_word' id='word_1_217' title='bbox 292 1531 395 1558; x_wconf 89' lang='lat' dir='ltr'><strong>merito</strong></span> <span class='ocrx_word' id='word_1_218' title='bbox 405 1533 434 1558; x_wconf 87' lang='lat' dir='ltr'><strong>et</strong></span> <span class='ocrx_word' id='word_1_219' title='bbox 445 1532 606 1560; x_wconf 81' lang='lat' dir='ltr'><strong>admiretur</strong></span> <span class='ocrx_word' id='word_1_220' title='bbox 617 1535 644 1560; x_wconf 86' lang='lat' dir='ltr'><strong>et</strong></span> <span class='ocrx_word' id='word_1_221' title='bbox 657 1534 774 1568; x_wconf 77' lang='lat' dir='ltr'><strong>laudet;</strong></span> <span class='ocrx_word' id='word_1_222' title='bbox 789 1535 918 1570; x_wconf 89' lang='lat' dir='ltr'><strong>ipsorum</strong></span> <span class='ocrx_word' id='word_1_223' title='bbox 927 1543 992 1563; x_wconf 87' lang='lat' dir='ltr'><strong>vero</strong></span> 
     </span>
    </p>
   </div>
   <div class='ocr_carea' id='block_1_33' title="bbox 165 1574 988 1614">
    <p class='ocr_par' dir='ltr' id='par_1_33' title="bbox 165 1574 988 1614">
     <span class='ocr_line' id='line_1_33' title="bbox 165 1574 988 1614; baseline 0.007 -13"><span class='ocrx_word' id='word_1_224' title='bbox 165 1574 211 1601; x_wconf 84' lang='lat' dir='ltr'><strong>sui</strong></span> <span class='ocrx_word' id='word_1_225' title='bbox 227 1582 316 1602; x_wconf 80' lang='lat' dir='ltr'><strong>causa</strong></span> <span class='ocrx_word' id='word_1_226' title='bbox 333 1574 568 1609; x_wconf 82' lang='lat' dir='ltr'><strong>colorum,autin</strong></span> <span class='ocrx_word' id='word_1_227' title='bbox 579 1577 688 1612; x_wconf 89' lang='lat' dir='ltr'><strong>quibus</strong></span> <span class='ocrx_word' id='word_1_228' title='bbox 705 1578 811 1614; x_wconf 86' lang='lat' dir='ltr'><strong>depicti</strong></span> <span class='ocrx_word' id='word_1_229' title='bbox 822 1579 880 1606; x_wconf 73' lang='lat' dir='ltr'><strong>sint</strong></span> <span class='ocrx_word' id='word_1_230' title='bbox 897 1579 988 1607; x_wconf 86' lang='lat' dir='ltr'><strong>tabel-</strong></span> 
     </span>
    </p>
   </div>
   <div class='ocr_carea' id='block_1_34' title="bbox 1048 282 1873 321">
    <p class='ocr_par' dir='ltr' id='par_1_34' title="bbox 1048 282 1873 321">
     <span class='ocr_line' id='line_1_34' title="bbox 1048 282 1873 321; baseline -0.002 -11"><span class='ocrx_word' id='word_1_231' title='bbox 1048 283 1111 311; x_wconf 69' lang='grc' dir='ltr'>ἀλλ’</span> <span class='ocrx_word' id='word_1_232' title='bbox 1127 282 1213 311; x_wconf 78' lang='grc' dir='ltr'>ἐδεῖτο</span> <span class='ocrx_word' id='word_1_233' title='bbox 1243 282 1281 310; x_wconf 74' lang='grc' dir='ltr'>ἔτι</span> <span class='ocrx_word' id='word_1_234' title='bbox 1311 283 1379 321; x_wconf 84' lang='grc' dir='ltr'>πρὸς</span> <span class='ocrx_word' id='word_1_235' title='bbox 1402 282 1575 320; x_wconf 71' lang='grc' dir='ltr'><strong>ἀποτέλεσμα</strong></span> <span class='ocrx_word' id='word_1_236' title='bbox 1601 286 1650 318; x_wconf 85' lang='grc' dir='ltr'><strong>τῆς</strong></span> <span class='ocrx_word' id='word_1_237' title='bbox 1678 282 1799 320; x_wconf 76' lang='grc' dir='ltr'>πράξεως</span> <span class='ocrx_word' id='word_1_238' title='bbox 1825 283 1873 309; x_wconf 84' lang='grc' dir='ltr'><strong>τοῦ</strong></span> 
     </span>
    </p>
   </div>
   <div class='ocr_carea' id='block_1_35' title="bbox 1049 325 1872 366">
    <p class='ocr_par' dir='ltr' id='par_1_35' title="bbox 1049 325 1872 366">
     <span class='ocr_line' id='line_1_35' title="bbox 1049 325 1872 366; baseline -0.002 -11"><span class='ocrx_word' id='word_1_239' title='bbox 1049 326 1182 360; x_wconf 72' lang='grc' dir='ltr'>λαϐόντος</span> <span class='ocrx_word' id='word_1_240' title='bbox 1207 329 1257 362; x_wconf 82' lang='grc' dir='ltr'>τὴν</span> <span class='ocrx_word' id='word_1_241' title='bbox 1284 327 1452 366; x_wconf 79' lang='grc' dir='ltr'>προαίρεσιν,</span> <span class='ocrx_word' id='word_1_242' title='bbox 1479 327 1591 359; x_wconf 76' lang='grc' dir='ltr'><strong>εἰκότως</strong></span> <span class='ocrx_word' id='word_1_243' title='bbox 1624 328 1824 362; x_wconf 79' lang='grc' dir='ltr'><strong>ἀπεσιώπησεν.</strong></span> <span class='ocrx_word' id='word_1_244' title='bbox 1840 325 1872 355; x_wconf 82' lang='lat' dir='ltr'><strong>Ei</strong></span> 
     </span>
    </p>
   </div>
   <div class='ocr_carea' id='block_1_36' title="bbox 1050 371 1871 411">
    <p class='ocr_par' dir='ltr' id='par_1_36' title="bbox 1050 371 1871 411">
     <span class='ocr_line' id='line_1_36' title="bbox 1050 371 1871 411; baseline -0.002 -11"><span class='ocrx_word' id='word_1_245' title='bbox 1050 373 1097 409; x_wconf 73' lang='grc' dir='ltr'>μὲν</span> <span class='ocrx_word' id='word_1_246' title='bbox 1115 373 1172 409; x_wconf 75' lang='grc' dir='ltr'>οὖν,</span> <span class='ocrx_word' id='word_1_247' title='bbox 1191 371 1261 409; x_wconf 79' lang='grc' dir='ltr'><strong>μηδέ</strong></span> <span class='ocrx_word' id='word_1_248' title='bbox 1276 371 1424 411; x_wconf 76' lang='grc' dir='ltr'>προλαϐὼν</span> <span class='ocrx_word' id='word_1_249' title='bbox 1439 372 1463 400; x_wconf 73' lang='grc' dir='ltr'>ἰν</span> <span class='ocrx_word' id='word_1_250' title='bbox 1480 374 1513 409; x_wconf 85' lang='grc' dir='ltr'><strong>τῇ</strong></span> <span class='ocrx_word' id='word_1_251' title='bbox 1534 371 1620 410; x_wconf 83' lang='grc' dir='ltr'>βουλῇ</span> <span class='ocrx_word' id='word_1_252' title='bbox 1637 372 1651 399; x_wconf 83' lang='grc' dir='ltr'>ὁ</span> <span class='ocrx_word' id='word_1_253' title='bbox 1667 372 1731 402; x_wconf 79' lang='grc' dir='ltr'>Θεὸς</span> <span class='ocrx_word' id='word_1_254' title='bbox 1761 371 1818 399; x_wconf 75' lang='grc' dir='ltr'>εἶπε</span> <span class='ocrx_word' id='word_1_255' title='bbox 1830 371 1871 405; x_wconf 84' lang='grc' dir='ltr'><strong>τὸ,</strong></span> 
     </span>
    </p>
   </div>
   <div class='ocr_carea' id='block_1_37' title="bbox 1048 414 1872 455">
    <p class='ocr_par' dir='ltr' id='par_1_37' title="bbox 1048 414 1872 455">
     <span class='ocr_line' id='line_1_37' title="bbox 1048 414 1872 455; baseline -0.004 -10"><span class='ocrx_word' id='word_1_256' title='bbox 1048 418 1111 449; x_wconf 76' lang='grc' dir='ltr'><strong>Καθ’</strong></span> <span class='ocrx_word' id='word_1_257' title='bbox 1136 418 1281 454; x_wconf 76' lang='grc' dir='ltr'>ὁμοίωσιν,</span> <span class='ocrx_word' id='word_1_258' title='bbox 1306 417 1350 445; x_wconf 71' lang='grc' dir='ltr'><strong>καὶ</strong></span> <span class='ocrx_word' id='word_1_259' title='bbox 1377 416 1421 444; x_wconf 77' lang='grc' dir='ltr'><strong>διὰ</strong></span> <span class='ocrx_word' id='word_1_260' title='bbox 1448 419 1496 444; x_wconf 84' lang='grc' dir='ltr'><strong>τοῦ</strong></span> <span class='ocrx_word' id='word_1_261' title='bbox 1524 417 1634 455; x_wconf 80' lang='grc' dir='ltr'><strong>πρώτου</strong></span> <span class='ocrx_word' id='word_1_262' title='bbox 1659 416 1744 453; x_wconf 80' lang='grc' dir='ltr'>λόγου</span> <span class='ocrx_word' id='word_1_263' title='bbox 1771 414 1872 443; x_wconf 64' lang='grc' dir='ltr'>ἐκείνου</span> 
     </span>
    </p>
   </div>
   <div class='ocr_carea' id='block_1_38' title="bbox 1046 460 1872 500">
    <p class='ocr_par' dir='ltr' id='par_1_38' title="bbox 1046 460 1872 500">
     <span class='ocr_line' id='line_1_38' title="bbox 1046 460 1872 500; baseline -0.001 -12"><span class='ocrx_word' id='word_1_264' title='bbox 1046 462 1094 496; x_wconf 69' lang='grc' dir='ltr'>τήν</span> <span class='ocrx_word' id='word_1_265' title='bbox 1125 461 1238 499; x_wconf 74' lang='grc' dir='ltr'>δύναμιν</span> <span class='ocrx_word' id='word_1_266' title='bbox 1254 462 1331 494; x_wconf 63' lang='grc' dir='ltr'>εὐθὺς</span> <span class='ocrx_word' id='word_1_267' title='bbox 1359 461 1505 500; x_wconf 77' lang='grc' dir='ltr'>ἐχαρίσατο</span> <span class='ocrx_word' id='word_1_268' title='bbox 1528 463 1575 489; x_wconf 76' lang='grc' dir='ltr'><strong>τοῦ</strong></span> <span class='ocrx_word' id='word_1_269' title='bbox 1590 461 1746 499; x_wconf 81' lang='grc' dir='ltr'>γενήσεσθαι</span> <span class='ocrx_word' id='word_1_270' title='bbox 1776 460 1872 497; x_wconf 79' lang='grc' dir='ltr'>ὅμοιοι</span> 
     </span>
    </p>
   </div>
   <div class='ocr_carea' id='block_1_39' title="bbox 1047 504 1875 544">
    <p class='ocr_par' dir='ltr' id='par_1_39' title="bbox 1047 504 1875 544">
     <span class='ocr_line' id='line_1_39' title="bbox 1047 504 1875 544; baseline -0.004 -10"><span class='ocrx_word' id='word_1_271' title='bbox 1047 509 1114 543; x_wconf 78' lang='grc' dir='ltr'><strong>Θεῷ,</strong></span> <span class='ocrx_word' id='word_1_272' title='bbox 1132 507 1180 534; x_wconf 82' lang='grc' dir='ltr'>οὐκ</span> <span class='ocrx_word' id='word_1_273' title='bbox 1196 507 1225 535; x_wconf 75' lang='grc' dir='ltr'>ἂν</span> <span class='ocrx_word' id='word_1_274' title='bbox 1257 508 1308 535; x_wconf 81' lang='grc' dir='ltr'><strong>ἀπὸ</strong></span> <span class='ocrx_word' id='word_1_275' title='bbox 1338 507 1425 544; x_wconf 81' lang='grc' dir='ltr'>μόνης</span> <span class='ocrx_word' id='word_1_276' title='bbox 1447 510 1496 541; x_wconf 84' lang='grc' dir='ltr'><strong>τῆς</strong></span> <span class='ocrx_word' id='word_1_277' title='bbox 1513 507 1613 534; x_wconf 69' lang='grc' dir='ltr'>ἑαυτῶν</span> <span class='ocrx_word' id='word_1_278' title='bbox 1642 504 1761 540; x_wconf 69' lang='grc' dir='ltr'>ἔξουσίας</span> <span class='ocrx_word' id='word_1_279' title='bbox 1793 506 1875 541; x_wconf 78' lang='grc' dir='ltr'>ἡμεῖς</span> 
     </span>
    </p>
   </div>
   <div class='ocr_carea' id='block_1_40' title="bbox 1047 548 1872 589">
    <p class='ocr_par' dir='ltr' id='par_1_40' title="bbox 1047 548 1872 589">
     <span class='ocr_line' id='line_1_40' title="bbox 1047 548 1872 589; baseline -0.004 -10"><span class='ocrx_word' id='word_1_280' title='bbox 1047 551 1156 588; x_wconf 75' lang='grc' dir='ltr'>ὕστερον</span> <span class='ocrx_word' id='word_1_281' title='bbox 1172 552 1203 579; x_wconf 83' lang='grc' dir='ltr'><strong>τὸ</strong></span> <span class='ocrx_word' id='word_1_282' title='bbox 1220 551 1288 589; x_wconf 70' lang='grc' dir='ltr'>μέγα</span> <span class='ocrx_word' id='word_1_283' title='bbox 1302 554 1382 579; x_wconf 86' lang='grc' dir='ltr'>τοῦτο</span> <span class='ocrx_word' id='word_1_284' title='bbox 1403 552 1528 589; x_wconf 74' lang='grc' dir='ltr'>χάρισμα</span> <span class='ocrx_word' id='word_1_285' title='bbox 1552 549 1745 588; x_wconf 70' lang='grc' dir='ltr'><strong>προσδέξασθαι</strong></span> <span class='ocrx_word' id='word_1_286' title='bbox 1770 548 1872 584; x_wconf 67' lang='grc' dir='ltr'>ἠδυνά-</span> 
     </span>
    </p>
   </div>
   <div class='ocr_carea' id='block_1_41' title="bbox 1049 593 1871 633">
    <p class='ocr_par' dir='ltr' id='par_1_41' title="bbox 1049 593 1871 633">
     <span class='ocr_line' id='line_1_41' title="bbox 1049 593 1871 633; baseline -0.002 -9"><span class='ocrx_word' id='word_1_287' title='bbox 1049 598 1126 633; x_wconf 79' lang='grc' dir='ltr'>μεθα’</span> <span class='ocrx_word' id='word_1_288' title='bbox 1141 598 1186 624; x_wconf 84' lang='grc' dir='ltr'>καὶ</span> <span class='ocrx_word' id='word_1_289' title='bbox 1212 596 1256 624; x_wconf 78' lang='grc' dir='ltr'>διὰ</span> <span class='ocrx_word' id='word_1_290' title='bbox 1287 598 1367 624; x_wconf 86' lang='grc' dir='ltr'>τοῦτο</span> <span class='ocrx_word' id='word_1_291' title='bbox 1395 596 1547 633; x_wconf 70' lang='grc' dir='ltr'><strong>ἀναγκαίως</strong></span> <span class='ocrx_word' id='word_1_292' title='bbox 1571 594 1631 622; x_wconf 71' lang='grc' dir='ltr'>τότε</span> <span class='ocrx_word' id='word_1_293' title='bbox 1660 593 1871 631; x_wconf 76' lang='grc' dir='ltr'>προσείληπται.</span> 
     </span>
    </p>
   </div>
   <div class='ocr_carea' id='block_1_42' title="bbox 1046 638 1869 675">
    <p class='ocr_par' dir='ltr' id='par_1_42' title="bbox 1046 638 1869 675">
     <span class='ocr_line' id='line_1_42' title="bbox 1046 638 1869 675; baseline -0.004 -6"><span class='ocrx_word' id='word_1_294' title='bbox 1046 642 1122 670; x_wconf 79' lang='grc' dir='ltr'>Ἐπεὶ</span> <span class='ocrx_word' id='word_1_295' title='bbox 1153 640 1182 668; x_wconf 70' lang='grc' dir='ltr'><strong>δὲ</strong></span> <span class='ocrx_word' id='word_1_296' title='bbox 1210 641 1255 668; x_wconf 82' lang='grc' dir='ltr'><strong>καὶ</strong></span> <span class='ocrx_word' id='word_1_297' title='bbox 1284 642 1321 672; x_wconf 78' lang='grc' dir='ltr'>εἱς</span> <span class='ocrx_word' id='word_1_298' title='bbox 1346 641 1377 668; x_wconf 86' lang='grc' dir='ltr'>τὸ</span> <span class='ocrx_word' id='word_1_299' title='bbox 1406 640 1543 675; x_wconf 80' lang='grc' dir='ltr'>κτίζεσθαι</span> <span class='ocrx_word' id='word_1_300' title='bbox 1559 638 1612 675; x_wconf 64' lang='grc' dir='ltr'><strong>ἤδη</strong></span> <span class='ocrx_word' id='word_1_301' title='bbox 1629 638 1809 675; x_wconf 68' lang='grc' dir='ltr'><strong>κατέστημεν,</strong></span> <span class='ocrx_word' id='word_1_302' title='bbox 1825 639 1869 666; x_wconf 86' lang='grc' dir='ltr'>καὶ</span> 
     </span>
    </p>
   </div>
   <div class='ocr_carea' id='block_1_43' title="bbox 1045 681 1871 722">
    <p class='ocr_par' dir='ltr' id='par_1_43' title="bbox 1045 681 1871 722">
     <span class='ocr_line' id='line_1_43' title="bbox 1045 681 1871 722; baseline -0.004 -9"><span class='ocrx_word' id='word_1_303' title='bbox 1045 686 1076 713; x_wconf 82' lang='grc' dir='ltr'>τὸ</span> <span class='ocrx_word' id='word_1_304' title='bbox 1103 687 1169 713; x_wconf 72' lang='grc' dir='ltr'>εἶναι</span> <span class='ocrx_word' id='word_1_305' title='bbox 1200 685 1253 713; x_wconf 80' lang='grc' dir='ltr'><strong>ἀπὸ</strong></span> <span class='ocrx_word' id='word_1_306' title='bbox 1278 688 1326 713; x_wconf 87' lang='grc' dir='ltr'><strong>τοῦ</strong></span> <span class='ocrx_word' id='word_1_307' title='bbox 1344 686 1381 721; x_wconf 83' lang='grc' dir='ltr'>μὴ</span> <span class='ocrx_word' id='word_1_308' title='bbox 1398 683 1475 715; x_wconf 72' lang='grc' dir='ltr'>ὅντος</span> <span class='ocrx_word' id='word_1_309' title='bbox 1491 681 1764 722; x_wconf 71' lang='grc' dir='ltr'>προσελαμὸάνομεν,</span> <span class='ocrx_word' id='word_1_310' title='bbox 1780 683 1795 710; x_wconf 80' lang='grc' dir='ltr'><strong>’ὀ</strong></span> <span class='ocrx_word' id='word_1_311' title='bbox 1825 682 1871 720; x_wconf 72' lang='grc' dir='ltr'>μὲν</span> 
     </span>
    </p>
   </div>
   <div class='ocr_carea' id='block_1_44' title="bbox 1045 727 1872 768">
    <p class='ocr_par' dir='ltr' id='par_1_44' title="bbox 1045 727 1872 768">
     <span class='ocr_line' id='line_1_44' title="bbox 1045 727 1872 768; baseline -0.002 -11"><span class='ocrx_word' id='word_1_312' title='bbox 1045 730 1118 768; x_wconf 79' lang='grc' dir='ltr'><strong>παρᾶ</strong></span> <span class='ocrx_word' id='word_1_313' title='bbox 1132 733 1180 758; x_wconf 82' lang='grc' dir='ltr'><strong>τοῦ</strong></span> <span class='ocrx_word' id='word_1_314' title='bbox 1195 730 1334 765; x_wconf 80' lang='grc' dir='ltr'><strong>κτίζοντος</strong></span> <span class='ocrx_word' id='word_1_315' title='bbox 1349 728 1454 757; x_wconf 79' lang='grc' dir='ltr'>ἐδίδοτο</span> <span class='ocrx_word' id='word_1_316' title='bbox 1468 731 1502 765; x_wconf 84' lang='grc' dir='ltr'><strong>τῇ</strong></span> <span class='ocrx_word' id='word_1_317' title='bbox 1518 729 1593 767; x_wconf 73' lang='grc' dir='ltr'>φύσει</span> <span class='ocrx_word' id='word_1_318' title='bbox 1609 729 1689 764; x_wconf 72' lang='grc' dir='ltr'>ἡμῶν</span> <span class='ocrx_word' id='word_1_319' title='bbox 1714 727 1796 755; x_wconf 74' lang='grc' dir='ltr'>οἷονεῖ</span> <span class='ocrx_word' id='word_1_320' title='bbox 1814 738 1872 755; x_wconf 87' lang='grc' dir='ltr'>συν-</span> 
     </span>
    </p>
   </div>
   <div class='ocr_carea' id='block_1_45' title="bbox 1046 773 1872 812">
    <p class='ocr_par' dir='ltr' id='par_1_45' title="bbox 1046 773 1872 812">
     <span class='ocr_line' id='line_1_45' title="bbox 1046 773 1872 812; baseline -0.004 -10"><span class='ocrx_word' id='word_1_321' title='bbox 1046 776 1233 812; x_wconf 75' lang='grc' dir='ltr'>ουσιωμὲνον,</span> <span class='ocrx_word' id='word_1_322' title='bbox 1263 774 1308 802; x_wconf 86' lang='grc' dir='ltr'><strong>καὶ</strong></span> <span class='ocrx_word' id='word_1_323' title='bbox 1348 775 1503 801; x_wconf 81' lang='grc' dir='ltr'>ἀπεντεῦοεν</span> <span class='ocrx_word' id='word_1_324' title='bbox 1543 773 1763 810; x_wconf 74' lang='grc' dir='ltr'>ἂπηρτισμένον,</span> <span class='ocrx_word' id='word_1_325' title='bbox 1793 774 1872 800; x_wconf 77' lang='grc' dir='ltr'>τοῦτο</span> 
     </span>
    </p>
   </div>
   <div class='ocr_carea' id='block_1_46' title="bbox 1045 816 1872 857">
    <p class='ocr_par' dir='ltr' id='par_1_46' title="bbox 1045 816 1872 857">
     <span class='ocr_line' id='line_1_46' title="bbox 1045 816 1872 857; baseline -0.004 -10"><span class='ocrx_word' id='word_1_326' title='bbox 1045 820 1123 852; x_wconf 78' lang='grc' dir='ltr'>εὐθὺς</span> <span class='ocrx_word' id='word_1_327' title='bbox 1153 817 1265 857; x_wconf 75' lang='grc' dir='ltr'>ἔχομεν,</span> <span class='ocrx_word' id='word_1_328' title='bbox 1281 819 1325 846; x_wconf 83' lang='grc' dir='ltr'><strong>καὶ</strong></span> <span class='ocrx_word' id='word_1_329' title='bbox 1352 818 1377 854; x_wconf 71' lang='grc' dir='ltr'><strong>ἐξ</strong></span> <span class='ocrx_word' id='word_1_330' title='bbox 1399 818 1481 846; x_wconf 70' lang='grc' dir='ltr'>αὐτοῦ</span> <span class='ocrx_word' id='word_1_331' title='bbox 1505 816 1686 854; x_wconf 70' lang='grc' dir='ltr'>ἐκαλούμιθα,</span> <span class='ocrx_word' id='word_1_332' title='bbox 1703 817 1760 844; x_wconf 86' lang='grc' dir='ltr'>κατ’</span> <span class='ocrx_word' id='word_1_333' title='bbox 1783 817 1872 844; x_wconf 76' lang='grc' dir='ltr'>εἱκόνα</span> 
     </span>
    </p>
   </div>
   <div class='ocr_carea' id='block_1_47' title="bbox 1046 861 1871 899">
    <p class='ocr_par' dir='ltr' id='par_1_47' title="bbox 1046 861 1871 899">
     <span class='ocr_line' id='line_1_47' title="bbox 1046 861 1871 899; baseline -0.005 -7"><span class='ocrx_word' id='word_1_334' title='bbox 1046 863 1153 899; x_wconf 77' lang='grc' dir='ltr'>δηλαδῆ</span> <span class='ocrx_word' id='word_1_335' title='bbox 1184 867 1250 892; x_wconf 86' lang='grc' dir='ltr'>Θεοῦ</span> <span class='ocrx_word' id='word_1_336' title='bbox 1268 874 1274 880; x_wconf 87' lang='grc'><em>’</em></span> <span class='ocrx_word' id='word_1_337' title='bbox 1293 865 1306 891; x_wconf 77' lang='grc' dir='ltr'>ὃ</span> <span class='ocrx_word' id='word_1_338' title='bbox 1324 862 1352 891; x_wconf 68' lang='grc' dir='ltr'><strong>δὶ</strong></span> <span class='ocrx_word' id='word_1_339' title='bbox 1371 863 1422 891; x_wconf 74' lang='grc' dir='ltr'>οὐκ</span> <span class='ocrx_word' id='word_1_340' title='bbox 1444 862 1522 894; x_wconf 72' lang='grc' dir='ltr'>εὐθὺς</span> <span class='ocrx_word' id='word_1_341' title='bbox 1547 861 1761 897; x_wconf 72' lang='grc' dir='ltr'>συναπιτιλέσθη</span> <span class='ocrx_word' id='word_1_342' title='bbox 1792 863 1871 898; x_wconf 65' lang='grc' dir='ltr'><strong>-ἡμῖν⁹</strong></span> 
     </span>
    </p>
   </div>
   <div class='ocr_carea' id='block_1_48' title="bbox 1046 905 1871 946">
    <p class='ocr_par' dir='ltr' id='par_1_48' title="bbox 1046 905 1871 946">
     <span class='ocr_line' id='line_1_48' title="bbox 1046 905 1871 946; baseline -0.004 -10"><span class='ocrx_word' id='word_1_343' title='bbox 1046 908 1108 936; x_wconf 73' lang='grc' dir='ltr'><strong>οὐδὲ</strong></span> <span class='ocrx_word' id='word_1_344' title='bbox 1138 909 1397 946; x_wconf 70' lang='grc' dir='ltr'>συμπαρωμάρτησε</span> <span class='ocrx_word' id='word_1_345' title='bbox 1425 909 1544 946; x_wconf 73' lang='grc' dir='ltr'>φυσικῶς</span> <span class='ocrx_word' id='word_1_346' title='bbox 1584 906 1614 934; x_wconf 77' lang='grc' dir='ltr'>ὲκ</span> <span class='ocrx_word' id='word_1_347' title='bbox 1648 910 1698 942; x_wconf 82' lang='grc' dir='ltr'>τῆς</span> <span class='ocrx_word' id='word_1_348' title='bbox 1734 905 1871 942; x_wconf 74' lang='grc' dir='ltr'>πλάσεως,</span> 
     </span>
    </p>
   </div>
   <div class='ocr_carea' id='block_1_49' title="bbox 1046 950 1873 991">
    <p class='ocr_par' dir='ltr' id='par_1_49' title="bbox 1046 950 1873 991">
     <span class='ocr_line' id='line_1_49' title="bbox 1046 950 1873 991; baseline -0.004 -10"><span class='ocrx_word' id='word_1_349' title='bbox 1046 953 1109 982; x_wconf 83' lang='grc' dir='ltr'>ἀλλ’</span> <span class='ocrx_word' id='word_1_350' title='bbox 1126 952 1155 980; x_wconf 83' lang='grc' dir='ltr'>ἐκ</span> <span class='ocrx_word' id='word_1_351' title='bbox 1182 957 1232 988; x_wconf 82' lang='grc' dir='ltr'><strong>τῆς</strong></span> <span class='ocrx_word' id='word_1_352' title='bbox 1261 952 1492 991; x_wconf 73' lang='grc' dir='ltr'>ἐπιγενησομένης</span> <span class='ocrx_word' id='word_1_353' title='bbox 1512 951 1708 989; x_wconf 70' lang='grc' dir='ltr'>προαιρέσεως,</span> <span class='ocrx_word' id='word_1_354' title='bbox 1725 951 1770 978; x_wconf 74' lang='grc' dir='ltr'>ἅτε</span> <span class='ocrx_word' id='word_1_355' title='bbox 1801 950 1873 988; x_wconf 80' lang='grc' dir='ltr'>ἐνερ-</span> 
     </span>
    </p>
   </div>
   <div class='ocr_carea' id='block_1_50' title="bbox 1046 996 1869 1035">
    <p class='ocr_par' dir='ltr' id='par_1_50' title="bbox 1046 996 1869 1035">
     <span class='ocr_line' id='line_1_50' title="bbox 1046 996 1869 1035; baseline -0.004 -10"><span class='ocrx_word' id='word_1_356' title='bbox 1046 998 1121 1035; x_wconf 82' lang='grc' dir='ltr'>γείας</span> <span class='ocrx_word' id='word_1_357' title='bbox 1137 998 1281 1035; x_wconf 70' lang='grc' dir='ltr'>ἡμετέρας,</span> <span class='ocrx_word' id='word_1_358' title='bbox 1298 996 1399 1033; x_wconf 80' lang='grc' dir='ltr'>ἔμιΛλε</span> <span class='ocrx_word' id='word_1_359' title='bbox 1415 996 1555 1034; x_wconf 65' lang='lat' dir='ltr'><strong>Eat-Scrupr</strong></span> <span class='ocrx_word' id='word_1_360' title='bbox 1570 996 1759 1034; x_wconf 75' lang='grc' dir='ltr'>προσαρμόσαι</span> <span class='ocrx_word' id='word_1_361' title='bbox 1789 996 1869 1031; x_wconf 75' lang='grc' dir='ltr'>ἡμῖν,</span> 
     </span>
    </p>
   </div>
   <div class='ocr_carea' id='block_1_51' title="bbox 1045 1037 1874 1078">
    <p class='ocr_par' dir='ltr' id='par_1_51' title="bbox 1045 1037 1874 1078">
     <span class='ocr_line' id='line_1_51' title="bbox 1045 1037 1874 1078; baseline -0.005 -8"><span class='ocrx_word' id='word_1_362' title='bbox 1045 1043 1076 1070; x_wconf 75' lang='grc' dir='ltr'>τὸ</span> <span class='ocrx_word' id='word_1_363' title='bbox 1090 1045 1139 1077; x_wconf 81' lang='grc' dir='ltr'>τῆς</span> <span class='ocrx_word' id='word_1_364' title='bbox 1157 1042 1316 1078; x_wconf 80' lang='grc' dir='ltr'>ὁμοιώσεώς</span> <span class='ocrx_word' id='word_1_365' title='bbox 1333 1052 1405 1077; x_wconf 77' lang='grc' dir='ltr'>φημι</span> <span class='ocrx_word' id='word_1_366' title='bbox 1434 1043 1481 1068; x_wconf 78' lang='grc' dir='ltr'><strong>τοῦ</strong></span> <span class='ocrx_word' id='word_1_367' title='bbox 1510 1043 1588 1076; x_wconf 72' lang='grc' dir='ltr'>Θεοῦ,</span> <span class='ocrx_word' id='word_1_368' title='bbox 1603 1042 1684 1067; x_wconf 88' lang='grc' dir='ltr'>τοῦτο</span> <span class='ocrx_word' id='word_1_369' title='bbox 1704 1038 1780 1067; x_wconf 76' lang='grc' dir='ltr'>οῦπω</span> <span class='ocrx_word' id='word_1_370' title='bbox 1806 1037 1874 1066; x_wconf 69' lang='grc' dir='ltr'>οὔτε</span> 
     </span>
    </p>
   </div>
   <div class='ocr_carea' id='block_1_52' title="bbox 1046 1084 1868 1125">
    <p class='ocr_par' dir='ltr' id='par_1_52' title="bbox 1046 1084 1868 1125">
     <span class='ocr_line' id='line_1_52' title="bbox 1046 1084 1868 1125; baseline -0.005 -11"><span class='ocrx_word' id='word_1_371' title='bbox 1046 1087 1124 1124; x_wconf 78' lang='grc' dir='ltr'>ἧμῖν,</span> <span class='ocrx_word' id='word_1_372' title='bbox 1141 1085 1201 1114; x_wconf 65' lang='grc' dir='ltr'>οὔτε</span> <span class='ocrx_word' id='word_1_373' title='bbox 1231 1086 1353 1125; x_wconf 77' lang='grc' dir='ltr'>λέγεσθαι</span> <span class='ocrx_word' id='word_1_374' title='bbox 1383 1084 1548 1121; x_wconf 69' lang='grc' dir='ltr'>ἠδυνάμεθα.</span> <span class='ocrx_word' id='word_1_375' title='bbox 1576 1088 1679 1120; x_wconf 77' lang='grc' dir='ltr'>Ἀφῆκε</span> <span class='ocrx_word' id='word_1_376' title='bbox 1708 1084 1760 1123; x_wconf 80' lang='grc' dir='ltr'><strong>γὰρ</strong></span> <span class='ocrx_word' id='word_1_377' title='bbox 1788 1086 1868 1111; x_wconf 89' lang='grc' dir='ltr'>τοῦτο</span> 
     </span>
    </p>
   </div>
   <div class='ocr_carea' id='block_1_53' title="bbox 1046 1129 1874 1168">
    <p class='ocr_par' dir='ltr' id='par_1_53' title="bbox 1046 1129 1874 1168">
     <span class='ocr_line' id='line_1_53' title="bbox 1046 1129 1874 1168; baseline -0.004 -10"><span class='ocrx_word' id='word_1_378' title='bbox 1046 1130 1139 1162; x_wconf 74' lang='grc' dir='ltr'>ἀτελὲς</span> <span class='ocrx_word' id='word_1_379' title='bbox 1157 1132 1170 1158; x_wconf 81' lang='grc' dir='ltr'>ὁ</span> <span class='ocrx_word' id='word_1_380' title='bbox 1196 1130 1289 1162; x_wconf 83' lang='grc' dir='ltr'>κτίσας</span> <span class='ocrx_word' id='word_1_381' title='bbox 1319 1129 1455 1165; x_wconf 61' lang='grc' dir='ltr'>ἐπίτηδες,</span> <span class='ocrx_word' id='word_1_382' title='bbox 1470 1129 1516 1157; x_wconf 70' lang='grc' dir='ltr'>’ἱνα</span> <span class='ocrx_word' id='word_1_383' title='bbox 1544 1131 1607 1168; x_wconf 81' lang='grc' dir='ltr'>παρ’</span> <span class='ocrx_word' id='word_1_384' title='bbox 1631 1130 1711 1166; x_wconf 73' lang='grc' dir='ltr'>ἡμῶν</span> <span class='ocrx_word' id='word_1_385' title='bbox 1727 1130 1745 1164; x_wconf 86' lang='grc' dir='ltr'>ἡ</span> <span class='ocrx_word' id='word_1_386' title='bbox 1762 1129 1874 1167; x_wconf 77' lang='grc' dir='ltr'>ἐργασία</span> 
     </span>
    </p>
   </div>
   <div class='ocr_carea' id='block_1_54' title="bbox 1045 1172 1874 1212">
    <p class='ocr_par' dir='ltr' id='par_1_54' title="bbox 1045 1172 1874 1212">
     <span class='ocr_line' id='line_1_54' title="bbox 1045 1172 1874 1212; baseline -0.004 -9"><span class='ocrx_word' id='word_1_387' title='bbox 1045 1178 1095 1203; x_wconf 85' lang='grc' dir='ltr'><strong>τοῦ</strong></span> <span class='ocrx_word' id='word_1_388' title='bbox 1111 1175 1196 1203; x_wconf 78' lang='grc' dir='ltr'>καλοῦ</span> <span class='ocrx_word' id='word_1_389' title='bbox 1226 1175 1405 1212; x_wconf 78' lang='grc' dir='ltr'>ἀποτελεσθῇ,</span> <span class='ocrx_word' id='word_1_390' title='bbox 1421 1175 1466 1202; x_wconf 84' lang='grc' dir='ltr'><strong>καὶ</strong></span> <span class='ocrx_word' id='word_1_391' title='bbox 1495 1174 1627 1211; x_wconf 67' lang='grc' dir='ltr'>ἡμέτερον</span> <span class='ocrx_word' id='word_1_392' title='bbox 1658 1172 1722 1211; x_wconf 77' lang='grc' dir='ltr'>δόξῃ</span> <span class='ocrx_word' id='word_1_393' title='bbox 1751 1174 1782 1201; x_wconf 83' lang='grc' dir='ltr'>τὸ</span> <span class='ocrx_word' id='word_1_394' title='bbox 1811 1173 1874 1210; x_wconf 75' lang='grc' dir='ltr'>ἀγα-</span> 
     </span>
    </p>
   </div>
   <div class='ocr_carea' id='block_1_55' title="bbox 1047 1217 1872 1257">
    <p class='ocr_par' dir='ltr' id='par_1_55' title="bbox 1047 1217 1872 1257">
     <span class='ocr_line' id='line_1_55' title="bbox 1047 1217 1872 1257; baseline -0.005 -9"><span class='ocrx_word' id='word_1_395' title='bbox 1047 1221 1105 1256; x_wconf 77' lang='grc' dir='ltr'><strong>θὸν,</strong></span> <span class='ocrx_word' id='word_1_396' title='bbox 1130 1221 1198 1248; x_wconf 84' lang='grc' dir='ltr'>ὥστε</span> <span class='ocrx_word' id='word_1_397' title='bbox 1227 1220 1271 1248; x_wconf 78' lang='grc' dir='ltr'><strong>καὶ</strong></span> <span class='ocrx_word' id='word_1_398' title='bbox 1311 1220 1405 1256; x_wconf 85' lang='grc' dir='ltr'>μισθὸν</span> <span class='ocrx_word' id='word_1_399' title='bbox 1443 1220 1517 1256; x_wconf 79' lang='grc' dir='ltr'>ἡμᾶς</span> <span class='ocrx_word' id='word_1_400' title='bbox 1547 1218 1664 1246; x_wconf 79' lang='grc' dir='ltr'>ἐντεῦθεν</span> <span class='ocrx_word' id='word_1_401' title='bbox 1695 1217 1872 1257; x_wconf 70' lang='grc' dir='ltr'>ὀφειλόμενον</span> 
     </span>
    </p>
   </div>
   <div class='ocr_carea' id='block_1_56' title="bbox 1046 1262 1870 1303">
    <p class='ocr_par' dir='ltr' id='par_1_56' title="bbox 1046 1262 1870 1303">
     <span class='ocr_line' id='line_1_56' title="bbox 1046 1262 1870 1303; baseline -0.005 -11"><span class='ocrx_word' id='word_1_402' title='bbox 1046 1264 1194 1303; x_wconf 74' lang='grc' dir='ltr'>σχεῖν““ίνα</span> <span class='ocrx_word' id='word_1_403' title='bbox 1225 1265 1262 1301; x_wconf 81' lang='grc' dir='ltr'>μή</span> <span class='ocrx_word' id='word_1_404' title='bbox 1292 1264 1382 1300; x_wconf 82' lang='grc' dir='ltr'>ὥσπερ</span> <span class='ocrx_word' id='word_1_405' title='bbox 1412 1263 1511 1294; x_wconf 74' lang='grc' dir='ltr'>εῗκόνες</span> <span class='ocrx_word' id='word_1_406' title='bbox 1538 1262 1793 1300; x_wconf 77' lang='grc' dir='ltr'>ἄψυχοι(α),παρᾶ</span> <span class='ocrx_word' id='word_1_407' title='bbox 1822 1264 1870 1296; x_wconf 85' lang='grc' dir='ltr'><strong>ζω-</strong></span> 
     </span>
    </p>
   </div>
   <div class='ocr_carea' id='block_1_57' title="bbox 1046 1305 1866 1348">
    <p class='ocr_par' dir='ltr' id='par_1_57' title="bbox 1046 1305 1866 1348">
     <span class='ocr_line' id='line_1_57' title="bbox 1046 1305 1866 1348; baseline -0.005 -11"><span class='ocrx_word' id='word_1_408' title='bbox 1046 1310 1162 1348; x_wconf 75' lang='grc' dir='ltr'>γράφοις</span> <span class='ocrx_word' id='word_1_409' title='bbox 1191 1309 1238 1346; x_wconf 79' lang='grc' dir='ltr'>μὶν</span> <span class='ocrx_word' id='word_1_410' title='bbox 1269 1308 1575 1342; x_wconf 79' lang='grc' dir='ltr'>ἀποτελεσθεῖσαι,εἶκῆ</span> <span class='ocrx_word' id='word_1_411' title='bbox 1606 1306 1635 1334; x_wconf 67' lang='grc' dir='ltr'><strong>δὲ</strong></span> <span class='ocrx_word' id='word_1_412' title='bbox 1657 1306 1791 1344; x_wconf 77' lang='grc' dir='ltr'>κείμεναι,</span> <span class='ocrx_word' id='word_1_413' title='bbox 1821 1305 1866 1334; x_wconf 84' lang='grc' dir='ltr'><strong>καὶ</strong></span> 
     </span>
    </p>
   </div>
   <div class='ocr_carea' id='block_1_58' title="bbox 1049 1349 1869 1392">
    <p class='ocr_par' dir='ltr' id='par_1_58' title="bbox 1049 1349 1869 1392">
     <span class='ocr_line' id='line_1_58' title="bbox 1049 1349 1869 1392; baseline -0.005 -10"><span class='ocrx_word' id='word_1_414' title='bbox 1049 1353 1131 1392; x_wconf 74' lang='grc' dir='ltr'>μηδὲν</span> <span class='ocrx_word' id='word_1_415' title='bbox 1162 1355 1228 1391; x_wconf 83' lang='grc' dir='ltr'>πρὸς</span> <span class='ocrx_word' id='word_1_416' title='bbox 1255 1354 1286 1381; x_wconf 85' lang='grc' dir='ltr'><strong>τὸ</strong></span> <span class='ocrx_word' id='word_1_417' title='bbox 1313 1353 1417 1384; x_wconf 76' lang='grc' dir='ltr'>κάλλος</span> <span class='ocrx_word' id='word_1_418' title='bbox 1430 1353 1537 1383; x_wconf 68' lang='grc' dir='ltr'>ἑαυταῖς</span> <span class='ocrx_word' id='word_1_419' title='bbox 1554 1349 1791 1389; x_wconf 69' lang='grc' dir='ltr'>συμϐάλλόμεναν</span> <span class='ocrx_word' id='word_1_420' title='bbox 1808 1350 1840 1381; x_wconf 79' lang='grc' dir='ltr'>’ὰς</span> <span class='ocrx_word' id='word_1_421' title='bbox 1855 1351 1869 1378; x_wconf 83' lang='grc' dir='ltr'><strong>ὁ</strong></span> 
     </span>
    </p>
   </div>
   <div class='ocr_carea' id='block_1_59' title="bbox 1047 1395 1869 1436">
    <p class='ocr_par' dir='ltr' id='par_1_59' title="bbox 1047 1395 1869 1436">
     <span class='ocr_line' id='line_1_59' title="bbox 1047 1395 1869 1436; baseline -0.005 -10"><span class='ocrx_word' id='word_1_422' title='bbox 1047 1400 1202 1436; x_wconf 76' lang='grc' dir='ltr'>θεώμενος,</span> <span class='ocrx_word' id='word_1_423' title='bbox 1231 1398 1275 1426; x_wconf 73' lang='grc' dir='ltr'><strong>καί</strong></span> <span class='ocrx_word' id='word_1_424' title='bbox 1305 1398 1373 1436; x_wconf 81' lang='grc' dir='ltr'>πρὸς</span> <span class='ocrx_word' id='word_1_425' title='bbox 1402 1395 1540 1436; x_wconf 71' lang='grc' dir='ltr'>ἀκρίϐειαν</span> <span class='ocrx_word' id='word_1_426' title='bbox 1567 1395 1758 1435; x_wconf 75' lang='grc' dir='ltr'>γεγραμμένας</span> <span class='ocrx_word' id='word_1_427' title='bbox 1788 1405 1869 1423; x_wconf 75' lang='grc' dir='ltr'>κατα-</span> 
     </span>
    </p>
   </div>
   <div class='ocr_carea' id='block_1_60' title="bbox 1046 1439 1873 1480">
    <p class='ocr_par' dir='ltr' id='par_1_60' title="bbox 1046 1439 1873 1480">
     <span class='ocr_line' id='line_1_60' title="bbox 1046 1439 1873 1480; baseline -0.006 -9"><span class='ocrx_word' id='word_1_428' title='bbox 1046 1447 1130 1480; x_wconf 69' lang='grc' dir='ltr'>νοῶν,</span> <span class='ocrx_word' id='word_1_429' title='bbox 1145 1443 1190 1471; x_wconf 88' lang='grc' dir='ltr'><strong>τὸν</strong></span> <span class='ocrx_word' id='word_1_430' title='bbox 1209 1444 1255 1479; x_wconf 81' lang='grc' dir='ltr'>μὶν</span> <span class='ocrx_word' id='word_1_431' title='bbox 1286 1442 1426 1480; x_wconf 77' lang='grc' dir='ltr'>ζωγράφον</span> <span class='ocrx_word' id='word_1_432' title='bbox 1455 1442 1568 1472; x_wconf 63' lang='lat' dir='ltr'><strong>statim):</strong></span> <span class='ocrx_word' id='word_1_433' title='bbox 1596 1441 1640 1468; x_wconf 77' lang='grc' dir='ltr'><strong>καὶ</strong></span> <span class='ocrx_word' id='word_1_434' title='bbox 1666 1441 1798 1477; x_wconf 79' lang='grc' dir='ltr'>θαυμάζει</span> <span class='ocrx_word' id='word_1_435' title='bbox 1827 1439 1873 1467; x_wconf 84' lang='grc' dir='ltr'><strong>καὶ</strong></span> 
     </span>
    </p>
   </div>
   <div class='ocr_carea' id='block_1_61' title="bbox 1047 1482 1873 1525">
    <p class='ocr_par' dir='ltr' id='par_1_61' title="bbox 1047 1482 1873 1525">
     <span class='ocr_line' id='line_1_61' title="bbox 1047 1482 1873 1525; baseline -0.006 -9"><span class='ocrx_word' id='word_1_436' title='bbox 1047 1489 1159 1525; x_wconf 74' lang='grc' dir='ltr'>ἐπαινεῖ,</span> <span class='ocrx_word' id='word_1_437' title='bbox 1176 1487 1244 1515; x_wconf 76' lang='grc' dir='ltr'>αὐτὰ</span> <span class='ocrx_word' id='word_1_438' title='bbox 1263 1486 1292 1515; x_wconf 71' lang='grc' dir='ltr'>δὲ</span> <span class='ocrx_word' id='word_1_439' title='bbox 1317 1487 1351 1515; x_wconf 74' lang='grc' dir='ltr'><strong>δι’</strong></span> <span class='ocrx_word' id='word_1_440' title='bbox 1367 1487 1448 1514; x_wconf 72' lang='grc' dir='ltr'>ἑαυτὰ</span> <span class='ocrx_word' id='word_1_441' title='bbox 1477 1486 1624 1524; x_wconf 82' lang='grc' dir='ltr'>χρώματα,</span> <span class='ocrx_word' id='word_1_442' title='bbox 1640 1485 1657 1520; x_wconf 79' lang='grc' dir='ltr'><strong>ἢ</strong></span> <span class='ocrx_word' id='word_1_443' title='bbox 1686 1485 1750 1516; x_wconf 76' lang='grc' dir='ltr'>τοὺς</span> <span class='ocrx_word' id='word_1_444' title='bbox 1781 1484 1820 1524; x_wconf 74' lang='grc' dir='ltr'><strong>ἐφ’</strong></span> <span class='ocrx_word' id='word_1_445' title='bbox 1836 1482 1873 1512; x_wconf 84' lang='grc' dir='ltr'><strong>ὧν</strong></span> 
     </span>
    </p>
   </div>
   <div class='ocr_carea' id='block_1_62' title="bbox 1046 1527 1871 1572">
    <p class='ocr_par' dir='ltr' id='par_1_62' title="bbox 1046 1527 1871 1572">
     <span class='ocr_line' id='line_1_62' title="bbox 1046 1527 1871 1572; baseline -0.006 -12"><span class='ocrx_word' id='word_1_446' title='bbox 1046 1533 1209 1572; x_wconf 75' lang='grc' dir='ltr'>γεγράφαται</span> <span class='ocrx_word' id='word_1_447' title='bbox 1224 1533 1349 1566; x_wconf 83' lang='grc' dir='ltr'>πίνακας,</span> <span class='ocrx_word' id='word_1_448' title='bbox 1367 1530 1477 1562; x_wconf 77' lang='grc' dir='ltr'>οὐδενὸς</span> <span class='ocrx_word' id='word_1_449' title='bbox 1507 1531 1579 1566; x_wconf 83' lang='grc' dir='ltr'>ἀξιοῖ</span> <span class='ocrx_word' id='word_1_450' title='bbox 1607 1529 1703 1568; x_wconf 85' lang='grc' dir='ltr'>λόγου.</span> <span class='ocrx_word' id='word_1_451' title='bbox 1727 1530 1785 1557; x_wconf 86' lang='grc' dir='ltr'>Ἵνα</span> <span class='ocrx_word' id='word_1_452' title='bbox 1814 1527 1871 1555; x_wconf 87' lang='grc' dir='ltr'>τοί-</span> 
     </span>
    </p>
   </div>
   <div class='ocr_carea' id='block_1_63' title="bbox 1046 1572 1873 1613">
    <p class='ocr_par' dir='ltr' id='par_1_63' title="bbox 1046 1572 1873 1613">
     <span class='ocr_line' id='line_1_63' title="bbox 1046 1572 1873 1613; baseline -0.006 -9"><span class='ocrx_word' id='word_1_453' title='bbox 1046 1588 1091 1605; x_wconf 85' lang='grc' dir='ltr'>νυν</span> <span class='ocrx_word' id='word_1_454' title='bbox 1116 1577 1146 1604; x_wconf 90' lang='grc' dir='ltr'>τὸ</span> <span class='ocrx_word' id='word_1_455' title='bbox 1174 1579 1263 1613; x_wconf 82' lang='grc' dir='ltr'>θαῦμα</span> <span class='ocrx_word' id='word_1_456' title='bbox 1289 1575 1333 1604; x_wconf 79' lang='grc' dir='ltr'><strong>καί</strong></span> <span class='ocrx_word' id='word_1_457' title='bbox 1358 1575 1423 1612; x_wconf 78' lang='grc' dir='ltr'>ἐμὸν</span> <span class='ocrx_word' id='word_1_458' title='bbox 1447 1575 1568 1612; x_wconf 70' lang='grc' dir='ltr'>γένηται,</span> <span class='ocrx_word' id='word_1_459' title='bbox 1584 1574 1629 1602; x_wconf 85' lang='grc' dir='ltr'><strong>καὶ</strong></span> <span class='ocrx_word' id='word_1_460' title='bbox 1659 1572 1873 1610; x_wconf 77' lang='grc' dir='ltr'>συμμερίσωμαι</span> 
     </span>
    </p>
   </div>
   <div class='ocr_carea' id='block_1_64' title="bbox 165 1606 990 1659">
    <p class='ocr_par' dir='ltr' id='par_1_64' title="bbox 165 1606 984 1659">
     <span class='ocr_line' id='line_1_64' title="bbox 165 1606 984 1659; baseline 0.007 -14"><span class='ocrx_word' id='word_1_461' title='bbox 165 1618 262 1646; x_wconf 88' lang='lat' dir='ltr'><strong>larum</strong></span> <span class='ocrx_word' id='word_1_462' title='bbox 278 1618 387 1646; x_wconf 82' lang='lat' dir='ltr'><strong>nullam</strong></span> <span class='ocrx_word' id='word_1_463' title='bbox 405 1606 547 1648; x_wconf 83' lang='lat' dir='ltr'><strong>rationem</strong></span> <span class='ocrx_word' id='word_1_464' title='bbox 566 1606 679 1649; x_wconf 65' lang='lat' dir='ltr'><strong>habent.</strong></span> <span class='ocrx_word' id='word_1_465' title='bbox 697 1606 845 1659; x_wconf 72' lang='lat' dir='ltr'><strong>Utitaque</strong></span> <span class='ocrx_word' id='word_1_466' title='bbox 857 1606 984 1651; x_wconf 83' lang='lat' dir='ltr'><strong>admira-</strong></span> 
     </span>
    </p>
   </div>
   <div class='ocr_carea' id='block_1_65' title="bbox 1047 1606 1873 1659">
    <p class='ocr_par' dir='ltr' id='par_1_65' title="bbox 1047 1606 1873 1657">
     <span class='ocr_line' id='line_1_65' title="bbox 1047 1606 1873 1657; baseline -0.008 -8"><span class='ocrx_word' id='word_1_467' title='bbox 1047 1624 1084 1657; x_wconf 82' lang='grc' dir='ltr'>τῷ</span> <span class='ocrx_word' id='word_1_468' title='bbox 1100 1623 1157 1657; x_wconf 83' lang='grc' dir='ltr'><strong>Θεῷ</strong></span> <span class='ocrx_word' id='word_1_469' title='bbox 1171 1606 1230 1648; x_wconf 47' lang='grc' dir='ltr'>τὸν.</span> <span class='ocrx_word' id='word_1_470' title='bbox 1245 1620 1274 1648; x_wconf 80' lang='grc' dir='ltr'>ἐκ</span> <span class='ocrx_word' id='word_1_471' title='bbox 1294 1624 1345 1655; x_wconf 78' lang='grc' dir='ltr'>τῆς</span> <span class='ocrx_word' id='word_1_472' title='bbox 1366 1619 1454 1654; x_wconf 83' lang='grc' dir='ltr'>καλῆς</span> <span class='ocrx_word' id='word_1_473' title='bbox 1470 1618 1651 1656; x_wconf 73' lang='grc' dir='ltr'>δημιουργίας</span> <span class='ocrx_word' id='word_1_474' title='bbox 1668 1617 1788 1652; x_wconf 70' lang='grc' dir='ltr'><strong>ἔπαινον⁷</strong></span> <span class='ocrx_word' id='word_1_475' title='bbox 1806 1615 1873 1653; x_wconf 77' lang='grc' dir='ltr'>ἐμοὶ</span> 
     </span>
    </p>
   </div>
   <div class='ocr_carea' id='block_1_66' title="bbox 165 1663 985 1702">
    <p class='ocr_par' dir='ltr' id='par_1_66' title="bbox 165 1663 985 1702">
     <span class='ocr_line' id='line_1_66' title="bbox 165 1663 985 1702; baseline 0.007 -13"><span class='ocrx_word' id='word_1_476' title='bbox 165 1663 206 1690; x_wconf 83' lang='lat' dir='ltr'><strong>tio</strong></span> <span class='ocrx_word' id='word_1_477' title='bbox 223 1663 311 1690; x_wconf 86' lang='lat' dir='ltr'><strong>etiam</strong></span> <span class='ocrx_word' id='word_1_478' title='bbox 329 1672 394 1691; x_wconf 80' lang='lat' dir='ltr'><strong>mea</strong></span> <span class='ocrx_word' id='word_1_479' title='bbox 407 1663 488 1698; x_wconf 82' lang='lat' dir='ltr'><strong>foret,</strong></span> <span class='ocrx_word' id='word_1_480' title='bbox 506 1673 539 1692; x_wconf 88' lang='lat' dir='ltr'><strong>ac</strong></span> <span class='ocrx_word' id='word_1_481' title='bbox 555 1673 620 1693; x_wconf 89' lang='lat' dir='ltr'><strong>cum</strong></span> <span class='ocrx_word' id='word_1_482' title='bbox 645 1667 699 1694; x_wconf 90' lang='lat' dir='ltr'><strong>Deo</strong></span> <span class='ocrx_word' id='word_1_483' title='bbox 729 1668 844 1702; x_wconf 65' lang='lat' dir='ltr'><strong>optimae</strong></span> <span class='ocrx_word' id='word_1_484' title='bbox 868 1668 985 1695; x_wconf 80' lang='lat' dir='ltr'><strong>laudem</strong></span> 
     </span>
    </p>
   </div>
   <div class='ocr_carea' id='block_1_67' title="bbox 166 1706 987 1746">
    <p class='ocr_par' dir='ltr' id='par_1_67' title="bbox 166 1706 987 1746">
     <span class='ocr_line' id='line_1_67' title="bbox 166 1706 987 1746; baseline 0.006 -13"><span class='ocrx_word' id='word_1_485' title='bbox 166 1706 324 1734; x_wconf 88' lang='lat' dir='ltr'><strong>creationis</strong></span> <span class='ocrx_word' id='word_1_486' title='bbox 339 1716 398 1734; x_wconf 87' lang='lat' dir='ltr'><strong>una</strong></span> <span class='ocrx_word' id='word_1_487' title='bbox 414 1708 624 1743; x_wconf 87' lang='lat' dir='ltr'><strong>partirer,mihi</strong></span> <span class='ocrx_word' id='word_1_488' title='bbox 635 1709 753 1746; x_wconf 82' lang='lat' dir='ltr'><strong>reliquit</strong></span> <span class='ocrx_word' id='word_1_489' title='bbox 769 1713 801 1737; x_wconf 91' lang='lat' dir='ltr'><strong>ut</strong></span> <span class='ocrx_word' id='word_1_490' title='bbox 816 1711 850 1738; x_wconf 84' lang='lat' dir='ltr'><strong>ad</strong></span> <span class='ocrx_word' id='word_1_491' title='bbox 868 1711 919 1738; x_wconf 84' lang='lat' dir='ltr'><strong>Dei</strong></span> <span class='ocrx_word' id='word_1_492' title='bbox 929 1711 987 1738; x_wconf 74' lang='lat' dir='ltr'><strong>erli-</strong></span> 
     </span>
    </p>
   </div>
   <div class='ocr_carea' id='block_1_68' title="bbox 167 1751 989 1790">
    <p class='ocr_par' dir='ltr' id='par_1_68' title="bbox 167 1751 989 1790">
     <span class='ocr_line' id='line_1_68' title="bbox 167 1751 989 1790; baseline 0.006 -12"><span class='ocrx_word' id='word_1_493' title='bbox 167 1758 247 1779; x_wconf 82' lang='lat' dir='ltr'><strong>cerer</strong></span> <span class='ocrx_word' id='word_1_494' title='bbox 261 1751 494 1780; x_wconf 79' lang='lat' dir='ltr'><strong>similitudinem.</strong></span> <span class='ocrx_word' id='word_1_495' title='bbox 511 1755 560 1780; x_wconf 84' lang='lat' dir='ltr'><strong>Est</strong></span> <span class='ocrx_word' id='word_1_496' title='bbox 571 1753 668 1788; x_wconf 79' lang='lat' dir='ltr'><strong>itaque</strong></span> <span class='ocrx_word' id='word_1_497' title='bbox 685 1754 713 1781; x_wconf 89' lang='lat' dir='ltr'><strong>in</strong></span> <span class='ocrx_word' id='word_1_498' title='bbox 728 1763 773 1782; x_wconf 87' lang='lat' dir='ltr'><strong>me</strong></span> <span class='ocrx_word' id='word_1_499' title='bbox 789 1755 917 1790; x_wconf 83' lang='lat' dir='ltr'><strong>potentia</strong></span> <span class='ocrx_word' id='word_1_500' title='bbox 928 1755 989 1790; x_wconf 91' lang='lat' dir='ltr'><strong>qui-</strong></span> 
     </span>
    </p>
   </div>
   <div class='ocr_carea' id='block_1_69' title="bbox 166 1795 988 1835">
    <p class='ocr_par' dir='ltr' id='par_1_69' title="bbox 166 1795 988 1835">
     <span class='ocr_line' id='line_1_69' title="bbox 166 1795 988 1835; baseline 0.007 -13"><span class='ocrx_word' id='word_1_501' title='bbox 166 1795 234 1823; x_wconf 90' lang='lat' dir='ltr'><strong>dem</strong></span> <span class='ocrx_word' id='word_1_502' title='bbox 249 1795 372 1824; x_wconf 80' lang='lat' dir='ltr'><strong>rationis</strong></span> <span class='ocrx_word' id='word_1_503' title='bbox 381 1797 423 1824; x_wconf 88' lang='lat' dir='ltr'><strong>vis</strong></span> <span class='ocrx_word' id='word_1_504' title='bbox 432 1805 465 1824; x_wconf 85' lang='lat' dir='ltr'><strong>ac</strong></span> <span class='ocrx_word' id='word_1_505' title='bbox 474 1797 764 1834; x_wconf 72' lang='lat' dir='ltr'><strong>intelligentiae,quod</strong></span> <span class='ocrx_word' id='word_1_506' title='bbox 777 1799 876 1835; x_wconf 88' lang='lat' dir='ltr'><strong>utique</strong></span> <span class='ocrx_word' id='word_1_507' title='bbox 893 1801 928 1827; x_wconf 90' lang='lat' dir='ltr'><strong>ad</strong></span> <span class='ocrx_word' id='word_1_508' title='bbox 939 1799 988 1828; x_wconf 84' lang='lat' dir='ltr'><strong>Dei</strong></span> 
     </span>
    </p>
   </div>
   <div class='ocr_carea' id='block_1_70' title="bbox 166 1840 986 1879">
    <p class='ocr_par' dir='ltr' id='par_1_70' title="bbox 166 1840 986 1879">
     <span class='ocr_line' id='line_1_70' title="bbox 166 1840 986 1879; baseline 0.006 -12"><span class='ocrx_word' id='word_1_509' title='bbox 166 1847 214 1868; x_wconf 87' lang='lat' dir='ltr'><strong>me</strong></span> <span class='ocrx_word' id='word_1_510' title='bbox 229 1840 336 1867; x_wconf 83' lang='lat' dir='ltr'><strong>factum</strong></span> <span class='ocrx_word' id='word_1_511' title='bbox 353 1840 513 1877; x_wconf 77' lang='lat' dir='ltr'><strong>imaginem</strong></span> <span class='ocrx_word' id='word_1_512' title='bbox 528 1843 674 1870; x_wconf 84' lang='lat' dir='ltr'><strong>ostendit:</strong></span> <span class='ocrx_word' id='word_1_513' title='bbox 688 1845 753 1870; x_wconf 85' lang='lat' dir='ltr'><strong>actu</strong></span> <span class='ocrx_word' id='word_1_514' title='bbox 771 1846 883 1879; x_wconf 87' lang='lat' dir='ltr'><strong>vero,ut</strong></span> <span class='ocrx_word' id='word_1_515' title='bbox 893 1846 921 1871; x_wconf 89' lang='lat' dir='ltr'><strong>et</strong></span> <span class='ocrx_word' id='word_1_516' title='bbox 935 1845 986 1872; x_wconf 89' lang='lat' dir='ltr'><strong>vir-</strong></span> 
     </span>
    </p>
   </div>
   <div class='ocr_carea' id='block_1_71' title="bbox 166 1883 988 1922">
    <p class='ocr_par' dir='ltr' id='par_1_71' title="bbox 166 1883 988 1922">
     <span class='ocr_line' id='line_1_71' title="bbox 166 1883 988 1922; baseline 0.007 -12"><span class='ocrx_word' id='word_1_517' title='bbox 166 1886 257 1911; x_wconf 84' lang='lat' dir='ltr'><strong>tutem</strong></span> <span class='ocrx_word' id='word_1_518' title='bbox 269 1883 602 1920; x_wconf 80' lang='lat' dir='ltr'><strong>amplectar,sedulaque</strong></span> <span class='ocrx_word' id='word_1_519' title='bbox 617 1885 730 1914; x_wconf 80' lang='lat' dir='ltr'><strong>actione</strong></span> <span class='ocrx_word' id='word_1_520' title='bbox 746 1886 775 1914; x_wconf 94' lang='lat' dir='ltr'><strong>id</strong></span> <span class='ocrx_word' id='word_1_521' title='bbox 791 1888 867 1922; x_wconf 90' lang='lat' dir='ltr'><strong>quod</strong></span> <span class='ocrx_word' id='word_1_522' title='bbox 881 1887 988 1916; x_wconf 88' lang='lat' dir='ltr'><strong>hones-</strong></span> 
     </span>
    </p>
   </div>
   <div class='ocr_carea' id='block_1_72' title="bbox 167 1928 989 1968">
    <p class='ocr_par' dir='ltr' id='par_1_72' title="bbox 167 1928 989 1968">
     <span class='ocr_line' id='line_1_72' title="bbox 167 1928 989 1968; baseline 0.006 -13"><span class='ocrx_word' id='word_1_523' title='bbox 167 1930 231 1955; x_wconf 86' lang='lat' dir='ltr'><strong>tum</strong></span> <span class='ocrx_word' id='word_1_524' title='bbox 243 1936 275 1955; x_wconf 79' lang='lat' dir='ltr'><strong>ac</strong></span> <span class='ocrx_word' id='word_1_525' title='bbox 288 1928 376 1955; x_wconf 81' lang='lat' dir='ltr'><strong>ofﬁcii</strong></span> <span class='ocrx_word' id='word_1_526' title='bbox 391 1931 446 1963; x_wconf 88' lang='lat' dir='ltr'><strong>est,</strong></span> <span class='ocrx_word' id='word_1_527' title='bbox 462 1932 610 1964; x_wconf 68' lang='lat' dir='ltr'><strong>praestem,</strong></span> <span class='ocrx_word' id='word_1_528' title='bbox 627 1932 717 1966; x_wconf 86' lang='lat' dir='ltr'><strong>atque</strong></span> <span class='ocrx_word' id='word_1_529' title='bbox 732 1930 772 1958; x_wconf 81' lang='lat' dir='ltr'><strong>ita</strong></span> <span class='ocrx_word' id='word_1_530' title='bbox 798 1931 856 1959; x_wconf 82' lang='lat' dir='ltr'><strong>vita</strong></span> <span class='ocrx_word' id='word_1_531' title='bbox 871 1932 989 1968; x_wconf 87' lang='lat' dir='ltr'><strong>optimis</strong></span> 
     </span>
    </p>
   </div>
   <div class='ocr_carea' id='block_1_73' title="bbox 168 1971 991 2005">
    <p class='ocr_par' dir='ltr' id='par_1_73' title="bbox 168 1971 991 2005">
     <span class='ocr_line' id='line_1_73' title="bbox 168 1971 991 2005; baseline 0.009 -7"><span class='ocrx_word' id='word_1_532' title='bbox 168 1971 332 1999; x_wconf 81' lang='lat' dir='ltr'><strong>rationibus</strong></span> <span class='ocrx_word' id='word_1_533' title='bbox 349 1972 493 2005; x_wconf 86' lang='lat' dir='ltr'><strong>instituta,</strong></span> <span class='ocrx_word' id='word_1_534' title='bbox 523 1974 558 2000; x_wconf 85' lang='lat' dir='ltr'><strong>ad</strong></span> <span class='ocrx_word' id='word_1_535' title='bbox 588 1974 638 2001; x_wconf 91' lang='lat' dir='ltr'><strong>Dei</strong></span> <span class='ocrx_word' id='word_1_536' title='bbox 663 1975 887 2004; x_wconf 85' lang='lat' dir='ltr'><strong>similitudinem</strong></span> <span class='ocrx_word' id='word_1_537' title='bbox 913 1977 991 2005; x_wconf 72' lang='lat'><strong>334</strong></span> 
     </span>
    </p>
   </div>
   <div class='ocr_carea' id='block_1_74' title="bbox 169 2016 990 2057">
    <p class='ocr_par' dir='ltr' id='par_1_74' title="bbox 169 2016 990 2057">
     <span class='ocr_line' id='line_1_74' title="bbox 169 2016 990 2057; baseline 0.006 -13"><span class='ocrx_word' id='word_1_538' title='bbox 169 2016 430 2049; x_wconf 84' lang='lat' dir='ltr'><strong>deveniam.Quare</strong></span> <span class='ocrx_word' id='word_1_539' title='bbox 447 2017 475 2044; x_wconf 95' lang='lat' dir='ltr'><strong>id</strong></span> <span class='ocrx_word' id='word_1_540' title='bbox 492 2018 702 2054; x_wconf 83' lang='lat' dir='ltr'><strong>quidem,quod</strong></span> <span class='ocrx_word' id='word_1_541' title='bbox 719 2020 807 2047; x_wconf 80' lang='lat' dir='ltr'><strong>estad</strong></span> <span class='ocrx_word' id='word_1_542' title='bbox 820 2020 990 2057; x_wconf 83' lang='lat' dir='ltr'><strong>imaginem,</strong></span> 
     </span>
    </p>
   </div>
   <div class='ocr_carea' id='block_1_75' title="bbox 170 2060 991 2100">
    <p class='ocr_par' dir='ltr' id='par_1_75' title="bbox 170 2060 991 2100">
     <span class='ocr_line' id='line_1_75' title="bbox 170 2060 991 2100; baseline 0.009 -13"><span class='ocrx_word' id='word_1_543' title='bbox 170 2060 239 2088; x_wconf 89' lang='lat' dir='ltr'><strong>boni</strong></span> <span class='ocrx_word' id='word_1_544' title='bbox 255 2061 335 2097; x_wconf 86' lang='lat' dir='ltr'><strong>origo</strong></span> <span class='ocrx_word' id='word_1_545' title='bbox 352 2061 493 2098; x_wconf 83' lang='lat' dir='ltr'><strong>radixque</strong></span> <span class='ocrx_word' id='word_1_546' title='bbox 504 2064 557 2098; x_wconf 84' lang='lat' dir='ltr'><strong>est,</strong></span> <span class='ocrx_word' id='word_1_547' title='bbox 588 2072 676 2099; x_wconf 84' lang='lat' dir='ltr'><strong>quam</strong></span> <span class='ocrx_word' id='word_1_548' title='bbox 693 2063 757 2100; x_wconf 86' lang='lat' dir='ltr'><strong>ipsa</strong></span> <span class='ocrx_word' id='word_1_549' title='bbox 777 2065 876 2092; x_wconf 73' lang='lat' dir='ltr'><strong>statim</strong></span> <span class='ocrx_word' id='word_1_550' title='bbox 892 2065 991 2093; x_wconf 89' lang='lat' dir='ltr'><strong>condi-</strong></span> 
     </span>
    </p>
   </div>
   <div class='ocr_carea' id='block_1_76' title="bbox 170 2105 991 2145">
    <p class='ocr_par' dir='ltr' id='par_1_76' title="bbox 170 2105 991 2145">
     <span class='ocr_line' id='line_1_76' title="bbox 170 2105 991 2145; baseline 0.009 -14"><span class='ocrx_word' id='word_1_551' title='bbox 170 2105 249 2132; x_wconf 87' lang='lat' dir='ltr'><strong>tione</strong></span> <span class='ocrx_word' id='word_1_552' title='bbox 265 2113 331 2133; x_wconf 86' lang='lat' dir='ltr'><strong>cum</strong></span> <span class='ocrx_word' id='word_1_553' title='bbox 347 2108 452 2133; x_wconf 83' lang='lat' dir='ltr'><strong>natura</strong></span> <span class='ocrx_word' id='word_1_554' title='bbox 462 2106 769 2142; x_wconf 80' lang='lat' dir='ltr'><strong>fundamentojactam</strong></span> <span class='ocrx_word' id='word_1_555' title='bbox 795 2108 884 2137; x_wconf 82' lang='lat' dir='ltr'><strong>habui</strong></span> <span class='ocrx_word' id='word_1_556' title='bbox 897 2118 903 2143; x_wconf 82' lang='lat'><strong>;</strong></span> <span class='ocrx_word' id='word_1_557' title='bbox 916 2111 991 2145; x_wconf 87' lang='lat' dir='ltr'><strong>quod</strong></span> 
     </span>
    </p>
   </div>
   <div class='ocr_carea' id='block_1_77' title="bbox 169 2149 992 2190">
    <p class='ocr_par' dir='ltr' id='par_1_77' title="bbox 169 2149 992 2190">
     <span class='ocr_line' id='line_1_77' title="bbox 169 2149 992 2190; baseline 0.007 -14"><span class='ocrx_word' id='word_1_558' title='bbox 169 2157 237 2177; x_wconf 84' lang='lat' dir='ltr'><strong>vero</strong></span> <span class='ocrx_word' id='word_1_559' title='bbox 253 2150 289 2177; x_wconf 87' lang='lat' dir='ltr'><strong>ad</strong></span> <span class='ocrx_word' id='word_1_560' title='bbox 297 2149 347 2177; x_wconf 90' lang='lat' dir='ltr'><strong>Dei</strong></span> <span class='ocrx_word' id='word_1_561' title='bbox 358 2150 632 2184; x_wconf 84' lang='lat' dir='ltr'><strong>similitudinem,ex</strong></span> <span class='ocrx_word' id='word_1_562' title='bbox 645 2151 717 2180; x_wconf 88' lang='lat' dir='ltr'><strong>meis</strong></span> <span class='ocrx_word' id='word_1_563' title='bbox 733 2155 913 2189; x_wconf 86' lang='lat' dir='ltr'><strong>postremum</strong></span> <span class='ocrx_word' id='word_1_564' title='bbox 926 2163 992 2190; x_wconf 89' lang='lat' dir='ltr'><strong>ope-</strong></span> 
     </span>
    </p>
   </div>
   <div class='ocr_carea' id='block_1_78' title="bbox 170 2192 993 2234">
    <p class='ocr_par' dir='ltr' id='par_1_78' title="bbox 170 2192 993 2234">
     <span class='ocr_line' id='line_1_78' title="bbox 170 2192 993 2234; baseline 0.007 -14"><span class='ocrx_word' id='word_1_565' title='bbox 170 2192 262 2228; x_wconf 79' lang='lat' dir='ltr'><strong>ribus,</strong></span> <span class='ocrx_word' id='word_1_566' title='bbox 279 2193 374 2230; x_wconf 85' lang='lat' dir='ltr'><strong>iisque</strong></span> <span class='ocrx_word' id='word_1_567' title='bbox 387 2203 451 2230; x_wconf 70' lang='lat' dir='ltr'><strong>quas</strong></span> <span class='ocrx_word' id='word_1_568' title='bbox 470 2195 593 2224; x_wconf 85' lang='lat' dir='ltr'><strong>honesta</strong></span> <span class='ocrx_word' id='word_1_569' title='bbox 609 2205 642 2224; x_wconf 82' lang='lat' dir='ltr'><strong>ac</strong></span> <span class='ocrx_word' id='word_1_570' title='bbox 658 2196 748 2224; x_wconf 81' lang='lat' dir='ltr'><strong>ofﬁcii</strong></span> <span class='ocrx_word' id='word_1_571' title='bbox 763 2201 832 2225; x_wconf 86' lang='lat' dir='ltr'><strong>sunt</strong></span> <span class='ocrx_word' id='word_1_572' title='bbox 851 2198 993 2234; x_wconf 83' lang='lat' dir='ltr'><strong>impensis</strong></span> 
     </span>
    </p>
   </div>
   <div class='ocr_carea' id='block_1_79' title="bbox 170 2237 992 2278">
    <p class='ocr_par' dir='ltr' id='par_1_79' title="bbox 170 2237 992 2278">
     <span class='ocr_line' id='line_1_79' title="bbox 170 2237 992 2278; baseline 0.009 -14"><span class='ocrx_word' id='word_1_573' title='bbox 170 2237 331 2272; x_wconf 83' lang='lat' dir='ltr'><strong>laboribus,</strong></span> <span class='ocrx_word' id='word_1_574' title='bbox 348 2240 410 2267; x_wconf 83' lang='lat' dir='ltr'><strong>tota</strong></span> <span class='ocrx_word' id='word_1_575' title='bbox 425 2239 550 2275; x_wconf 85' lang='lat' dir='ltr'><strong>denique</strong></span> <span class='ocrx_word' id='word_1_576' title='bbox 579 2241 638 2269; x_wconf 85' lang='lat' dir='ltr'><strong>vita</strong></span> <span class='ocrx_word' id='word_1_577' title='bbox 653 2241 770 2269; x_wconf 86' lang='lat' dir='ltr'><strong>virtutis</strong></span> <span class='ocrx_word' id='word_1_578' title='bbox 787 2242 865 2270; x_wconf 88' lang='lat' dir='ltr'><strong>cultu</strong></span> <span class='ocrx_word' id='word_1_579' title='bbox 882 2245 992 2278; x_wconf 83' lang='lat' dir='ltr'><strong>exacta,</strong></span> 
     </span>
    </p>
   </div>
   <div class='ocr_carea' id='block_1_80' title="bbox 1041 1661 1869 1701">
    <p class='ocr_par' dir='ltr' id='par_1_80' title="bbox 1041 1661 1869 1701">
     <span class='ocr_line' id='line_1_80' title="bbox 1041 1661 1869 1701; baseline -0.007 -8"><span class='ocrx_word' id='word_1_580' title='bbox 1041 1665 1170 1693; x_wconf 69' lang='grc' dir='ltr'>κατέλιπε</span> <span class='ocrx_word' id='word_1_581' title='bbox 1197 1665 1228 1692; x_wconf 83' lang='grc' dir='ltr'><strong>τὸ</strong></span> <span class='ocrx_word' id='word_1_582' title='bbox 1256 1665 1315 1691; x_wconf 81' lang='grc' dir='ltr'>καθ’</span> <span class='ocrx_word' id='word_1_583' title='bbox 1337 1663 1469 1700; x_wconf 82' lang='grc' dir='ltr'>ὁμοίωσιν</span> <span class='ocrx_word' id='word_1_584' title='bbox 1500 1666 1659 1701; x_wconf 75' lang='grc' dir='ltr'>γεγενῆσθαι</span> <span class='ocrx_word' id='word_1_585' title='bbox 1684 1661 1869 1690; x_wconf 83' lang='grc' dir='ltr'>Θεοῦ.Ἕστιν</span> 
     </span>
    </p>
   </div>
   <div class='ocr_carea' id='block_1_81' title="bbox 1043 1703 1867 1745">
    <p class='ocr_par' dir='ltr' id='par_1_81' title="bbox 1043 1703 1867 1745">
     <span class='ocr_line' id='line_1_81' title="bbox 1043 1703 1867 1745; baseline -0.006 -8"><span class='ocrx_word' id='word_1_586' title='bbox 1043 1710 1087 1737; x_wconf 78' lang='grc' dir='ltr'><strong>οῦν</strong></span> <span class='ocrx_word' id='word_1_587' title='bbox 1105 1709 1216 1745; x_wconf 75' lang='grc' dir='ltr'>δυνάμει</span> <span class='ocrx_word' id='word_1_588' title='bbox 1233 1709 1280 1745; x_wconf 75' lang='grc' dir='ltr'>μὶν</span> <span class='ocrx_word' id='word_1_589' title='bbox 1304 1708 1336 1736; x_wconf 83' lang='grc' dir='ltr'>τὸ</span> <span class='ocrx_word' id='word_1_590' title='bbox 1359 1707 1384 1735; x_wconf 78' lang='grc' dir='ltr'>ἐν</span> <span class='ocrx_word' id='word_1_591' title='bbox 1410 1708 1473 1744; x_wconf 69' lang='grc' dir='ltr'>ἆμοὶ</span> <span class='ocrx_word' id='word_1_592' title='bbox 1493 1706 1605 1744; x_wconf 88' lang='grc' dir='ltr'>λογικὸν</span> <span class='ocrx_word' id='word_1_593' title='bbox 1622 1707 1667 1734; x_wconf 89' lang='grc' dir='ltr'><strong>καὶ</strong></span> <span class='ocrx_word' id='word_1_594' title='bbox 1682 1705 1786 1744; x_wconf 82' lang='grc' dir='ltr'>νοερὸν,</span> <span class='ocrx_word' id='word_1_595' title='bbox 1801 1705 1816 1732; x_wconf 80' lang='grc' dir='ltr'><strong>’ὸ</strong></span> <span class='ocrx_word' id='word_1_596' title='bbox 1832 1703 1867 1740; x_wconf 82' lang='grc' dir='ltr'><strong>δὴ</strong></span> 
     </span>
    </p>
   </div>
   <div class='ocr_carea' id='block_1_82' title="bbox 1041 1749 1867 1788">
    <p class='ocr_par' dir='ltr' id='par_1_82' title="bbox 1041 1749 1867 1788">
     <span class='ocr_line' id='line_1_82' title="bbox 1041 1749 1867 1788; baseline -0.007 -6"><span class='ocrx_word' id='word_1_597' title='bbox 1041 1754 1087 1782; x_wconf 85' lang='grc' dir='ltr'><strong>καὶ</strong></span> <span class='ocrx_word' id='word_1_598' title='bbox 1115 1754 1173 1782; x_wconf 86' lang='grc' dir='ltr'>κατ’</span> <span class='ocrx_word' id='word_1_599' title='bbox 1189 1753 1279 1781; x_wconf 72' lang='grc' dir='ltr'>εἷκόνα</span> <span class='ocrx_word' id='word_1_600' title='bbox 1306 1755 1374 1780; x_wconf 76' lang='grc' dir='ltr'>Θεοῦ</span> <span class='ocrx_word' id='word_1_601' title='bbox 1399 1751 1565 1787; x_wconf 82' lang='grc' dir='ltr'>πεποιῆσθαί</span> <span class='ocrx_word' id='word_1_602' title='bbox 1597 1762 1629 1788; x_wconf 85' lang='grc' dir='ltr'><strong>με</strong></span> <span class='ocrx_word' id='word_1_603' title='bbox 1658 1749 1790 1778; x_wconf 65' lang='grc' dir='ltr'>δείκνυσιν</span> <span class='ocrx_word' id='word_1_604' title='bbox 1805 1760 1810 1766; x_wconf 93' lang='grc'><strong>·</strong></span> <span class='ocrx_word' id='word_1_605' title='bbox 1829 1749 1867 1777; x_wconf 69' lang='grc' dir='ltr'><strong>ἐυ-</strong></span> 
     </span>
    </p>
   </div>
   <div class='ocr_carea' id='block_1_83' title="bbox 1042 1793 1869 1837">
    <p class='ocr_par' dir='ltr' id='par_1_83' title="bbox 1042 1793 1869 1837">
     <span class='ocr_line' id='line_1_83' title="bbox 1042 1793 1869 1837; baseline -0.006 -11"><span class='ocrx_word' id='word_1_606' title='bbox 1042 1799 1134 1837; x_wconf 77' lang='grc' dir='ltr'>εργείᾳ</span> <span class='ocrx_word' id='word_1_607' title='bbox 1160 1797 1198 1834; x_wconf 74' lang='grc' dir='ltr'><strong>δὲ,</strong></span> <span class='ocrx_word' id='word_1_608' title='bbox 1228 1798 1259 1825; x_wconf 82' lang='grc' dir='ltr'><strong>τὸ</strong></span> <span class='ocrx_word' id='word_1_609' title='bbox 1287 1797 1332 1825; x_wconf 83' lang='grc' dir='ltr'><strong>καὶ</strong></span> <span class='ocrx_word' id='word_1_610' title='bbox 1361 1797 1570 1831; x_wconf 80' lang='grc' dir='ltr'>ἀντιποιηθῆναι</span> <span class='ocrx_word' id='word_1_611' title='bbox 1595 1799 1645 1830; x_wconf 85' lang='grc' dir='ltr'><strong>τῆς</strong></span> <span class='ocrx_word' id='word_1_612' title='bbox 1685 1795 1795 1833; x_wconf 80' lang='grc' dir='ltr'>ἀρετῆς,</span> <span class='ocrx_word' id='word_1_613' title='bbox 1821 1793 1869 1821; x_wconf 87' lang='grc' dir='ltr'><strong>καὶ</strong></span> 
     </span>
    </p>
   </div>
   <div class='ocr_carea' id='block_1_84' title="bbox 1041 1836 1869 1881">
    <p class='ocr_par' dir='ltr' id='par_1_84' title="bbox 1041 1836 1869 1881">
     <span class='ocr_line' id='line_1_84' title="bbox 1041 1836 1869 1881; baseline -0.006 -10"><span class='ocrx_word' id='word_1_614' title='bbox 1041 1836 1135 1881; x_wconf 57' lang='grc' dir='ltr'>ἦρᾶξει</span> <span class='ocrx_word' id='word_1_615' title='bbox 1162 1844 1333 1880; x_wconf 78' lang='grc' dir='ltr'>κατορθῶσαι</span> <span class='ocrx_word' id='word_1_616' title='bbox 1361 1842 1392 1869; x_wconf 85' lang='grc' dir='ltr'>τὸ</span> <span class='ocrx_word' id='word_1_617' title='bbox 1419 1840 1577 1875; x_wconf 76' lang='grc' dir='ltr'>καλὸν,καῖ</span> <span class='ocrx_word' id='word_1_618' title='bbox 1593 1840 1681 1871; x_wconf 68' lang='grc' dir='ltr'>οὕτως</span> <span class='ocrx_word' id='word_1_619' title='bbox 1707 1838 1795 1871; x_wconf 73' lang='grc' dir='ltr'>ἐλθεῖν</span> <span class='ocrx_word' id='word_1_620' title='bbox 1824 1836 1869 1866; x_wconf 79' lang='grc' dir='ltr'><strong>διὰ</strong></span> 
     </span>
    </p>
   </div>
   <div class='ocr_carea' id='block_1_85' title="bbox 1041 1884 1869 1926">
    <p class='ocr_par' dir='ltr' id='par_1_85' title="bbox 1041 1884 1869 1926">
     <span class='ocr_line' id='line_1_85' title="bbox 1041 1884 1869 1926; baseline -0.007 -10"><span class='ocrx_word' id='word_1_621' title='bbox 1041 1892 1091 1923; x_wconf 82' lang='grc' dir='ltr'>τῆς</span> <span class='ocrx_word' id='word_1_622' title='bbox 1108 1887 1221 1926; x_wconf 79' lang='grc' dir='ltr'>ἀρίστης</span> <span class='ocrx_word' id='word_1_623' title='bbox 1236 1886 1378 1918; x_wconf 72' lang='grc' dir='ltr'>πολιτείας</span> <span class='ocrx_word' id='word_1_624' title='bbox 1392 1885 1431 1917; x_wconf 68' lang='grc' dir='ltr'>εἲς</span> <span class='ocrx_word' id='word_1_625' title='bbox 1447 1887 1478 1913; x_wconf 84' lang='grc' dir='ltr'><strong>τὸ</strong></span> <span class='ocrx_word' id='word_1_626' title='bbox 1490 1886 1549 1913; x_wconf 77' lang='grc' dir='ltr'>καθ’</span> <span class='ocrx_word' id='word_1_627' title='bbox 1566 1884 1697 1922; x_wconf 79' lang='grc' dir='ltr'>ὁμοίωσιν</span> <span class='ocrx_word' id='word_1_628' title='bbox 1713 1885 1762 1911; x_wconf 81' lang='grc' dir='ltr'><strong>τοῦ</strong></span> <span class='ocrx_word' id='word_1_629' title='bbox 1790 1885 1869 1911; x_wconf 80' lang='grc' dir='ltr'>Θεοῦ.</span> 
     </span>
    </p>
   </div>
   <div class='ocr_carea' id='block_1_86' title="bbox 1043 1927 1871 1968">
    <p class='ocr_par' dir='ltr' id='par_1_86' title="bbox 1043 1927 1871 1968">
     <span class='ocr_line' id='line_1_86' title="bbox 1043 1927 1823 1946; baseline -0.01 -2"><span class='ocrx_word' id='word_1_630' title='bbox 1043 1934 1054 1944; x_wconf 82' lang='grc' dir='ltr'>ν</span> <span class='ocrx_word' id='word_1_631' title='bbox 1167 1932 1174 1941; x_wconf 54' lang='grc' dir='ltr'><strong>κ</strong></span> <span class='ocrx_word' id='word_1_632' title='bbox 1227 1931 1234 1941; x_wconf 84' lang='lat'><strong><em>\</em></strong></span> <span class='ocrx_word' id='word_1_633' title='bbox 1334 1932 1341 1942; x_wconf 72' lang='grc' dir='ltr'><strong><em>ι</em></strong></span> <span class='ocrx_word' id='word_1_634' title='bbox 1382 1930 1388 1938; x_wconf 85' lang='lat'><strong><em>\</em></strong></span> <span class='ocrx_word' id='word_1_635' title='bbox 1416 1931 1422 1940; x_wconf 83' lang='grc'><strong><em>1</em></strong></span> <span class='ocrx_word' id='word_1_636' title='bbox 1533 1931 1546 1937; x_wconf 81' lang='lat'><strong><em>~</em></strong></span> <span class='ocrx_word' id='word_1_637' title='bbox 1588 1930 1612 1946; x_wconf 38' lang='grc' dir='ltr'>τ’</span> <span class='ocrx_word' id='word_1_638' title='bbox 1789 1928 1796 1937; x_wconf 79' lang='lat'><strong><em>\</em></strong></span> <span class='ocrx_word' id='word_1_639' title='bbox 1817 1927 1823 1936; x_wconf 76' lang='lat' dir='ltr'><strong>I</strong></span> 
     </span>
     <span class='ocr_line' id='line_1_87' title="bbox 1056 1927 1871 1968; baseline -0.007 -9"><span class='ocrx_word' id='word_1_640' title='bbox 1056 1937 1123 1959; x_wconf 83' lang='grc' dir='ltr'>Ωστε</span> <span class='ocrx_word' id='word_1_641' title='bbox 1147 1942 1178 1959; x_wconf 83' lang='grc' dir='ltr'><strong>το</strong></span> <span class='ocrx_word' id='word_1_642' title='bbox 1207 1942 1254 1968; x_wconf 82' lang='grc' dir='ltr'><strong>μεν</strong></span> <span class='ocrx_word' id='word_1_643' title='bbox 1283 1941 1332 1958; x_wconf 82' lang='grc' dir='ltr'><strong>κατ</strong></span> <span class='ocrx_word' id='word_1_644' title='bbox 1366 1941 1458 1958; x_wconf 66' lang='lat' dir='ltr'><strong>amovet</strong></span> <span class='ocrx_word' id='word_1_645' title='bbox 1482 1934 1560 1966; x_wconf 77' lang='grc' dir='ltr'>Θεου,</span> <span class='ocrx_word' id='word_1_646' title='bbox 1583 1930 1656 1966; x_wconf 57' lang='grc' dir='ltr'>αμχή</span> <span class='ocrx_word' id='word_1_647' title='bbox 1675 1927 1730 1956; x_wconf 71' lang='grc' dir='ltr'>ἐστι</span> <span class='ocrx_word' id='word_1_648' title='bbox 1751 1938 1797 1955; x_wconf 87' lang='grc' dir='ltr'><strong>και</strong></span> <span class='ocrx_word' id='word_1_649' title='bbox 1811 1927 1871 1965; x_wconf 81' lang='grc' dir='ltr'>ρίζα</span> 
     </span>
    </p>
   </div>
   <div class='ocr_carea' id='block_1_87' title="bbox 1043 1969 1870 2013">
    <p class='ocr_par' dir='ltr' id='par_1_87' title="bbox 1043 1969 1870 2013">
     <span class='ocr_line' id='line_1_88' title="bbox 1043 1969 1870 2013; baseline -0.006 -10"><span class='ocrx_word' id='word_1_650' title='bbox 1043 1979 1092 2004; x_wconf 86' lang='grc' dir='ltr'><strong>τοῦ</strong></span> <span class='ocrx_word' id='word_1_651' title='bbox 1107 1976 1218 2013; x_wconf 77' lang='grc' dir='ltr'>ἀγαθοῦ,</span> <span class='ocrx_word' id='word_1_652' title='bbox 1234 1976 1264 2010; x_wconf 75' lang='grc' dir='ltr'>ἣν</span> <span class='ocrx_word' id='word_1_653' title='bbox 1282 1975 1362 2007; x_wconf 71' lang='grc' dir='ltr'>εὐθὺς</span> <span class='ocrx_word' id='word_1_654' title='bbox 1378 1975 1404 2002; x_wconf 78' lang='grc' dir='ltr'>ὲν</span> <span class='ocrx_word' id='word_1_655' title='bbox 1431 1977 1471 2011; x_wconf 75' lang='grc' dir='ltr'>τῷ</span> <span class='ocrx_word' id='word_1_656' title='bbox 1499 1974 1634 2009; x_wconf 79' lang='grc' dir='ltr'>κτίζεσοαι</span> <span class='ocrx_word' id='word_1_657' title='bbox 1651 1969 1870 2012; x_wconf 75' lang='grc' dir='ltr'>σνγκαταϐεϐλη-</span> 
     </span>
    </p>
   </div>
   <div class='ocr_carea' id='block_1_88' title="bbox 1046 2017 1870 2058">
    <p class='ocr_par' dir='ltr' id='par_1_88' title="bbox 1046 2017 1870 2058">
     <span class='ocr_line' id='line_1_89' title="bbox 1046 2017 1870 2058; baseline -0.006 -10"><span class='ocrx_word' id='word_1_658' title='bbox 1046 2020 1129 2058; x_wconf 64' lang='grc' dir='ltr'>μένην</span> <span class='ocrx_word' id='word_1_659' title='bbox 1159 2022 1193 2058; x_wconf 75' lang='grc' dir='ltr'><strong>τῇ</strong></span> <span class='ocrx_word' id='word_1_660' title='bbox 1222 2020 1299 2058; x_wconf 65' lang='grc' dir='ltr'>φύσει</span> <span class='ocrx_word' id='word_1_661' title='bbox 1324 2030 1376 2056; x_wconf 88' lang='grc' dir='ltr'><strong>μου</strong></span> <span class='ocrx_word' id='word_1_662' title='bbox 1400 2017 1516 2057; x_wconf 73' lang='grc' dir='ltr'>ἔσχηκα·</span> <span class='ocrx_word' id='word_1_663' title='bbox 1533 2019 1563 2045; x_wconf 84' lang='grc' dir='ltr'>τὸ</span> <span class='ocrx_word' id='word_1_664' title='bbox 1592 2017 1621 2046; x_wconf 77' lang='grc' dir='ltr'><strong>δὲ</strong></span> <span class='ocrx_word' id='word_1_665' title='bbox 1648 2018 1707 2050; x_wconf 78' lang='grc' dir='ltr'>καθ’</span> <span class='ocrx_word' id='word_1_666' title='bbox 1736 2017 1870 2054; x_wconf 81' lang='grc' dir='ltr'>ὁμοίωσιν</span> 
     </span>
    </p>
   </div>
   <div class='ocr_carea' id='block_1_89' title="bbox 1046 2060 1872 2102">
    <p class='ocr_par' dir='ltr' id='par_1_89' title="bbox 1046 2060 1872 2102">
     <span class='ocr_line' id='line_1_90' title="bbox 1046 2060 1872 2102; baseline -0.006 -9"><span class='ocrx_word' id='word_1_667' title='bbox 1046 2067 1123 2101; x_wconf 82' lang='grc' dir='ltr'>Θεοῦ,</span> <span class='ocrx_word' id='word_1_668' title='bbox 1141 2063 1254 2102; x_wconf 70' lang='grc' dir='ltr'>ἔσχατον</span> <span class='ocrx_word' id='word_1_669' title='bbox 1285 2065 1315 2092; x_wconf 75' lang='grc' dir='ltr'>ἐκ</span> <span class='ocrx_word' id='word_1_670' title='bbox 1341 2066 1396 2091; x_wconf 83' lang='grc' dir='ltr'><strong>τῶν</strong></span> <span class='ocrx_word' id='word_1_671' title='bbox 1428 2063 1513 2102; x_wconf 77' lang='grc' dir='ltr'>ἔργων</span> <span class='ocrx_word' id='word_1_672' title='bbox 1540 2073 1602 2100; x_wconf 86' lang='grc' dir='ltr'>μου,</span> <span class='ocrx_word' id='word_1_673' title='bbox 1619 2062 1664 2090; x_wconf 84' lang='grc' dir='ltr'>καὶ</span> <span class='ocrx_word' id='word_1_674' title='bbox 1688 2064 1741 2089; x_wconf 87' lang='grc' dir='ltr'><strong>τῶν</strong></span> <span class='ocrx_word' id='word_1_675' title='bbox 1757 2060 1872 2100; x_wconf 80' lang='grc' dir='ltr'>περὶτὰ</span> 
     </span>
    </p>
   </div>
   <div class='ocr_carea' id='block_1_90' title="bbox 1046 2103 1874 2146">
    <p class='ocr_par' dir='ltr' id='par_1_90' title="bbox 1046 2103 1874 2146">
     <span class='ocr_line' id='line_1_91' title="bbox 1046 2103 1874 2146; baseline -0.006 -9"><span class='ocrx_word' id='word_1_676' title='bbox 1046 2109 1118 2137; x_wconf 76' lang='grc' dir='ltr'>καλὰ</span> <span class='ocrx_word' id='word_1_677' title='bbox 1133 2110 1233 2144; x_wconf 78' lang='grc' dir='ltr'>πόνων,</span> <span class='ocrx_word' id='word_1_678' title='bbox 1249 2109 1294 2136; x_wconf 84' lang='grc' dir='ltr'><strong>καὶ</strong></span> <span class='ocrx_word' id='word_1_679' title='bbox 1323 2112 1373 2144; x_wconf 84' lang='grc' dir='ltr'><strong>τῆς</strong></span> <span class='ocrx_word' id='word_1_680' title='bbox 1401 2109 1470 2146; x_wconf 84' lang='grc' dir='ltr'>πρὸς</span> <span class='ocrx_word' id='word_1_681' title='bbox 1499 2107 1567 2143; x_wconf 74' lang='grc' dir='ltr'>ὃλην</span> <span class='ocrx_word' id='word_1_682' title='bbox 1589 2108 1660 2142; x_wconf 79' lang='grc' dir='ltr'>ζωὴν</span> <span class='ocrx_word' id='word_1_683' title='bbox 1678 2105 1801 2145; x_wconf 64' lang='grc' dir='ltr'>ἐναρέτου</span> <span class='ocrx_word' id='word_1_684' title='bbox 1817 2103 1874 2132; x_wconf 83' lang='grc' dir='ltr'>δια-</span> 
     </span>
    </p>
   </div>
   <div class='ocr_carea' id='block_1_91' title="bbox 1047 2151 1876 2193">
    <p class='ocr_par' dir='ltr' id='par_1_91' title="bbox 1047 2151 1876 2193">
     <span class='ocr_line' id='line_1_92' title="bbox 1047 2151 1876 2193; baseline -0.007 -10"><span class='ocrx_word' id='word_1_685' title='bbox 1047 2155 1330 2193; x_wconf 80' lang='grc' dir='ltr'>γωγῆς,περιγίνεταί</span> <span class='ocrx_word' id='word_1_686' title='bbox 1361 2165 1418 2191; x_wconf 87' lang='grc' dir='ltr'>μοι.</span> <span class='ocrx_word' id='word_1_687' title='bbox 1445 2153 1576 2192; x_wconf 81' lang='grc' dir='ltr'>Εὐλόγως</span> <span class='ocrx_word' id='word_1_688' title='bbox 1604 2153 1706 2189; x_wconf 79' lang='grc' dir='ltr'>τοίνυν,</span> <span class='ocrx_word' id='word_1_689' title='bbox 1737 2151 1791 2190; x_wconf 75' lang='grc' dir='ltr'><strong>οὐχ</strong></span> <span class='ocrx_word' id='word_1_690' title='bbox 1819 2152 1876 2187; x_wconf 76' lang='grc' dir='ltr'><strong>ἅμα</strong></span> 
     </span>
    </p>
   </div>
   <div class='ocr_carea' id='block_1_92' title="bbox 1046 2195 1878 2236">
    <p class='ocr_par' dir='ltr' id='par_1_92' title="bbox 1046 2195 1878 2236">
     <span class='ocr_line' id='line_1_93' title="bbox 1046 2195 1878 2236; baseline -0.006 -9"><span class='ocrx_word' id='word_1_691' title='bbox 1046 2202 1087 2236; x_wconf 81' lang='grc' dir='ltr'>τῷ</span> <span class='ocrx_word' id='word_1_692' title='bbox 1101 2203 1254 2235; x_wconf 79' lang='grc' dir='ltr'>κτισθῆναι,</span> <span class='ocrx_word' id='word_1_693' title='bbox 1269 2199 1315 2227; x_wconf 86' lang='grc' dir='ltr'><strong>καὶ</strong></span> <span class='ocrx_word' id='word_1_694' title='bbox 1340 2199 1370 2226; x_wconf 89' lang='grc' dir='ltr'>τὸ</span> <span class='ocrx_word' id='word_1_695' title='bbox 1395 2199 1453 2226; x_wconf 85' lang='grc' dir='ltr'>καθ’</span> <span class='ocrx_word' id='word_1_696' title='bbox 1469 2198 1602 2235; x_wconf 86' lang='grc' dir='ltr'>ὁμοίωσιν</span> <span class='ocrx_word' id='word_1_697' title='bbox 1619 2200 1685 2231; x_wconf 81' lang='grc' dir='ltr'>Θεοῦ</span> <span class='ocrx_word' id='word_1_698' title='bbox 1701 2195 1778 2228; x_wconf 78' lang='grc' dir='ltr'>εὐθὺς</span> <span class='ocrx_word' id='word_1_699' title='bbox 1807 2195 1878 2233; x_wconf 73' lang='grc' dir='ltr'>γενέ-</span> 
     </span>
    </p>
   </div>
   <div class='ocr_carea' id='block_1_93' title="bbox 1049 2239 1878 2281">
    <p class='ocr_par' dir='ltr' id='par_1_93' title="bbox 1049 2239 1878 2281">
     <span class='ocr_line' id='line_1_94' title="bbox 1049 2239 1878 2281; baseline -0.005 -11"><span class='ocrx_word' id='word_1_700' title='bbox 1049 2249 1109 2275; x_wconf 82' lang='grc' dir='ltr'>σθαι</span> <span class='ocrx_word' id='word_1_701' title='bbox 1141 2254 1187 2280; x_wconf 91' lang='grc' dir='ltr'><strong>μοι</strong></span> <span class='ocrx_word' id='word_1_702' title='bbox 1216 2244 1229 2270; x_wconf 86' lang='grc' dir='ltr'><strong>ὸ</strong></span> <span class='ocrx_word' id='word_1_703' title='bbox 1256 2242 1349 2274; x_wconf 82' lang='grc' dir='ltr'>κτίσας</span> <span class='ocrx_word' id='word_1_704' title='bbox 1379 2243 1547 2281; x_wconf 75' lang='grc' dir='ltr'>ἀπεφήνατο.</span> <span class='ocrx_word' id='word_1_705' title='bbox 1578 2242 1675 2270; x_wconf 82' lang='grc' dir='ltr'>Ἀκουε</span> <span class='ocrx_word' id='word_1_706' title='bbox 1702 2241 1752 2278; x_wconf 71' lang='grc' dir='ltr'>γὰρ</span> <span class='ocrx_word' id='word_1_707' title='bbox 1777 2239 1822 2267; x_wconf 77' lang='grc' dir='ltr'><strong>καὶ</strong></span> <span class='ocrx_word' id='word_1_708' title='bbox 1850 2239 1878 2266; x_wconf 88' lang='grc' dir='ltr'><strong>τί</strong></span> 
     </span>
    </p>
   </div>
   <div class='ocr_carea' id='block_1_94' title="bbox 173 2281 990 2327">
    <p class='ocr_par' dir='ltr' id='par_1_94' title="bbox 173 2281 990 2321">
     <span class='ocr_line' id='line_1_95' title="bbox 173 2281 990 2321; baseline 0.007 -12"><span class='ocrx_word' id='word_1_709' title='bbox 173 2281 246 2310; x_wconf 88' lang='lat' dir='ltr'><strong>mihi</strong></span> <span class='ocrx_word' id='word_1_710' title='bbox 261 2283 382 2311; x_wconf 82' lang='lat' dir='ltr'><strong>accedit.</strong></span> <span class='ocrx_word' id='word_1_711' title='bbox 400 2284 531 2320; x_wconf 81' lang='lat' dir='ltr'><strong>Congrue</strong></span> <span class='ocrx_word' id='word_1_712' title='bbox 547 2285 644 2321; x_wconf 82' lang='lat' dir='ltr'><strong>itaque</strong></span> <span class='ocrx_word' id='word_1_713' title='bbox 660 2285 737 2314; x_wconf 83' lang='lat' dir='ltr'><strong>haud</strong></span> <span class='ocrx_word' id='word_1_714' title='bbox 751 2295 809 2314; x_wconf 87' lang='lat' dir='ltr'><strong>una</strong></span> <span class='ocrx_word' id='word_1_715' title='bbox 823 2296 890 2315; x_wconf 88' lang='lat' dir='ltr'><strong>cum</strong></span> <span class='ocrx_word' id='word_1_716' title='bbox 915 2296 990 2316; x_wconf 86' lang='lat' dir='ltr'><strong>crea-</strong></span> 
     </span>
    </p>
   </div>
   <div class='ocr_carea' id='block_1_95' title="bbox 1047 2281 1878 2327">
    <p class='ocr_par' dir='ltr' id='par_1_95' title="bbox 1050 2283 1878 2327">
     <span class='ocr_line' id='line_1_96' title="bbox 1050 2283 1878 2327; baseline -0.006 -12"><span class='ocrx_word' id='word_1_717' title='bbox 1050 2299 1131 2327; x_wconf 79' lang='grc' dir='ltr'>φησιν</span> <span class='ocrx_word' id='word_1_718' title='bbox 1161 2288 1186 2315; x_wconf 60' lang='lat' dir='ltr'><strong>tv</strong></span> <span class='ocrx_word' id='word_1_719' title='bbox 1215 2286 1398 2325; x_wconf 79' lang='grc' dir='ltr'>Εὐαγγῑλίῳ·</span> <span class='ocrx_word' id='word_1_720' title='bbox 1419 2287 1528 2315; x_wconf 75' lang='grc' dir='ltr'>Γίνεσθε</span> <span class='ocrx_word' id='word_1_721' title='bbox 1561 2285 1682 2322; x_wconf 72' lang='grc' dir='ltr'>τέλειοι,</span> <span class='ocrx_word' id='word_1_722' title='bbox 1711 2285 1801 2317; x_wconf 78' lang='grc' dir='ltr'>καθὼς</span> <span class='ocrx_word' id='word_1_723' title='bbox 1832 2283 1878 2311; x_wconf 77' lang='grc' dir='ltr'><strong>καὶ</strong></span> 
     </span>
    </p>
   </div>
   <div class='ocr_carea' id='block_1_96' title="bbox 171 2326 993 2365">
    <p class='ocr_par' dir='ltr' id='par_1_96' title="bbox 171 2326 993 2365">
     <span class='ocr_line' id='line_1_97' title="bbox 171 2326 993 2365; baseline 0.009 -12"><span class='ocrx_word' id='word_1_724' title='bbox 171 2326 260 2362; x_wconf 87' lang='lat' dir='ltr'><strong>tione,</strong></span> <span class='ocrx_word' id='word_1_725' title='bbox 278 2329 310 2355; x_wconf 87' lang='lat' dir='ltr'><strong>ut</strong></span> <span class='ocrx_word' id='word_1_726' title='bbox 325 2327 396 2356; x_wconf 88' lang='lat' dir='ltr'><strong>mibi</strong></span> <span class='ocrx_word' id='word_1_727' title='bbox 412 2329 512 2357; x_wconf 83' lang='lat' dir='ltr'><strong>statim</strong></span> <span class='ocrx_word' id='word_1_728' title='bbox 539 2330 615 2365; x_wconf 90' lang='lat' dir='ltr'><strong>quod</strong></span> <span class='ocrx_word' id='word_1_729' title='bbox 633 2331 669 2358; x_wconf 87' lang='lat' dir='ltr'><strong>ad</strong></span> <span class='ocrx_word' id='word_1_730' title='bbox 697 2331 746 2358; x_wconf 90' lang='lat' dir='ltr'><strong>Dei</strong></span> <span class='ocrx_word' id='word_1_731' title='bbox 768 2331 993 2360; x_wconf 86' lang='lat' dir='ltr'><strong>similitudinem</strong></span> 
     </span>
    </p>
   </div>
   <div class='ocr_carea' id='block_1_97' title="bbox 173 2372 994 2412">
    <p class='ocr_par' dir='ltr' id='par_1_97' title="bbox 173 2372 994 2412">
     <span class='ocr_line' id='line_1_98' title="bbox 173 2372 994 2412; baseline 0.009 -14"><span class='ocrx_word' id='word_1_732' title='bbox 173 2372 409 2407; x_wconf 75' lang='lat' dir='ltr'><strong>est,proveniret,</strong></span> <span class='ocrx_word' id='word_1_733' title='bbox 426 2374 546 2402; x_wconf 83' lang='lat' dir='ltr'><strong>Creator</strong></span> <span class='ocrx_word' id='word_1_734' title='bbox 560 2375 665 2402; x_wconf 83' lang='lat' dir='ltr'><strong>sanxit.</strong></span> <span class='ocrx_word' id='word_1_735' title='bbox 683 2375 756 2404; x_wconf 84' lang='lat' dir='ltr'><strong>Audi</strong></span> <span class='ocrx_word' id='word_1_736' title='bbox 772 2377 849 2404; x_wconf 86' lang='lat' dir='ltr'><strong>enim</strong></span> <span class='ocrx_word' id='word_1_737' title='bbox 864 2377 934 2412; x_wconf 90' lang='lat' dir='ltr'><strong>quid</strong></span> <span class='ocrx_word' id='word_1_738' title='bbox 952 2377 994 2405; x_wconf 86' lang='lat' dir='ltr'><strong>di-</strong></span> 
     </span>
    </p>
   </div>
   <div class='ocr_carea' id='block_1_98' title="bbox 173 2416 994 2455">
    <p class='ocr_par' dir='ltr' id='par_1_98' title="bbox 173 2416 994 2455">
     <span class='ocr_line' id='line_1_99' title="bbox 173 2416 994 2455; baseline 0.007 -11"><span class='ocrx_word' id='word_1_739' title='bbox 173 2417 220 2444; x_wconf 82' lang='lat' dir='ltr'><strong>cat</strong></span> <span class='ocrx_word' id='word_1_740' title='bbox 234 2416 263 2443; x_wconf 89' lang='lat' dir='ltr'><strong>in</strong></span> <span class='ocrx_word' id='word_1_741' title='bbox 279 2417 432 2452; x_wconf 80' lang='lat' dir='ltr'><strong>Evangelia</strong></span> <span class='ocrx_word' id='word_1_742' title='bbox 449 2426 456 2445; x_wconf 90' lang='lat'><strong>:</strong></span> <span class='ocrx_word' id='word_1_743' title='bbox 473 2419 570 2447; x_wconf 73' lang='lat' dir='ltr'><strong>Estate</strong></span> <span class='ocrx_word' id='word_1_744' title='bbox 584 2421 700 2455; x_wconf 70' lang='lat' dir='ltr'><strong>per/ecta</strong></span> <span class='ocrx_word' id='word_1_745' title='bbox 715 2422 788 2448; x_wconf 71' lang='lat' dir='ltr'><strong>sicut</strong></span> <span class='ocrx_word' id='word_1_746' title='bbox 813 2423 839 2449; x_wconf 77' lang='lat' dir='ltr'><strong>et</strong></span> <span class='ocrx_word' id='word_1_747' title='bbox 853 2422 934 2450; x_wconf 83' lang='lat' dir='ltr'><strong>Pater</strong></span> <span class='ocrx_word' id='word_1_748' title='bbox 947 2430 994 2450; x_wconf 78' lang='lat' dir='ltr'><strong>ve—</strong></span> 
     </span>
    </p>
   </div>
   <div class='ocr_carea' id='block_1_99' title="bbox 1050 2327 1875 2370">
    <p class='ocr_par' dir='ltr' id='par_1_99' title="bbox 1050 2327 1875 2370">
     <span class='ocr_line' id='line_1_100' title="bbox 1050 2327 1875 2370; baseline -0.005 -12"><span class='ocrx_word' id='word_1_749' title='bbox 1050 2332 1063 2358; x_wconf 82' lang='grc' dir='ltr'>ὁ</span> <span class='ocrx_word' id='word_1_750' title='bbox 1081 2332 1175 2370; x_wconf 75' lang='grc' dir='ltr'>Πατὴρ</span> <span class='ocrx_word' id='word_1_751' title='bbox 1192 2332 1267 2368; x_wconf 81' lang='grc' dir='ltr'>ὑμῶν</span> <span class='ocrx_word' id='word_1_752' title='bbox 1288 2332 1302 2359; x_wconf 89' lang='grc' dir='ltr'>ὁ</span> <span class='ocrx_word' id='word_1_753' title='bbox 1316 2332 1442 2370; x_wconf 73' lang='grc' dir='ltr'>οὐράνιος</span> <span class='ocrx_word' id='word_1_754' title='bbox 1456 2331 1560 2362; x_wconf 76' lang='grc' dir='ltr'>τέλειός</span> <span class='ocrx_word' id='word_1_755' title='bbox 1578 2331 1658 2358; x_wconf 80' lang='grc' dir='ltr'>ἐστιν·</span> <span class='ocrx_word' id='word_1_756' title='bbox 1676 2329 1717 2357; x_wconf 72' lang='grc' dir='ltr'>δτι</span> <span class='ocrx_word' id='word_1_757' title='bbox 1732 2329 1777 2357; x_wconf 89' lang='grc' dir='ltr'><strong>τὸν</strong></span> <span class='ocrx_word' id='word_1_758' title='bbox 1793 2327 1875 2363; x_wconf 79' lang='grc' dir='ltr'>ἥλιον</span> 
     </span>
    </p>
   </div>
   <div class='ocr_carea' id='block_1_100' title="bbox 1049 2373 1878 2414">
    <p class='ocr_par' dir='ltr' id='par_1_100' title="bbox 1049 2373 1878 2414">
     <span class='ocr_line' id='line_1_101' title="bbox 1049 2373 1878 2414; baseline -0.005 -10"><span class='ocrx_word' id='word_1_759' title='bbox 1049 2377 1134 2404; x_wconf 82' lang='grc' dir='ltr'>αὐτοῦ</span> <span class='ocrx_word' id='word_1_760' title='bbox 1150 2375 1293 2404; x_wconf 76' lang='grc' dir='ltr'>ἀνατέλλει</span> <span class='ocrx_word' id='word_1_761' title='bbox 1310 2376 1353 2404; x_wconf 84' lang='grc' dir='ltr'><strong>ἐπὶ</strong></span> <span class='ocrx_word' id='word_1_762' title='bbox 1369 2376 1507 2414; x_wconf 72' lang='grc' dir='ltr'>πονηροὺς</span> <span class='ocrx_word' id='word_1_763' title='bbox 1522 2375 1566 2404; x_wconf 83' lang='grc' dir='ltr'><strong>καὶ</strong></span> <span class='ocrx_word' id='word_1_764' title='bbox 1583 2375 1710 2413; x_wconf 72' lang='grc' dir='ltr'>ἀγαθοὺς,</span> <span class='ocrx_word' id='word_1_765' title='bbox 1721 2374 1765 2402; x_wconf 87' lang='grc' dir='ltr'><strong>καὶ</strong></span> <span class='ocrx_word' id='word_1_766' title='bbox 1783 2373 1878 2412; x_wconf 74' lang='grc' dir='ltr'>βρέχει</span> 
     </span>
    </p>
   </div>
   <div class='ocr_carea' id='block_1_101' title="bbox 1050 2419 1428 2453">
    <p class='ocr_par' dir='ltr' id='par_1_101' title="bbox 1050 2419 1428 2453">
     <span class='ocr_line' id='line_1_102' title="bbox 1050 2419 1428 2453; baseline 0.003 -5"><span class='ocrx_word' id='word_1_767' title='bbox 1050 2420 1094 2449; x_wconf 79' lang='grc' dir='ltr'><strong>ἐπὶ</strong></span> <span class='ocrx_word' id='word_1_768' title='bbox 1111 2420 1232 2453; x_wconf 82' lang='grc' dir='ltr'>δικαίους</span> <span class='ocrx_word' id='word_1_769' title='bbox 1245 2421 1289 2449; x_wconf 79' lang='grc' dir='ltr'><strong>καὶ</strong></span> <span class='ocrx_word' id='word_1_770' title='bbox 1307 2419 1428 2453; x_wconf 81' lang='grc' dir='ltr'>ἀδίκους.</span> 
     </span>
    </p>
   </div>
   <div class='ocr_carea' id='block_1_102' title="bbox 171 2460 1878 2504">
    <p class='ocr_par' dir='ltr' id='par_1_102' title="bbox 171 2460 1878 2504">
     <span class='ocr_line' id='line_1_103' title="bbox 171 2460 1878 2504; baseline 0.002 -17"><span class='ocrx_word' id='word_1_771' title='bbox 171 2464 227 2488; x_wconf 73' lang='grc' dir='ltr'><em>δίεν</em></span> <span class='ocrx_word' id='word_1_772' title='bbox 249 2460 370 2489; x_wconf 63' lang='lat' dir='ltr'><strong>caelesti:</strong></span> <span class='ocrx_word' id='word_1_773' title='bbox 397 2463 533 2498; x_wconf 70' lang='lat' dir='ltr'><strong>perfectus</strong></span> <span class='ocrx_word' id='word_1_774' title='bbox 562 2467 625 2495; x_wconf 76' lang='lat' dir='ltr'><strong>est;</strong></span> <span class='ocrx_word' id='word_1_775' title='bbox 649 2465 714 2500; x_wconf 82' lang='lat' dir='ltr'><strong>quia</strong></span> <span class='ocrx_word' id='word_1_776' title='bbox 737 2466 822 2494; x_wconf 79' lang='lat' dir='ltr'><strong>salem</strong></span> <span class='ocrx_word' id='word_1_777' title='bbox 847 2474 928 2494; x_wconf 81' lang='lat' dir='ltr'><strong>suum</strong></span> <span class='ocrx_word' id='word_1_778' title='bbox 953 2466 1026 2495; x_wconf 80' lang='grc' dir='ltr'><strong>συίνὶ</strong></span> <span class='ocrx_word' id='word_1_779' title='bbox 1056 2467 1126 2503; x_wconf 74' lang='lat' dir='ltr'><strong>facit</strong></span> <span class='ocrx_word' id='word_1_780' title='bbox 1153 2476 1238 2504; x_wconf 73' lang='lat' dir='ltr'><strong>super</strong></span> <span class='ocrx_word' id='word_1_781' title='bbox 1261 2467 1348 2495; x_wconf 71' lang='lat' dir='ltr'><strong>malo:</strong></span> <span class='ocrx_word' id='word_1_782' title='bbox 1377 2468 1401 2495; x_wconf 80' lang='lat' dir='ltr'><strong>et</strong></span> <span class='ocrx_word' id='word_1_783' title='bbox 1417 2467 1512 2501; x_wconf 79' lang='lat' dir='ltr'><strong>bonos,</strong></span> <span class='ocrx_word' id='word_1_784' title='bbox 1527 2470 1552 2494; x_wconf 81' lang='lat' dir='ltr'><strong>et</strong></span> <span class='ocrx_word' id='word_1_785' title='bbox 1562 2466 1636 2502; x_wconf 78' lang='lat' dir='ltr'><strong>pluit</strong></span> <span class='ocrx_word' id='word_1_786' title='bbox 1651 2464 1828 2501; x_wconf 70' lang='lat' dir='ltr'><strong>superjuslo:</strong></span> <span class='ocrx_word' id='word_1_787' title='bbox 1852 2464 1878 2491; x_wconf 78' lang='lat' dir='ltr'><strong>et</strong></span> 
     </span>
    </p>
   </div>
   <div class='ocr_carea' id='block_1_103' title="bbox 170 2505 329 2541">
    <p class='ocr_par' dir='ltr' id='par_1_103' title="bbox 170 2505 329 2541">
     <span class='ocr_line' id='line_1_104' title="bbox 170 2505 329 2541; baseline 0.006 -9"><span class='ocrx_word' id='word_1_788' title='bbox 170 2505 280 2541; x_wconf 74' lang='lat' dir='ltr'><strong>iniquo:</strong></span> <span class='ocrx_word' id='word_1_789' title='bbox 297 2506 329 2533; x_wconf 84' lang='grc'><strong>¹².</strong></span> 
     </span>
    </p>
   </div>
   <div class='ocr_carea' id='block_1_104' title="bbox 209 2549 996 2592">
    <p class='ocr_par' dir='ltr' id='par_1_104' title="bbox 209 2549 996 2592">
     <span class='ocr_line' id='line_1_105' title="bbox 209 2549 996 2592; baseline 0.011 -16"><span class='ocrx_word' id='word_1_790' title='bbox 209 2550 255 2577; x_wconf 85' lang='grc'><strong>21.</strong></span> <span class='ocrx_word' id='word_1_791' title='bbox 273 2549 381 2579; x_wconf 85' lang='lat' dir='ltr'><strong>Vidisti</strong></span> <span class='ocrx_word' id='word_1_792' title='bbox 397 2551 516 2580; x_wconf 80' lang='lat' dir='ltr'><strong>ubinam</strong></span> <span class='ocrx_word' id='word_1_793' title='bbox 533 2554 560 2580; x_wconf 90' lang='lat' dir='ltr'><strong>et</strong></span> <span class='ocrx_word' id='word_1_794' title='bbox 576 2554 692 2589; x_wconf 86' lang='lat' dir='ltr'><strong>quando</strong></span> <span class='ocrx_word' id='word_1_795' title='bbox 716 2555 858 2584; x_wconf 86' lang='lat' dir='ltr'><strong>Dominus</strong></span> <span class='ocrx_word' id='word_1_796' title='bbox 874 2555 902 2584; x_wconf 89' lang='lat' dir='ltr'><strong>id</strong></span> <span class='ocrx_word' id='word_1_797' title='bbox 919 2557 996 2592; x_wconf 89' lang='lat' dir='ltr'><strong>quod</strong></span> 
     </span>
    </p>
   </div>
   <div class='ocr_carea' id='block_1_105' title="bbox 175 2594 997 2636">
    <p class='ocr_par' dir='ltr' id='par_1_105' title="bbox 175 2594 997 2636">
     <span class='ocr_line' id='line_1_106' title="bbox 175 2594 997 2636; baseline 0.011 -15"><span class='ocrx_word' id='word_1_798' title='bbox 175 2595 220 2622; x_wconf 89' lang='lat' dir='ltr'><strong>est</strong></span> <span class='ocrx_word' id='word_1_799' title='bbox 235 2594 271 2622; x_wconf 84' lang='lat' dir='ltr'><strong>ad</strong></span> <span class='ocrx_word' id='word_1_800' title='bbox 288 2594 517 2625; x_wconf 85' lang='lat' dir='ltr'><strong>similitudinem</strong></span> <span class='ocrx_word' id='word_1_801' title='bbox 539 2598 623 2626; x_wconf 89' lang='lat' dir='ltr'><strong>nobis</strong></span> <span class='ocrx_word' id='word_1_802' title='bbox 649 2599 831 2628; x_wconf 80' lang='lat' dir='ltr'><strong>reddiderit?</strong></span> <span class='ocrx_word' id='word_1_803' title='bbox 861 2601 997 2636; x_wconf 80' lang='lat' dir='ltr'><strong>Quoniam</strong></span> 
     </span>
    </p>
   </div>
   <div class='ocr_carea' id='block_1_106' title="bbox 174 2638 997 2682">
    <p class='ocr_par' dir='ltr' id='par_1_106' title="bbox 174 2638 997 2682">
     <span class='ocr_line' id='line_1_107' title="bbox 174 2638 997 2682; baseline 0.011 -16"><span class='ocrx_word' id='word_1_804' title='bbox 174 2638 257 2667; x_wconf 74' lang='lat' dir='ltr'><strong>solem</strong></span> <span class='ocrx_word' id='word_1_805' title='bbox 272 2648 353 2668; x_wconf 78' lang='lat' dir='ltr'><strong>suum</strong></span> <span class='ocrx_word' id='word_1_806' title='bbox 365 2641 436 2668; x_wconf 79' lang='lat' dir='ltr'><strong>oriri</strong></span> <span class='ocrx_word' id='word_1_807' title='bbox 448 2642 518 2676; x_wconf 77' lang='lat' dir='ltr'><strong>facit</strong></span> <span class='ocrx_word' id='word_1_808' title='bbox 533 2650 615 2679; x_wconf 71' lang='lat' dir='ltr'><strong>super</strong></span> <span class='ocrx_word' id='word_1_809' title='bbox 638 2644 724 2673; x_wconf 77' lang='lat' dir='ltr'><strong>malos</strong></span> <span class='ocrx_word' id='word_1_810' title='bbox 738 2647 764 2673; x_wconf 75' lang='lat' dir='ltr'><strong>et</strong></span> <span class='ocrx_word' id='word_1_811' title='bbox 780 2646 871 2679; x_wconf 77' lang='lat' dir='ltr'><strong>bonos,</strong></span> <span class='ocrx_word' id='word_1_812' title='bbox 888 2650 913 2674; x_wconf 78' lang='lat' dir='ltr'><strong>et</strong></span> <span class='ocrx_word' id='word_1_813' title='bbox 924 2647 997 2682; x_wconf 78' lang='lat' dir='ltr'><strong>pluit</strong></span> 
     </span>
    </p>
   </div>
   <div class='ocr_carea' id='block_1_107' title="bbox 174 2685 996 2727">
    <p class='ocr_par' dir='ltr' id='par_1_107' title="bbox 174 2685 996 2727">
     <span class='ocr_line' id='line_1_108' title="bbox 174 2685 996 2727; baseline 0.012 -17"><span class='ocrx_word' id='word_1_814' title='bbox 174 2691 259 2720; x_wconf 75' lang='lat' dir='ltr'><strong>super</strong></span> <span class='ocrx_word' id='word_1_815' title='bbox 268 2685 358 2720; x_wconf 64' lang='lat' dir='ltr'><strong>junco:</strong></span> <span class='ocrx_word' id='word_1_816' title='bbox 372 2687 397 2713; x_wconf 82' lang='lat' dir='ltr'><strong>et</strong></span> <span class='ocrx_word' id='word_1_817' title='bbox 414 2686 533 2722; x_wconf 70' lang='lat' dir='ltr'><strong>iniquos.</strong></span> <span class='ocrx_word' id='word_1_818' title='bbox 549 2687 578 2715; x_wconf 80' lang='lat' dir='ltr'><strong>Si</strong></span> <span class='ocrx_word' id='word_1_819' title='bbox 593 2688 688 2717; x_wconf 83' lang='lat' dir='ltr'><strong>oderis</strong></span> <span class='ocrx_word' id='word_1_820' title='bbox 699 2690 819 2726; x_wconf 79' lang='lat' dir='ltr'><strong>scelera,</strong></span> <span class='ocrx_word' id='word_1_821' title='bbox 836 2691 861 2719; x_wconf 83' lang='lat' dir='ltr'><strong>si</strong></span> <span class='ocrx_word' id='word_1_822' title='bbox 875 2691 996 2727; x_wconf 80' lang='lat' dir='ltr'><strong>injuria-</strong></span> 
     </span>
    </p>
   </div>
   <div class='ocr_carea' id='block_1_108' title="bbox 212 2755 510 2792">
    <p class='ocr_par' dir='ltr' id='par_1_108' title="bbox 212 2755 510 2792">
     <span class='ocr_line' id='line_1_109' title="bbox 212 2755 510 2792; baseline 0.013 -9"><span class='ocrx_word' id='word_1_823' title='bbox 212 2755 234 2772; x_wconf 75' lang='grc' dir='ltr'>ιι</span> <span class='ocrx_word' id='word_1_824' title='bbox 247 2756 351 2784; x_wconf 84' lang='lat' dir='ltr'><strong>Matth.</strong></span> <span class='ocrx_word' id='word_1_825' title='bbox 367 2765 393 2792; x_wconf 86' lang='grc' dir='ltr'>ν,</span> <span class='ocrx_word' id='word_1_826' title='bbox 406 2757 451 2792; x_wconf 78' lang='grc'><strong>48,</strong></span> <span class='ocrx_word' id='word_1_827' title='bbox 466 2759 510 2787; x_wconf 71' lang='lat'><strong>45.</strong></span> 
     </span>
    </p>
   </div>
   <div class='ocr_carea' id='block_1_109' title="bbox 209 2826 974 2871">
    <p class='ocr_par' dir='ltr' id='par_1_109' title="bbox 209 2826 974 2871">
     <span class='ocr_line' id='line_1_110' title="bbox 209 2826 974 2871; baseline 0.014 -17"><span class='ocrx_word' id='word_1_828' title='bbox 209 2826 248 2863; x_wconf 87' lang='lat' dir='ltr'><strong>(a)</strong></span> <span class='ocrx_word' id='word_1_829' title='bbox 260 2827 312 2855; x_wconf 85' lang='lat' dir='ltr'><strong>Hic</strong></span> <span class='ocrx_word' id='word_1_830' title='bbox 327 2828 428 2858; x_wconf 83' lang='lat' dir='ltr'><strong>deesse</strong></span> <span class='ocrx_word' id='word_1_831' title='bbox 439 2830 553 2860; x_wconf 82' lang='lat' dir='ltr'><strong>videtur</strong></span> <span class='ocrx_word' id='word_1_832' title='bbox 568 2829 651 2868; x_wconf 80' lang='grc' dir='ltr'>ὦμεν,</span> <span class='ocrx_word' id='word_1_833' title='bbox 668 2832 712 2862; x_wconf 83' lang='lat' dir='ltr'><strong>vel</strong></span> <span class='ocrx_word' id='word_1_834' title='bbox 726 2833 783 2863; x_wconf 81' lang='lat' dir='ltr'><strong>tale</strong></span> <span class='ocrx_word' id='word_1_835' title='bbox 798 2834 879 2871; x_wconf 91' lang='lat' dir='ltr'><strong>quid.</strong></span> <span class='ocrx_word' id='word_1_836' title='bbox 895 2835 974 2865; x_wconf 83' lang='lat' dir='ltr'><strong>Eorr.</strong></span> 
     </span>
    </p>
   </div>
   <div class='ocr_carea' id='block_1_110' title="bbox 1088 2551 1880 2590">
    <p class='ocr_par' dir='ltr' id='par_1_110' title="bbox 1088 2551 1880 2590">
     <span class='ocr_line' id='line_1_111' title="bbox 1088 2551 1880 2590; baseline -0.006 -6"><span class='ocrx_word' id='word_1_837' title='bbox 1088 2557 1132 2584; x_wconf 79' lang='lat' dir='ltr'><strong>2i.</strong></span> <span class='ocrx_word' id='word_1_838' title='bbox 1146 2554 1223 2587; x_wconf 76' lang='grc' dir='ltr'>Εἶδες</span> <span class='ocrx_word' id='word_1_839' title='bbox 1248 2557 1300 2583; x_wconf 84' lang='grc' dir='ltr'>ποῦ</span> <span class='ocrx_word' id='word_1_840' title='bbox 1325 2555 1369 2583; x_wconf 86' lang='grc' dir='ltr'><strong>καὶ</strong></span> <span class='ocrx_word' id='word_1_841' title='bbox 1394 2554 1461 2582; x_wconf 80' lang='grc' dir='ltr'>πότε</span> <span class='ocrx_word' id='word_1_842' title='bbox 1485 2553 1650 2582; x_wconf 77' lang='grc' dir='ltr'>ἀποδίδωσιν</span> <span class='ocrx_word' id='word_1_843' title='bbox 1665 2554 1731 2590; x_wconf 77' lang='grc' dir='ltr'>ἡμῖν</span> <span class='ocrx_word' id='word_1_844' title='bbox 1750 2553 1763 2580; x_wconf 85' lang='grc' dir='ltr'>ὂ</span> <span class='ocrx_word' id='word_1_845' title='bbox 1779 2551 1880 2589; x_wconf 72' lang='grc' dir='ltr'>Κύριος</span> 
     </span>
    </p>
   </div>
   <div class='ocr_carea' id='block_1_111' title="bbox 1052 2595 1880 2638">
    <p class='ocr_par' dir='ltr' id='par_1_111' title="bbox 1052 2595 1880 2638">
     <span class='ocr_line' id='line_1_112' title="bbox 1052 2595 1880 2638; baseline -0.006 -10"><span class='ocrx_word' id='word_1_846' title='bbox 1052 2600 1085 2628; x_wconf 77' lang='grc' dir='ltr'><strong>τὸ</strong></span> <span class='ocrx_word' id='word_1_847' title='bbox 1110 2601 1169 2632; x_wconf 84' lang='grc' dir='ltr'>καθ’</span> <span class='ocrx_word' id='word_1_848' title='bbox 1199 2600 1353 2638; x_wconf 78' lang='grc' dir='ltr'>ὁμοίωσιν;</span> <span class='ocrx_word' id='word_1_849' title='bbox 1383 2601 1444 2628; x_wconf 85' lang='grc' dir='ltr'>’Ότι</span> <span class='ocrx_word' id='word_1_850' title='bbox 1472 2600 1518 2627; x_wconf 79' lang='grc' dir='ltr'><strong>τὸν</strong></span> <span class='ocrx_word' id='word_1_851' title='bbox 1548 2599 1628 2634; x_wconf 70' lang='grc' dir='ltr'><strong>¹ἥλιον</strong></span> <span class='ocrx_word' id='word_1_852' title='bbox 1659 2598 1741 2626; x_wconf 76' lang='grc' dir='ltr'>αὐτοῦ</span> <span class='ocrx_word' id='word_1_853' title='bbox 1768 2595 1880 2624; x_wconf 75' lang='grc' dir='ltr'>ἀνατέλ-</span> 
     </span>
    </p>
   </div>
   <div class='ocr_carea' id='block_1_112' title="bbox 1053 2639 1880 2683">
    <p class='ocr_par' dir='ltr' id='par_1_112' title="bbox 1053 2639 1880 2683">
     <span class='ocr_line' id='line_1_113' title="bbox 1053 2639 1880 2683; baseline -0.006 -10"><span class='ocrx_word' id='word_1_854' title='bbox 1053 2645 1095 2673; x_wconf 86' lang='grc' dir='ltr'><strong>λει</strong></span> <span class='ocrx_word' id='word_1_855' title='bbox 1127 2645 1169 2673; x_wconf 72' lang='grc' dir='ltr'><strong>ἐπὶ</strong></span> <span class='ocrx_word' id='word_1_856' title='bbox 1195 2645 1334 2683; x_wconf 79' lang='grc' dir='ltr'>πονηροὺς</span> <span class='ocrx_word' id='word_1_857' title='bbox 1360 2645 1407 2673; x_wconf 72' lang='grc' dir='ltr'><strong>καὶ</strong></span> <span class='ocrx_word' id='word_1_858' title='bbox 1422 2643 1552 2682; x_wconf 73' lang='grc' dir='ltr'>ἀγαθοὺς,</span> <span class='ocrx_word' id='word_1_859' title='bbox 1568 2644 1612 2671; x_wconf 87' lang='grc' dir='ltr'><strong>καὶ</strong></span> <span class='ocrx_word' id='word_1_860' title='bbox 1643 2643 1738 2682; x_wconf 78' lang='grc' dir='ltr'>βρέχει</span> <span class='ocrx_word' id='word_1_861' title='bbox 1766 2641 1809 2670; x_wconf 80' lang='grc' dir='ltr'>ἐπὶ</span> <span class='ocrx_word' id='word_1_862' title='bbox 1838 2639 1880 2668; x_wconf 83' lang='grc' dir='ltr'><strong>δι-</strong></span> 
     </span>
    </p>
   </div>
   <div class='ocr_carea' id='block_1_113' title="bbox 1056 2686 1882 2727">
    <p class='ocr_par' dir='ltr' id='par_1_113' title="bbox 1056 2686 1882 2727">
     <span class='ocr_line' id='line_1_114' title="bbox 1056 2686 1882 2727; baseline -0.006 -9"><span class='ocrx_word' id='word_1_863' title='bbox 1056 2689 1149 2722; x_wconf 80' lang='grc' dir='ltr'>καίους</span> <span class='ocrx_word' id='word_1_864' title='bbox 1176 2691 1221 2718; x_wconf 86' lang='grc' dir='ltr'><strong>καὶ</strong></span> <span class='ocrx_word' id='word_1_865' title='bbox 1249 2689 1369 2722; x_wconf 76' lang='grc' dir='ltr'>ἀδίκους.</span> <span class='ocrx_word' id='word_1_866' title='bbox 1400 2689 1461 2718; x_wconf 79' lang='grc' dir='ltr'><strong>Ἐὰν</strong></span> <span class='ocrx_word' id='word_1_867' title='bbox 1489 2688 1550 2727; x_wconf 65' lang='grc' dir='ltr'>γίνῃ</span> <span class='ocrx_word' id='word_1_868' title='bbox 1582 2689 1779 2726; x_wconf 76' lang='grc' dir='ltr'>μισοπόνηρος,</span> <span class='ocrx_word' id='word_1_869' title='bbox 1794 2686 1882 2723; x_wconf 82' lang='grc' dir='ltr'>ἀμνη-</span> 
     </span>
    </p>
   </div>
  </div>
