2018 3146
130 134 166 165 33
623 129 675 159 DE
696 127 859 159 HOMINIS
881 125 1118 157 STRUCTURA
1141 125 1288 157 ORATIO
1309 127 1334 157 l.
1796 130 1836 159 34

131 198 246 233 σίκακος,
273 197 311 234 μὴ
337 195 508 233 ἀμυνόμενος
531 195 576 222 τὸν
593 194 701 239 ἐχθρὸν,
721 193 758 230 μή
777 191 952 239 μεμνημένος

1010 199 1076 219 rum
1092 191 1263 220 memoriam
1278 192 1430 229 deleveris,
1447 194 1562 222 hostem
1589 195 1665 223 haud
1682 195 1834 239 ulciscare,

129 244 174 278 τῆς
188 243 289 280 χθιζῆς
305 239 416 279 ἔχθρας·
431 240 475 268 ἐὰν
491 239 554 278 γένῃ
583 237 762 278 φιλάδελφος,
792 237 948 274 συμπαθὴς,

131 286 277 324 ὡμοιώθης
294 288 361 321 Θεῷ.
389 285 450 313 Ἐὰν
467 284 526 315 οἷός
541 284 612 312 ἐστιν
629 283 673 311 ἐπὶ
689 283 718 310 σὲ
746 283 790 310 τὸν
821 282 949 319 ἀμαρτω-

133 332 178 359 λὺν
195 331 209 359 ὁ
232 331 307 364 Θεὸς,
331 330 376 357 τὸν
407 328 607 366 ἐναντιούμενον
635 328 708 364 αὐτῷ
736 328 796 355 καθ’
824 327 949 362 ἑκάστην,

133 377 256 406 τοιοῦτος
284 374 345 412 γένῃ
372 373 415 402 ἐπὶ
431 374 475 401 τὸν
490 373 526 405 εἰς
544 374 573 401 σὲ
592 371 854 409 πεπλημμεληκότα
869 369 953 398 ἀδελ-

136 421 194 459 ῳὸν,
221 420 255 455 τῇ
281 418 373 455 τελείᾳ
385 419 474 456 ἀγαπῃ
499 417 544 445 καὶ
567 420 602 455 τῇ
631 418 698 456 πρὸς
712 417 758 444 τὸν
774 415 891 451 πλησίον
909 415 952 442 εύ-

139 463 297 502 σπλαγχνίᾳ,
328 462 477 500 ὡμοιώθης
493 465 562 499 θεῷ.
583 463 664 489 Ὥστε
677 462 708 489 τὸ
723 461 780 489 κατ’
796 461 887 488 εἰκόνα
904 460 951 496 μὶν

138 508 205 546 ἔχεις
230 507 259 535 ἐκ
274 508 322 534 τοῦ
343 507 453 544 λογικὸς
483 506 560 533 εἴναι·
588 507 643 538 κςθ¹
673 506 803 542 ὁμοίωσιν
833 503 861 531 δὲ
880 503 952 541 γένῃ,

137 553 163 580 ἐκ
187 554 233 580 τοῦ
261 551 439 590 χρηστότητα
468 547 624 579 ἀναλαϐεῖν.
652 547 783 578 ’Λνάλαϐε
807 550 953 586 τοιγαροῦν

137 596 274 634 σπλάγχνα
317 595 479 633 οἰκτιρμοῦ,
522 593 719 632 χρηστότητα,
760 592 807 621 ’ίτα
857 591 953 629 ἐνδύσῃ

133 641 252 679 Χριστόν·
283 639 318 668 δι’
343 641 380 668 ὧν
407 640 459 678 γὰρ
485 637 683 676 ἀναλαμϐάνῃς
698 639 747 674 τὴν
764 637 951 676 χρηστότητα,

133 685 174 713 διὰ
184 685 287 713 τούτων
304 683 383 722 ἐνδύῃ
397 684 520 722 Χριστὸν,
535 684 579 711 καὶ
594 686 628 721 τῇ
644 683 711 722 πρὸς
735 682 814 710 αὐτὸν
846 682 953 709 οἰκειώ-

132 740 168 757 σει
192 729 380 766 οἰκειούμενος
408 730 475 764 Θεῷ.
499 727 591 759 Οὕτως
613 729 631 763 ἡ
655 727 760 765 ἱστορία
784 729 834 761 τῆς
850 727 952 764 ἀνθρω-

132 774 210 809 πίνης
225 773 351 804 πλάσεως
367 771 506 803 παίδιυσίς
521 773 577 800 ἐστι
594 774 640 799 τοῦ
659 772 718 809 βίου
733 773 782 799 τοῦ
806 770 952 809 ἡμετέρου.

134 819 292 854 Ποιήσωμεν
331 816 474 855 ἄνθρωπον
513 818 575 844 κατ’
612 816 702 844 εἰκόνα
739 816 873 853 ἡμετέραν
909 815 952 842 καὶ

132 863 188 890 καθ’
217 862 361 899 ὁμοίωσιν.
391 861 497 899 Ἐχέτω
525 861 553 889 έτ
581 861 649 898 αὑτῇ
679 863 713 898 τῇ
739 860 823 889 κτίσει
849 859 880 887 τι)
895 860 953 887 κατ’

1007 236 1031 264 si
1047 236 1190 265 hesterna:
1216 237 1375 266 simultatis
1400 240 1487 275 atque
1508 239 1566 266 odii
1592 240 1761 268 recordatus
1777 236 1835 268 non

1007 281 1097 309 fueris
1113 289 1119 309 :
1137 282 1162 309 si
1179 282 1297 310 fratrem
1312 291 1410 311 amore
1425 292 1458 311 ac
1469 284 1657 312 miseratione
1669 285 1757 313 fueris
1769 294 1835 321 pro-

1007 329 1136 360 secutus,
1154 327 1211 354 Deo
1229 327 1336 356 similis
1348 328 1478 355 evasisti.
1490 328 1518 356 Si
1536 337 1569 356 ex
1582 330 1680 356 animo
1696 329 1837 358 dimisisti

1006 371 1137 405 inimico,
1156 373 1211 399 Deo
1227 371 1333 400 similis
1350 372 1463 401 existis.
1482 372 1512 401 Si
1530 373 1626 409 qualis
1642 381 1709 410 erga
1725 376 1753 401 te
1767 383 1834 409 pcc-

1008 416 1079 443 catis
1094 416 1252 443 obnoxium
1269 417 1345 444 Deus
1360 419 1416 449 est,
1432 417 1482 453 qui
1497 417 1628 453 quotidie
1646 417 1687 445 illi
1702 419 1838 446 adverse-

1007 459 1058 494 ris,
1076 460 1143 487 talis
1159 463 1186 487 et
1199 459 1261 496 ipse
1286 469 1355 497 erga
1378 461 1498 489 fratrem
1515 463 1543 489 in
1561 465 1589 489 te
1617 462 1836 498 deliuquentem

1008 505 1144 537 afﬁciare,
1162 505 1266 532 affectu
1286 505 1334 533 illo
1359 506 1528 534 miserantis
1550 507 1640 534 animi
1657 515 1724 542 erga
1740 508 1838 542 proxi-

1009 557 1101 583 mum,
1118 549 1176 577 Deo
1188 549 1293 577 similis
1304 551 1426 578 effectus
1441 559 1482 578 es.
1495 551 1690 584 Quamobrem
1703 551 1781 588 quod
1794 553 1839 579 est

1009 594 1043 622 ad
1057 593 1213 629 imaginem
1226 593 1293 622 inde
1305 595 1406 628 habes,
1420 596 1497 632 quod
1510 596 1621 623 ratione
1633 596 1772 631 przeditus
1785 604 1835 624 es:

1008 638 1133 666 afﬁceris
1149 647 1215 666 vero
1231 639 1266 666 ad
1278 638 1516 674 similitudinem,
1530 648 1563 668 ex
1574 648 1607 667 eo
1618 641 1694 676 quod
1708 640 1839 676 benigni-

1008 685 1098 710 tatem
1111 683 1249 710 assumis.
1263 686 1389 711 Assume
1400 684 1500 720 itaque
1512 686 1616 711 viscera
1629 685 1837 720 misericordia,

1009 727 1203 763 benignitatem
1216 727 1246 763 ’³,
1264 729 1295 755 ut
1310 727 1458 756 Christum
1486 728 1601 756 induas.
1626 729 1738 762 Quibus
1759 729 1838 757 enim

1009 771 1218 807 benignitatem
1236 772 1376 806 assumis,
1389 772 1425 800 iis
1436 773 1585 800 Christum
1602 773 1722 807 induis;
1739 776 1768 801 et
1780 782 1838 809 qua

1009 816 1051 844 illi
1064 816 1280 844 necessitudine
1291 817 1490 853 conjungeris,
1504 826 1568 845 cum
1584 819 1640 845 Deo
1650 818 1839 846 necessitudi-

1011 869 1076 888 nem
1092 860 1252 888 contrahis.
1276 862 1307 888 In
1334 861 1411 889 hunc
1430 863 1550 890 modum
1575 862 1703 890 hominis
1721 863 1837 891 formati

133 891 364 944 ᾐόνα-[γενέσθω
381 904 409 934 δὲ
423 891 468 933 καὶ
484 906 542 937 καθ’
560 891 693 942 ὁμοίωσιν
701 891 712 898 ν
724 904 768 932 διὰ
788 908 839 940 τῆς
855 904 952 936 οἰκείας

1010 905 1144 938 historia,
1171 905 1234 933 vitae
1263 908 1369 934 nostra:
1395 906 1530 934 formatio
1559 909 1603 935 est
1623 915 1654 934 ac
1670 907 1838 943 disciplina.

134 950 264 986 σπουδῆς.
280 949 372 985 ἐπειδὴ
400 951 451 985 τήν
475 948 588 986 δύναμιν
605 949 703 977 τούτου
727 948 785 987 ἔχει
801 949 828 976 έν
857 949 891 986 τῇ
914 948 954 976 οἰ-

133 995 190 1032 κείᾳ
205 995 279 1035 φύσει
305 992 408 1022 λαϐών.
422 994 455 1022 Εἰ
472 994 583 1030 Errat-qna
607 994 666 1026 καθ’
694 994 825 1030 ὁμοίωσιν
848 995 914 1021 Θεοῦ
930 993 955 1028 ἐξ

131 1040 231 1078 ἀρχῆς,
257 1042 310 1067 ποῦ
337 1050 386 1066 σου
411 1040 428 1074 ἡ
455 1038 556 1077 χάρις;
573 1038 653 1070 πόθεν
671 1038 699 1065 ἄν
731 1038 762 1065 σὺ
787 1038 954 1077 ἐστεφανοῦς

130 1085 162 1113 Εἰ
176 1085 227 1123 γὰρ
243 1085 257 1112 ὁ
283 1085 455 1122 Δημιουργός
473 1083 504 1111 τὸ
526 1083 592 1111 ὅλον
608 1085 642 1120 τῇ
657 1083 733 1122 φύσει
749 1081 881 1117 ἀπέδωκε,
896 1085 955 1113 πῶς

130 1128 159 1156 ἃν
176 1140 218 1156 σοι
235 1130 253 1164 ἡ
271 1128 396 1167 βασιλεία
411 1131 465 1156 τῶν
481 1127 602 1165 οὐρανῶν
619 1127 744 1166 ὴνοίγετο
758 1137 764 1162 ;
791 1129 843 1154 Νὖν
861 1126 900 1162 δὲ,
923 1128 955 1155 τὸ

132 1174 179 1210 μὲν
196 1173 287 1208 ἐδόθη⁴
306 1173 338 1201 τὸ
354 1172 382 1200 δὲ
398 1172 491 1204 ἀτελὲς
514 1172 691 1211 κατελείφθη·
716 1171 762 1199 ’ίνα
789 1172 898 1199 σεαυτὸν
915 1182 956 1198 τε-

130 1217 259 1252 λειώσας,
289 1216 364 1252 ἄξιος
387 1216 450 1254 γένῃ
471 1221 521 1252 τῆς
546 1217 619 1254 παρὰ
637 1218 686 1244 τοῦ
702 1218 768 1244 Θεοῦ
789 1215 956 1253 μισθαποδο-

129 1262 200 1293 σίας.
218 1265 279 1293 Πῶς
294 1261 340 1289 οὖν
356 1262 487 1300 γινόμεθα
501 1262 559 1289 καθ’
575 1261 706 1298 ὁμοίωσιν
720 1272 726 1296 ;
744 1261 792 1288 Διὰ
806 1263 854 1288 τοῦ
870 1261 956 1299 Εὐαγ-

129 1306 237 1344 γελίου.
256 1306 289 1334 Τί
312 1307 364 1345 γάρ
390 1305 445 1333 ἐστι
470 1305 699 1345 Χριστιανισμόςς
729 1307 795 1334 Θεοῦ
825 1305 958 1342 ὁμοίωσις

129 1351 200 1378 κατὰ
214 1350 245 1378 τὸ
260 1349 440 1389 ἐνδεχόμενον
463 1350 608 1387 ἀνθρώπου
634 1350 722 1389 φύσει.
739 1350 770 1378 Εἰ
788 1349 901 1386 ἀνεδέξω
925 1350 956 1377 τὺ

132 1395 202 1422 εἶναι
231 1395 401 1433 Χριστιανὸς,
434 1394 576 1432 ἆπιίχθητι
611 1394 731 1432 γενέσθαι
761 1395 857 1431 ὅμοιος
887 1396 955 1430 Θεῷ·

132 1437 240 1468 ἔνδυσαι
264 1439 388 1477 Χριστόν.
413 1441 473 1470 Πῶς
500 1438 529 1466 δὲ
553 1438 660 1476 ἐνδύσῃ,
685 1440 699 1466 ὁ
718 1439 755 1475 μὴ
772 1438 957 1477 σφραγισάμε-

131 1495 178 1515 νος
196 1493 204 1518 ;
220 1484 279 1514 πῶς
293 1482 399 1521 ἐνδύσῃ,
416 1484 430 1511 ὸ
448 1484 533 1520 μήπω
547 1483 578 1510 τὸ
597 1483 737 1521 βάπτισμα
761 1483 903 1521 sumpti)“
926 1483 957 1511 Ὁ

129 1528 182 1566 γὰρ
207 1528 238 1555 τὸ
265 1525 366 1564 ἔνδυμα
380 1531 429 1562 τῆς
455 1527 603 1567 ἀφθαρσίας
630 1528 667 1564 μὴ
693 1526 846 1564 δεξάμενος,
862 1526 957 1565 πύρῥω

1010 952 1158 979 Faciamus
1173 951 1310 979 hominem
1325 951 1363 979 ad
1392 952 1543 987 imaginem
1557 956 1684 980 nostram
1713 955 1738 980 et
1752 953 1787 980 ad
1799 954 1838 980 si-

1009 996 1209 1023 militudinem.
1223 996 1329 1024 Habeat
1343 996 1428 1024 homo
1439 996 1468 1023 in
1481 997 1546 1033 ipsa
1558 998 1751 1030 creatione,ut
1761 998 1838 1033 quod

1010 1042 1054 1068 est
1070 1041 1105 1068 ad
1122 1040 1291 1075 imaginem,
1309 1040 1359 1068 ﬁat
1374 1043 1402 1068 et
1426 1041 1459 1068 ad
1478 1041 1701 1069 similitudinem
1723 1042 1838 1077 proprio

1011 1085 1108 1112 studio
1119 1087 1210 1120 atque,
1219 1092 1307 1121 opera
1320 1094 1327 1119 ;
1339 1085 1447 1121 quippe
1460 1086 1507 1121 qui
1520 1086 1558 1113 rei
1569 1086 1657 1121 hujus
1668 1086 1835 1114 facultatem

1011 1129 1041 1156 in
1059 1129 1175 1165 propria
1191 1131 1296 1156 nactus
1314 1132 1418 1157 natura
1430 1130 1517 1157 est.Si
1530 1130 1606 1157 Deus
1621 1139 1636 1158 a
1648 1131 1791 1166 principio
1802 1131 1838 1158 ad

1012 1173 1237 1201 similitudinem
1263 1173 1389 1206 fecisset,
1416 1174 1536 1201 ubinam
1559 1177 1609 1203 tua
1634 1175 1706 1202 foret
1722 1175 1839 1211 gratia?

1011 1217 1084 1249 Quid
1102 1219 1179 1245 esset
1195 1218 1273 1244 unde
1284 1225 1390 1245 corona
1402 1219 1550 1246 donare-ris
1561 1219 1575 1246 ‘I
1590 1219 1617 1246 Si
1629 1219 1706 1246 enim
1724 1220 1841 1247 Creator

1012 1270 1073 1289 rem
1090 1269 1207 1289 omnem
1224 1263 1334 1289 naturas
1347 1262 1510 1297 tribuisset,
1528 1271 1585 1298 qua
1598 1263 1715 1290 tandem
1730 1264 1841 1292 ratione

1012 1314 1134 1342 regnum
1151 1305 1290 1333 caelorum
1309 1307 1361 1334 tibi
1379 1308 1512 1342 pateret?
1526 1309 1609 1334 Nunc
1632 1316 1699 1335 vero
1716 1307 1840 1336 alterum

1012 1351 1102 1384 dedit,
1120 1350 1244 1378 alterum
1260 1351 1464 1386 imperfectum
1491 1351 1617 1387 reliquit,
1634 1355 1666 1378 ut
1682 1355 1711 1378 tu
1733 1354 1760 1379 te
1776 1352 1839 1388 ipse

1013 1395 1166 1431 perficiens
1182 1395 1290 1431 dignus
1315 1395 1463 1428 efﬁciaris,
1484 1396 1533 1431 qui
1559 1396 1720 1423 mercedem
1743 1405 1760 1424 θ.
1782 1399 1837 1424 Deo

1012 1439 1212 1475 consequaris.
1238 1439 1298 1471 Qua
1314 1439 1404 1475 igitur
1427 1440 1537 1467 ratione
1554 1441 1589 1467 ad
1611 1440 1836 1469 similitudinem

1013 1484 1179 1511 efficimur?
1194 1486 1248 1510 Per
1271 1483 1471 1519 Evangelium.
1498 1485 1572 1517 Quid
1593 1484 1668 1512 enim
1685 1488 1729 1512 est
1750 1486 1837 1513 Chri-

1013 1528 1110 1556 stiana
1126 1528 1291 1564 professio?
1310 1528 1380 1555 inita
1395 1537 1460 1556 cum
1481 1530 1534 1556 Deo
1552 1529 1722 1562 similitudo.
1741 1530 1833 1566 quoad

128 1573 201 1600 πάνυ
213 1571 368 1600 καθίσταται
384 1576 434 1608 τῆς
449 1572 517 1609 πρὸς
532 1572 596 1599 Θεὸν
614 1572 773 1608 ὁμοιώσεως
811 1571 843 1600 Εἰ
859 1571 952 1609 ἔλεγόν

1013 1573 1077 1608 ejus
1093 1572 1171 1608 capit
1185 1573 1314 1600 humana
1332 1575 1444 1600 natura.
1461 1573 1488 1600 Si
1506 1573 1533 1600 in
1552 1574 1835 1601 animuminduxisti

125 1627 180 1652 σοι,
196 1615 276 1655 δεῦρο
290 1619 368 1654 γε·ιοῦ
384 1617 480 1654 ὅμοιος
499 1617 616 1654 βασιλεῖ,
633 1616 683 1644 οὐκ
698 1615 727 1643 ἂν
755 1615 894 1654 εὐεργέτην
922 1627 956 1652 με

121 1660 244 1699 ἔκρινας,
260 1662 305 1689 καὶ
329 1661 429 1698 πολλῷ
442 1660 482 1697 τῷ
496 1661 574 1699 τάχει
590 1659 716 1691 ἔσπευδες
729 1661 796 1697 πρὸς
811 1661 841 1687 τὸ
856 1660 954 1688 καλού-

120 1716 223 1742 μενονς
254 1705 329 1734 Ἐπεὶ
360 1704 389 1733 δὲ
416 1705 556 1743 βούλομαί
578 1715 607 1732 σε
631 1706 727 1742 ὅμοιον
751 1707 809 1740 Θεῷ
829 1708 952 1740 ποιῆσαι,

121 1751 235 1788 φεύγεις
249 1751 294 1778 τὸν
312 1749 395 1788 λόγον
419 1750 465 1778 τὸν
489 1751 667 1782 θεοποιοῦντά
683 1760 722 1784 σε,
738 1749 953 1788 ἐπιφραξάμενος

117 1795 152 1822 τὰ
168 1795 240 1829 ὦτα,
256 1794 299 1822 ἴνα
317 1793 388 1831 μηδὲ
412 1794 518 1822 ἀκούειν
541 1794 606 1832 ἔχῃς
622 1797 676 1822 τῶν
691 1794 833 1832 σωτηρίων
850 1793 950 1832 λόγων.

1011 1619 1042 1644 ut
1058 1624 1138 1644 essrs
1154 1616 1346 1648 Christianus,
1368 1625 1485 1652 operam
1512 1626 1584 1645 nava
1600 1620 1633 1644 ut
1659 1618 1714 1644 Deo
1730 1618 1835 1646 similis

1010 1661 1165 1689 efﬁciaris:
1183 1661 1271 1689 indue
1292 1662 1453 1690 Christum.
1470 1663 1506 1689 At
1527 1670 1653 1698 quanam
1669 1662 1773 1690 indues
1789 1671 1834 1689 ra-

1008 1706 1097 1741 tione,
1115 1705 1161 1741 qui
1179 1714 1235 1733 non
1252 1714 1283 1733 cs
1297 1706 1393 1742 sigillo
1404 1707 1594 1742 consignatus
1604 1707 1617 1733 ?
1631 1707 1779 1738 Quomodo
1790 1707 1835 1734 in-

1009 1751 1091 1783 dues,
1110 1750 1160 1786 qui
1176 1750 1306 1778 nondum
1321 1751 1466 1785 baptismo
1477 1759 1508 1778 es
1521 1751 1655 1778 initiatus
1667 1751 1680 1778 ἰ’
1691 1751 1743 1782 Qui
1756 1751 1834 1778 enim

1009 1794 1236 1830 incorruptionis
1262 1795 1469 1823 indumentum
1500 1803 1556 1822 non
1581 1795 1721 1830 suscepit,
1751 1795 1835 1823 valde

119 1840 226 1876 procul
243 1849 260 1867 a
274 1840 323 1868 Dei
342 1839 536 1867 similitudine
551 1840 695 1867 consistit.
720 1839 749 1867 Si
767 1840 893 1867 dicerem
922 1839 986 1874 tibi,
1011 1839 1146 1876 agedum.
1164 1841 1225 1867 esto
1251 1839 1356 1867 similis
1385 1839 1553 1875 imperatori
1569 1848 1575 1872 ;
1592 1847 1689 1866 nonne
1705 1840 1832 1866 amicum

119 1894 168 1913 me
184 1893 220 1912 ac
236 1885 399 1912 beneficum
415 1885 609 1918 existimares,
627 1893 660 1911 ac
675 1893 762 1920 quam
791 1884 942 1911 celerrime
957 1892 1015 1920 quo
1037 1883 1170 1911 invitaris
1187 1883 1383 1919 properares?
1413 1884 1485 1916 Quia
1505 1892 1570 1911 vero
1586 1883 1644 1910 Deo
1660 1886 1688 1910 te
1705 1883 1832 1911 similem

117 1932 264 1966 praestare
280 1932 393 1964 satago,
405 1928 565 1956 obstructis
581 1928 702 1956 auribus
718 1936 883 1955 sermonem
911 1928 988 1964 fugis
1004 1930 1032 1956 te
1055 1929 1163 1956 deitate
1179 1929 1348 1961 donantem,
1366 1930 1397 1955 ut
1424 1936 1475 1956 nec
1491 1928 1592 1955 auditu
1621 1927 1726 1956 salutis
1745 1929 1833 1956 verba

117 1973 224 2010 possis
239 1972 399 2009 percipere.

152 2029 203 2055 22.
226 2025 278 2053 Καὶ
308 2024 433 2060 ἐποίησεν
465 2025 480 2052 ὸ
510 2024 573 2056 Θεὸς
602 2025 648 2052 τὸν
673 2023 825 2062 ἄιθρωποψ
841 2026 899 2052 κατ’
915 2025 952 2052 εἰ-

112 2072 186 2100 κόνα
204 2072 271 2098 Θεοῦ
286 2069 411 2106 ἐποίησεν
434 2069 525 2098 αὐτόν.
552 2069 633 2097 Εἴποι
662 2068 692 2096 ἃν
709 2069 780 2106 τάχα
797 2068 907 2101 ἐνταῦθα
934 2071 951 2104 ὴ

113 2117 202 2154 γυνή·
219 2116 249 2143 Τί
265 2115 334 2153 πρὸς
349 2114 398 2151 ἐμὲ
413 2115 426 2141 ὁ
444 2113 527 2152 λόγος
540 2123 546 2149 ;
564 2114 578 2141 ὁ
590 2114 658 2152 ἀνὴρ
674 2115 822 2149 τηνικαῦτα
836 2112 950 2152 ἐγένετο.

114 2160 157 2189 Οὐ
174 2160 229 2198 γὰρ
245 2160 303 2187 sim
318 2160 368 2194 τὴν
384 2157 536 2197 ἄνθρωπον,
547 2158 640 2198 φησὶν,
654 2160 670 2193 ἢ
687 2157 784 2190 ἁπλως
798 2157 950 2196 ἄνθρωπον.

113 2204 197 2233 ἀλλὰ
211 2206 245 2241 τῇ
264 2206 314 2231 τοῦ
330 2205 430 2242 ἄρθρου
454 2204 598 2242 προσθήκῃ
613 2203 643 2231 τὸ
659 2203 799 2242 ἀρρενικὸν
815 2202 949 2242 ἐνέφηνεν.

115 2248 204 2277 Ἀλλ’
217 2247 263 2275 ’ίνα
280 2249 317 2285 μὴ
330 2248 442 2285 ἀμαθῶς
457 2259 500 2278 τις
515 2249 549 2280 τῆ
574 2250 622 2275 τοῦ
646 2248 790 2285 ἀνθρώπου
809 2258 950 2285 προσηγο-

117 2293 167 2332 ρίᾳ
184 2292 230 2320 ἐπὶ
244 2295 292 2320 τοῦ
308 2291 403 2330 ἀνδρὸς
453 2292 537 2329 μόνον
560 2292 744 2330 κεχρημένος,
772 2291 949 2329 προσέθηκεν.

117 2339 222 2375 Ἃρσεν
250 2337 293 2365 καὶ
324 2336 395 2372 θῆλυ
426 2337 552 2373 ἐποίησεν
577 2336 674 2368 αὐτούς
692 2347 698 2353 ·
730 2336 776 2363 ’ίνα
804 2338 884 2374 γνῷς,
909 2336 950 2364 ὅτι

117 2383 167 2411 καὶ
196 2383 214 2417 ἢ
243 2382 311 2418 γυνὴ
336 2381 393 2420 ἔχει
421 2382 453 2409 τὸ
479 2382 539 2409 κατ’
568 2381 657 2409 εἰκόνα
686 2383 752 2409 Θεοῦ
781 2382 951 2419 γεγενῆσθαι,

117 2427 166 2455 καὶ
201 2427 215 2454 ὸ
248 2426 327 2464 ἀνήρ.
344 2429 451 2463 Ὁμοιαι
466 2427 515 2464 γὰρ
533 2427 559 2453 αἱ
577 2426 668 2465 φύσεις
686 2425 844 2464 ἀμφοτέρων
868 2425 951 2453 ἐπλά-

118 2472 237 2507 σθησαν,
253 2470 298 2499 καὶ
311 2470 368 2498 ’ίσαι
384 2470 486 2498 τούτων
514 2471 540 2498 αἰ
563 2470 682 2508 πράξεις,
709 2469 756 2497 ’ίσοι
777 2470 810 2497 τὰ
835 2469 949 2504 ἔπαθλα,

116 2515 167 2551 ἴση
192 2517 210 2550 ἡ
235 2515 339 2543 τούτων
370 2514 514 2550 καταδίκη.
542 2516 588 2549 Μὴ
619 2515 670 2553 γὰρ
699 2515 906 2553 προφασιζέσθω
919 2515 950 2542 τὸ

116 2560 310 2596 ἀσθενέστερον
342 2560 360 2594 ἡ
399 2561 479 2596 γυνή·
511 2559 537 2586 ἐν
566 2560 616 2596 γὰρ
644 2561 678 2596 τῇ
708 2559 785 2595 σαρκὶ
811 2561 902 2586 τοῦτο’
932 2560 950 2593 ἡ

119 2603 219 2641 μέντοι
235 2604 311 2641 ψυχὴ
327 2603 422 2638 ἐπίσης
438 2606 472 2640 τῇ
488 2602 595 2641 ἀνδρείᾳ
609 2604 657 2637 τὴν
675 2603 775 2630 οἰκείαν
786 2602 889 2640 ἔσχηκε
905 2601 951 2630 δύ-

118 2659 218 2684 ναμιν.
243 2647 355 2682 Ἐπειδὴ
389 2648 438 2675 οὔκ
462 2646 596 2684 ὁμότιμον
623 2648 654 2675 τὸ
678 2649 736 2675 κατ’
769 2647 858 2675 εἰκόνα
885 2649 952 2674 Θεοῦ

121 2693 285 2730 εἰλήφασιν,
299 2691 435 2728 ὁμότιμον
462 2691 557 2728 ἔχουσι
580 2692 625 2719 καὶ
639 2693 688 2727 τὴν
709 2692 819 2729 ἀρετὴν,
841 2692 885 2720 καὶ
901 2692 951 2726 τὴν

167 2792 191 2809 ¹³
206 2791 316 2821 Coloas.
333 2800 375 2827 ιιι,
391 2791 436 2821 12.
473 2791 495 2810 ιι
511 2791 580 2820 Gen.
598 2800 619 2826 ι,
635 2792 680 2820 27.

1043 2027 1087 2053 22.
1104 2027 1136 2054 Et
1163 2027 1229 2062 fecit
1256 2028 1329 2054 Deus
1357 2026 1517 2054 hominem:
1542 2026 1584 2054 ad
1607 2027 1757 2061 imaginem
1786 2026 1836 2053 Dei

1007 2072 1071 2107 fecit
1085 2079 1145 2099 eum
1161 2071 1191 2097 ⁸⁸.
1211 2071 1290 2098 Dicat
1304 2070 1348 2098 hic
1365 2070 1485 2098 forsitan
1503 2071 1629 2098 mulier:
1646 2070 1718 2102 Quid
1736 2071 1771 2098 ad
1788 2078 1835 2098 me

1008 2124 1103 2143 sermo
1120 2115 1252 2151 spectat?
1267 2115 1319 2142 Vir
1344 2117 1414 2143 tunc
1435 2115 1571 2143 conditus
1595 2117 1648 2143 est.
1666 2115 1728 2142 Non
1744 2114 1834 2150 enim,

1008 2161 1082 2188 335
1100 2160 1209 2196 inquit,
1227 2159 1300 2187 dixit
1324 2159 1472 2187 hominem
1499 2167 1603 2195 genere
1620 2159 1770 2194 feminino,
1787 2161 1837 2187 aut

1007 2204 1181 2241 simpliciter
1193 2204 1339 2232 hominem
1347 2225 1353 2237 ,
1363 2205 1411 2232 sed
1421 2204 1535 2232 articuli
1548 2205 1710 2240 udjeotione
1720 2213 1834 2232 mascu-

967 2245 989 2278 Β
1005 2249 1098 2277 linum
1116 2257 1217 2276 sexum
1234 2248 1381 2276 indicavit.
1397 2250 1431 2276 At
1449 2257 1483 2276 ne
1499 2249 1566 2285 quis
1591 2250 1694 2276 inscite
1709 2249 1836 2277 hominis

1005 2293 1200 2329 appellatione
1208 2294 1234 2320 in
1244 2293 1267 2320 vi
1274 2302 1302 2320 ro
1311 2293 1348 2320 du
1355 2294 1452 2320 ntaxat
1461 2302 1515 2321 usu
1522 2302 1546 2321 m
1556 2293 1834 2329 existimet,adjecit:

1006 2337 1161 2365 Masculum
1173 2340 1199 2365 el
1210 2339 1343 2374 feminam
1358 2338 1423 2373 fecit
1434 2346 1500 2372 eos;
1515 2340 1547 2365 ut
1564 2337 1712 2373 intelligas
1728 2337 1836 2365 habere

1006 2384 1035 2410 et
1051 2382 1216 2417 mulierem,
1233 2383 1309 2418 quod
1336 2383 1370 2409 ad
1396 2382 1443 2410 Dei
1470 2382 1626 2418 imaginem
1653 2382 1770 2410 condita
1786 2382 1834 2417 sit,

1006 2429 1033 2454 ct
1051 2427 1127 2462 quod
1142 2427 1177 2454 ad
1194 2427 1245 2454 Dei
1262 2426 1487 2454 similitudinem
1503 2435 1568 2455 esse
1584 2426 1781 2460 nanciscatur,
1793 2426 1836 2454 uti

1005 2474 1034 2499 et
1061 2472 1115 2498 vir.
1140 2471 1220 2499 Paris
1245 2471 1396 2507 dignitatis
1419 2471 1570 2499 amborum
1596 2471 1713 2499 formati
1736 2479 1834 2504 sexus,

1006 2524 1149 2552 paresque
1165 2518 1234 2543 sunt
1249 2516 1354 2543 horum
1379 2516 1519 2550 actiones,
1536 2516 1617 2551 paria
1636 2515 1765 2551 praemia,
1783 2523 1835 2550 par

1006 2568 1105 2588 eorum
1122 2560 1282 2587 damnatio.
1309 2560 1349 2588 Ne
1377 2560 1457 2587 enim
1482 2560 1587 2588 mulier
1612 2559 1833 2587 imbecilliorem

1006 2613 1108 2632 sexum
1124 2605 1321 2632 causiticetur.
1339 2604 1420 2631 lstud
1435 2612 1562 2639 namque
1576 2604 1605 2631 in
1620 2611 1707 2631 carne
1723 2606 1767 2630 est
1779 2611 1786 2636 ;
1798 2602 1834 2630 ad

1006 2649 1135 2677 animam
1151 2657 1217 2676 vero
1233 2649 1310 2684 quod
1327 2649 1442 2683 attinet,
1460 2648 1532 2675 nihil
1549 2649 1609 2675 viro
1626 2647 1769 2682 imparem
1782 2655 1835 2674 na-

1007 2696 1054 2722 cta
1073 2696 1119 2722 est
1141 2694 1311 2729 potentiam.
1335 2693 1579 2729 Quandoquidem
1605 2691 1694 2727 igitur
1718 2691 1834 2719 femina:
