2018 3146
165 119 204 149 35
632 117 832 151 APPENDIX
854 120 1019 152 OPEBUM
1040 121 1073 152 S.
1097 121 1235 152 BASILII
1257 121 1395 152 MAGNI.
1830 125 1867 154 36

165 183 228 220 pari
242 183 312 212 viris
327 183 469 219 dignitate
487 190 622 219 accepere
636 186 670 212 ut
684 184 721 213 ad
743 185 792 213 Dei
809 185 869 213 sint
882 185 985 222 imagi-

1045 187 1099 213 τῶν
1113 185 1221 224 ἀγαθῶν
1247 185 1333 224 ἔργων
1360 185 1497 223 ἐπίδειξιν·
1521 187 1566 214 καί
1591 186 1707 224 οὐδεμία
1733 188 1867 226 παραίτη-

164 238 242 265 nem,
260 229 322 266 pari
347 229 489 265 dignitate
513 229 618 258 virtute
644 230 761 265 pollent,
786 231 990 267 bonorumque

164 283 284 310 operum
301 275 393 302 edunt
412 274 579 309 specimen:
609 275 748 311 nullaque
771 277 918 304 excusatio
935 278 989 310 est,

164 319 269 355 siqua
297 319 368 346 forte
398 319 527 354 corporis
552 319 712 347 imbecilles
740 321 816 348 vires
844 321 989 349 ostendat.

164 365 337 399 Quanquam
351 363 427 390 enim
441 363 574 391 absolute
586 364 705 392 mollius
718 365 930 401 delicatiusque
942 374 990 392 na-

163 411 225 436 tum
242 411 295 442 est,
312 411 341 436 at
357 416 480 443 pronum
498 411 690 444 paratumque
709 410 742 437 ad
761 410 989 444 miserationem,

164 454 199 482 ad
216 453 400 480 tolerantiam
417 453 545 480 vividum
563 461 595 480 ac
612 454 739 488 ﬁrmum,
756 454 784 481 in
801 454 908 490 vigiliis
926 463 990 482 acre

163 507 196 526 ac
212 499 392 525 contentum.
404 497 578 532 Longeenim
587 497 673 525 etiam
688 498 832 526 femineus
843 507 929 526 sexus
941 499 990 526 ho-

164 542 239 570 nesti
256 541 363 575 studio,
380 540 489 568 laboris
501 541 640 569 instantia
657 550 690 569 ac
707 542 860 570 tolerantia
875 542 987 571 virilem

163 585 283 614 excedit.
300 588 339 612 Ac
356 593 507 621 nunquam
524 586 574 613 fiat
590 588 622 613 ut
637 586 681 614 vir
696 586 817 622 paribus
837 587 933 615 modis
948 588 987 615 fe-

163 631 248 659 minae
265 632 405 666 aequetur,
425 630 485 658 sive
500 630 529 657 in
548 631 656 666 jejunii
680 631 855 667 virtutisque
870 632 988 668 reliquie

163 675 255 711 cultu,
279 675 338 703 sive
365 674 395 702 in
423 675 618 711 lacrymarum
649 676 849 709 exuberantia,
880 678 939 704 sive
958 677 987 704 in

161 720 284 748 rationis
299 719 407 754 labore,
424 719 483 747 sive
498 719 527 747 in
544 720 740 748 beneﬁcentia:
752 721 844 756 copia.
857 721 920 749 Vidi
936 729 988 757 ego

163 765 328 799 mulierem,
344 764 418 792 clam
434 764 507 799 viro,
524 772 587 800 qua:
602 773 672 792 usus
697 765 814 792 familia
831 768 930 793 essent
941 766 989 801 pio

162 818 195 838 ac
210 809 330 837 salutari
347 810 425 837 furto
451 808 674 843 subducentem,
691 817 723 838 ac
746 810 923 846 pauperibus
939 819 988 838 oc-

162 854 239 882 culte
254 853 490 889 distribuentem,
508 854 692 890 invitumque
706 854 800 882 virum
813 863 845 882 ac
861 855 989 883 nescien-

161 901 230 932 tem,
245 907 356 926 necnon
371 899 548 926 domesticos
559 899 768 927 demerentem.
781 899 834 927 Pro
844 899 893 927 illo
905 908 987 926 nam-

162 952 218 979 que
234 942 394 971 etfamiliae
419 945 587 978 augmento,
614 945 809 980 natorumque
832 943 988 971 incolumi-

161 991 219 1016 tate
235 987 432 1015 beneﬁcentiae
448 995 536 1022 opera
552 988 718 1023 praestabat.

196 1042 240 1070 23.
260 1041 351 1069 Habet
368 1041 465 1075 itaque
494 1043 522 1068 et
551 1041 670 1074 femina,
701 1041 774 1069 nihil
802 1042 862 1069 viro
878 1042 987 1075 minus,

160 1088 223 1115 tum
236 1086 312 1121 quod
325 1085 359 1114 ad
373 1085 543 1121 imaginem,
555 1088 616 1113 tum
630 1085 706 1121 quod
716 1086 751 1113 ad
763 1085 991 1114 similitudinem

161 1134 226 1159 est:
243 1131 361 1166 quando
378 1138 435 1157 non
452 1130 481 1157 in
498 1130 616 1158 homine
632 1130 680 1166 qui
697 1130 767 1158 foris
792 1133 884 1166 paret,
900 1131 928 1158 id
945 1133 989 1159 est

161 1176 190 1204 in
207 1183 336 1212 corpore,
348 1175 398 1202 sed
416 1175 445 1202 in
461 1174 574 1202 interno
591 1183 623 1202 ac
636 1175 833 1211 principaliori
848 1175 908 1203 haec
924 1177 986 1203 tum

160 1220 376 1256 intelliguntur,
393 1222 455 1247 tum
472 1219 632 1247 constituta
646 1222 716 1247 sunt
732 1228 764 1247 ac
784 1221 923 1248 resident.
941 1221 986 1248 Id-

161 1274 216 1302 que
230 1266 300 1295 adeo
317 1265 345 1293 in
363 1273 452 1293 causa
467 1267 521 1298 est,
538 1268 571 1292 ut
585 1269 613 1293 et
628 1274 680 1293 nos
694 1265 729 1293 ad
747 1267 986 1302 utrosque,quasi

161 1311 197 1339 ad
214 1319 317 1343 unum,
335 1318 500 1337 sermonem
517 1310 716 1338 intendamus.
733 1310 803 1345 Ejus
819 1319 886 1338 vero
905 1319 986 1346 pror-

161 1364 212 1383 sus
227 1363 347 1391 compos
363 1355 487 1382 efﬁciere
503 1354 692 1390 benignitatis
713 1355 877 1390 stipendiis,
895 1355 986 1383 malo-

162 1408 226 1428 rum
244 1399 438 1434 sustinentize,
451 1399 678 1432 communionis,
693 1399 913 1435 impartitionis,
925 1409 987 1428 mu-

160 1447 216 1473 tuae
244 1445 433 1479 fraternisque
448 1443 594 1479 amicitias,
620 1444 678 1471 odii
694 1444 837 1472 scelerum
853 1453 886 1472 ac
904 1445 986 1472 vitio-

160 1498 245 1523 rum;
262 1494 350 1525 atque
364 1489 419 1516 hoc
430 1489 589 1521 demum,si
601 1488 711 1524 peccati
723 1488 880 1516 libidinum
895 1489 987 1517 victor

160 1534 318 1563 exstiteris.
335 1533 407 1561 Hinc
424 1533 502 1561 enim
517 1533 546 1560 in
559 1541 593 1561 ea
604 1542 667 1569 quas
684 1533 795 1561 ratione
806 1536 905 1561 carent
919 1534 985 1561 bru-

158 1581 264 1615 tasque
279 1578 446 1606 animantes
462 1577 619 1613 imperium
636 1578 778 1613 provenit.

194 1633 239 1660 24.
255 1633 287 1660 Et
302 1631 428 1667 praesint,
446 1630 550 1666 inquit,
577 1631 676 1658 bestiis.
694 1633 777 1659 Forte
802 1639 868 1658 vero
888 1639 924 1658 an
941 1631 983 1658 di-

159 1686 220 1712 cas,
239 1676 417 1712 quibusnam
434 1676 565 1703 futurum
581 1677 613 1702 ut
633 1675 747 1711 praesim
761 1675 874 1710 bestiis,
888 1683 920 1703 ac
934 1675 984 1703 ubi

160 1723 203 1750 hae
219 1721 292 1749 mihi
308 1720 439 1748 adsunt?
460 1720 564 1756 Utique
579 1728 645 1748 vero
671 1719 775 1754 nescis,
796 1720 905 1748 bestias
920 1728 984 1756 quae

159 1774 316 1795 numerum
345 1765 486 1792 excedant
514 1764 623 1792 circum
648 1766 676 1792 te
704 1772 778 1799 esse,
800 1765 984 1801 multamque

155 1810 300 1848 ejusmodi
314 1809 431 1837 turbam
444 1809 473 1836 in
489 1811 516 1837 te
532 1809 730 1842 circumferre,
743 1817 776 1836 ac
789 1809 817 1836 in
834 1811 861 1837 te
873 1809 983 1837 versari

155 1855 315 1885 continue?
343 1854 473 1882 Parvane
500 1853 594 1882 bestia
622 1854 665 1881 ira
687 1856 716 1881 et
745 1854 835 1886 iuror,
865 1862 932 1881 cum
952 1854 982 1882 in

154 1901 240 1928 corde
256 1898 392 1933 oblatrat,
410 1898 550 1934 omnique
566 1899 649 1934 pejus
665 1906 735 1926 cane
750 1898 939 1926 exacerbatur
950 1907 982 1926 ac

153 1944 319 1973 exaestuat?
337 1942 422 1971 Dolus
439 1946 526 1979 atque
543 1943 633 1977 fraus,
657 1951 724 1970 cum
750 1942 778 1970 in
795 1943 893 1970 animo
909 1943 980 1971 deli-

152 1989 250 2022 tescit,
265 1991 352 2024 atque
370 1987 493 2015 insidias
517 1988 648 2020 instruit,
670 1995 765 2014 nonne
789 1987 882 2015 bestia
897 1987 982 2024 vulpe

153 2034 256 2062 saevior
272 2040 396 2067 ursaque
412 2031 651 2060 incicurabilior?
667 2032 721 2064 Qui
744 2034 840 2059 autem
861 2031 980 2067 injuria-

152 2087 219 2106 rum
237 2077 413 2114 procacitate
438 2085 565 2112 praeceps
587 2078 643 2111 est,
670 2085 766 2104 nonne
791 2076 886 2112 palam
903 2085 980 2105 scor-

154 2124 222 2160 pius
233 2123 247 2149 ?
261 2124 296 2149 At
307 2121 355 2156 qui
368 2121 535 2149 clanculum
547 2130 581 2149 ex
592 2121 709 2148 insidiis
721 2120 981 2156 ulciscitur,n0nne

153 2168 253 2204 vipera
269 2165 402 2194 trucior?
418 2166 580 2197 Quamnam
597 2165 720 2193 bestiam
738 2165 817 2193 intus
833 2166 941 2199 animo,
954 2169 982 2193 et

154 2212 184 2240 in
201 2211 285 2239 nobis
300 2210 356 2246 ipsi
377 2219 435 2238 non
452 2210 569 2244 alimus,
587 2210 704 2246 quando
721 2210 807 2237 etiam
824 2210 873 2246 qui
888 2213 917 2238 et
940 2211 980 2238 fe-

156 2256 305 2284 minarum
320 2255 443 2283 libidine
459 2257 594 2288 azstuant,
611 2255 678 2290 equi
694 2256 763 2282 sunt
777 2247 981 2283 insanientes"?
997 2245 1020 2277 D
1037 2265 1082 2282 σαν
1102 2264 1108 2270 ·

156 2302 231 2337 Equi
245 2302 329 2333 enim,
353 2300 457 2335 inquit,
474 2301 596 2335 furentes
617 2300 645 2326 in
670 2299 789 2334 feminas
815 2300 887 2334 facti
898 2301 979 2328 sunt:

156 2346 343 2382 unusquisque
357 2344 392 2372 ad
406 2352 521 2372 uxorem
536 2345 662 2380 proximi
676 2344 720 2371 sui
734 2343 896 2372 [tinniebant
907 2345 936 2372 ιδ.
951 2346 983 2372 In

156 2391 312 2418 hrutarum
325 2397 452 2426 namque
463 2389 658 2416 animantium
670 2388 796 2416 indolem
804 2397 983 2424 sensumque

159 2436 236 2464 338
248 2442 312 2462 sese
327 2434 394 2470 quis
408 2433 570 2466 transtulit,
581 2441 639 2468 qua
651 2441 682 2460 se
694 2432 808 2460 libidini
818 2435 905 2468 atque
916 2433 983 2462 vitio

158 2479 374 2508 necessitudine
388 2478 527 2506 devinxit.
545 2477 641 2505 Multae
655 2477 755 2512 itaque
771 2480 840 2505 sunt
855 2478 883 2505 in
899 2479 984 2507 nobis

158 2524 272 2559 bestiae,
284 2523 390 2558 quibus
402 2522 511 2550 enitere
522 2525 554 2549 ut
564 2522 686 2557 imperio
698 2522 808 2558 pressis.
825 2522 854 2550 Si
865 2523 983 2559 quidem

159 2569 197 2597 iis
211 2576 275 2604 quae
290 2566 360 2595 foris
377 2569 447 2594 sunt
463 2567 575 2602 praesis,
593 2575 655 2602 ques
667 2575 734 2594 vero
750 2567 831 2594 intus
846 2572 914 2595 sunt
926 2567 983 2596 im-

159 2613 239 2650 perio
255 2612 372 2644 liberas,
390 2611 418 2638 id
435 2613 490 2644 est,
503 2619 560 2638 non
585 2611 774 2647 manciputas,
792 2612 984 2648 subditasque

160 2656 324 2692 reliqueris,
338 2664 428 2692 pensa
439 2655 536 2684 animo
549 2656 619 2692 quid
631 2657 818 2684 cernentibus
828 2656 983 2693 videberis,

161 2701 212 2738 qui
226 2700 319 2729 leonis
334 2700 453 2736 quidem
470 2702 557 2729 muta:
573 2701 732 2730 animantis
747 2701 839 2729 victor
849 2701 983 2736 exsistas,

199 2792 220 2810 ¹⁶
235 2793 343 2820 Jerem.
360 2799 387 2826 v,
402 2792 428 2819 8.

1045 230 1085 261 σίς
1115 229 1169 258 ἐστι
1200 232 1234 268 τῇ
1263 228 1477 269 προϐαλλομένῃ
1504 232 1588 270 τυχὸν
1605 232 1654 266 τὴν
1676 233 1725 260 τοῦ
1741 233 1867 270 σώματος

1045 275 1190 307 ἀσθένειαν.
1208 275 1240 304 Et
1255 276 1306 313 γὰρ
1322 275 1366 303 καὶ
1396 275 1490 307 ἁπλως
1507 276 1610 304 ἁπαλὸν
1632 276 1769 316 ἐπεφύκει,
1795 277 1866 306 ἀλλὰ

1043 319 1154 357 ἕτοιμον
1184 321 1221 352 εἷς
1246 321 1412 358 συμπάθειαν
1436 320 1545 350 εὔτονον
1567 322 1606 353 εἷς
1635 322 1788 360 καρτερίαν,
1805 323 1865 350 σόν-

1043 375 1120 392 τονον
1145 365 1171 392 ἐν
1201 365 1370 404 ἀγρυπνίαις.
1399 367 1551 403 Ὑπεραίριι
1575 367 1625 404 γὰρ
1651 367 1723 395 πολὺ
1747 368 1792 395 καὶ
1815 362 1862 402 τὴύ

1045 409 1167 447 ἀνδρείαν
1194 409 1271 449 φύσιν
1295 411 1311 445 ἡ
1328 412 1376 438 τοῦ
1401 410 1500 446 Θήλεος
1516 411 1577 448 περὶ
1590 411 1621 439 τὸ
1650 411 1802 440 ἐνστατικὸν
1818 415 1864 440 τοῦ

1043 454 1129 482 καλοῦ
1161 454 1205 482 καὶ
1229 455 1397 492 καρτερικόν“
1431 455 1475 483 καὶ
1501 455 1550 483 οὐκ
1576 456 1605 483 ἄν
1629 466 1696 483 ποτε
1724 456 1863 492 ἐξισωθείη

1044 499 1113 537 ἀνὴρ
1137 499 1254 537 γυναικὶ,
1282 500 1299 534 ἣ
1324 500 1385 537 περῖ
1409 500 1458 534 τήν
1475 502 1523 535 τῆς
1549 500 1674 536 νηστείας
1697 501 1804 536 καὶτῆς
1817 501 1866 529 ἄλ-

1045 542 1096 578 λης
1115 543 1212 581 ἀρετῆς
1240 542 1364 579 ἄσκησιν,
1393 544 1410 578 ἢ
1432 544 1462 572 τὸ
1485 544 1510 572 ἐν
1537 543 1649 582 δάκρυσι
1663 543 1785 582 δαψιλὲς,
1836 546 1865 573 τὸ

1043 587 1070 615 ἐν
1086 591 1252 626 προσευχαῖς
1267 588 1429 627 φιλόπονον,
1444 589 1462 623 ἢ
1477 589 1508 616 τὸ
1533 588 1559 616 ἐν
1589 589 1712 621 εὐποίαις
1740 589 1865 627 ἄφθονον.

1044 631 1122 660 Εἶδον
1139 632 1191 671 ἐγὼ
1207 636 1320 671 γυναῖκα
1335 633 1420 671 Λάθρα
1435 636 1482 661 τοῦ
1499 632 1595 672 ἀνδρὸς
1621 635 1822 673 ὑφαιρουμὲνην
1835 635 1868 662 τὰ

1042 681 1092 711 τῆς
1122 676 1208 709 οἰκίας
1231 676 1366 716 χρειώδη,
1394 677 1500 712 κλοπὴν
1532 678 1673 714 ἐπαινετὴν
1703 679 1748 706 καὶ
1777 690 1867 715 σωτη-

1045 721 1114 759 ρίαν,
1131 722 1176 749 καὶ
1191 723 1299 758 πένησιν
1317 722 1384 750 αὐτὰ
1412 722 1438 750 ἐν
1453 724 1492 758 τῷ
1516 721 1647 758 λεληθότι
1675 721 1865 760 διανέμουσαν,

1044 767 1086 793 καὶ
1114 764 1213 794 ἄκοντα
1242 767 1286 794 καὶ
1315 767 1463 804 ἀγνοοῦντα
1489 767 1534 794 τὸν
1564 766 1648 805 ἄνδρα
1663 767 1707 795 καὶ
1735 767 1799 799 τοὺς
1828 769 1866 795 οἱ-

1043 810 1133 841 κείους
1158 811 1358 849 εὐεργετοῦσαν·
1391 812 1456 848 ὑπὲρ
1486 812 1538 850 γὰρ
1568 811 1682 849 ἐκείνου,
1698 811 1806 848 καὶτῆς
1817 815 1865 840 τοῦ

1045 853 1121 882 οἷόιου
1147 856 1296 891 αὐξήσεως,
1313 855 1357 883 καὶ
1372 859 1421 890 τῆς
1435 857 1490 883 τῶν
1517 857 1617 883 τέκνων
1646 855 1778 893 διαμονῆς
1802 854 1865 893 ἕδρα

1042 900 1091 934 τὴν
1123 899 1254 929 εὐποιίαν,

1077 1044 1122 1071 23.
1139 1043 1220 1080 Ἔχει
1235 1043 1326 1070 τοίνυν
1343 1042 1388 1070 καὶ
1407 1043 1434 1070 τὸ
1462 1041 1543 1077 θῆλυ,
1561 1042 1614 1080 οὐχ
1629 1044 1711 1077 ἦττον
1726 1045 1775 1070 τοῦ
1791 1042 1868 1081 saepe.

1042 1098 1099 1122 νος,
1122 1087 1166 1114 καὶ
1188 1087 1219 1114 τὸ
1244 1088 1301 1115 κοτ’
1318 1087 1420 1122 εἷ’κόνα,
1436 1087 1480 1114 ναὶ
1496 1088 1527 1115 τὸ
1542 1090 1603 1119 καθ’
1615 1087 1756 1124 ὁμοίωσιν·
1773 1086 1866 1122 ἐπειδὴ

1047 1132 1084 1169 μὴ
1101 1131 1126 1159 ἐν
1151 1134 1190 1168 τῷ
1214 1131 1310 1167 ἔξωθεν
1332 1132 1487 1171 φαινομένῳ
1512 1131 1657 1169 ἀνθρώπῳ,
1681 1131 1743 1167 ἤτοι
1759 1134 1799 1168 τῷ
1814 1131 1867 1159 σώ-

1044 1187 1120 1213 ματι,
1149 1175 1213 1204 ἀλλ’
1232 1175 1257 1203 ἐν
1285 1179 1324 1212 τῷ
1348 1175 1446 1204 ἔσωθεν
1470 1176 1515 1204 καὶ
1540 1177 1699 1214 κυριωτὲρῳ
1713 1179 1797 1204 ταῦτα
1820 1177 1865 1205 καὶ

1042 1221 1229 1258 ἐπιθεωριῖται
1252 1221 1296 1248 καὶ
1320 1220 1536 1249 ἐπισυνίσταται·
1563 1221 1609 1249 καὶ
1645 1219 1689 1248 διὰ
1711 1223 1792 1249 τοῦτο
1819 1221 1865 1249 καὶ

1041 1267 1138 1302 ἡμεῖς,
1164 1267 1200 1297 ὡς
1228 1266 1296 1303 πρὸς
1318 1264 1365 1294 ἕνα
1381 1289 1388 1301 ,
1417 1266 1486 1303 πρὸς
1513 1266 1682 1304 ἀμφοτέρους
1711 1266 1866 1302 ποιούμεθα

1039 1311 1089 1344 τὴν
1117 1309 1244 1346 διάλεξιν.
1270 1312 1356 1339 Τοῦνο
1379 1308 1407 1338 δὲ
1435 1310 1571 1347 περιέσται
1601 1321 1643 1337 σοι
1671 1309 1790 1347 πάντως,
1820 1308 1866 1337 διὰ

1040 1358 1089 1389 τῆς
1114 1354 1313 1392 χρηστότητος,
1344 1358 1394 1390 τῆς
1422 1354 1602 1390 ἀνεξικακίας,
1631 1358 1681 1389 τῆς
1708 1354 1863 1390 κοινωνίας,

1039 1402 1089 1433 τῆς
1114 1397 1328 1436 μισοπονηρίας,
1351 1398 1397 1426 καὶ
1422 1401 1470 1426 τοῦ
1498 1402 1604 1437 κρατεῖν
1633 1401 1686 1426 τῶν
1707 1401 1800 1431 παθῶν
1815 1399 1866 1433 τῆς

1042 1443 1184 1480 ιῖιμτιιρτίας⁸
1219 1442 1337 1471 ἐντεῦθεν
1359 1443 1410 1482 γὰρ
1433 1444 1579 1476 ἂκοΛουθεῖ
1592 1444 1637 1471 καὶ
1652 1444 1682 1471 τὸ
1699 1443 1794 1481 ἄρχειν
1809 1444 1864 1470 τῶν

1041 1487 1162 1526 ἀλόγων.

1073 1633 1119 1659 24.
1149 1631 1198 1658 Καὶ
1228 1630 1395 1669 ἀρχὲτωσαν,
1431 1630 1531 1668 φησὶν,
1558 1632 1612 1657 τῶν
1642 1630 1756 1667 θηρίων.
1786 1629 1867 1667 Τάχα

1040 1675 1084 1703 οὖν
1115 1675 1195 1713 ἐρεῖς·
1228 1675 1278 1703 Καὶ
1306 1675 1390 1702 ποίων
1427 1673 1523 1710 μέλλω
1548 1673 1649 1711 θηρίων
1673 1672 1789 1711 ἄρχειν;
1818 1675 1865 1702 καὶ

1038 1722 1091 1747 ποῖ’)
1123 1730 1168 1756 μοι
1198 1721 1282 1747 ταῦτα
1308 1719 1449 1756 πάρεισιν;
1465 1721 1586 1756 Ἀγνοεῖς
1603 1716 1631 1745 δὲ
1647 1717 1707 1756 ἄρα,
1724 1717 1764 1745 δτι
1783 1718 1867 1755 μυρία

1039 1764 1119 1803 θηρία
1144 1764 1204 1802 περὶ
1231 1764 1270 1799 σε,
1291 1764 1334 1791 καὶ
1361 1762 1447 1790 πολὺν
1473 1765 1597 1790 τοιοῦτον
1619 1761 1704 1801 ὄχλον
1720 1762 1746 1790 ἐν
1757 1765 1861 1799 σεαυτῷ

1037 1809 1200 1847 περιφερεις,
1231 1809 1275 1836 καὶ
1303 1806 1378 1839 ἐντός
1400 1818 1447 1835 σου
1477 1805 1608 1844 διατρίϐει
1632 1806 1782 1842 διηνεκῶς;
1806 1808 1863 1836 Μι-

1036 1854 1099 1892 κρὸν
1117 1854 1211 1891 θηρίον
1229 1852 1297 1880 ἐστίν
1320 1853 1333 1880 ὁ
1350 1852 1446 1889 Θυμὸς,
1472 1853 1554 1880 ὁπότε
1580 1851 1692 1880 ὑλακτεῖ
1706 1854 1740 1889 τῇ
1763 1851 1864 1889 καρδίᾳ

1036 1899 1081 1926 καὶ
1110 1901 1204 1935 χεῖρον
1234 1897 1333 1928 παντὸς
1357 1898 1436 1927 κυνὸς
1463 1896 1636 1935 ἀγραίνεταις
1669 1897 1682 1924 ὁ
1712 1895 1793 1927 δόλος
1821 1895 1861 1932 δὲ,

1036 1943 1098 1970 ὅταν
1112 1944 1146 1979 τῇ
1171 1941 1248 1980 ψυχῇ
1278 1940 1443 1979 ἂμφωλεόει,
1471 1940 1515 1968 καὶ
1530 1941 1577 1972 τὰς
1592 1938 1740 1971 ἐπιϐουλᾶς
1763 1950 1864 1978 καταρ-

1035 1986 1094 2024 τύῃ,
1112 1987 1142 2014 οὐ
1157 1992 1250 2024 θηριον
1267 1985 1409 2017 ἀλώπεκος
1428 1985 1592 2023 ἀγριώτερον
1613 1985 1658 2013 καὶ
1683 1984 1782 2023 ἄρκτου
1799 1984 1864 2012 δυσ-

1037 2031 1236 2069 ημερέστερον;
1267 2031 1280 2058 ὁ
1311 2029 1339 2058 δὲ
1369 2030 1429 2065 ὀξὺς
1445 2031 1483 2061 εἲς
1510 2027 1597 2068 ὕϐριν,
1624 2030 1654 2057 οὗ
1671 2029 1798 2067 σκορπίος
1816 2030 1864 2056 ἄν-

1035 2087 1127 2115 τικρυς
1141 2085 1148 2111 ;
1164 2077 1178 2103 ὁ
1196 2074 1224 2103 δὲ
1244 2074 1331 2113 λάθρα
1360 2075 1540 2111 ἀμυνόμενος,
1566 2075 1615 2102 οὐκ
1645 2073 1752 2112 ἐχίδνης
1777 2073 1862 2112 χαλε-

1035 2121 1158 2158 πώτερος
1172 2129 1178 2155 ;
1196 2121 1279 2148 Ποῖον
1296 2119 1389 2156 θηρίον
1404 2119 1455 2146 οὐκ
1470 2117 1544 2146 ἐνδον
1567 2119 1612 2146 καὶ
1635 2119 1661 2146 ἐν
1678 2119 1783 2150 ἑαυτοῖς
1801 2120 1865 2146 ὑπο-

1034 2165 1179 2204 τρέφομεν,
1208 2164 1265 2191 ἐπεὶ
1293 2164 1339 2190 καὶ
1369 2164 1382 2191 ὁ
1411 2162 1584 2200 θηλυμανής,
1612 2162 1695 2196 ἷῆτπος
1719 2164 1789 2191 ἐστιν
1804 2163 1863 2191 ἐπι-

1038 2210 1223 2246 μαινόμενοςς
1240 2210 1331 2237 ’Ἱππνι
1344 2208 1406 2246 γὰρ,
1435 2209 1512 2247 φησὶ,
1539 2207 1707 2245 θηλυμανεῖς
1733 2209 1864 2248 ἐγενήθη-

1135 2252 1245 2284 Ξκαστος
1274 2253 1316 2281 ἐπὶ
1342 2253 1391 2288 τὴν
1417 2255 1532 2287 γυναῖκα
1561 2255 1608 2280 τοῦ
1634 2253 1751 2289 πλησίον
1782 2252 1865 2281 αὐτοῦ

1040 2298 1208 2337 ἐχρεμέτιζε,
1223 2298 1361 2333 Μετὲοηκε
1384 2298 1435 2335 γὰρ
1452 2297 1544 2325 ἑαυτὸν
1562 2297 1605 2325 ἐπὶ
1621 2298 1669 2332 τήν
1684 2297 1737 2325 τών
1753 2297 1865 2335 ἀλόγων

1040 2343 1129 2381 φύσιν,
1160 2342 1204 2370 διὰ
1217 2343 1249 2370 τὸ
1274 2341 1359 2373 πάθος
1387 2342 1636 2379 ὦπροσωκειώθη,
1668 2341 1865 2370 Ηοικλὰτοίνυν

1040 2388 1123 2425 θηρία
1145 2387 1170 2415 ἐν
1187 2389 1267 2424 ἡμῖν,
1291 2387 1327 2414 ὧν
1345 2386 1478 2425 ἀγωνίζου
1504 2386 1608 2424 ἄρχειν.
1634 2387 1667 2414 Εἴ
1680 2387 1730 2425 γὰρ
1745 2389 1800 2414 τῶν
1814 2385 1866 2422 ἔξω

1041 2434 1087 2470 μὲν
1106 2431 1200 2470 ἄρχεις
1215 2431 1328 2470 θηρίων,
1358 2432 1391 2459 τὰ
1421 2431 1448 2459 δὲ
1476 2430 1552 2459 ἓνδον
1573 2429 1746 2467 ἀϐασίλευτα,
1776 2430 1865 2459 εἶτουν

1040 2477 1210 2505 ἀνυπότακτα
1233 2475 1423 2514 καταλείψεις,
1449 2476 1555 2512 σκόπει,
1585 2476 1611 2503 τί
1640 2479 1698 2507 τοῖς
1723 2475 1808 2513 ὁρῶσί
1836 2485 1868 2503 σε

1041 2522 1126 2558 δόξεις
1144 2521 1254 2553 λέοντος
1285 2521 1331 2559 μὶν
1358 2520 1460 2559 ἀλόγου
1478 2522 1549 2556 ζώου
1578 2523 1683 2559 κρατῶν
1708 2520 1753 2548 καὶ
1782 2531 1868 2548 κατα-

1041 2571 1147 2607 φρονῶν
1176 2567 1257 2595 αὐτοῦ
1285 2569 1333 2594 τοῦ
1365 2567 1566 2604 βρυχήματος,
1595 2569 1643 2594 τοῦ
1670 2565 1699 2601 δὲ
1724 2567 1786 2604 περὶ
1814 2567 1866 2601 τὴν

1040 2611 1152 2650 καρδίαν
1169 2613 1258 2649 θυμοῦ
1286 2612 1454 2648 ἡττώμενος
1471 2611 1516 2639 καὶ
1531 2610 1618 2649 πρίων
1645 2611 1692 2648 μὶν
1707 2611 1771 2642 τοὺς
1788 2609 1868 2638 ὀδόν-

1040 2668 1098 2693 τας,
1129 2657 1221 2696 φωνήν
1246 2655 1274 2684 δὲ
1297 2656 1427 2694 ἅναρθρον
1455 2655 1602 2692 πολλάκις,
1634 2656 1685 2684 ὑπὸ
1708 2659 1758 2690 τῆς
1782 2665 1864 2683 κατα-

1042 2701 1163 2740 σχούσης
1191 2701 1297 2738 μανίας,
1324 2700 1423 2740 ἀφιείς·
1452 2701 1537 2739 τυχὸν
1557 2699 1586 2729 δὲ
1609 2701 1653 2729 καὶ
1669 2702 1765 2739 χεῖρας
1781 2699 1867 2728 ἰκτεί-
