  <div class='ocr_page' id='page_1' title='image "/cluster/home/n/w/nwhite01/storage/ocr_20150623/30/njp.32101013202591/032.png"; bbox 0 0 2018 3146; ppageno 0'>
   <div class='ocr_carea' id='block_1_1' title="bbox 127 98 1830 139">
    <p class='ocr_par' dir='ltr' id='par_1_1' title="bbox 127 98 1830 139">
     <span class='ocr_line' id='line_1_1' title="bbox 127 98 1830 139; baseline -0.002 -6"><span class='ocrx_word' id='word_1_1' title='bbox 127 108 168 138; x_wconf 86' lang='lat'>37</span> <span class='ocrx_word' id='word_1_2' title='bbox 619 102 671 132; x_wconf 83' lang='lat' dir='ltr'>DE</span> <span class='ocrx_word' id='word_1_3' title='bbox 692 99 858 132; x_wconf 79' lang='lat' dir='ltr'><strong>HOMINIS</strong></span> <span class='ocrx_word' id='word_1_4' title='bbox 880 98 1116 130; x_wconf 83' lang='lat' dir='ltr'>STRUGTURA</span> <span class='ocrx_word' id='word_1_5' title='bbox 1137 99 1283 130; x_wconf 76' lang='lat' dir='ltr'><strong>ORATIO</strong></span> <span class='ocrx_word' id='word_1_6' title='bbox 1304 100 1343 130; x_wconf 80' lang='lat' dir='ltr'>II.</span> <span class='ocrx_word' id='word_1_7' title='bbox 1790 109 1830 139; x_wconf 81' lang='lat'>38</span> 
     </span>
    </p>
   </div>
   <div class='ocr_carea' id='block_1_2' title="bbox 125 164 961 209">
    <p class='ocr_par' dir='ltr' id='par_1_2' title="bbox 125 164 949 206">
     <span class='ocr_line' id='line_1_2' title="bbox 125 164 949 206; baseline -0.013 -4"><span class='ocrx_word' id='word_1_8' title='bbox 125 184 180 202; x_wconf 85' lang='grc' dir='ltr'>νων</span> <span class='ocrx_word' id='word_1_9' title='bbox 195 172 234 204; x_wconf 71' lang='grc' dir='ltr'>εἰς</span> <span class='ocrx_word' id='word_1_10' title='bbox 247 172 296 206; x_wconf 86' lang='grc' dir='ltr'>τήν</span> <span class='ocrx_word' id='word_1_11' title='bbox 312 172 362 198; x_wconf 77' lang='grc' dir='ltr'>τοῦ</span> <span class='ocrx_word' id='word_1_12' title='bbox 375 170 547 206; x_wconf 77' lang='grc' dir='ltr'>παρεστῶτος</span> <span class='ocrx_word' id='word_1_13' title='bbox 563 166 677 204; x_wconf 72' lang='grc' dir='ltr'>ἄμυναν.</span> <span class='ocrx_word' id='word_1_14' title='bbox 692 167 760 203; x_wconf 74' lang='grc' dir='ltr'>Ἄρα</span> <span class='ocrx_word' id='word_1_15' title='bbox 788 165 820 192; x_wconf 83' lang='grc' dir='ltr'>οὗ</span> <span class='ocrx_word' id='word_1_16' title='bbox 848 164 949 196; x_wconf 78' lang='grc' dir='ltr'>παντὸς</span> 
     </span>
    </p>
   </div>
   <div class='ocr_carea' id='block_1_3' title="bbox 1018 164 1829 209">
    <p class='ocr_par' dir='ltr' id='par_1_3' title="bbox 1018 165 1829 209">
     <span class='ocr_line' id='line_1_3' title="bbox 1018 165 1829 209; baseline 0.015 -18"><span class='ocrx_word' id='word_1_17' title='bbox 1018 172 1056 192; x_wconf 73' lang='lat' dir='ltr'>rae</span> <span class='ocrx_word' id='word_1_18' title='bbox 1069 172 1136 193; x_wconf 91' lang='lat' dir='ltr'>vero</span> <span class='ocrx_word' id='word_1_19' title='bbox 1149 165 1343 201; x_wconf 87' lang='lat' dir='ltr'>succumbas;</span> <span class='ocrx_word' id='word_1_20' title='bbox 1359 175 1392 195; x_wconf 87' lang='lat' dir='ltr'>ao</span> <span class='ocrx_word' id='word_1_21' title='bbox 1407 168 1524 204; x_wconf 87' lang='lat' dir='ltr'>quidem</span> <span class='ocrx_word' id='word_1_22' title='bbox 1540 170 1664 200; x_wconf 79' lang='lat' dir='ltr'>stridens</span> <span class='ocrx_word' id='word_1_23' title='bbox 1678 174 1829 209; x_wconf 78' lang='lat' dir='ltr'>dentibus,</span> 
     </span>
    </p>
   </div>
   <div class='ocr_carea' id='block_1_4' title="bbox 124 209 949 256">
    <p class='ocr_par' dir='ltr' id='par_1_4' title="bbox 124 209 949 256">
     <span class='ocr_line' id='line_1_4' title="bbox 124 209 949 256; baseline -0.012 -10"><span class='ocrx_word' id='word_1_24' title='bbox 124 217 285 256; x_wconf 71' lang='grc' dir='ltr'>ἆρχομὲνου</span> <span class='ocrx_word' id='word_1_25' title='bbox 311 216 369 252; x_wconf 68' lang='grc' dir='ltr'>μὲν,</span> <span class='ocrx_word' id='word_1_26' title='bbox 385 214 556 244; x_wconf 82' lang='grc' dir='ltr'>εὖεκτοῦντος</span> <span class='ocrx_word' id='word_1_27' title='bbox 578 211 617 246; x_wconf 71' lang='grc' dir='ltr'>δὲ,</span> <span class='ocrx_word' id='word_1_28' title='bbox 638 211 805 256; x_wconf 60' lang='grc' dir='ltr'>ἆθλιιίιτερος</span> <span class='ocrx_word' id='word_1_29' title='bbox 832 209 949 256; x_wconf 70' lang='grc' dir='ltr'>ἐντεῦθεν</span> 
     </span>
    </p>
   </div>
   <div class='ocr_carea' id='block_1_5' title="bbox 126 254 953 299">
    <p class='ocr_par' dir='ltr' id='par_1_5' title="bbox 126 254 953 299">
     <span class='ocr_line' id='line_1_5' title="bbox 126 254 953 299; baseline -0.012 -8"><span class='ocrx_word' id='word_1_30' title='bbox 196 259 473 299; x_wconf 77' lang='grc' dir='ltr'>καταγελαστότερος,</span> <span class='ocrx_word' id='word_1_31' title='bbox 491 257 532 285; x_wconf 80' lang='grc' dir='ltr'>ὅτι</span> <span class='ocrx_word' id='word_1_32' title='bbox 557 258 636 294; x_wconf 74' lang='grc' dir='ltr'>ἄρχει</span> <span class='ocrx_word' id='word_1_33' title='bbox 663 254 770 293; x_wconf 75' lang='grc' dir='ltr'>μᾶλλον</span> <span class='ocrx_word' id='word_1_34' title='bbox 801 257 849 282; x_wconf 80' lang='grc' dir='ltr'>σοῦ</span> <span class='ocrx_word' id='word_1_35' title='bbox 874 255 953 299; x_wconf 66' lang='lat' dir='ltr'>aeu—</span> 
     </span>
    </p>
   </div>
   <div class='ocr_carea' id='block_1_6' title="bbox 131 298 955 345">
    <p class='ocr_par' dir='ltr' id='par_1_6' title="bbox 131 298 955 345">
     <span class='ocr_line' id='line_1_6' title="bbox 131 298 955 345; baseline -0.011 -10"><span class='ocrx_word' id='word_1_36' title='bbox 131 308 204 345; x_wconf 74' lang='grc' dir='ltr'>μὸς,</span> <span class='ocrx_word' id='word_1_37' title='bbox 231 298 278 334; x_wconf 80' lang='grc' dir='ltr'>τὸν</span> <span class='ocrx_word' id='word_1_38' title='bbox 317 303 448 342; x_wconf 81' lang='grc' dir='ltr'>λογισμὸν</span> <span class='ocrx_word' id='word_1_39' title='bbox 478 302 694 339; x_wconf 72' lang='grc' dir='ltr'>παρωσάμενος,</span> <span class='ocrx_word' id='word_1_40' title='bbox 723 301 766 328; x_wconf 81' lang='grc' dir='ltr'>καὶ</span> <span class='ocrx_word' id='word_1_41' title='bbox 796 300 845 334; x_wconf 84' lang='grc' dir='ltr'>τήν</span> <span class='ocrx_word' id='word_1_42' title='bbox 878 298 955 327; x_wconf 84' lang='grc' dir='ltr'>δυνα-</span> 
     </span>
    </p>
   </div>
   <div class='ocr_carea' id='block_1_7' title="bbox 130 344 956 387">
    <p class='ocr_par' dir='ltr' id='par_1_7' title="bbox 130 344 956 387">
     <span class='ocr_line' id='line_1_7' title="bbox 130 344 956 387; baseline -0.011 -7"><span class='ocrx_word' id='word_1_43' title='bbox 130 344 219 380; x_wconf 74' lang='grc' dir='ltr'>στείαν</span> <span class='ocrx_word' id='word_1_44' title='bbox 245 354 293 386; x_wconf 78' lang='grc' dir='ltr'>τῆς</span> <span class='ocrx_word' id='word_1_45' title='bbox 316 351 408 387; x_wconf 76' lang='grc' dir='ltr'>ψυχῆς</span> <span class='ocrx_word' id='word_1_46' title='bbox 431 344 608 385; x_wconf 79' lang='grc' dir='ltr'>παραλαϐὼν,</span> <span class='ocrx_word' id='word_1_47' title='bbox 634 345 694 384; x_wconf 80' lang='grc' dir='ltr'>ἄγει</span> <span class='ocrx_word' id='word_1_48' title='bbox 723 355 752 372; x_wconf 85' lang='grc' dir='ltr'>σε</span> <span class='ocrx_word' id='word_1_49' title='bbox 777 344 846 372; x_wconf 75' lang='grc' dir='ltr'>ὅπου</span> <span class='ocrx_word' id='word_1_50' title='bbox 873 344 956 382; x_wconf 82' lang='grc' dir='ltr'>τύχοι</span> 
     </span>
    </p>
   </div>
   <div class='ocr_carea' id='block_1_8' title="bbox 133 389 955 431">
    <p class='ocr_par' dir='ltr' id='par_1_8' title="bbox 133 389 955 431">
     <span class='ocr_line' id='line_1_8' title="bbox 133 389 955 431; baseline -0.011 -6"><span class='ocrx_word' id='word_1_51' title='bbox 133 396 179 425; x_wconf 68' lang='grc' dir='ltr'>ἴσα</span> <span class='ocrx_word' id='word_1_52' title='bbox 206 395 251 424; x_wconf 86' lang='grc' dir='ltr'>καὶ</span> <span class='ocrx_word' id='word_1_53' title='bbox 279 394 400 431; x_wconf 64' lang='grc' dir='ltr'>δέσμιον,</span> <span class='ocrx_word' id='word_1_54' title='bbox 416 393 445 420; x_wconf 70' lang='grc' dir='ltr'>ὃν</span> <span class='ocrx_word' id='word_1_55' title='bbox 475 392 596 430; x_wconf 78' lang='grc' dir='ltr'>ἄρχοντα</span> <span class='ocrx_word' id='word_1_56' title='bbox 624 391 731 418; x_wconf 80' lang='grc' dir='ltr'>πάντων</span> <span class='ocrx_word' id='word_1_57' title='bbox 763 390 924 425; x_wconf 73' lang='grc' dir='ltr'>κατέστησεν</span> <span class='ocrx_word' id='word_1_58' title='bbox 942 389 955 416; x_wconf 87' lang='grc' dir='ltr'>ὁ</span> 
     </span>
    </p>
   </div>
   <div class='ocr_carea' id='block_1_9' title="bbox 134 441 219 477">
    <p class='ocr_par' dir='ltr' id='par_1_9' title="bbox 134 441 219 477">
     <span class='ocr_line' id='line_1_9' title="bbox 134 441 219 477; baseline -0.012 -7"><span class='ocrx_word' id='word_1_59' title='bbox 134 441 198 473; x_wconf 85' lang='grc' dir='ltr'>Θεός</span> <span class='ocrx_word' id='word_1_60' title='bbox 213 451 219 477; x_wconf 88' lang='grc'><strong>;</strong></span> 
     </span>
    </p>
   </div>
   <div class='ocr_carea' id='block_1_10' title="bbox 1006 209 1830 247">
    <p class='ocr_par' dir='ltr' id='par_1_10' title="bbox 1006 209 1830 247">
     <span class='ocr_line' id='line_1_10' title="bbox 1006 209 1830 247; baseline 0.013 -11"><span class='ocrx_word' id='word_1_61' title='bbox 1006 217 1060 237; x_wconf 81' lang='lat' dir='ltr'>nec</span> <span class='ocrx_word' id='word_1_62' title='bbox 1075 218 1141 237; x_wconf 82' lang='lat' dir='ltr'>raro</span> <span class='ocrx_word' id='word_1_63' title='bbox 1157 209 1327 245; x_wconf 79' lang='lat' dir='ltr'>impeditam</span> <span class='ocrx_word' id='word_1_64' title='bbox 1344 220 1443 240; x_wconf 87' lang='lat' dir='ltr'>vocem</span> <span class='ocrx_word' id='word_1_65' title='bbox 1459 215 1489 241; x_wconf 88' lang='lat' dir='ltr'>et</span> <span class='ocrx_word' id='word_1_66' title='bbox 1506 214 1707 245; x_wconf 84' lang='lat' dir='ltr'>indistinctam</span> <span class='ocrx_word' id='word_1_67' title='bbox 1733 219 1830 247; x_wconf 84' lang='lat' dir='ltr'>furore</span> 
     </span>
    </p>
   </div>
   <div class='ocr_carea' id='block_1_11' title="bbox 1009 255 1830 292">
    <p class='ocr_par' dir='ltr' id='par_1_11' title="bbox 1009 255 1830 292">
     <span class='ocr_line' id='line_1_11' title="bbox 1009 255 1830 292; baseline 0.013 -11"><span class='ocrx_word' id='word_1_68' title='bbox 1009 257 1160 290; x_wconf 87' lang='lat' dir='ltr'>correptus</span> <span class='ocrx_word' id='word_1_69' title='bbox 1175 255 1291 283; x_wconf 84' lang='lat' dir='ltr'>emittas</span> <span class='ocrx_word' id='word_1_70' title='bbox 1304 265 1311 290; x_wconf 89' lang='lat'><strong>;</strong></span> <span class='ocrx_word' id='word_1_71' title='bbox 1323 256 1382 284; x_wconf 85' lang='lat' dir='ltr'>fors</span> <span class='ocrx_word' id='word_1_72' title='bbox 1398 259 1495 286; x_wconf 88' lang='lat' dir='ltr'>autem</span> <span class='ocrx_word' id='word_1_73' title='bbox 1511 259 1598 287; x_wconf 84' lang='lat' dir='ltr'>etiam</span> <span class='ocrx_word' id='word_1_74' title='bbox 1613 269 1717 290; x_wconf 87' lang='lat' dir='ltr'>manus</span> <span class='ocrx_word' id='word_1_75' title='bbox 1733 267 1768 291; x_wconf 86' lang='lat' dir='ltr'>ad</span> <span class='ocrx_word' id='word_1_76' title='bbox 1786 265 1830 292; x_wconf 95' lang='lat' dir='ltr'>ul-</span> 
     </span>
    </p>
   </div>
   <div class='ocr_carea' id='block_1_12' title="bbox 1009 299 1829 344">
    <p class='ocr_par' dir='ltr' id='par_1_12' title="bbox 1009 299 1829 344">
     <span class='ocr_line' id='line_1_12' title="bbox 1009 299 1829 344; baseline 0.012 -18"><span class='ocrx_word' id='word_1_77' title='bbox 1009 299 1118 328; x_wconf 80' lang='lat' dir='ltr'>tionem</span> <span class='ocrx_word' id='word_1_78' title='bbox 1135 300 1199 336; x_wconf 79' lang='lat' dir='ltr'>ejus</span> <span class='ocrx_word' id='word_1_79' title='bbox 1213 300 1262 336; x_wconf 88' lang='lat' dir='ltr'>qui</span> <span class='ocrx_word' id='word_1_80' title='bbox 1277 303 1337 329; x_wconf 86' lang='lat' dir='ltr'>stat</span> <span class='ocrx_word' id='word_1_81' title='bbox 1359 310 1374 330; x_wconf 93' lang='lat' dir='ltr'>e</span> <span class='ocrx_word' id='word_1_82' title='bbox 1397 302 1492 331; x_wconf 69' lang='lat' dir='ltr'>vicino</span> <span class='ocrx_word' id='word_1_83' title='bbox 1515 305 1664 333; x_wconf 78' lang='lat' dir='ltr'>extendas.</span> <span class='ocrx_word' id='word_1_84' title='bbox 1691 309 1829 344; x_wconf 86' lang='lat' dir='ltr'>Nunquid</span> 
     </span>
    </p>
   </div>
   <div class='ocr_carea' id='block_1_13' title="bbox 1011 345 1831 381">
    <p class='ocr_par' dir='ltr' id='par_1_13' title="bbox 1011 345 1831 381">
     <span class='ocr_line' id='line_1_13' title="bbox 1011 345 1831 381; baseline 0.012 -10"><span class='ocrx_word' id='word_1_85' title='bbox 1011 353 1068 372; x_wconf 89' lang='lat' dir='ltr'>non</span> <span class='ocrx_word' id='word_1_86' title='bbox 1085 345 1187 381; x_wconf 88' lang='lat' dir='ltr'>quovis</span> <span class='ocrx_word' id='word_1_87' title='bbox 1203 345 1310 380; x_wconf 87' lang='lat' dir='ltr'>sudito,</span> <span class='ocrx_word' id='word_1_88' title='bbox 1327 346 1374 374; x_wconf 87' lang='lat' dir='ltr'>cui</span> <span class='ocrx_word' id='word_1_89' title='bbox 1399 356 1469 376; x_wconf 82' lang='lat' dir='ltr'>sane</span> <span class='ocrx_word' id='word_1_90' title='bbox 1493 349 1547 377; x_wconf 86' lang='lat' dir='ltr'>rite</span> <span class='ocrx_word' id='word_1_91' title='bbox 1571 349 1698 379; x_wconf 75' lang='lat' dir='ltr'>habeant</span> <span class='ocrx_word' id='word_1_92' title='bbox 1723 354 1831 381; x_wconf 85' lang='lat' dir='ltr'>mentis</span> 
     </span>
    </p>
   </div>
   <div class='ocr_carea' id='block_1_14' title="bbox 1012 390 1832 433">
    <p class='ocr_par' dir='ltr' id='par_1_14' title="bbox 1012 390 1832 433">
     <span class='ocr_line' id='line_1_14' title="bbox 1012 390 1832 433; baseline 0.012 -17"><span class='ocrx_word' id='word_1_93' title='bbox 1012 390 1150 423; x_wconf 77' lang='lat' dir='ltr'>rationes,</span> <span class='ocrx_word' id='word_1_94' title='bbox 1176 390 1243 418; x_wconf 87' lang='lat' dir='ltr'>inde</span> <span class='ocrx_word' id='word_1_95' title='bbox 1268 391 1464 420; x_wconf 77' lang='lat' dir='ltr'>miserabilior</span> <span class='ocrx_word' id='word_1_96' title='bbox 1484 401 1515 421; x_wconf 87' lang='lat' dir='ltr'>es</span> <span class='ocrx_word' id='word_1_97' title='bbox 1542 402 1575 422; x_wconf 89' lang='lat' dir='ltr'>ac</span> <span class='ocrx_word' id='word_1_98' title='bbox 1597 395 1832 433; x_wconf 82' lang='lat' dir='ltr'>deridiculosior,</span> 
     </span>
    </p>
   </div>
   <div class='ocr_carea' id='block_1_15' title="bbox 1013 434 1832 478">
    <p class='ocr_par' dir='ltr' id='par_1_15' title="bbox 1013 434 1832 478">
     <span class='ocr_line' id='line_1_15' title="bbox 1013 434 1832 478; baseline 0.012 -18"><span class='ocrx_word' id='word_1_99' title='bbox 1013 434 1090 470; x_wconf 90' lang='lat' dir='ltr'>quod</span> <span class='ocrx_word' id='word_1_100' title='bbox 1106 434 1148 461; x_wconf 84' lang='lat' dir='ltr'>ira</span> <span class='ocrx_word' id='word_1_101' title='bbox 1164 435 1259 471; x_wconf 85' lang='lat' dir='ltr'>magis</span> <span class='ocrx_word' id='word_1_102' title='bbox 1272 435 1393 471; x_wconf 89' lang='lat' dir='ltr'>imperio</span> <span class='ocrx_word' id='word_1_103' title='bbox 1410 438 1525 473; x_wconf 83' lang='lat' dir='ltr'>premit,</span> <span class='ocrx_word' id='word_1_104' title='bbox 1549 439 1686 468; x_wconf 82' lang='lat' dir='ltr'>submota</span> <span class='ocrx_word' id='word_1_105' title='bbox 1708 442 1832 478; x_wconf 82' lang='lat' dir='ltr'>ratione,</span> 
     </span>
    </p>
   </div>
   <div class='ocr_carea' id='block_1_16' title="bbox 134 478 1834 523">
    <p class='ocr_par' dir='ltr' id='par_1_16' title="bbox 134 478 1834 523">
     <span class='ocr_line' id='line_1_16' title="bbox 134 478 1834 523; baseline -0.001 -7"><span class='ocrx_word' id='word_1_106' title='bbox 134 488 303 523; x_wconf 87' lang='lat' dir='ltr'>arreptoque</span> <span class='ocrx_word' id='word_1_107' title='bbox 319 483 412 513; x_wconf 87' lang='lat' dir='ltr'>animi</span> <span class='ocrx_word' id='word_1_108' title='bbox 426 482 591 517; x_wconf 85' lang='lat' dir='ltr'>dominatu,</span> <span class='ocrx_word' id='word_1_109' title='bbox 608 489 641 510; x_wconf 84' lang='lat' dir='ltr'>ac</span> <span class='ocrx_word' id='word_1_110' title='bbox 658 480 742 517; x_wconf 88' lang='lat' dir='ltr'>quasi</span> <span class='ocrx_word' id='word_1_111' title='bbox 758 480 888 508; x_wconf 86' lang='lat' dir='ltr'>vinctum</span> <span class='ocrx_word' id='word_1_112' title='bbox 905 487 962 515; x_wconf 90' lang='lat' dir='ltr'>quo</span> <span class='ocrx_word' id='word_1_113' title='bbox 977 478 1095 506; x_wconf 78' lang='lat' dir='ltr'>libuerit</span> <span class='ocrx_word' id='word_1_114' title='bbox 1109 479 1207 514; x_wconf 80' lang='lat' dir='ltr'>trahit,</span> <span class='ocrx_word' id='word_1_115' title='bbox 1225 479 1270 507; x_wconf 89' lang='lat' dir='ltr'>cui</span> <span class='ocrx_word' id='word_1_116' title='bbox 1286 483 1362 509; x_wconf 87' lang='lat' dir='ltr'>Deus</span> <span class='ocrx_word' id='word_1_117' title='bbox 1387 482 1589 512; x_wconf 86' lang='lat' dir='ltr'>universorum</span> <span class='ocrx_word' id='word_1_118' title='bbox 1614 486 1758 514; x_wconf 81' lang='lat' dir='ltr'>concessit</span> <span class='ocrx_word' id='word_1_119' title='bbox 1778 487 1834 515; x_wconf 89' lang='lat' dir='ltr'>im-</span> 
     </span>
    </p>
   </div>
   <div class='ocr_carea' id='block_1_17' title="bbox 133 531 267 569">
    <p class='ocr_par' dir='ltr' id='par_1_17' title="bbox 133 531 267 569">
     <span class='ocr_line' id='line_1_17' title="bbox 133 531 267 569; baseline -0.015 -9"><span class='ocrx_word' id='word_1_120' title='bbox 133 532 243 569; x_wconf 85' lang='lat' dir='ltr'>perium</span> <span class='ocrx_word' id='word_1_121' title='bbox 254 531 267 558; x_wconf 79' lang='lat' dir='ltr'>‘l</span> 
     </span>
    </p>
   </div>
   <div class='ocr_carea' id='block_1_18' title="bbox 166 567 955 609">
    <p class='ocr_par' dir='ltr' id='par_1_18' title="bbox 166 567 955 609">
     <span class='ocr_line' id='line_1_18' title="bbox 166 567 955 609; baseline -0.013 -5"><span class='ocrx_word' id='word_1_122' title='bbox 166 577 221 604; x_wconf 83' lang='lat'>25.</span> <span class='ocrx_word' id='word_1_123' title='bbox 252 572 342 602; x_wconf 80' lang='grc' dir='ltr'>Ἀλλᾶ</span> <span class='ocrx_word' id='word_1_124' title='bbox 375 571 405 599; x_wconf 78' lang='grc' dir='ltr'>σὺ</span> <span class='ocrx_word' id='word_1_125' title='bbox 437 571 484 608; x_wconf 76' lang='grc' dir='ltr'>μὶν</span> <span class='ocrx_word' id='word_1_126' title='bbox 514 569 633 609; x_wconf 74' lang='grc' dir='ltr'>φύλαττε.</span> <span class='ocrx_word' id='word_1_127' title='bbox 657 569 687 596; x_wconf 87' lang='grc' dir='ltr'>τὸ</span> <span class='ocrx_word' id='word_1_128' title='bbox 720 567 796 600; x_wconf 69' lang='grc' dir='ltr'>δοθὲν</span> <span class='ocrx_word' id='word_1_129' title='bbox 826 567 955 604; x_wconf 75' lang='grc' dir='ltr'>ἀξίωμα⁵</span> 
     </span>
    </p>
   </div>
   <div class='ocr_carea' id='block_1_19' title="bbox 131 611 958 658">
    <p class='ocr_par' dir='ltr' id='par_1_19' title="bbox 131 611 958 658">
     <span class='ocr_line' id='line_1_19' title="bbox 131 611 958 658; baseline -0.011 -11"><span class='ocrx_word' id='word_1_130' title='bbox 131 619 225 658; x_wconf 79' lang='grc' dir='ltr'>ἅρχων</span> <span class='ocrx_word' id='word_1_131' title='bbox 246 618 382 653; x_wconf 79' lang='grc' dir='ltr'>ἐκτίσοης,</span> <span class='ocrx_word' id='word_1_132' title='bbox 397 615 490 654; x_wconf 80' lang='grc' dir='ltr'>ἅρχων</span> <span class='ocrx_word' id='word_1_133' title='bbox 516 615 620 643; x_wconf 80' lang='grc' dir='ltr'>παθῶν.</span> <span class='ocrx_word' id='word_1_134' title='bbox 637 614 724 658; x_wconf 78' lang='grc' dir='ltr'>Ἀρχε</span> <span class='ocrx_word' id='word_1_135' title='bbox 751 611 865 651; x_wconf 82' lang='grc' dir='ltr'>θηρίων,</span> <span class='ocrx_word' id='word_1_136' title='bbox 881 611 958 658; x_wconf 21' lang='grc' dir='ltr'>»ἄρχε</span> 
     </span>
    </p>
   </div>
   <div class='ocr_carea' id='block_1_20' title="bbox 130 655 957 702">
    <p class='ocr_par' dir='ltr' id='par_1_20' title="bbox 130 655 957 702">
     <span class='ocr_line' id='line_1_20' title="bbox 130 655 957 702; baseline -0.012 -10"><span class='ocrx_word' id='word_1_137' title='bbox 130 655 262 702; x_wconf 61' lang='grc' dir='ltr'>ἑρπετῶν,</span> <span class='ocrx_word' id='word_1_138' title='bbox 278 662 348 700; x_wconf 74' lang='grc' dir='ltr'>ἄρχε</span> <span class='ocrx_word' id='word_1_139' title='bbox 372 662 512 689; x_wconf 77' lang='grc' dir='ltr'>πετεινῶν.</span> <span class='ocrx_word' id='word_1_140' title='bbox 530 659 576 694; x_wconf 81' lang='grc' dir='ltr'>Μὴ</span> <span class='ocrx_word' id='word_1_141' title='bbox 605 657 771 702; x_wconf 61' lang='grc' dir='ltr'>μετεωρίζου</span> <span class='ocrx_word' id='word_1_142' title='bbox 796 655 957 702; x_wconf 25' lang='grc' dir='ltr'>τοῖςήλογι-</span> 
     </span>
    </p>
   </div>
   <div class='ocr_carea' id='block_1_21' title="bbox 131 700 956 746">
    <p class='ocr_par' dir='ltr' id='par_1_21' title="bbox 131 700 956 746">
     <span class='ocr_line' id='line_1_21' title="bbox 131 700 956 746; baseline -0.006 -13"><span class='ocrx_word' id='word_1_143' title='bbox 131 700 223 745; x_wconf 66' lang='grc' dir='ltr'>σίμοῗς,</span> <span class='ocrx_word' id='word_1_144' title='bbox 242 708 279 744; x_wconf 76' lang='grc' dir='ltr'>μὴ</span> <span class='ocrx_word' id='word_1_145' title='bbox 296 709 396 746; x_wconf 76' lang='grc' dir='ltr'>κοῦφος</span> <span class='ocrx_word' id='word_1_146' title='bbox 411 702 456 732; x_wconf 79' lang='grc' dir='ltr'>ἔσο</span> <span class='ocrx_word' id='word_1_147' title='bbox 471 706 505 741; x_wconf 77' lang='grc' dir='ltr'>τῇ</span> <span class='ocrx_word' id='word_1_148' title='bbox 523 703 628 738; x_wconf 78' lang='grc' dir='ltr'>διανοίᾳ</span> <span class='ocrx_word' id='word_1_149' title='bbox 652 702 696 730; x_wconf 85' lang='grc' dir='ltr'>καὶ</span> <span class='ocrx_word' id='word_1_150' title='bbox 721 700 844 733; x_wconf 74' lang='grc' dir='ltr'>ἅστατυς·</span> <span class='ocrx_word' id='word_1_151' title='bbox 862 700 956 739; x_wconf 80' lang='grc' dir='ltr'>ἄρχειν</span> 
     </span>
    </p>
   </div>
   <div class='ocr_carea' id='block_1_22' title="bbox 130 747 955 792">
    <p class='ocr_par' dir='ltr' id='par_1_22' title="bbox 130 747 955 792">
     <span class='ocr_line' id='line_1_22' title="bbox 130 747 955 792; baseline -0.01 -11"><span class='ocrx_word' id='word_1_152' title='bbox 130 755 182 792; x_wconf 61' lang='grc' dir='ltr'>γὰρ</span> <span class='ocrx_word' id='word_1_153' title='bbox 208 752 317 789; x_wconf 74' lang='grc' dir='ltr'>ἐκρίθης</span> <span class='ocrx_word' id='word_1_154' title='bbox 343 752 465 785; x_wconf 83' lang='grc' dir='ltr'>πτηνῶν,</span> <span class='ocrx_word' id='word_1_155' title='bbox 482 749 537 786; x_wconf 85' lang='grc' dir='ltr'>οὐχ</span> <span class='ocrx_word' id='word_1_156' title='bbox 562 748 725 792; x_wconf 74' lang='grc' dir='ltr'>ῥμοιοῦσθαι</span> <span class='ocrx_word' id='word_1_157' title='bbox 751 748 878 792; x_wconf 80' lang='grc' dir='ltr'>πτηνοῖς.</span> <span class='ocrx_word' id='word_1_158' title='bbox 904 747 955 792; x_wconf 76' lang='grc' dir='ltr'>Μὴ</span> 
     </span>
    </p>
   </div>
   <div class='ocr_carea' id='block_1_23' title="bbox 133 783 998 834">
    <p class='ocr_par' dir='ltr' id='par_1_23' title="bbox 133 783 998 834">
     <span class='ocr_line' id='line_1_23' title="bbox 133 783 998 834; baseline -0.01 -9"><span class='ocrx_word' id='word_1_159' title='bbox 133 783 181 826; x_wconf 70' lang='grc' dir='ltr'>οὖν</span> <span class='ocrx_word' id='word_1_160' title='bbox 210 783 355 834; x_wconf 70' lang='grc' dir='ltr'>τυφωθῇς,</span> <span class='ocrx_word' id='word_1_161' title='bbox 383 783 420 831; x_wconf 77' lang='grc' dir='ltr'>μὴ</span> <span class='ocrx_word' id='word_1_162' title='bbox 453 783 608 831; x_wconf 45' lang='grc' dir='ltr'>ὑπερ-αθῇς,</span> <span class='ocrx_word' id='word_1_163' title='bbox 637 793 675 828; x_wconf 87' lang='grc' dir='ltr'><strong>μή</strong></span> <span class='ocrx_word' id='word_1_164' title='bbox 712 791 796 827; x_wconf 80' lang='grc' dir='ltr'>μείζω</span> <span class='ocrx_word' id='word_1_165' title='bbox 823 791 958 829; x_wconf 71' lang='grc' dir='ltr'>φρονήσῃς</span> <span class='ocrx_word' id='word_1_166' title='bbox 975 783 998 816; x_wconf 89' lang='grc' dir='ltr'>Β</span> 
     </span>
    </p>
   </div>
   <div class='ocr_carea' id='block_1_24' title="bbox 131 836 958 880">
    <p class='ocr_par' dir='ltr' id='par_1_24' title="bbox 131 836 958 880">
     <span class='ocr_line' id='line_1_24' title="bbox 131 836 958 880; baseline -0.01 -9"><span class='ocrx_word' id='word_1_167' title='bbox 131 847 182 878; x_wconf 78' lang='grc' dir='ltr'>τῆς</span> <span class='ocrx_word' id='word_1_168' title='bbox 213 841 385 880; x_wconf 72' lang='grc' dir='ltr'>ἀνθρωπίνης</span> <span class='ocrx_word' id='word_1_169' title='bbox 414 839 459 867; x_wconf 87' lang='grc' dir='ltr'>καὶ</span> <span class='ocrx_word' id='word_1_170' title='bbox 487 838 586 876; x_wconf 86' lang='grc' dir='ltr'>γηίνης</span> <span class='ocrx_word' id='word_1_171' title='bbox 613 837 726 876; x_wconf 72' lang='grc' dir='ltr'>φύσεως·</span> <span class='ocrx_word' id='word_1_172' title='bbox 745 837 783 873; x_wconf 80' lang='grc' dir='ltr'>μὴ</span> <span class='ocrx_word' id='word_1_173' title='bbox 814 836 958 874; x_wconf 77' lang='grc' dir='ltr'>ἄπερφυσῶ</span> 
     </span>
    </p>
   </div>
   <div class='ocr_carea' id='block_1_25' title="bbox 133 880 958 924">
    <p class='ocr_par' dir='ltr' id='par_1_25' title="bbox 133 880 958 924">
     <span class='ocr_line' id='line_1_25' title="bbox 133 880 958 924; baseline -0.011 -8"><span class='ocrx_word' id='word_1_174' title='bbox 133 887 351 924; x_wconf 72' lang='grc' dir='ltr'>ἐπαινούμενος,</span> <span class='ocrx_word' id='word_1_175' title='bbox 381 885 418 922; x_wconf 80' lang='grc' dir='ltr'>μὴ</span> <span class='ocrx_word' id='word_1_176' title='bbox 450 883 544 920; x_wconf 78' lang='grc' dir='ltr'>δόξαζε</span> <span class='ocrx_word' id='word_1_177' title='bbox 574 882 700 918; x_wconf 78' lang='grc' dir='ltr'>σεαυτὸν,</span> <span class='ocrx_word' id='word_1_178' title='bbox 731 880 801 918; x_wconf 75' lang='grc' dir='ltr'>μηδὲ</span> <span class='ocrx_word' id='word_1_179' title='bbox 825 880 958 919; x_wconf 81' lang='grc' dir='ltr'>μεγάλυνε</span> 
     </span>
    </p>
   </div>
   <div class='ocr_carea' id='block_1_26' title="bbox 132 925 957 967">
    <p class='ocr_par' dir='ltr' id='par_1_26' title="bbox 132 925 957 967">
     <span class='ocr_line' id='line_1_26' title="bbox 132 925 957 967; baseline -0.01 -7"><span class='ocrx_word' id='word_1_180' title='bbox 132 934 167 961; x_wconf 72' lang='grc' dir='ltr'>τὶ</span> <span class='ocrx_word' id='word_1_181' title='bbox 196 930 297 967; x_wconf 67' lang='grc' dir='ltr'>σὲ,’ίνα</span> <span class='ocrx_word' id='word_1_182' title='bbox 324 931 362 966; x_wconf 82' lang='grc' dir='ltr'>μὴ</span> <span class='ocrx_word' id='word_1_183' title='bbox 390 931 456 965; x_wconf 80' lang='grc' dir='ltr'>μετᾶ</span> <span class='ocrx_word' id='word_1_184' title='bbox 479 930 532 956; x_wconf 81' lang='grc' dir='ltr'>τῶν</span> <span class='ocrx_word' id='word_1_185' title='bbox 559 928 668 962; x_wconf 78' lang='grc' dir='ltr'>πτηνῶν</span> <span class='ocrx_word' id='word_1_186' title='bbox 695 925 843 963; x_wconf 62' lang='grc' dir='ltr'>λογισθῇςξ</span> <span class='ocrx_word' id='word_1_187' title='bbox 863 925 957 961; x_wconf 79' lang='grc' dir='ltr'>ἐπίσης</span> 
     </span>
    </p>
   </div>
   <div class='ocr_carea' id='block_1_27' title="bbox 133 970 958 1012">
    <p class='ocr_par' dir='ltr' id='par_1_27' title="bbox 133 970 958 1012">
     <span class='ocr_line' id='line_1_27' title="bbox 133 970 958 1012; baseline -0.01 -8"><span class='ocrx_word' id='word_1_188' title='bbox 133 976 247 1007; x_wconf 70' lang='grc' dir='ltr'>ἐκείνοις</span> <span class='ocrx_word' id='word_1_189' title='bbox 276 974 467 1012; x_wconf 71' lang='grc' dir='ltr'>ἐπαιρόμενος,</span> <span class='ocrx_word' id='word_1_190' title='bbox 495 971 538 999; x_wconf 82' lang='grc' dir='ltr'>καὶ</span> <span class='ocrx_word' id='word_1_191' title='bbox 573 970 638 1008; x_wconf 81' lang='grc' dir='ltr'>τῇδε</span> <span class='ocrx_word' id='word_1_192' title='bbox 665 971 773 998; x_wconf 74' lang='grc' dir='ltr'>κάκεῖσε</span> <span class='ocrx_word' id='word_1_193' title='bbox 799 970 832 1007; x_wconf 73' lang='grc' dir='ltr'>τῇ</span> <span class='ocrx_word' id='word_1_194' title='bbox 861 970 958 1005; x_wconf 78' lang='grc' dir='ltr'>πτήσει</span> 
     </span>
    </p>
   </div>
   <div class='ocr_carea' id='block_1_28' title="bbox 131 1013 959 1059">
    <p class='ocr_par' dir='ltr' id='par_1_28' title="bbox 131 1013 959 1059">
     <span class='ocr_line' id='line_1_28' title="bbox 131 1013 959 1059; baseline -0.011 -10"><span class='ocrx_word' id='word_1_195' title='bbox 131 1021 358 1059; x_wconf 73' lang='grc' dir='ltr'>περιφερόμενος.</span> <span class='ocrx_word' id='word_1_196' title='bbox 375 1019 462 1055; x_wconf 82' lang='grc' dir='ltr'>Ἀρχε</span> <span class='ocrx_word' id='word_1_197' title='bbox 476 1019 531 1044; x_wconf 83' lang='grc' dir='ltr'>τῶν</span> <span class='ocrx_word' id='word_1_198' title='bbox 548 1017 573 1043; x_wconf 74' lang='grc' dir='ltr'>ἓν</span> <span class='ocrx_word' id='word_1_199' title='bbox 591 1015 632 1042; x_wconf 90' lang='grc' dir='ltr'>σοὶ</span> <span class='ocrx_word' id='word_1_200' title='bbox 657 1014 808 1053; x_wconf 76' lang='grc' dir='ltr'>λογισμῶν,</span> <span class='ocrx_word' id='word_1_201' title='bbox 821 1013 868 1041; x_wconf 83' lang='grc' dir='ltr'>’ίνα</span> <span class='ocrx_word' id='word_1_202' title='bbox 894 1015 959 1059; x_wconf 61' lang='grc' dir='ltr'>γενῃ</span> 
     </span>
    </p>
   </div>
   <div class='ocr_carea' id='block_1_29' title="bbox 131 1058 959 1104">
    <p class='ocr_par' dir='ltr' id='par_1_29' title="bbox 131 1058 959 1104">
     <span class='ocr_line' id='line_1_29' title="bbox 131 1058 959 1104; baseline -0.008 -12"><span class='ocrx_word' id='word_1_203' title='bbox 131 1058 227 1104; x_wconf 61' lang='grc' dir='ltr'>ἅρχων</span> <span class='ocrx_word' id='word_1_204' title='bbox 242 1066 296 1092; x_wconf 82' lang='grc' dir='ltr'>τῶν</span> <span class='ocrx_word' id='word_1_205' title='bbox 313 1062 398 1090; x_wconf 73' lang='grc' dir='ltr'>ὄντων</span> <span class='ocrx_word' id='word_1_206' title='bbox 415 1062 532 1089; x_wconf 73' lang='grc' dir='ltr'>πάντων·</span> <span class='ocrx_word' id='word_1_207' title='bbox 544 1060 630 1091; x_wconf 72' lang='grc' dir='ltr'>οὕτως</span> <span class='ocrx_word' id='word_1_208' title='bbox 642 1061 659 1095; x_wconf 83' lang='grc' dir='ltr'>ὴ</span> <span class='ocrx_word' id='word_1_209' title='bbox 670 1060 738 1087; x_wconf 76' lang='grc' dir='ltr'>κατὰ</span> <span class='ocrx_word' id='word_1_210' title='bbox 752 1061 806 1086; x_wconf 82' lang='grc' dir='ltr'>τῶν</span> <span class='ocrx_word' id='word_1_211' title='bbox 824 1059 901 1093; x_wconf 82' lang='grc' dir='ltr'>ζώων</span> <span class='ocrx_word' id='word_1_212' title='bbox 918 1058 959 1086; x_wconf 80' lang='grc' dir='ltr'>’δε-</span> 
     </span>
    </p>
   </div>
   <div class='ocr_carea' id='block_1_30' title="bbox 131 1103 958 1147">
    <p class='ocr_par' dir='ltr' id='par_1_30' title="bbox 131 1103 958 1147">
     <span class='ocr_line' id='line_1_30' title="bbox 131 1103 958 1147; baseline -0.01 -9"><span class='ocrx_word' id='word_1_213' title='bbox 131 1103 234 1147; x_wconf 73' lang='grc' dir='ltr'>δομένη</span> <span class='ocrx_word' id='word_1_214' title='bbox 251 1108 325 1147; x_wconf 81' lang='grc' dir='ltr'>ἀρχὴ</span> <span class='ocrx_word' id='word_1_215' title='bbox 343 1106 466 1146; x_wconf 75' lang='grc' dir='ltr'>ῥυθμίζει</span> <span class='ocrx_word' id='word_1_216' title='bbox 482 1106 557 1142; x_wconf 77' lang='grc' dir='ltr'>ἡμᾶς</span> <span class='ocrx_word' id='word_1_217' title='bbox 574 1103 640 1142; x_wconf 75' lang='grc' dir='ltr'>πρὸς</span> <span class='ocrx_word' id='word_1_218' title='bbox 655 1105 687 1132; x_wconf 87' lang='grc' dir='ltr'>τὺ</span> <span class='ocrx_word' id='word_1_219' title='bbox 702 1105 782 1140; x_wconf 79' lang='grc' dir='ltr'>ἡμῶν</span> <span class='ocrx_word' id='word_1_220' title='bbox 804 1104 894 1131; x_wconf 72' lang='grc' dir='ltr'>αὐτῶν</span> <span class='ocrx_word' id='word_1_221' title='bbox 912 1103 958 1141; x_wconf 78' lang='grc' dir='ltr'>ἅρ-</span> 
     </span>
    </p>
   </div>
   <div class='ocr_carea' id='block_1_31' title="bbox 131 1147 958 1194">
    <p class='ocr_par' dir='ltr' id='par_1_31' title="bbox 131 1147 958 1194">
     <span class='ocr_line' id='line_1_31' title="bbox 131 1147 958 1194; baseline -0.01 -11"><span class='ocrx_word' id='word_1_222' title='bbox 131 1165 201 1194; x_wconf 77' lang='grc' dir='ltr'>χειν.</span> <span class='ocrx_word' id='word_1_223' title='bbox 223 1154 345 1182; x_wconf 78' lang='grc' dir='ltr'>’Ἄτοπον</span> <span class='ocrx_word' id='word_1_224' title='bbox 369 1151 419 1189; x_wconf 79' lang='grc' dir='ltr'>γὰρ</span> <span class='ocrx_word' id='word_1_225' title='bbox 444 1151 499 1178; x_wconf 67' lang='grc' dir='ltr'>ἐστι</span> <span class='ocrx_word' id='word_1_226' title='bbox 524 1147 850 1194; x_wconf 33' lang='grc' dir='ltr'>βασιλευόμενονῌοῗκοιγ</span> <span class='ocrx_word' id='word_1_227' title='bbox 876 1148 958 1194; x_wconf 77' lang='grc' dir='ltr'>ἐθνῶν</span> 
     </span>
    </p>
   </div>
   <div class='ocr_carea' id='block_1_32' title="bbox 131 1191 956 1238">
    <p class='ocr_par' dir='ltr' id='par_1_32' title="bbox 131 1191 956 1238">
     <span class='ocr_line' id='line_1_32' title="bbox 131 1191 956 1238; baseline -0.01 -11"><span class='ocrx_word' id='word_1_228' title='bbox 131 1191 237 1238; x_wconf 20' lang='grc' dir='ltr'>ἇῗρχειν·</span> <span class='ocrx_word' id='word_1_229' title='bbox 253 1198 298 1225; x_wconf 80' lang='grc' dir='ltr'>καὶ</span> <span class='ocrx_word' id='word_1_230' title='bbox 327 1195 380 1224; x_wconf 71' lang='grc' dir='ltr'>ἄπο</span> <span class='ocrx_word' id='word_1_231' title='bbox 409 1195 498 1232; x_wconf 71' lang='grc' dir='ltr'>ἑτέρας</span> <span class='ocrx_word' id='word_1_232' title='bbox 520 1194 704 1232; x_wconf 71' lang='grc' dir='ltr'>κρατούμενον</span> <span class='ocrx_word' id='word_1_233' title='bbox 731 1191 795 1221; x_wconf 59' lang='grc' dir='ltr'>εἴσω</span> <span class='ocrx_word' id='word_1_234' title='bbox 827 1192 956 1228; x_wconf 78' lang='grc' dir='ltr'>ἐξουσίας,</span> 
     </span>
    </p>
   </div>
   <div class='ocr_carea' id='block_1_33' title="bbox 133 1228 960 1281">
    <p class='ocr_par' dir='ltr' id='par_1_33' title="bbox 133 1228 960 1281">
     <span class='ocr_line' id='line_1_33' title="bbox 133 1228 960 1281; baseline -0.01 -9"><span class='ocrx_word' id='word_1_235' title='bbox 133 1228 255 1281; x_wconf 51' lang='grc' dir='ltr'>δημοσίᾳ</span> <span class='ocrx_word' id='word_1_236' title='bbox 269 1242 377 1272; x_wconf 85' lang='grc' dir='ltr'>πόλεως</span> <span class='ocrx_word' id='word_1_237' title='bbox 394 1241 459 1267; x_wconf 74' lang='grc' dir='ltr'>εἶναι</span> <span class='ocrx_word' id='word_1_238' title='bbox 475 1240 640 1277; x_wconf 75' lang='grc' dir='ltr'>προστάτην.</span> <span class='ocrx_word' id='word_1_239' title='bbox 664 1238 725 1274; x_wconf 79' lang='grc' dir='ltr'>Χρὴ</span> <span class='ocrx_word' id='word_1_240' title='bbox 753 1237 782 1265; x_wconf 74' lang='grc' dir='ltr'>δὲ</span> <span class='ocrx_word' id='word_1_241' title='bbox 810 1237 843 1265; x_wconf 70' lang='grc' dir='ltr'>τὰ</span> <span class='ocrx_word' id='word_1_242' title='bbox 872 1238 960 1265; x_wconf 73' lang='grc' dir='ltr'>οἰκεῖα</span> 
     </span>
    </p>
   </div>
   <div class='ocr_carea' id='block_1_34' title="bbox 132 1280 961 1320">
    <p class='ocr_par' dir='ltr' id='par_1_34' title="bbox 132 1280 961 1320">
     <span class='ocr_line' id='line_1_34' title="bbox 132 1280 961 1320; baseline -0.011 -3"><span class='ocrx_word' id='word_1_243' title='bbox 132 1291 242 1320; x_wconf 80' lang='grc' dir='ltr'>πρῶτον</span> <span class='ocrx_word' id='word_1_244' title='bbox 271 1286 363 1317; x_wconf 82' lang='grc' dir='ltr'>καλῶς</span> <span class='ocrx_word' id='word_1_245' title='bbox 393 1284 572 1320; x_wconf 74' lang='grc' dir='ltr'>διαθὲμενον,</span> <span class='ocrx_word' id='word_1_246' title='bbox 601 1283 646 1310; x_wconf 81' lang='grc' dir='ltr'>καὶ</span> <span class='ocrx_word' id='word_1_247' title='bbox 673 1283 706 1310; x_wconf 70' lang='grc' dir='ltr'>τὰ</span> <span class='ocrx_word' id='word_1_248' title='bbox 741 1280 815 1310; x_wconf 77' lang='grc' dir='ltr'>ἔνδον</span> <span class='ocrx_word' id='word_1_249' title='bbox 853 1282 961 1318; x_wconf 74' lang='grc' dir='ltr'>εὐταξίᾳ</span> 
     </span>
    </p>
   </div>
   <div class='ocr_carea' id='block_1_35' title="bbox 133 1317 961 1370">
    <p class='ocr_par' dir='ltr' id='par_1_35' title="bbox 133 1317 961 1370">
     <span class='ocr_line' id='line_1_35' title="bbox 133 1317 961 1370; baseline -0.01 -9"><span class='ocrx_word' id='word_1_250' title='bbox 133 1317 322 1370; x_wconf 72' lang='grc' dir='ltr'>κοσμήσαντα,</span> <span class='ocrx_word' id='word_1_251' title='bbox 339 1329 410 1357; x_wconf 74' lang='grc' dir='ltr'>οὕτω</span> <span class='ocrx_word' id='word_1_252' title='bbox 424 1331 477 1356; x_wconf 81' lang='grc' dir='ltr'>τῶν</span> <span class='ocrx_word' id='word_1_253' title='bbox 508 1328 584 1359; x_wconf 79' lang='grc' dir='ltr'>ἐκτὸς</span> <span class='ocrx_word' id='word_1_254' title='bbox 613 1327 658 1355; x_wconf 86' lang='grc' dir='ltr'>καὶ</span> <span class='ocrx_word' id='word_1_255' title='bbox 685 1327 793 1354; x_wconf 79' lang='grc' dir='ltr'>ὀθνείων</span> <span class='ocrx_word' id='word_1_256' title='bbox 816 1325 961 1364; x_wconf 84' lang='grc' dir='ltr'>προσλαμ-</span> 
     </span>
    </p>
   </div>
   <div class='ocr_carea' id='block_1_36' title="bbox 134 1371 961 1410">
    <p class='ocr_par' dir='ltr' id='par_1_36' title="bbox 134 1371 961 1410">
     <span class='ocr_line' id='line_1_36' title="bbox 134 1371 961 1410; baseline -0.01 -5"><span class='ocrx_word' id='word_1_257' title='bbox 134 1376 225 1405; x_wconf 72' lang='grc' dir='ltr'>ϐάνειν</span> <span class='ocrx_word' id='word_1_258' title='bbox 249 1377 299 1410; x_wconf 84' lang='grc' dir='ltr'>τήν</span> <span class='ocrx_word' id='word_1_259' title='bbox 320 1373 474 1402; x_wconf 77' lang='grc' dir='ltr'>ἐπιστασίαν</span> <span class='ocrx_word' id='word_1_260' title='bbox 491 1383 497 1390; x_wconf 92' lang='grc'>·</span> <span class='ocrx_word' id='word_1_261' title='bbox 518 1371 575 1400; x_wconf 75' lang='grc' dir='ltr'>ἐπεὶ</span> <span class='ocrx_word' id='word_1_262' title='bbox 604 1372 850 1410; x_wconf 59' lang='grc' dir='ltr'>περιστραῳήσεται</span> <span class='ocrx_word' id='word_1_263' title='bbox 889 1371 961 1409; x_wconf 79' lang='grc' dir='ltr'>παρὰ</span> 
     </span>
    </p>
   </div>
   <div class='ocr_carea' id='block_1_37' title="bbox 133 1416 960 1458">
    <p class='ocr_par' dir='ltr' id='par_1_37' title="bbox 133 1416 960 1458">
     <span class='ocr_line' id='line_1_37' title="bbox 133 1416 960 1458; baseline -0.008 -8"><span class='ocrx_word' id='word_1_264' title='bbox 133 1424 189 1450; x_wconf 83' lang='grc' dir='ltr'>τῶν</span> <span class='ocrx_word' id='word_1_265' title='bbox 222 1419 384 1458; x_wconf 72' lang='grc' dir='ltr'>ἀρχομξνων</span> <span class='ocrx_word' id='word_1_266' title='bbox 424 1418 438 1445; x_wconf 82' lang='grc' dir='ltr'>ὁ</span> <span class='ocrx_word' id='word_1_267' title='bbox 472 1416 576 1455; x_wconf 83' lang='grc' dir='ltr'>λόγος,</span> <span class='ocrx_word' id='word_1_268' title='bbox 596 1416 636 1444; x_wconf 78' lang='grc' dir='ltr'>ὅτι</span> <span class='ocrx_word' id='word_1_269' title='bbox 667 1416 770 1453; x_wconf 71' lang='grc' dir='ltr'>Ἰατρε,</span> <span class='ocrx_word' id='word_1_270' title='bbox 797 1416 960 1453; x_wconf 78' lang='grc' dir='ltr'>θεράπευσον</span> 
     </span>
    </p>
   </div>
   <div class='ocr_carea' id='block_1_38' title="bbox 1047 568 1836 612">
    <p class='ocr_par' dir='ltr' id='par_1_38' title="bbox 1047 568 1836 612">
     <span class='ocr_line' id='line_1_38' title="bbox 1047 568 1836 612; baseline 0.014 -18"><span class='ocrx_word' id='word_1_271' title='bbox 1047 568 1092 595; x_wconf 85' lang='lat'>25.</span> <span class='ocrx_word' id='word_1_272' title='bbox 1108 568 1307 602; x_wconf 87' lang='lat' dir='ltr'>Enimvero,tu</span> <span class='ocrx_word' id='word_1_273' title='bbox 1324 570 1441 606; x_wconf 85' lang='lat' dir='ltr'>quidem</span> <span class='ocrx_word' id='word_1_274' title='bbox 1458 580 1540 600; x_wconf 84' lang='lat' dir='ltr'>serva</span> <span class='ocrx_word' id='word_1_275' title='bbox 1555 581 1722 603; x_wconf 84' lang='lat' dir='ltr'>concessam</span> <span class='ocrx_word' id='word_1_276' title='bbox 1739 576 1836 612; x_wconf 81' lang='lat' dir='ltr'>digni-</span> 
     </span>
    </p>
   </div>
   <div class='ocr_carea' id='block_1_39' title="bbox 1014 613 1876 657">
    <p class='ocr_par' dir='ltr' id='par_1_39' title="bbox 1014 613 1876 657">
     <span class='ocr_line' id='line_1_39' title="bbox 1014 613 1876 657; baseline 0.013 -18"><span class='ocrx_word' id='word_1_277' title='bbox 1014 613 1255 650; x_wconf 83' lang='lat' dir='ltr'>tatem.Princeps</span> <span class='ocrx_word' id='word_1_278' title='bbox 1270 616 1385 642; x_wconf 87' lang='lat' dir='ltr'>creatus</span> <span class='ocrx_word' id='word_1_279' title='bbox 1401 623 1432 643; x_wconf 93' lang='lat' dir='ltr'>es</span> <span class='ocrx_word' id='word_1_280' title='bbox 1449 624 1455 644; x_wconf 89' lang='lat'>:</span> <span class='ocrx_word' id='word_1_281' title='bbox 1472 617 1522 652; x_wconf 86' lang='lat' dir='ltr'>qui</span> <span class='ocrx_word' id='word_1_282' title='bbox 1537 617 1616 646; x_wconf 82' lang='lat' dir='ltr'>vitiis</span> <span class='ocrx_word' id='word_1_283' title='bbox 1631 619 1753 655; x_wconf 89' lang='lat' dir='ltr'>imperio</span> <span class='ocrx_word' id='word_1_284' title='bbox 1766 629 1838 657; x_wconf 65' lang='lat' dir='ltr'>prze-</span> <span class='ocrx_word' id='word_1_285' title='bbox 1874 648 1876 651; x_wconf 88' lang='lat'><strong><em>_</em></strong></span> 
     </span>
    </p>
   </div>
   <div class='ocr_carea' id='block_1_40' title="bbox 1013 658 1837 699">
    <p class='ocr_par' dir='ltr' id='par_1_40' title="bbox 1013 658 1837 699">
     <span class='ocr_line' id='line_1_40' title="bbox 1013 658 1837 699; baseline 0.012 -15"><span class='ocrx_word' id='word_1_286' title='bbox 1013 658 1054 684; x_wconf 88' lang='lat' dir='ltr'>sis</span> <span class='ocrx_word' id='word_1_287' title='bbox 1067 666 1099 685; x_wconf 91' lang='lat' dir='ltr'>ac</span> <span class='ocrx_word' id='word_1_288' title='bbox 1115 658 1279 686; x_wconf 75' lang='lat' dir='ltr'>aﬂ&#39;octibus.</span> <span class='ocrx_word' id='word_1_289' title='bbox 1293 658 1362 686; x_wconf 84' lang='lat' dir='ltr'>Esto</span> <span class='ocrx_word' id='word_1_290' title='bbox 1376 659 1555 693; x_wconf 84' lang='lat' dir='ltr'>bestiis,esto</span> <span class='ocrx_word' id='word_1_291' title='bbox 1571 665 1837 699; x_wconf 84' lang='lat' dir='ltr'>serpentibus,esto</span> 
     </span>
    </p>
   </div>
   <div class='ocr_carea' id='block_1_41' title="bbox 1011 701 1837 738">
    <p class='ocr_par' dir='ltr' id='par_1_41' title="bbox 1011 701 1837 738">
     <span class='ocr_line' id='line_1_41' title="bbox 1011 701 1837 738; baseline 0.012 -10"><span class='ocrx_word' id='word_1_292' title='bbox 1011 701 1180 729; x_wconf 89' lang='lat' dir='ltr'>volatilibus</span> <span class='ocrx_word' id='word_1_293' title='bbox 1197 711 1314 737; x_wconf 68' lang='lat' dir='ltr'>praeses.</span> <span class='ocrx_word' id='word_1_294' title='bbox 1335 703 1399 731; x_wconf 91' lang='lat' dir='ltr'>Noli</span> <span class='ocrx_word' id='word_1_295' title='bbox 1424 705 1522 732; x_wconf 90' lang='lat' dir='ltr'>animo</span> <span class='ocrx_word' id='word_1_296' title='bbox 1549 707 1657 734; x_wconf 79' lang='lat' dir='ltr'>extolli.</span> <span class='ocrx_word' id='word_1_297' title='bbox 1683 709 1748 736; x_wconf 89' lang='lat' dir='ltr'>Noli</span> <span class='ocrx_word' id='word_1_298' title='bbox 1773 718 1837 738; x_wconf 85' lang='lat' dir='ltr'>esse</span> 
     </span>
    </p>
   </div>
   <div class='ocr_carea' id='block_1_42' title="bbox 1013 746 1837 782">
    <p class='ocr_par' dir='ltr' id='par_1_42' title="bbox 1013 746 1837 782">
     <span class='ocr_line' id='line_1_42' title="bbox 1013 746 1837 782; baseline 0.011 -9"><span class='ocrx_word' id='word_1_299' title='bbox 1013 748 1109 774; x_wconf 86' lang='lat' dir='ltr'>mente</span> <span class='ocrx_word' id='word_1_300' title='bbox 1124 746 1195 774; x_wconf 87' lang='lat' dir='ltr'>levis</span> <span class='ocrx_word' id='word_1_301' title='bbox 1211 755 1244 775; x_wconf 87' lang='lat' dir='ltr'>ac</span> <span class='ocrx_word' id='word_1_302' title='bbox 1259 747 1416 775; x_wconf 80' lang='lat' dir='ltr'>instabilis.</span> <span class='ocrx_word' id='word_1_303' title='bbox 1433 750 1632 779; x_wconf 87' lang='lat' dir='ltr'>Constitutum</span> <span class='ocrx_word' id='word_1_304' title='bbox 1650 752 1702 780; x_wconf 89' lang='lat' dir='ltr'>tibi</span> <span class='ocrx_word' id='word_1_305' title='bbox 1732 756 1776 782; x_wconf 89' lang='lat' dir='ltr'>est</span> <span class='ocrx_word' id='word_1_306' title='bbox 1805 758 1837 782; x_wconf 89' lang='lat' dir='ltr'>ut</span> 
     </span>
    </p>
   </div>
   <div class='ocr_carea' id='block_1_43' title="bbox 1013 791 1834 827">
    <p class='ocr_par' dir='ltr' id='par_1_43' title="bbox 1013 791 1834 827">
     <span class='ocr_line' id='line_1_43' title="bbox 1013 791 1834 827; baseline 0.012 -10"><span class='ocrx_word' id='word_1_307' title='bbox 1013 791 1114 827; x_wconf 62' lang='lat' dir='ltr'>pressis</span> <span class='ocrx_word' id='word_1_308' title='bbox 1143 791 1323 826; x_wconf 82' lang='lat' dir='ltr'>volucribus,</span> <span class='ocrx_word' id='word_1_309' title='bbox 1355 801 1412 820; x_wconf 91' lang='lat' dir='ltr'>non</span> <span class='ocrx_word' id='word_1_310' title='bbox 1434 796 1466 821; x_wconf 87' lang='lat' dir='ltr'>ut</span> <span class='ocrx_word' id='word_1_311' title='bbox 1481 793 1649 824; x_wconf 88' lang='lat' dir='ltr'>volucribus</span> <span class='ocrx_word' id='word_1_312' title='bbox 1664 797 1769 826; x_wconf 89' lang='lat' dir='ltr'>similis</span> <span class='ocrx_word' id='word_1_313' title='bbox 1783 799 1834 827; x_wconf 90' lang='lat' dir='ltr'>sis.</span> 
     </span>
    </p>
   </div>
   <div class='ocr_carea' id='block_1_44' title="bbox 1012 835 1835 879">
    <p class='ocr_par' dir='ltr' id='par_1_44' title="bbox 1012 835 1835 879">
     <span class='ocr_line' id='line_1_44' title="bbox 1012 835 1835 879; baseline 0.012 -17"><span class='ocrx_word' id='word_1_314' title='bbox 1012 835 1076 863; x_wconf 91' lang='lat' dir='ltr'>Noli</span> <span class='ocrx_word' id='word_1_315' title='bbox 1092 836 1189 871; x_wconf 80' lang='lat' dir='ltr'>itaque</span> <span class='ocrx_word' id='word_1_316' title='bbox 1204 837 1341 872; x_wconf 82' lang='lat' dir='ltr'>superbia</span> <span class='ocrx_word' id='word_1_317' title='bbox 1356 837 1462 873; x_wconf 83' lang='lat' dir='ltr'>inﬂari,</span> <span class='ocrx_word' id='word_1_318' title='bbox 1481 838 1540 866; x_wconf 93' lang='lat' dir='ltr'>noli</span> <span class='ocrx_word' id='word_1_319' title='bbox 1556 840 1645 869; x_wconf 84' lang='lat' dir='ltr'>altius</span> <span class='ocrx_word' id='word_1_320' title='bbox 1669 842 1775 879; x_wconf 79' lang='lat' dir='ltr'>ett‘erri,</span> <span class='ocrx_word' id='word_1_321' title='bbox 1800 852 1835 872; x_wconf 87' lang='lat' dir='ltr'>ne</span> 
     </span>
    </p>
   </div>
   <div class='ocr_carea' id='block_1_45' title="bbox 1013 881 1835 923">
    <p class='ocr_par' dir='ltr' id='par_1_45' title="bbox 1013 881 1835 923">
     <span class='ocr_line' id='line_1_45' title="bbox 1013 881 1835 923; baseline 0.011 -16"><span class='ocrx_word' id='word_1_322' title='bbox 1013 889 1100 915; x_wconf 87' lang='lat' dir='ltr'>quam</span> <span class='ocrx_word' id='word_1_323' title='bbox 1117 889 1169 916; x_wconf 89' lang='lat' dir='ltr'>pro</span> <span class='ocrx_word' id='word_1_324' title='bbox 1184 881 1315 909; x_wconf 84' lang='lat' dir='ltr'>humana</span> <span class='ocrx_word' id='word_1_325' title='bbox 1327 884 1500 919; x_wconf 85' lang='lat' dir='ltr'>terrenaque</span> <span class='ocrx_word' id='word_1_326' title='bbox 1516 884 1611 913; x_wconf 86' lang='lat' dir='ltr'>indole</span> <span class='ocrx_word' id='word_1_327' title='bbox 1622 886 1718 922; x_wconf 83' lang='lat' dir='ltr'>majus</span> <span class='ocrx_word' id='word_1_328' title='bbox 1727 888 1835 923; x_wconf 89' lang='lat' dir='ltr'>sapias.</span> 
     </span>
    </p>
   </div>
   <div class='ocr_carea' id='block_1_46' title="bbox 1013 925 1834 968">
    <p class='ocr_par' dir='ltr' id='par_1_46' title="bbox 1013 925 1834 968">
     <span class='ocr_line' id='line_1_46' title="bbox 1013 925 1834 968; baseline 0.012 -17"><span class='ocrx_word' id='word_1_329' title='bbox 1013 925 1054 952; x_wconf 88' lang='lat' dir='ltr'>Ne</span> <span class='ocrx_word' id='word_1_330' title='bbox 1069 927 1150 952; x_wconf 85' lang='lat' dir='ltr'>extra</span> <span class='ocrx_word' id='word_1_331' title='bbox 1165 925 1285 953; x_wconf 90' lang='lat' dir='ltr'>modum</span> <span class='ocrx_word' id='word_1_332' title='bbox 1300 926 1376 954; x_wconf 81' lang='lat' dir='ltr'>fastu</span> <span class='ocrx_word' id='word_1_333' title='bbox 1394 929 1508 955; x_wconf 84' lang='lat' dir='ltr'>tumeas</span> <span class='ocrx_word' id='word_1_334' title='bbox 1535 929 1674 958; x_wconf 82' lang='lat' dir='ltr'>laudibus</span> <span class='ocrx_word' id='word_1_335' title='bbox 1697 933 1834 968; x_wconf 83' lang='lat' dir='ltr'>acceptis.</span> 
     </span>
    </p>
   </div>
   <div class='ocr_carea' id='block_1_47' title="bbox 1012 969 1836 1011">
    <p class='ocr_par' dir='ltr' id='par_1_47' title="bbox 1012 969 1836 1011">
     <span class='ocr_line' id='line_1_47' title="bbox 1012 969 1836 1011; baseline 0.011 -15"><span class='ocrx_word' id='word_1_336' title='bbox 1012 969 1076 997; x_wconf 90' lang='lat' dir='ltr'>Noli</span> <span class='ocrx_word' id='word_1_337' title='bbox 1091 969 1219 1005; x_wconf 84' lang='lat' dir='ltr'>teipsum</span> <span class='ocrx_word' id='word_1_338' title='bbox 1235 969 1364 1005; x_wconf 86' lang='lat' dir='ltr'>laudare,</span> <span class='ocrx_word' id='word_1_339' title='bbox 1383 980 1434 999; x_wconf 87' lang='lat' dir='ltr'>nec</span> <span class='ocrx_word' id='word_1_340' title='bbox 1451 973 1606 1008; x_wconf 79' lang='lat' dir='ltr'>magnifice</span> <span class='ocrx_word' id='word_1_341' title='bbox 1621 977 1671 1002; x_wconf 88' lang='lat' dir='ltr'>tua</span> <span class='ocrx_word' id='word_1_342' title='bbox 1685 975 1836 1011; x_wconf 76' lang='lat' dir='ltr'>cﬁ‘crre,ne</span> 
     </span>
    </p>
   </div>
   <div class='ocr_carea' id='block_1_48' title="bbox 1014 1013 1836 1054">
    <p class='ocr_par' dir='ltr' id='par_1_48' title="bbox 1014 1013 1836 1054">
     <span class='ocr_line' id='line_1_48' title="bbox 1014 1013 1836 1054; baseline 0.011 -14"><span class='ocrx_word' id='word_1_343' title='bbox 1014 1022 1080 1041; x_wconf 90' lang='lat' dir='ltr'>cum</span> <span class='ocrx_word' id='word_1_344' title='bbox 1097 1013 1266 1042; x_wconf 89' lang='lat' dir='ltr'>volucribus</span> <span class='ocrx_word' id='word_1_345' title='bbox 1284 1016 1472 1051; x_wconf 85' lang='lat' dir='ltr'>computeris,</span> <span class='ocrx_word' id='word_1_346' title='bbox 1490 1018 1539 1053; x_wconf 87' lang='lat' dir='ltr'>qui</span> <span class='ocrx_word' id='word_1_347' title='bbox 1557 1019 1618 1054; x_wconf 86' lang='lat' dir='ltr'>pari</span> <span class='ocrx_word' id='word_1_348' title='bbox 1642 1019 1700 1048; x_wconf 90' lang='lat' dir='ltr'>illis</span> <span class='ocrx_word' id='word_1_349' title='bbox 1725 1021 1836 1049; x_wconf 74' lang='lat' dir='ltr'>ratione</span> 
     </span>
    </p>
   </div>
   <div class='ocr_carea' id='block_1_49' title="bbox 1015 1058 1836 1095">
    <p class='ocr_par' dir='ltr' id='par_1_49' title="bbox 1015 1058 1836 1095">
     <span class='ocr_line' id='line_1_49' title="bbox 1015 1058 1836 1095; baseline 0.011 -10"><span class='ocrx_word' id='word_1_350' title='bbox 1015 1058 1168 1094; x_wconf 80' lang='lat' dir='ltr'>attollaris,</span> <span class='ocrx_word' id='word_1_351' title='bbox 1185 1061 1272 1095; x_wconf 89' lang='lat' dir='ltr'>atque</span> <span class='ocrx_word' id='word_1_352' title='bbox 1287 1059 1344 1088; x_wconf 86' lang='lat' dir='ltr'>huc</span> <span class='ocrx_word' id='word_1_353' title='bbox 1360 1068 1392 1088; x_wconf 89' lang='lat' dir='ltr'>ac</span> <span class='ocrx_word' id='word_1_354' title='bbox 1408 1060 1476 1088; x_wconf 89' lang='lat' dir='ltr'>illuc</span> <span class='ocrx_word' id='word_1_355' title='bbox 1492 1062 1587 1090; x_wconf 85' lang='lat' dir='ltr'>volatu</span> <span class='ocrx_word' id='word_1_356' title='bbox 1611 1064 1836 1094; x_wconf 85' lang='lat' dir='ltr'>circumferaris.</span> 
     </span>
    </p>
   </div>
   <div class='ocr_carea' id='block_1_50' title="bbox 1015 1103 1836 1139">
    <p class='ocr_par' dir='ltr' id='par_1_50' title="bbox 1015 1103 1836 1139">
     <span class='ocr_line' id='line_1_50' title="bbox 1015 1103 1836 1139; baseline 0.01 -10"><span class='ocrx_word' id='word_1_357' title='bbox 1015 1103 1086 1130; x_wconf 87' lang='lat' dir='ltr'>Tuis</span> <span class='ocrx_word' id='word_1_358' title='bbox 1104 1103 1165 1138; x_wconf 88' lang='lat' dir='ltr'>ipse</span> <span class='ocrx_word' id='word_1_359' title='bbox 1188 1104 1289 1139; x_wconf 70' lang='lat' dir='ltr'>prensis</span> <span class='ocrx_word' id='word_1_360' title='bbox 1313 1105 1488 1138; x_wconf 84' lang='lat' dir='ltr'>rationibus,</span> <span class='ocrx_word' id='word_1_361' title='bbox 1517 1109 1548 1134; x_wconf 88' lang='lat' dir='ltr'>ut</span> <span class='ocrx_word' id='word_1_362' title='bbox 1578 1115 1676 1135; x_wconf 91' lang='lat' dir='ltr'>rerum</span> <span class='ocrx_word' id='word_1_363' title='bbox 1704 1109 1836 1138; x_wconf 89' lang='lat' dir='ltr'>omnium</span> 
     </span>
    </p>
   </div>
   <div class='ocr_carea' id='block_1_51' title="bbox 1015 1148 1838 1183">
    <p class='ocr_par' dir='ltr' id='par_1_51' title="bbox 1015 1148 1838 1183">
     <span class='ocr_line' id='line_1_51' title="bbox 1015 1148 1838 1183; baseline 0.01 -9"><span class='ocrx_word' id='word_1_364' title='bbox 1015 1156 1122 1183; x_wconf 68' lang='lat' dir='ltr'>praises</span> <span class='ocrx_word' id='word_1_365' title='bbox 1146 1148 1293 1176; x_wconf 78' lang='lat' dir='ltr'>efﬁciaris.</span> <span class='ocrx_word' id='word_1_366' title='bbox 1318 1149 1390 1176; x_wconf 89' lang='lat' dir='ltr'>Eum</span> <span class='ocrx_word' id='word_1_367' title='bbox 1416 1150 1446 1177; x_wconf 90' lang='lat' dir='ltr'>in</span> <span class='ocrx_word' id='word_1_368' title='bbox 1463 1151 1582 1179; x_wconf 90' lang='lat' dir='ltr'>modum</span> <span class='ocrx_word' id='word_1_369' title='bbox 1600 1161 1738 1181; x_wconf 87' lang='lat' dir='ltr'>concessa</span> <span class='ocrx_word' id='word_1_370' title='bbox 1754 1155 1838 1182; x_wconf 89' lang='lat' dir='ltr'>nobis</span> 
     </span>
    </p>
   </div>
   <div class='ocr_carea' id='block_1_52' title="bbox 1015 1193 1838 1234">
    <p class='ocr_par' dir='ltr' id='par_1_52' title="bbox 1015 1193 1838 1234">
     <span class='ocr_line' id='line_1_52' title="bbox 1015 1193 1838 1234; baseline 0.01 -15"><span class='ocrx_word' id='word_1_371' title='bbox 1015 1193 1150 1220; x_wconf 88' lang='lat' dir='ltr'>adversus</span> <span class='ocrx_word' id='word_1_372' title='bbox 1167 1196 1262 1221; x_wconf 85' lang='lat' dir='ltr'>mutas</span> <span class='ocrx_word' id='word_1_373' title='bbox 1279 1194 1443 1222; x_wconf 86' lang='lat' dir='ltr'>animantes</span> <span class='ocrx_word' id='word_1_374' title='bbox 1458 1195 1572 1231; x_wconf 89' lang='lat' dir='ltr'>imperii</span> <span class='ocrx_word' id='word_1_375' title='bbox 1587 1197 1675 1229; x_wconf 84' lang='lat' dir='ltr'>vis,ut</span> <span class='ocrx_word' id='word_1_376' title='bbox 1691 1206 1743 1226; x_wconf 90' lang='lat' dir='ltr'>nos</span> <span class='ocrx_word' id='word_1_377' title='bbox 1759 1199 1838 1234; x_wconf 84' lang='lat' dir='ltr'>ipsos</span> 
     </span>
    </p>
   </div>
   <div class='ocr_carea' id='block_1_53' title="bbox 1016 1237 1838 1278">
    <p class='ocr_par' dir='ltr' id='par_1_53' title="bbox 1016 1237 1838 1278">
     <span class='ocr_line' id='line_1_53' title="bbox 1016 1237 1838 1278; baseline 0.009 -14"><span class='ocrx_word' id='word_1_378' title='bbox 1016 1237 1139 1273; x_wconf 89' lang='lat' dir='ltr'>imperio</span> <span class='ocrx_word' id='word_1_379' title='bbox 1154 1246 1291 1274; x_wconf 83' lang='lat' dir='ltr'>regamus</span> <span class='ocrx_word' id='word_1_380' title='bbox 1303 1239 1631 1275; x_wconf 84' lang='lat' dir='ltr'>componit.Absurdum</span> <span class='ocrx_word' id='word_1_381' title='bbox 1645 1251 1772 1278; x_wconf 86' lang='lat' dir='ltr'>namque</span> <span class='ocrx_word' id='word_1_382' title='bbox 1783 1246 1838 1278; x_wconf 90' lang='lat' dir='ltr'>est,</span> 
     </span>
    </p>
   </div>
   <div class='ocr_carea' id='block_1_54' title="bbox 1017 1282 1839 1323">
    <p class='ocr_par' dir='ltr' id='par_1_54' title="bbox 1017 1282 1839 1323">
     <span class='ocr_line' id='line_1_54' title="bbox 1017 1282 1839 1323; baseline 0.009 -14"><span class='ocrx_word' id='word_1_383' title='bbox 1017 1285 1048 1310; x_wconf 89' lang='lat' dir='ltr'>ut</span> <span class='ocrx_word' id='word_1_384' title='bbox 1063 1282 1113 1318; x_wconf 87' lang='lat' dir='ltr'>qui</span> <span class='ocrx_word' id='word_1_385' title='bbox 1129 1291 1217 1318; x_wconf 84' lang='lat' dir='ltr'>penes</span> <span class='ocrx_word' id='word_1_386' title='bbox 1233 1283 1363 1319; x_wconf 85' lang='lat' dir='ltr'>seipsum</span> <span class='ocrx_word' id='word_1_387' title='bbox 1380 1285 1502 1320; x_wconf 90' lang='lat' dir='ltr'>imperio</span> <span class='ocrx_word' id='word_1_388' title='bbox 1519 1289 1677 1320; x_wconf 87' lang='lat' dir='ltr'>prematur,</span> <span class='ocrx_word' id='word_1_389' title='bbox 1702 1288 1839 1323; x_wconf 81' lang='lat' dir='ltr'>gentibus</span> 
     </span>
    </p>
   </div>
   <div class='ocr_carea' id='block_1_55' title="bbox 1015 1327 1838 1364">
    <p class='ocr_par' dir='ltr' id='par_1_55' title="bbox 1015 1327 1838 1364">
     <span class='ocr_line' id='line_1_55' title="bbox 1015 1327 1838 1364; baseline 0.009 -11"><span class='ocrx_word' id='word_1_390' title='bbox 1015 1327 1137 1363; x_wconf 87' lang='lat' dir='ltr'>imperio</span> <span class='ocrx_word' id='word_1_391' title='bbox 1152 1327 1260 1363; x_wconf 79' lang='lat' dir='ltr'>praesit;</span> <span class='ocrx_word' id='word_1_392' title='bbox 1271 1328 1380 1364; x_wconf 87' lang='lat' dir='ltr'>quique</span> <span class='ocrx_word' id='word_1_393' title='bbox 1395 1331 1476 1357; x_wconf 89' lang='lat' dir='ltr'>tutus</span> <span class='ocrx_word' id='word_1_394' title='bbox 1492 1330 1589 1358; x_wconf 88' lang='lat' dir='ltr'>animo</span> <span class='ocrx_word' id='word_1_395' title='bbox 1603 1331 1683 1358; x_wconf 81' lang='lat' dir='ltr'>alteri</span> <span class='ocrx_word' id='word_1_396' title='bbox 1701 1332 1739 1359; x_wconf 88' lang='lat' dir='ltr'>sit</span> <span class='ocrx_word' id='word_1_397' title='bbox 1755 1340 1838 1360; x_wconf 86' lang='lat' dir='ltr'>man-</span> 
     </span>
    </p>
   </div>
   <div class='ocr_carea' id='block_1_56' title="bbox 1016 1372 1838 1412">
    <p class='ocr_par' dir='ltr' id='par_1_56' title="bbox 1016 1372 1838 1412">
     <span class='ocr_line' id='line_1_56' title="bbox 1016 1372 1838 1412; baseline 0.007 -13"><span class='ocrx_word' id='word_1_398' title='bbox 1016 1372 1131 1408; x_wconf 84' lang='lat' dir='ltr'>cipatus</span> <span class='ocrx_word' id='word_1_399' title='bbox 1146 1372 1292 1408; x_wconf 60' lang='lat' dir='ltr'>potentia,</span> <span class='ocrx_word' id='word_1_400' title='bbox 1320 1373 1435 1408; x_wconf 86' lang='lat' dir='ltr'>publice</span> <span class='ocrx_word' id='word_1_401' title='bbox 1466 1374 1529 1401; x_wconf 87' lang='lat' dir='ltr'>urbi</span> <span class='ocrx_word' id='word_1_402' title='bbox 1559 1377 1714 1410; x_wconf 87' lang='lat' dir='ltr'>patronum</span> <span class='ocrx_word' id='word_1_403' title='bbox 1743 1385 1838 1412; x_wconf 84' lang='lat' dir='ltr'>agere.</span> 
     </span>
    </p>
   </div>
   <div class='ocr_carea' id='block_1_57' title="bbox 1017 1417 1841 1457">
    <p class='ocr_par' dir='ltr' id='par_1_57' title="bbox 1017 1417 1841 1457">
     <span class='ocr_line' id='line_1_57' title="bbox 1017 1417 1841 1457; baseline 0.008 -14"><span class='ocrx_word' id='word_1_404' title='bbox 1017 1419 1104 1444; x_wconf 88' lang='lat' dir='ltr'>Porro</span> <span class='ocrx_word' id='word_1_405' title='bbox 1119 1424 1212 1452; x_wconf 75' lang='lat' dir='ltr'>operta</span> <span class='ocrx_word' id='word_1_406' title='bbox 1225 1417 1352 1452; x_wconf 86' lang='lat' dir='ltr'>pretium</span> <span class='ocrx_word' id='word_1_407' title='bbox 1367 1420 1411 1445; x_wconf 88' lang='lat' dir='ltr'>est</span> <span class='ocrx_word' id='word_1_408' title='bbox 1428 1420 1459 1445; x_wconf 92' lang='lat' dir='ltr'>ut</span> <span class='ocrx_word' id='word_1_409' title='bbox 1472 1419 1508 1446; x_wconf 87' lang='lat' dir='ltr'>dc</span> <span class='ocrx_word' id='word_1_410' title='bbox 1518 1419 1580 1447; x_wconf 87' lang='lat' dir='ltr'>suis</span> <span class='ocrx_word' id='word_1_411' title='bbox 1591 1420 1718 1456; x_wconf 89' lang='lat' dir='ltr'>primum</span> <span class='ocrx_word' id='word_1_412' title='bbox 1730 1422 1841 1457; x_wconf 85' lang='lat' dir='ltr'>optimo</span> 
     </span>
    </p>
   </div>
   <div class='ocr_carea' id='block_1_58' title="bbox 135 1461 961 1500">
    <p class='ocr_par' dir='ltr' id='par_1_58' title="bbox 135 1461 957 1500">
     <span class='ocr_line' id='line_1_58' title="bbox 135 1461 957 1500; baseline -0.007 -7"><span class='ocrx_word' id='word_1_413' title='bbox 135 1462 258 1494; x_wconf 72' lang='grc' dir='ltr'>σεαυτόν.</span> <span class='ocrx_word' id='word_1_414' title='bbox 275 1463 377 1492; x_wconf 75' lang='grc' dir='ltr'>Λοιπὸν</span> <span class='ocrx_word' id='word_1_415' title='bbox 403 1461 514 1493; x_wconf 66' lang='grc' dir='ltr'>ἑαυτοὺς</span> <span class='ocrx_word' id='word_1_416' title='bbox 545 1462 704 1500; x_wconf 78' lang='grc' dir='ltr'>θεραπεῦσαι</span> <span class='ocrx_word' id='word_1_417' title='bbox 734 1463 842 1499; x_wconf 83' lang='grc' dir='ltr'>πρῶτον</span> <span class='ocrx_word' id='word_1_418' title='bbox 874 1471 957 1488; x_wconf 83' lang='grc' dir='ltr'>σπου-</span> 
     </span>
    </p>
   </div>
   <div class='ocr_carea' id='block_1_59' title="bbox 1018 1461 1839 1500">
    <p class='ocr_par' dir='ltr' id='par_1_59' title="bbox 1018 1461 1839 1497">
     <span class='ocr_line' id='line_1_59' title="bbox 1018 1461 1839 1497; baseline 0.009 -9"><span class='ocrx_word' id='word_1_419' title='bbox 1018 1463 1138 1493; x_wconf 80' lang='lat' dir='ltr'>statuat.</span> <span class='ocrx_word' id='word_1_420' title='bbox 1156 1461 1205 1496; x_wconf 91' lang='lat' dir='ltr'>qui</span> <span class='ocrx_word' id='word_1_421' title='bbox 1221 1469 1322 1489; x_wconf 86' lang='lat' dir='ltr'>eorum</span> <span class='ocrx_word' id='word_1_422' title='bbox 1338 1470 1401 1497; x_wconf 66' lang='lat' dir='ltr'>qua:</span> <span class='ocrx_word' id='word_1_423' title='bbox 1418 1463 1487 1490; x_wconf 79' lang='lat' dir='ltr'>foris</span> <span class='ocrx_word' id='word_1_424' title='bbox 1503 1466 1572 1491; x_wconf 89' lang='lat' dir='ltr'>sunt</span> <span class='ocrx_word' id='word_1_425' title='bbox 1587 1467 1615 1492; x_wconf 85' lang='lat' dir='ltr'>et</span> <span class='ocrx_word' id='word_1_426' title='bbox 1634 1467 1839 1494; x_wconf 84' lang='lat' dir='ltr'>extraneorum</span> 
     </span>
    </p>
   </div>
   <div class='ocr_carea' id='block_1_60' title="bbox 137 1505 961 1546">
    <p class='ocr_par' dir='ltr' id='par_1_60' title="bbox 137 1505 961 1546">
     <span class='ocr_line' id='line_1_60' title="bbox 137 1505 961 1546; baseline -0.008 -8"><span class='ocrx_word' id='word_1_427' title='bbox 137 1507 387 1546; x_wconf 73' lang='grc' dir='ltr'>δάσωμεν.οὖδεὶς</span> <span class='ocrx_word' id='word_1_428' title='bbox 412 1509 464 1546; x_wconf 75' lang='grc' dir='ltr'>γὰρ</span> <span class='ocrx_word' id='word_1_429' title='bbox 494 1506 536 1534; x_wconf 80' lang='grc' dir='ltr'>ὅτι</span> <span class='ocrx_word' id='word_1_430' title='bbox 567 1507 604 1543; x_wconf 84' lang='grc' dir='ltr'>μή</span> <span class='ocrx_word' id='word_1_431' title='bbox 640 1505 754 1543; x_wconf 73' lang='grc' dir='ltr'>ἐθήρασε</span> <span class='ocrx_word' id='word_1_432' title='bbox 782 1505 881 1533; x_wconf 67' lang='grc' dir='ltr'>λέοντα</span> <span class='ocrx_word' id='word_1_433' title='bbox 894 1516 961 1532; x_wconf 83' lang='grc' dir='ltr'>κατ-</span> 
     </span>
    </p>
   </div>
   <div class='ocr_carea' id='block_1_61' title="bbox 136 1550 962 1592">
    <p class='ocr_par' dir='ltr' id='par_1_61' title="bbox 136 1550 962 1592">
     <span class='ocr_line' id='line_1_61' title="bbox 136 1550 962 1592; baseline -0.007 -10"><span class='ocrx_word' id='word_1_434' title='bbox 136 1554 265 1592; x_wconf 70' lang='grc' dir='ltr'>εμέμφθη</span> <span class='ocrx_word' id='word_1_435' title='bbox 294 1555 369 1580; x_wconf 63' lang='grc' dir='ltr'>ποτε·</span> <span class='ocrx_word' id='word_1_436' title='bbox 386 1551 408 1580; x_wconf 82' lang='grc' dir='ltr'>εί</span> <span class='ocrx_word' id='word_1_437' title='bbox 434 1551 462 1579; x_wconf 76' lang='grc' dir='ltr'>δὲ</span> <span class='ocrx_word' id='word_1_438' title='bbox 489 1551 527 1588; x_wconf 83' lang='grc' dir='ltr'>μή</span> <span class='ocrx_word' id='word_1_439' title='bbox 554 1551 686 1588; x_wconf 69' lang='grc' dir='ltr'>ἐκράτησε</span> <span class='ocrx_word' id='word_1_440' title='bbox 714 1552 763 1577; x_wconf 76' lang='grc' dir='ltr'>τοῦ</span> <span class='ocrx_word' id='word_1_441' title='bbox 790 1552 890 1586; x_wconf 65' lang='grc' dir='ltr'>θυμοῖ»,</span> <span class='ocrx_word' id='word_1_442' title='bbox 918 1550 962 1577; x_wconf 78' lang='grc' dir='ltr'>ἒν-</span> 
     </span>
    </p>
   </div>
   <div class='ocr_carea' id='block_1_62' title="bbox 137 1593 962 1637">
    <p class='ocr_par' dir='ltr' id='par_1_62' title="bbox 137 1593 962 1637">
     <span class='ocr_line' id='line_1_62' title="bbox 137 1593 962 1637; baseline -0.008 -10"><span class='ocrx_word' id='word_1_443' title='bbox 137 1598 257 1637; x_wconf 83' lang='grc' dir='ltr'>επαίχθη</span> <span class='ocrx_word' id='word_1_444' title='bbox 274 1598 347 1636; x_wconf 81' lang='grc' dir='ltr'>παρὰ</span> <span class='ocrx_word' id='word_1_445' title='bbox 361 1597 470 1628; x_wconf 68' lang='grc' dir='ltr'>πυντός·</span> <span class='ocrx_word' id='word_1_446' title='bbox 488 1596 525 1628; x_wconf 89' lang='grc' dir='ltr'>ὡς</span> <span class='ocrx_word' id='word_1_447' title='bbox 538 1597 551 1623; x_wconf 83' lang='grc' dir='ltr'>ὁ</span> <span class='ocrx_word' id='word_1_448' title='bbox 580 1595 626 1632; x_wconf 78' lang='grc' dir='ltr'>μὲν</span> <span class='ocrx_word' id='word_1_449' title='bbox 643 1595 680 1632; x_wconf 83' lang='grc' dir='ltr'>μὴ</span> <span class='ocrx_word' id='word_1_450' title='bbox 707 1593 830 1630; x_wconf 80' lang='grc' dir='ltr'>δυνηθεὶς</span> <span class='ocrx_word' id='word_1_451' title='bbox 857 1594 962 1632; x_wconf 77' lang='grc' dir='ltr'>ἀγρίων</span> 
     </span>
    </p>
   </div>
   <div class='ocr_carea' id='block_1_63' title="bbox 137 1638 962 1682">
    <p class='ocr_par' dir='ltr' id='par_1_63' title="bbox 137 1638 962 1682">
     <span class='ocr_line' id='line_1_63' title="bbox 137 1638 962 1682; baseline -0.008 -10"><span class='ocrx_word' id='word_1_452' title='bbox 137 1643 322 1682; x_wconf 62' lang='grc' dir='ltr'>περιγενέσθαι</span> <span class='ocrx_word' id='word_1_453' title='bbox 338 1641 453 1678; x_wconf 76' lang='grc' dir='ltr'>θηρίων,</span> <span class='ocrx_word' id='word_1_454' title='bbox 469 1639 545 1668; x_wconf 70' lang='grc' dir='ltr'>οῧπω</span> <span class='ocrx_word' id='word_1_455' title='bbox 562 1639 690 1677; x_wconf 67' lang='grc' dir='ltr'>μέμψεως</span> <span class='ocrx_word' id='word_1_456' title='bbox 707 1639 779 1674; x_wconf 72' lang='grc' dir='ltr'>ἄξιος</span> <span class='ocrx_word' id='word_1_457' title='bbox 792 1649 798 1655; x_wconf 71' lang='grc'><strong><em>⁸</em></strong></span> <span class='ocrx_word' id='word_1_458' title='bbox 816 1640 829 1666; x_wconf 84' lang='grc' dir='ltr'>ὁ</span> <span class='ocrx_word' id='word_1_459' title='bbox 859 1638 888 1666; x_wconf 73' lang='grc' dir='ltr'>δὲ</span> <span class='ocrx_word' id='word_1_460' title='bbox 915 1641 962 1666; x_wconf 76' lang='grc' dir='ltr'>τοῦ</span> 
     </span>
    </p>
   </div>
   <div class='ocr_carea' id='block_1_64' title="bbox 137 1683 964 1726">
    <p class='ocr_par' dir='ltr' id='par_1_64' title="bbox 137 1683 964 1726">
     <span class='ocr_line' id='line_1_64' title="bbox 137 1683 964 1726; baseline -0.007 -10"><span class='ocrx_word' id='word_1_461' title='bbox 137 1687 319 1726; x_wconf 81' lang='grc' dir='ltr'>ἐνοχλοῦντος</span> <span class='ocrx_word' id='word_1_462' title='bbox 343 1687 445 1718; x_wconf 72' lang='grc' dir='ltr'>πάθους</span> <span class='ocrx_word' id='word_1_463' title='bbox 467 1688 600 1722; x_wconf 79' lang='grc' dir='ltr'>κρατῆσαι</span> <span class='ocrx_word' id='word_1_464' title='bbox 627 1683 780 1719; x_wconf 79' lang='grc' dir='ltr'>ἡτονηκὼς,</span> <span class='ocrx_word' id='word_1_465' title='bbox 804 1684 856 1711; x_wconf 82' lang='grc' dir='ltr'>ὑπὸ</span> <span class='ocrx_word' id='word_1_466' title='bbox 884 1683 964 1711; x_wconf 79' lang='grc' dir='ltr'>κατά-</span> 
     </span>
    </p>
   </div>
   <div class='ocr_carea' id='block_1_65' title="bbox 138 1726 964 1772">
    <p class='ocr_par' dir='ltr' id='par_1_65' title="bbox 138 1726 964 1772">
     <span class='ocr_line' id='line_1_65' title="bbox 138 1726 964 1772; baseline -0.007 -11"><span class='ocrx_word' id='word_1_467' title='bbox 138 1744 236 1772; x_wconf 87' lang='grc' dir='ltr'>γνωσιν</span> <span class='ocrx_word' id='word_1_468' title='bbox 252 1733 370 1763; x_wconf 73' lang='grc' dir='ltr'>πάντως·</span> <span class='ocrx_word' id='word_1_469' title='bbox 389 1730 457 1758; x_wconf 77' lang='grc' dir='ltr'>διότι</span> <span class='ocrx_word' id='word_1_470' title='bbox 473 1729 558 1758; x_wconf 73' lang='grc' dir='ltr'>ἐκεῖνο</span> <span class='ocrx_word' id='word_1_471' title='bbox 576 1729 624 1766; x_wconf 77' lang='grc' dir='ltr'>μὲν</span> <span class='ocrx_word' id='word_1_472' title='bbox 651 1728 681 1756; x_wconf 81' lang='grc' dir='ltr'>οὐ</span> <span class='ocrx_word' id='word_1_473' title='bbox 707 1726 895 1765; x_wconf 69' lang='grc' dir='ltr'>συμϐάλλεται</span> <span class='ocrx_word' id='word_1_474' title='bbox 924 1730 964 1764; x_wconf 79' lang='grc' dir='ltr'>τῷ</span> 
     </span>
    </p>
   </div>
   <div class='ocr_carea' id='block_1_66' title="bbox 138 1771 962 1814">
    <p class='ocr_par' dir='ltr' id='par_1_66' title="bbox 138 1771 962 1814">
     <span class='ocr_line' id='line_1_66' title="bbox 138 1771 962 1814; baseline -0.006 -9"><span class='ocrx_word' id='word_1_475' title='bbox 138 1781 189 1809; x_wconf 61' lang='grc' dir='ltr'>τῖς</span> <span class='ocrx_word' id='word_1_476' title='bbox 217 1777 332 1814; x_wconf 81' lang='grc' dir='ltr'>λογικῆς</span> <span class='ocrx_word' id='word_1_477' title='bbox 362 1775 500 1811; x_wconf 56' lang='lat' dir='ltr'>eameam</span> <span class='ocrx_word' id='word_1_478' title='bbox 527 1774 625 1811; x_wconf 80' lang='grc' dir='ltr'>ἀρχῆς,</span> <span class='ocrx_word' id='word_1_479' title='bbox 656 1775 735 1801; x_wconf 68' lang='grc' dir='ltr'>τοῦτο</span> <span class='ocrx_word' id='word_1_480' title='bbox 765 1771 794 1800; x_wconf 69' lang='grc' dir='ltr'>δὲ</span> <span class='ocrx_word' id='word_1_481' title='bbox 820 1773 962 1811; x_wconf 70' lang='grc' dir='ltr'>ἀναγκαῖον</span> 
     </span>
    </p>
   </div>
   <div class='ocr_carea' id='block_1_67' title="bbox 138 1818 963 1861">
    <p class='ocr_par' dir='ltr' id='par_1_67' title="bbox 138 1818 963 1861">
     <span class='ocr_line' id='line_1_67' title="bbox 138 1818 963 1861; baseline -0.007 -11"><span class='ocrx_word' id='word_1_482' title='bbox 138 1824 185 1850; x_wconf 87' lang='grc' dir='ltr'>καὶ</span> <span class='ocrx_word' id='word_1_483' title='bbox 202 1821 392 1861; x_wconf 70' lang='grc' dir='ltr'>ὀφειλόμενον.</span> <span class='ocrx_word' id='word_1_484' title='bbox 408 1821 439 1848; x_wconf 92' lang='lat'>&#39;0</span> <span class='ocrx_word' id='word_1_485' title='bbox 455 1818 484 1847; x_wconf 69' lang='grc' dir='ltr'>δὲ</span> <span class='ocrx_word' id='word_1_486' title='bbox 509 1818 695 1855; x_wconf 73' lang='grc' dir='ltr'>οἰκονομήσας</span> <span class='ocrx_word' id='word_1_487' title='bbox 717 1820 800 1845; x_wconf 73' lang='grc' dir='ltr'>ταῦτα</span> <span class='ocrx_word' id='word_1_488' title='bbox 826 1821 963 1857; x_wconf 67' lang='grc' dir='ltr'>γραφῆναι</span> 
     </span>
    </p>
   </div>
   <div class='ocr_carea' id='block_1_68' title="bbox 137 1863 962 1905">
    <p class='ocr_par' dir='ltr' id='par_1_68' title="bbox 137 1863 962 1905">
     <span class='ocr_line' id='line_1_68' title="bbox 137 1863 962 1905; baseline -0.007 -10"><span class='ocrx_word' id='word_1_489' title='bbox 137 1867 249 1905; x_wconf 82' lang='grc' dir='ltr'>Κύριος,</span> <span class='ocrx_word' id='word_1_490' title='bbox 264 1866 278 1894; x_wconf 75' lang='grc' dir='ltr'><strong>ὁ</strong></span> <span class='ocrx_word' id='word_1_491' title='bbox 294 1876 338 1903; x_wconf 45' lang='grc' dir='ltr'>καὶ</span> <span class='ocrx_word' id='word_1_492' title='bbox 354 1865 402 1899; x_wconf 77' lang='grc' dir='ltr'>τὴν</span> <span class='ocrx_word' id='word_1_493' title='bbox 423 1865 521 1902; x_wconf 74' lang='grc' dir='ltr'>μικρὰν</span> <span class='ocrx_word' id='word_1_494' title='bbox 544 1864 625 1899; x_wconf 80' lang='grc' dir='ltr'>ἡμῶν</span> <span class='ocrx_word' id='word_1_495' title='bbox 645 1863 689 1890; x_wconf 87' lang='grc' dir='ltr'>καὶ</span> <span class='ocrx_word' id='word_1_496' title='bbox 715 1863 813 1895; x_wconf 83' lang='grc' dir='ltr'>ἀσθενῆ</span> <span class='ocrx_word' id='word_1_497' title='bbox 835 1863 962 1900; x_wconf 84' lang='grc' dir='ltr'>γλῶσσαν</span> 
     </span>
    </p>
   </div>
   <div class='ocr_carea' id='block_1_69' title="bbox 138 1906 965 1950">
    <p class='ocr_par' dir='ltr' id='par_1_69' title="bbox 138 1906 965 1950">
     <span class='ocr_line' id='line_1_69' title="bbox 138 1906 965 1950; baseline -0.006 -11"><span class='ocrx_word' id='word_1_498' title='bbox 138 1909 344 1950; x_wconf 75' lang='grc' dir='ltr'>παρασκευάσας</span> <span class='ocrx_word' id='word_1_499' title='bbox 374 1909 456 1946; x_wconf 78' lang='grc' dir='ltr'>μίχρι</span> <span class='ocrx_word' id='word_1_500' title='bbox 480 1908 611 1935; x_wconf 76' lang='grc' dir='ltr'>τοσούτου</span> <span class='ocrx_word' id='word_1_501' title='bbox 637 1907 702 1944; x_wconf 79' lang='grc' dir='ltr'>ὑμῖν</span> <span class='ocrx_word' id='word_1_502' title='bbox 727 1906 871 1943; x_wconf 80' lang='grc' dir='ltr'>ὁμιλῆσαι,</span> <span class='ocrx_word' id='word_1_503' title='bbox 890 1907 903 1934; x_wconf 84' lang='grc' dir='ltr'>ὁ</span> <span class='ocrx_word' id='word_1_504' title='bbox 921 1906 965 1934; x_wconf 77' lang='grc' dir='ltr'>διὰ</span> 
     </span>
    </p>
   </div>
   <div class='ocr_carea' id='block_1_70' title="bbox 136 1951 964 1991">
    <p class='ocr_par' dir='ltr' id='par_1_70' title="bbox 136 1951 964 1991">
     <span class='ocr_line' id='line_1_70' title="bbox 136 1951 964 1991; baseline -0.008 -8"><span class='ocrx_word' id='word_1_505' title='bbox 136 1960 187 1991; x_wconf 80' lang='grc' dir='ltr'>τῆς</span> <span class='ocrx_word' id='word_1_506' title='bbox 210 1955 337 1985; x_wconf 77' lang='grc' dir='ltr'>ἀσθενοῦς</span> <span class='ocrx_word' id='word_1_507' title='bbox 358 1954 438 1990; x_wconf 60' lang='grc' dir='ltr'>ὗμῶν</span> <span class='ocrx_word' id='word_1_508' title='bbox 466 1951 585 1983; x_wconf 75' lang='grc' dir='ltr'>διανοίας</span> <span class='ocrx_word' id='word_1_509' title='bbox 616 1951 751 1989; x_wconf 68' lang='grc' dir='ltr'>μεγάλους</span> <span class='ocrx_word' id='word_1_510' title='bbox 769 1952 831 1988; x_wconf 77' lang='grc' dir='ltr'>ὑμῖν</span> <span class='ocrx_word' id='word_1_511' title='bbox 863 1957 964 1986; x_wconf 76' lang='grc' dir='ltr'>θησαυ‹</span> 
     </span>
    </p>
   </div>
   <div class='ocr_carea' id='block_1_71' title="bbox 139 1995 963 2038">
    <p class='ocr_par' dir='ltr' id='par_1_71' title="bbox 139 1995 963 2038">
     <span class='ocr_line' id='line_1_71' title="bbox 139 1995 963 2038; baseline -0.007 -10"><span class='ocrx_word' id='word_1_512' title='bbox 139 2001 204 2038; x_wconf 79' lang='grc' dir='ltr'>ροὺς</span> <span class='ocrx_word' id='word_1_513' title='bbox 233 1999 260 2027; x_wconf 78' lang='grc' dir='ltr'>ἐν</span> <span class='ocrx_word' id='word_1_514' title='bbox 288 2000 347 2029; x_wconf 87' lang='grc' dir='ltr'>τοῖς</span> <span class='ocrx_word' id='word_1_515' title='bbox 379 1996 493 2035; x_wconf 73' lang='grc' dir='ltr'>βραχέσι</span> <span class='ocrx_word' id='word_1_516' title='bbox 523 1996 726 2032; x_wconf 77' lang='grc' dir='ltr'>ἀποσκιάσμασι</span> <span class='ocrx_word' id='word_1_517' title='bbox 755 1999 804 2030; x_wconf 76' lang='grc' dir='ltr'>τῆς</span> <span class='ocrx_word' id='word_1_518' title='bbox 834 1995 963 2030; x_wconf 70' lang='grc' dir='ltr'>ἀληθείας</span> 
     </span>
    </p>
   </div>
   <div class='ocr_carea' id='block_1_72' title="bbox 137 2039 964 2084">
    <p class='ocr_par' dir='ltr' id='par_1_72' title="bbox 137 2039 964 2084">
     <span class='ocr_line' id='line_1_72' title="bbox 137 2039 964 2084; baseline -0.007 -11"><span class='ocrx_word' id='word_1_519' title='bbox 137 2043 359 2084; x_wconf 72' lang='grc' dir='ltr'>ἐγκατασπείρας,</span> <span class='ocrx_word' id='word_1_520' title='bbox 377 2041 434 2078; x_wconf 81' lang='grc' dir='ltr'>δῴη</span> <span class='ocrx_word' id='word_1_521' title='bbox 453 2041 515 2078; x_wconf 84' lang='grc' dir='ltr'>ὑμῖν</span> <span class='ocrx_word' id='word_1_522' title='bbox 532 2039 576 2068; x_wconf 76' lang='grc' dir='ltr'>διὰ</span> <span class='ocrx_word' id='word_1_523' title='bbox 590 2043 644 2068; x_wconf 84' lang='grc' dir='ltr'>τῶν</span> <span class='ocrx_word' id='word_1_524' title='bbox 667 2042 770 2078; x_wconf 86' lang='grc' dir='ltr'>μικρῶν</span> <span class='ocrx_word' id='word_1_525' title='bbox 785 2040 818 2068; x_wconf 69' lang='grc' dir='ltr'>τὰ</span> <span class='ocrx_word' id='word_1_526' title='bbox 847 2040 964 2078; x_wconf 71' lang='grc' dir='ltr'>μεγάλα,</span> 
     </span>
    </p>
   </div>
   <div class='ocr_carea' id='block_1_73' title="bbox 139 2085 963 2125">
    <p class='ocr_par' dir='ltr' id='par_1_73' title="bbox 139 2085 963 2125">
     <span class='ocr_line' id='line_1_73' title="bbox 139 2085 963 2125; baseline -0.006 -8"><span class='ocrx_word' id='word_1_527' title='bbox 139 2089 185 2117; x_wconf 70' lang='grc' dir='ltr'>διὰ</span> <span class='ocrx_word' id='word_1_528' title='bbox 199 2091 252 2116; x_wconf 81' lang='grc' dir='ltr'>τῶν</span> <span class='ocrx_word' id='word_1_529' title='bbox 270 2087 372 2125; x_wconf 82' lang='grc' dir='ltr'>ὀλίγων</span> <span class='ocrx_word' id='word_1_530' title='bbox 387 2085 547 2124; x_wconf 84' lang='grc' dir='ltr'>σπερμάτων</span> <span class='ocrx_word' id='word_1_531' title='bbox 569 2086 600 2114; x_wconf 85' lang='grc' dir='ltr'>τὸ</span> <span class='ocrx_word' id='word_1_532' title='bbox 621 2085 725 2113; x_wconf 80' lang='grc' dir='ltr'>τὲλειον</span> <span class='ocrx_word' id='word_1_533' title='bbox 749 2088 799 2120; x_wconf 83' lang='grc' dir='ltr'>τῆς</span> <span class='ocrx_word' id='word_1_534' title='bbox 826 2085 963 2122; x_wconf 80' lang='grc' dir='ltr'>γνώσεως·</span> 
     </span>
    </p>
   </div>
   <div class='ocr_carea' id='block_1_74' title="bbox 139 2129 963 2170">
    <p class='ocr_par' dir='ltr' id='par_1_74' title="bbox 139 2129 963 2170">
     <span class='ocr_line' id='line_1_74' title="bbox 139 2129 963 2170; baseline -0.004 -9"><span class='ocrx_word' id='word_1_535' title='bbox 139 2134 186 2161; x_wconf 85' lang='grc' dir='ltr'>καὶ</span> <span class='ocrx_word' id='word_1_536' title='bbox 214 2134 282 2170; x_wconf 82' lang='grc' dir='ltr'>ἡμῖν</span> <span class='ocrx_word' id='word_1_537' title='bbox 310 2132 356 2169; x_wconf 78' lang='grc' dir='ltr'>μὶν</span> <span class='ocrx_word' id='word_1_538' title='bbox 377 2135 427 2167; x_wconf 78' lang='grc' dir='ltr'>τῆς</span> <span class='ocrx_word' id='word_1_539' title='bbox 451 2130 636 2170; x_wconf 74' lang='grc' dir='ltr'>προαιρέσεως</span> <span class='ocrx_word' id='word_1_540' title='bbox 668 2130 712 2158; x_wconf 83' lang='grc' dir='ltr'>τὸν</span> <span class='ocrx_word' id='word_1_541' title='bbox 740 2130 831 2166; x_wconf 77' lang='grc' dir='ltr'>μισθὸν</span> <span class='ocrx_word' id='word_1_542' title='bbox 858 2129 963 2167; x_wconf 73' lang='grc' dir='ltr'>ἐντελῆ,</span> 
     </span>
    </p>
   </div>
   <div class='ocr_carea' id='block_1_75' title="bbox 141 2174 964 2216">
    <p class='ocr_par' dir='ltr' id='par_1_75' title="bbox 141 2174 964 2216">
     <span class='ocr_line' id='line_1_75' title="bbox 141 2174 964 2216; baseline -0.005 -10"><span class='ocrx_word' id='word_1_543' title='bbox 141 2179 206 2216; x_wconf 86' lang='grc' dir='ltr'>ὑμῖν</span> <span class='ocrx_word' id='word_1_544' title='bbox 237 2177 266 2206; x_wconf 74' lang='grc' dir='ltr'>δὲ</span> <span class='ocrx_word' id='word_1_545' title='bbox 288 2181 338 2213; x_wconf 85' lang='grc' dir='ltr'>τῆς</span> <span class='ocrx_word' id='word_1_546' title='bbox 367 2176 542 2207; x_wconf 78' lang='grc' dir='ltr'>ἀπολαύσεως</span> <span class='ocrx_word' id='word_1_547' title='bbox 568 2178 620 2204; x_wconf 84' lang='grc' dir='ltr'>τῶν</span> <span class='ocrx_word' id='word_1_548' title='bbox 651 2175 726 2203; x_wconf 81' lang='grc' dir='ltr'>θείων</span> <span class='ocrx_word' id='word_1_549' title='bbox 749 2174 837 2213; x_wconf 84' lang='grc' dir='ltr'>λόγων</span> <span class='ocrx_word' id='word_1_550' title='bbox 861 2176 964 2212; x_wconf 75' lang='grc' dir='ltr'>καρπὸν</span> 
     </span>
    </p>
   </div>
   <div class='ocr_carea' id='block_1_76' title="bbox 139 2219 966 2261">
    <p class='ocr_par' dir='ltr' id='par_1_76' title="bbox 139 2219 966 2261">
     <span class='ocr_line' id='line_1_76' title="bbox 139 2219 966 2261; baseline -0.006 -9"><span class='ocrx_word' id='word_1_551' title='bbox 139 2221 548 2261; x_wconf 57' lang='grc' dir='ltr'>πεπληρωΜνον-ὅτιαῦτῷἡ</span> <span class='ocrx_word' id='word_1_552' title='bbox 578 2219 642 2256; x_wconf 76' lang='grc' dir='ltr'>δόξα</span> <span class='ocrx_word' id='word_1_553' title='bbox 669 2220 713 2248; x_wconf 82' lang='grc' dir='ltr'>καὶ</span> <span class='ocrx_word' id='word_1_554' title='bbox 742 2221 772 2247; x_wconf 89' lang='grc' dir='ltr'>τὸ</span> <span class='ocrx_word' id='word_1_555' title='bbox 801 2220 898 2258; x_wconf 85' lang='grc' dir='ltr'>κράτος</span> <span class='ocrx_word' id='word_1_556' title='bbox 928 2220 966 2251; x_wconf 84' lang='grc' dir='ltr'>εἰς</span> 
     </span>
    </p>
   </div>
   <div class='ocr_carea' id='block_1_77' title="bbox 139 2266 638 2302">
    <p class='ocr_par' dir='ltr' id='par_1_77' title="bbox 139 2266 638 2302">
     <span class='ocr_line' id='line_1_77' title="bbox 139 2266 638 2302; baseline -0.006 -6"><span class='ocrx_word' id='word_1_557' title='bbox 139 2267 204 2299; x_wconf 82' lang='grc' dir='ltr'>τοὺς</span> <span class='ocrx_word' id='word_1_558' title='bbox 220 2267 317 2299; x_wconf 83' lang='grc' dir='ltr'>αίῶνας</span> <span class='ocrx_word' id='word_1_559' title='bbox 332 2269 386 2294; x_wconf 84' lang='grc' dir='ltr'>τῶν</span> <span class='ocrx_word' id='word_1_560' title='bbox 404 2266 521 2294; x_wconf 82' lang='grc' dir='ltr'>αἰώνων.</span> <span class='ocrx_word' id='word_1_561' title='bbox 539 2266 638 2302; x_wconf 83' lang='grc' dir='ltr'>³Λμήν.</span> 
     </span>
    </p>
   </div>
   <div class='ocr_carea' id='block_1_78' title="bbox 1017 1506 1840 1546">
    <p class='ocr_par' dir='ltr' id='par_1_78' title="bbox 1017 1506 1840 1546">
     <span class='ocr_line' id='line_1_78' title="bbox 1017 1506 1840 1546; baseline 0.006 -12"><span class='ocrx_word' id='word_1_562' title='bbox 1017 1506 1840 1546; x_wconf 65' lang='grc' dir='ltr'>ιιεευῐηριιιινιιεξρεῐριέείαὶὶοῐιὶεωυηιιε.Δ1ῐοι]υἱὶηιιιιιω</span> 
     </span>
    </p>
   </div>
   <div class='ocr_carea' id='block_1_79' title="bbox 1015 1551 1843 1588">
    <p class='ocr_par' dir='ltr' id='par_1_79' title="bbox 1015 1551 1843 1588">
     <span class='ocr_line' id='line_1_79' title="bbox 1015 1551 1843 1588; baseline 0.008 -11"><span class='ocrx_word' id='word_1_563' title='bbox 1015 1552 1146 1578; x_wconf 89' lang='lat' dir='ltr'>vertetur</span> <span class='ocrx_word' id='word_1_564' title='bbox 1160 1553 1248 1586; x_wconf 84' lang='lat' dir='ltr'>caput</span> <span class='ocrx_word' id='word_1_565' title='bbox 1265 1559 1281 1578; x_wconf 78' lang='grc' dir='ltr'>ιι</span> <span class='ocrx_word' id='word_1_566' title='bbox 1297 1551 1424 1579; x_wconf 85' lang='lat' dir='ltr'>subditis</span> <span class='ocrx_word' id='word_1_567' title='bbox 1440 1553 1517 1588; x_wconf 87' lang='lat' dir='ltr'>quod</span> <span class='ocrx_word' id='word_1_568' title='bbox 1534 1553 1573 1581; x_wconf 83' lang='lat' dir='ltr'>Ita</span> <span class='ocrx_word' id='word_1_569' title='bbox 1588 1554 1698 1582; x_wconf 87' lang='lat' dir='ltr'>dictum</span> <span class='ocrx_word' id='word_1_570' title='bbox 1714 1558 1758 1583; x_wconf 89' lang='lat' dir='ltr'>est</span> <span class='ocrx_word' id='word_1_571' title='bbox 1774 1564 1780 1583; x_wconf 91' lang='lat'><strong>:</strong></span> <span class='ocrx_word' id='word_1_572' title='bbox 1794 1557 1843 1584; x_wconf 78' lang='lat' dir='ltr'>Me-</span> 
     </span>
    </p>
   </div>
   <div class='ocr_carea' id='block_1_80' title="bbox 1017 1595 1842 1636">
    <p class='ocr_par' dir='ltr' id='par_1_80' title="bbox 1017 1595 1842 1636">
     <span class='ocr_line' id='line_1_80' title="bbox 1017 1595 1842 1636; baseline 0.006 -13"><span class='ocrx_word' id='word_1_573' title='bbox 1017 1595 1086 1629; x_wconf 66' lang='lat' dir='ltr'>dica,</span> <span class='ocrx_word' id='word_1_574' title='bbox 1098 1603 1166 1623; x_wconf 86' lang='lat' dir='ltr'>cara</span> <span class='ocrx_word' id='word_1_575' title='bbox 1181 1595 1298 1630; x_wconf 72' lang='lat' dir='ltr'>teipsum</span> <span class='ocrx_word' id='word_1_576' title='bbox 1314 1595 1508 1632; x_wconf 51' lang='lat' dir='ltr'>“Klteliquum</span> <span class='ocrx_word' id='word_1_577' title='bbox 1523 1600 1577 1632; x_wconf 89' lang='lat' dir='ltr'>est,</span> <span class='ocrx_word' id='word_1_578' title='bbox 1594 1601 1626 1626; x_wconf 88' lang='lat' dir='ltr'>ut</span> <span class='ocrx_word' id='word_1_579' title='bbox 1640 1599 1696 1634; x_wconf 89' lang='lat' dir='ltr'>ipsi</span> <span class='ocrx_word' id='word_1_580' title='bbox 1712 1608 1764 1627; x_wconf 89' lang='lat' dir='ltr'>nos</span> <span class='ocrx_word' id='word_1_581' title='bbox 1781 1601 1842 1636; x_wconf 70' lang='lat' dir='ltr'>pri~</span> 
     </span>
    </p>
   </div>
   <div class='ocr_carea' id='block_1_81' title="bbox 1018 1640 1841 1679">
    <p class='ocr_par' dir='ltr' id='par_1_81' title="bbox 1018 1640 1841 1679">
     <span class='ocr_line' id='line_1_81' title="bbox 1018 1640 1841 1679; baseline 0.007 -12"><span class='ocrx_word' id='word_1_582' title='bbox 1018 1648 1100 1668; x_wconf 86' lang='lat' dir='ltr'>mum</span> <span class='ocrx_word' id='word_1_583' title='bbox 1116 1648 1218 1667; x_wconf 83' lang='lat' dir='ltr'>curare</span> <span class='ocrx_word' id='word_1_584' title='bbox 1231 1640 1413 1668; x_wconf 86' lang='lat' dir='ltr'>studeamus.</span> <span class='ocrx_word' id='word_1_585' title='bbox 1431 1644 1522 1671; x_wconf 88' lang='lat' dir='ltr'>Ncmo</span> <span class='ocrx_word' id='word_1_586' title='bbox 1538 1643 1614 1671; x_wconf 84' lang='lat' dir='ltr'>enim</span> <span class='ocrx_word' id='word_1_587' title='bbox 1632 1645 1709 1679; x_wconf 90' lang='lat' dir='ltr'>quod</span> <span class='ocrx_word' id='word_1_588' title='bbox 1726 1644 1841 1673; x_wconf 83' lang='lat' dir='ltr'>leonem</span> 
     </span>
    </p>
   </div>
   <div class='ocr_carea' id='block_1_82' title="bbox 1017 1685 1844 1724">
    <p class='ocr_par' dir='ltr' id='par_1_82' title="bbox 1017 1685 1844 1724">
     <span class='ocr_line' id='line_1_82' title="bbox 1017 1685 1844 1724; baseline 0.007 -12"><span class='ocrx_word' id='word_1_589' title='bbox 1017 1687 1123 1714; x_wconf 85' lang='lat' dir='ltr'>venatu</span> <span class='ocrx_word' id='word_1_590' title='bbox 1140 1693 1198 1712; x_wconf 89' lang='lat' dir='ltr'>non</span> <span class='ocrx_word' id='word_1_591' title='bbox 1223 1685 1331 1721; x_wconf 84' lang='lat' dir='ltr'>ceperit</span> <span class='ocrx_word' id='word_1_592' title='bbox 1355 1694 1482 1721; x_wconf 80' lang='lat' dir='ltr'>unquam</span> <span class='ocrx_word' id='word_1_593' title='bbox 1507 1687 1757 1724; x_wconf 77' lang='lat' dir='ltr'>reprehendatur;</span> <span class='ocrx_word' id='word_1_594' title='bbox 1787 1690 1844 1718; x_wconf 85' lang='lat' dir='ltr'>nisi</span> 
     </span>
    </p>
   </div>
   <div class='ocr_carea' id='block_1_83' title="bbox 1017 1729 1844 1766">
    <p class='ocr_par' dir='ltr' id='par_1_83' title="bbox 1017 1729 1844 1766">
     <span class='ocr_line' id='line_1_83' title="bbox 1017 1729 1844 1766; baseline 0.007 -10"><span class='ocrx_word' id='word_1_595' title='bbox 1017 1739 1085 1757; x_wconf 87' lang='lat' dir='ltr'>vero</span> <span class='ocrx_word' id='word_1_596' title='bbox 1101 1729 1168 1765; x_wconf 87' lang='lat' dir='ltr'>quis</span> <span class='ocrx_word' id='word_1_597' title='bbox 1183 1729 1231 1757; x_wconf 74' lang='lat' dir='ltr'>iraa</span> <span class='ocrx_word' id='word_1_598' title='bbox 1247 1737 1366 1764; x_wconf 85' lang='lat' dir='ltr'>compos</span> <span class='ocrx_word' id='word_1_599' title='bbox 1396 1731 1489 1759; x_wconf 80' lang='lat' dir='ltr'>factus</span> <span class='ocrx_word' id='word_1_600' title='bbox 1520 1732 1616 1766; x_wconf 78' lang='lat' dir='ltr'>fuerit,</span> <span class='ocrx_word' id='word_1_601' title='bbox 1642 1734 1678 1761; x_wconf 92' lang='lat' dir='ltr'>ob</span> <span class='ocrx_word' id='word_1_602' title='bbox 1706 1734 1844 1762; x_wconf 87' lang='lat' dir='ltr'>omnibus</span> 
     </span>
    </p>
   </div>
   <div class='ocr_carea' id='block_1_84' title="bbox 1019 1773 1844 1811">
    <p class='ocr_par' dir='ltr' id='par_1_84' title="bbox 1019 1773 1844 1811">
     <span class='ocr_line' id='line_1_84' title="bbox 1019 1773 1844 1811; baseline 0.002 -9"><span class='ocrx_word' id='word_1_603' title='bbox 1019 1774 1145 1802; x_wconf 92' lang='lat' dir='ltr'>ludibrio</span> <span class='ocrx_word' id='word_1_604' title='bbox 1161 1773 1392 1805; x_wconf 82' lang='lat' dir='ltr'>habetur.0uare</span> <span class='ocrx_word' id='word_1_605' title='bbox 1405 1775 1430 1802; x_wconf 89' lang='lat' dir='ltr'>is</span> <span class='ocrx_word' id='word_1_606' title='bbox 1446 1775 1560 1810; x_wconf 86' lang='lat' dir='ltr'>quidem</span> <span class='ocrx_word' id='word_1_607' title='bbox 1577 1776 1626 1811; x_wconf 87' lang='lat' dir='ltr'>qui</span> <span class='ocrx_word' id='word_1_608' title='bbox 1643 1777 1719 1804; x_wconf 82' lang='lat' dir='ltr'>feras</span> <span class='ocrx_word' id='word_1_609' title='bbox 1735 1777 1844 1805; x_wconf 89' lang='lat' dir='ltr'>bestias</span> 
     </span>
    </p>
   </div>
   <div class='ocr_carea' id='block_1_85' title="bbox 1019 1818 1845 1856">
    <p class='ocr_par' dir='ltr' id='par_1_85' title="bbox 1019 1818 1845 1856">
     <span class='ocr_line' id='line_1_85' title="bbox 1019 1818 1845 1856; baseline 0.002 -9"><span class='ocrx_word' id='word_1_610' title='bbox 1019 1821 1139 1848; x_wconf 87' lang='lat' dir='ltr'>domare</span> <span class='ocrx_word' id='word_1_611' title='bbox 1156 1818 1412 1856; x_wconf 86' lang='lat' dir='ltr'>nequiverit,haud</span> <span class='ocrx_word' id='word_1_612' title='bbox 1429 1819 1500 1847; x_wconf 88' lang='lat' dir='ltr'>dum</span> <span class='ocrx_word' id='word_1_613' title='bbox 1513 1820 1620 1856; x_wconf 79' lang='lat' dir='ltr'>dignus</span> <span class='ocrx_word' id='word_1_614' title='bbox 1632 1821 1775 1856; x_wconf 87' lang='lat' dir='ltr'>vituperio</span> <span class='ocrx_word' id='word_1_615' title='bbox 1788 1824 1845 1856; x_wconf 79' lang='lat' dir='ltr'>est;</span> 
     </span>
    </p>
   </div>
   <div class='ocr_carea' id='block_1_86' title="bbox 1020 1863 1845 1900">
    <p class='ocr_par' dir='ltr' id='par_1_86' title="bbox 1020 1863 1845 1900">
     <span class='ocr_line' id='line_1_86' title="bbox 1020 1863 1845 1900; baseline 0.001 -8"><span class='ocrx_word' id='word_1_616' title='bbox 1020 1864 1069 1900; x_wconf 90' lang='lat' dir='ltr'>qui</span> <span class='ocrx_word' id='word_1_617' title='bbox 1087 1865 1184 1891; x_wconf 84' lang='lat' dir='ltr'>autem</span> <span class='ocrx_word' id='word_1_618' title='bbox 1199 1863 1310 1890; x_wconf 88' lang='lat' dir='ltr'>viribus</span> <span class='ocrx_word' id='word_1_619' title='bbox 1325 1863 1443 1891; x_wconf 81' lang='lat' dir='ltr'>fractior</span> <span class='ocrx_word' id='word_1_620' title='bbox 1458 1864 1555 1899; x_wconf 78' lang='lat' dir='ltr'>fuerit,</span> <span class='ocrx_word' id='word_1_621' title='bbox 1566 1873 1654 1900; x_wconf 91' lang='lat' dir='ltr'>quam</span> <span class='ocrx_word' id='word_1_622' title='bbox 1671 1868 1704 1893; x_wconf 92' lang='lat' dir='ltr'>ut</span> <span class='ocrx_word' id='word_1_623' title='bbox 1720 1865 1845 1893; x_wconf 85' lang='lat' dir='ltr'>moleste</span> 
     </span>
    </p>
   </div>
   <div class='ocr_carea' id='block_1_87' title="bbox 1019 1907 1846 1944">
    <p class='ocr_par' dir='ltr' id='par_1_87' title="bbox 1019 1907 1846 1944">
     <span class='ocr_line' id='line_1_87' title="bbox 1019 1907 1846 1944; baseline 0.004 -9"><span class='ocrx_word' id='word_1_624' title='bbox 1019 1909 1189 1944; x_wconf 81' lang='lat' dir='ltr'>ingruentes</span> <span class='ocrx_word' id='word_1_625' title='bbox 1205 1907 1326 1934; x_wconf 67' lang='lat' dir='ltr'>affectus</span> <span class='ocrx_word' id='word_1_626' title='bbox 1342 1907 1470 1944; x_wconf 80' lang='lat' dir='ltr'>vitisque</span> <span class='ocrx_word' id='word_1_627' title='bbox 1490 1909 1645 1943; x_wconf 83' lang='lat' dir='ltr'>domueril,</span> <span class='ocrx_word' id='word_1_628' title='bbox 1663 1910 1846 1938; x_wconf 84' lang='lat' dir='ltr'>damnationi</span> 
     </span>
    </p>
   </div>
   <div class='ocr_carea' id='block_1_88' title="bbox 1020 1951 1846 1990">
    <p class='ocr_par' dir='ltr' id='par_1_88' title="bbox 1020 1951 1846 1990">
     <span class='ocr_line' id='line_1_88' title="bbox 1020 1951 1846 1990; baseline 0.004 -10"><span class='ocrx_word' id='word_1_629' title='bbox 1020 1961 1141 1988; x_wconf 85' lang='lat' dir='ltr'>prorsus</span> <span class='ocrx_word' id='word_1_630' title='bbox 1168 1951 1311 1979; x_wconf 83' lang='lat' dir='ltr'>obnoxius</span> <span class='ocrx_word' id='word_1_631' title='bbox 1340 1952 1436 1980; x_wconf 78' lang='lat' dir='ltr'>fuerit.</span> <span class='ocrx_word' id='word_1_632' title='bbox 1462 1953 1573 1981; x_wconf 85' lang='lat' dir='ltr'>Idcirco</span> <span class='ocrx_word' id='word_1_633' title='bbox 1601 1954 1741 1982; x_wconf 86' lang='lat' dir='ltr'>nimirum</span> <span class='ocrx_word' id='word_1_634' title='bbox 1766 1956 1846 1990; x_wconf 90' lang='lat' dir='ltr'>quod</span> 
     </span>
    </p>
   </div>
   <div class='ocr_carea' id='block_1_89' title="bbox 1019 1995 1847 2034">
    <p class='ocr_par' dir='ltr' id='par_1_89' title="bbox 1019 1995 1847 2034">
     <span class='ocr_line' id='line_1_89' title="bbox 1019 1995 1847 2034; baseline 0.002 -10"><span class='ocrx_word' id='word_1_635' title='bbox 1019 1997 1091 2024; x_wconf 91' lang='lat' dir='ltr'>illud</span> <span class='ocrx_word' id='word_1_636' title='bbox 1110 1995 1181 2023; x_wconf 87' lang='lat' dir='ltr'>nihil</span> <span class='ocrx_word' id='word_1_637' title='bbox 1198 1996 1335 2023; x_wconf 89' lang='lat' dir='ltr'>condueit</span> <span class='ocrx_word' id='word_1_638' title='bbox 1350 1997 1446 2032; x_wconf 86' lang='lat' dir='ltr'>ei,qui</span> <span class='ocrx_word' id='word_1_639' title='bbox 1463 1997 1584 2025; x_wconf 85' lang='lat' dir='ltr'>rationis</span> <span class='ocrx_word' id='word_1_640' title='bbox 1608 1998 1772 2034; x_wconf 87' lang='lat' dir='ltr'>principatu</span> <span class='ocrx_word' id='word_1_641' title='bbox 1797 1999 1847 2026; x_wconf 89' lang='lat' dir='ltr'>do-</span> 
     </span>
    </p>
   </div>
   <div class='ocr_carea' id='block_1_90' title="bbox 1020 2041 1846 2074">
    <p class='ocr_par' dir='ltr' id='par_1_90' title="bbox 1020 2041 1846 2074">
     <span class='ocr_line' id='line_1_90' title="bbox 1020 2041 1846 2074; baseline 0.002 -5"><span class='ocrx_word' id='word_1_642' title='bbox 1020 2044 1106 2070; x_wconf 84' lang='lat' dir='ltr'>natus</span> <span class='ocrx_word' id='word_1_643' title='bbox 1123 2041 1170 2074; x_wconf 89' lang='lat' dir='ltr'>sit,</span> <span class='ocrx_word' id='word_1_644' title='bbox 1187 2041 1265 2068; x_wconf 85' lang='lat' dir='ltr'>istud</span> <span class='ocrx_word' id='word_1_645' title='bbox 1282 2049 1347 2068; x_wconf 85' lang='lat' dir='ltr'>vero</span> <span class='ocrx_word' id='word_1_646' title='bbox 1365 2042 1562 2069; x_wconf 86' lang='lat' dir='ltr'>necessarium</span> <span class='ocrx_word' id='word_1_647' title='bbox 1585 2051 1617 2070; x_wconf 83' lang='lat' dir='ltr'>ac</span> <span class='ocrx_word' id='word_1_648' title='bbox 1640 2043 1771 2070; x_wconf 86' lang='lat' dir='ltr'>debitum</span> <span class='ocrx_word' id='word_1_649' title='bbox 1797 2043 1846 2072; x_wconf 88' lang='lat' dir='ltr'>sit.</span> 
     </span>
    </p>
   </div>
   <div class='ocr_carea' id='block_1_91' title="bbox 1020 2085 1850 2123">
    <p class='ocr_par' dir='ltr' id='par_1_91' title="bbox 1020 2085 1850 2123">
     <span class='ocr_line' id='line_1_91' title="bbox 1020 2085 1850 2123; baseline 0.001 -9"><span class='ocrx_word' id='word_1_650' title='bbox 1020 2086 1161 2114; x_wconf 88' lang='lat' dir='ltr'>Dominus</span> <span class='ocrx_word' id='word_1_651' title='bbox 1178 2086 1363 2122; x_wconf 82' lang='lat' dir='ltr'>porro,cujus</span> <span class='ocrx_word' id='word_1_652' title='bbox 1378 2085 1438 2114; x_wconf 76' lang='lat' dir='ltr'>haec</span> <span class='ocrx_word' id='word_1_653' title='bbox 1453 2087 1637 2122; x_wconf 82' lang='lat' dir='ltr'>providentia</span> <span class='ocrx_word' id='word_1_654' title='bbox 1651 2087 1763 2123; x_wconf 86' lang='lat' dir='ltr'>scripta</span> <span class='ocrx_word' id='word_1_655' title='bbox 1779 2090 1850 2116; x_wconf 87' lang='lat' dir='ltr'>sunt</span> 
     </span>
    </p>
   </div>
   <div class='ocr_carea' id='block_1_92' title="bbox 1020 2130 1849 2168">
    <p class='ocr_par' dir='ltr' id='par_1_92' title="bbox 1020 2130 1849 2168">
     <span class='ocr_line' id='line_1_92' title="bbox 1020 2130 1849 2168; baseline 0.001 -9"><span class='ocrx_word' id='word_1_656' title='bbox 1020 2140 1053 2159; x_wconf 87' lang='lat' dir='ltr'>ac</span> <span class='ocrx_word' id='word_1_657' title='bbox 1066 2130 1206 2164; x_wconf 84' lang='lat' dir='ltr'>consilio;</span> <span class='ocrx_word' id='word_1_658' title='bbox 1223 2130 1270 2164; x_wconf 89' lang='lat' dir='ltr'>qui</span> <span class='ocrx_word' id='word_1_659' title='bbox 1286 2133 1314 2158; x_wconf 88' lang='lat' dir='ltr'>et</span> <span class='ocrx_word' id='word_1_660' title='bbox 1330 2131 1473 2159; x_wconf 80' lang='lat' dir='ltr'>concessit</span> <span class='ocrx_word' id='word_1_661' title='bbox 1488 2134 1519 2159; x_wconf 91' lang='lat' dir='ltr'>ut</span> <span class='ocrx_word' id='word_1_662' title='bbox 1535 2132 1648 2160; x_wconf 82' lang='lat' dir='ltr'>modica</span> <span class='ocrx_word' id='word_1_663' title='bbox 1664 2134 1751 2168; x_wconf 86' lang='lat' dir='ltr'>atque</span> <span class='ocrx_word' id='word_1_664' title='bbox 1768 2133 1849 2160; x_wconf 81' lang='lat' dir='ltr'>debi-</span> 
     </span>
    </p>
   </div>
   <div class='ocr_carea' id='block_1_93' title="bbox 1022 2175 1848 2213">
    <p class='ocr_par' dir='ltr' id='par_1_93' title="bbox 1022 2175 1848 2213">
     <span class='ocr_line' id='line_1_93' title="bbox 1022 2175 1848 2213; baseline 0.004 -10"><span class='ocrx_word' id='word_1_665' title='bbox 1022 2176 1057 2203; x_wconf 89' lang='lat' dir='ltr'>lis</span> <span class='ocrx_word' id='word_1_666' title='bbox 1073 2175 1174 2211; x_wconf 84' lang='lat' dir='ltr'>lingua</span> <span class='ocrx_word' id='word_1_667' title='bbox 1189 2176 1289 2202; x_wconf 75' lang='lat' dir='ltr'>nostra</span> <span class='ocrx_word' id='word_1_668' title='bbox 1304 2175 1364 2202; x_wconf 67' lang='lat' dir='ltr'>haec</span> <span class='ocrx_word' id='word_1_669' title='bbox 1379 2175 1460 2203; x_wconf 90' lang='lat' dir='ltr'>vobis</span> <span class='ocrx_word' id='word_1_670' title='bbox 1472 2175 1765 2213; x_wconf 86' lang='lat' dir='ltr'>loqueretur,quiquo</span> <span class='ocrx_word' id='word_1_671' title='bbox 1777 2178 1848 2206; x_wconf 87' lang='lat' dir='ltr'>adeo</span> 
     </span>
    </p>
   </div>
   <div class='ocr_carea' id='block_1_94' title="bbox 1023 2220 1850 2257">
    <p class='ocr_par' dir='ltr' id='par_1_94' title="bbox 1023 2220 1850 2257">
     <span class='ocr_line' id='line_1_94' title="bbox 1023 2220 1850 2257; baseline 0.002 -9"><span class='ocrx_word' id='word_1_672' title='bbox 1023 2220 1144 2248; x_wconf 61' lang='lat' dir='ltr'>inﬁrmae</span> <span class='ocrx_word' id='word_1_673' title='bbox 1160 2220 1266 2248; x_wconf 84' lang='lat' dir='ltr'>mentis</span> <span class='ocrx_word' id='word_1_674' title='bbox 1283 2222 1385 2247; x_wconf 66' lang='lat' dir='ltr'>nostra:</span> <span class='ocrx_word' id='word_1_675' title='bbox 1409 2229 1496 2256; x_wconf 86' lang='lat' dir='ltr'>opera</span> <span class='ocrx_word' id='word_1_676' title='bbox 1519 2221 1652 2257; x_wconf 62' lang='lat' dir='ltr'>ingentes</span> <span class='ocrx_word' id='word_1_677' title='bbox 1677 2222 1759 2250; x_wconf 82' lang='lat' dir='ltr'>vobis</span> <span class='ocrx_word' id='word_1_678' title='bbox 1783 2222 1850 2250; x_wconf 76' lang='lat' dir='ltr'>tbe~</span> 
     </span>
    </p>
   </div>
   <div class='ocr_carea' id='block_1_95' title="bbox 1024 2264 1850 2302">
    <p class='ocr_par' dir='ltr' id='par_1_95' title="bbox 1024 2264 1850 2302">
     <span class='ocr_line' id='line_1_95' title="bbox 1024 2264 1850 2302; baseline 0.001 -9"><span class='ocrx_word' id='word_1_679' title='bbox 1024 2273 1140 2298; x_wconf 84' lang='lat' dir='ltr'>sauros,</span> <span class='ocrx_word' id='word_1_680' title='bbox 1157 2264 1235 2292; x_wconf 85' lang='lat' dir='ltr'>tenui</span> <span class='ocrx_word' id='word_1_681' title='bbox 1252 2264 1382 2292; x_wconf 85' lang='lat' dir='ltr'>veritatis</span> <span class='ocrx_word' id='word_1_682' title='bbox 1397 2265 1632 2301; x_wconf 87' lang='lat' dir='ltr'>adumbratione,</span> <span class='ocrx_word' id='word_1_683' title='bbox 1642 2267 1745 2302; x_wconf 90' lang='lat' dir='ltr'>quovis</span> <span class='ocrx_word' id='word_1_684' title='bbox 1763 2267 1850 2295; x_wconf 92' lang='lat' dir='ltr'>modo</span> 
     </span>
    </p>
   </div>
   <div class='ocr_carea' id='block_1_96' title="bbox 140 2309 1852 2349">
    <p class='ocr_par' dir='ltr' id='par_1_96' title="bbox 140 2309 1852 2349">
     <span class='ocr_line' id='line_1_96' title="bbox 140 2309 1852 2349; baseline -0.001 -8"><span class='ocrx_word' id='word_1_685' title='bbox 140 2312 292 2349; x_wconf 82' lang='lat' dir='ltr'>inspersit,</span> <span class='ocrx_word' id='word_1_686' title='bbox 307 2312 371 2348; x_wconf 85' lang='lat' dir='ltr'>ipse</span> <span class='ocrx_word' id='word_1_687' title='bbox 385 2312 468 2340; x_wconf 89' lang='lat' dir='ltr'>vobis</span> <span class='ocrx_word' id='word_1_688' title='bbox 482 2319 517 2338; x_wconf 79' lang='lat' dir='ltr'>ex</span> <span class='ocrx_word' id='word_1_689' title='bbox 532 2311 628 2347; x_wconf 86' lang='lat' dir='ltr'>parvis</span> <span class='ocrx_word' id='word_1_690' title='bbox 644 2318 761 2346; x_wconf 82' lang='lat' dir='ltr'>magna,</span> <span class='ocrx_word' id='word_1_691' title='bbox 778 2318 812 2337; x_wconf 79' lang='lat' dir='ltr'>ex</span> <span class='ocrx_word' id='word_1_692' title='bbox 825 2310 929 2346; x_wconf 88' lang='lat' dir='ltr'>paucis</span> <span class='ocrx_word' id='word_1_693' title='bbox 944 2309 1107 2338; x_wconf 88' lang='lat' dir='ltr'>seminibus</span> <span class='ocrx_word' id='word_1_694' title='bbox 1123 2309 1281 2345; x_wconf 77' lang='lat' dir='ltr'>perfectam</span> <span class='ocrx_word' id='word_1_695' title='bbox 1297 2309 1450 2337; x_wconf 86' lang='lat' dir='ltr'>scientiam</span> <span class='ocrx_word' id='word_1_696' title='bbox 1468 2311 1577 2338; x_wconf 87' lang='lat' dir='ltr'>tribuat</span> <span class='ocrx_word' id='word_1_697' title='bbox 1593 2319 1599 2338; x_wconf 87' lang='lat'>:</span> <span class='ocrx_word' id='word_1_698' title='bbox 1617 2319 1650 2338; x_wconf 88' lang='lat' dir='ltr'>ac</span> <span class='ocrx_word' id='word_1_699' title='bbox 1679 2313 1741 2338; x_wconf 89' lang='lat' dir='ltr'>tum</span> <span class='ocrx_word' id='word_1_700' title='bbox 1767 2310 1852 2339; x_wconf 86' lang='lat' dir='ltr'>nobis</span> 
     </span>
    </p>
   </div>
   <div class='ocr_carea' id='block_1_97' title="bbox 139 2354 1851 2394">
    <p class='ocr_par' dir='ltr' id='par_1_97' title="bbox 139 2354 1851 2394">
     <span class='ocr_line' id='line_1_97' title="bbox 139 2354 1851 2394; baseline -0.001 -8"><span class='ocrx_word' id='word_1_701' title='bbox 139 2359 204 2394; x_wconf 88' lang='lat' dir='ltr'>ejus</span> <span class='ocrx_word' id='word_1_702' title='bbox 219 2357 377 2386; x_wconf 89' lang='lat' dir='ltr'>voluntatis</span> <span class='ocrx_word' id='word_1_703' title='bbox 393 2356 575 2384; x_wconf 88' lang='lat' dir='ltr'>cumulatum</span> <span class='ocrx_word' id='word_1_704' title='bbox 592 2357 707 2392; x_wconf 65' lang='lat' dir='ltr'>praestet</span> <span class='ocrx_word' id='word_1_705' title='bbox 718 2355 880 2391; x_wconf 65' lang='lat' dir='ltr'>praemium,</span> <span class='ocrx_word' id='word_1_706' title='bbox 896 2357 958 2382; x_wconf 90' lang='lat' dir='ltr'>tum</span> <span class='ocrx_word' id='word_1_707' title='bbox 972 2354 1051 2382; x_wconf 91' lang='lat' dir='ltr'>vobis</span> <span class='ocrx_word' id='word_1_708' title='bbox 1068 2354 1260 2382; x_wconf 79' lang='lat' dir='ltr'>fi-uondorum</span> <span class='ocrx_word' id='word_1_709' title='bbox 1275 2354 1442 2382; x_wconf 82' lang='lat' dir='ltr'>divinorum</span> <span class='ocrx_word' id='word_1_710' title='bbox 1458 2363 1628 2384; x_wconf 89' lang='lat' dir='ltr'>sermonum</span> <span class='ocrx_word' id='word_1_711' title='bbox 1645 2355 1765 2392; x_wconf 85' lang='lat' dir='ltr'>plenum</span> <span class='ocrx_word' id='word_1_712' title='bbox 1790 2356 1851 2384; x_wconf 87' lang='lat' dir='ltr'>fru-</span> 
     </span>
    </p>
   </div>
   <div class='ocr_carea' id='block_1_98' title="bbox 141 2398 1123 2438">
    <p class='ocr_par' dir='ltr' id='par_1_98' title="bbox 141 2398 1123 2438">
     <span class='ocr_line' id='line_1_98' title="bbox 141 2398 1123 2438; baseline -0.006 -7"><span class='ocrx_word' id='word_1_713' title='bbox 141 2406 234 2432; x_wconf 88' lang='lat' dir='ltr'>ctum.</span> <span class='ocrx_word' id='word_1_714' title='bbox 251 2402 308 2438; x_wconf 88' lang='lat' dir='ltr'>Ipsi</span> <span class='ocrx_word' id='word_1_715' title='bbox 323 2401 417 2437; x_wconf 82' lang='lat' dir='ltr'>gloria</span> <span class='ocrx_word' id='word_1_716' title='bbox 430 2403 459 2429; x_wconf 86' lang='lat' dir='ltr'>et</span> <span class='ocrx_word' id='word_1_717' title='bbox 474 2400 631 2436; x_wconf 87' lang='lat' dir='ltr'>imperium</span> <span class='ocrx_word' id='word_1_718' title='bbox 647 2400 676 2427; x_wconf 90' lang='lat' dir='ltr'>in</span> <span class='ocrx_word' id='word_1_719' title='bbox 693 2399 798 2427; x_wconf 79' lang='lat' dir='ltr'>smcula</span> <span class='ocrx_word' id='word_1_720' title='bbox 814 2398 1001 2427; x_wconf 68' lang='lat' dir='ltr'>saeculorum.</span> <span class='ocrx_word' id='word_1_721' title='bbox 1019 2401 1123 2426; x_wconf 83' lang='lat' dir='ltr'>Amen.</span> 
     </span>
    </p>
   </div>
   <div class='ocr_carea' id='block_1_99' title="bbox 233 2477 880 2515">
    <p class='ocr_par' dir='ltr' id='par_1_99' title="bbox 233 2477 880 2515">
     <span class='ocr_line' id='line_1_99' title="bbox 233 2477 880 2515; baseline -0.006 -9"><span class='ocrx_word' id='word_1_722' title='bbox 233 2480 286 2506; x_wconf 73' lang='grc' dir='ltr'>Τοῦ</span> <span class='ocrx_word' id='word_1_723' title='bbox 300 2477 382 2506; x_wconf 79' lang='grc' dir='ltr'>αὐτοῦ</span> <span class='ocrx_word' id='word_1_724' title='bbox 397 2478 459 2515; x_wconf 83' lang='grc' dir='ltr'>περὶ</span> <span class='ocrx_word' id='word_1_725' title='bbox 474 2478 523 2512; x_wconf 72' lang='grc' dir='ltr'>τῆς</span> <span class='ocrx_word' id='word_1_726' title='bbox 545 2477 687 2514; x_wconf 78' lang='grc' dir='ltr'>ἀνθρώπου</span> <span class='ocrx_word' id='word_1_727' title='bbox 704 2478 880 2512; x_wconf 76' lang='grc' dir='ltr'>κατασκευῆς,</span> 
     </span>
    </p>
   </div>
   <div class='ocr_carea' id='block_1_100' title="bbox 470 2515 640 2542">
    <p class='ocr_par' dir='ltr' id='par_1_100' title="bbox 470 2515 640 2542">
     <span class='ocr_line' id='line_1_100' title="bbox 470 2515 640 2542; baseline -0.012 -1"><span class='ocrx_word' id='word_1_728' title='bbox 470 2515 582 2542; x_wconf 87' lang='grc' dir='ltr'><strong>ΛΟΓΟΣ</strong></span> <span class='ocrx_word' id='word_1_729' title='bbox 603 2515 640 2540; x_wconf 85' lang='lat' dir='ltr'>B’.</span> 
     </span>
    </p>
   </div>
   <div class='ocr_carea' id='block_1_101' title="bbox 181 2555 972 2595">
    <p class='ocr_par' dir='ltr' id='par_1_101' title="bbox 181 2555 972 2595">
     <span class='ocr_line' id='line_1_101' title="bbox 181 2555 972 2595; baseline -0.005 -9"><span class='ocrx_word' id='word_1_730' title='bbox 181 2559 212 2587; x_wconf 92' lang='grc' dir='ltr'>Ὁ</span> <span class='ocrx_word' id='word_1_731' title='bbox 235 2558 281 2594; x_wconf 77' lang='grc' dir='ltr'>μὶν</span> <span class='ocrx_word' id='word_1_732' title='bbox 310 2558 393 2595; x_wconf 80' lang='grc' dir='ltr'>σοφὸς</span> <span class='ocrx_word' id='word_1_733' title='bbox 422 2556 576 2594; x_wconf 81' lang='grc' dir='ltr'>Σολομὼν,</span> <span class='ocrx_word' id='word_1_734' title='bbox 608 2556 657 2585; x_wconf 79' lang='grc' dir='ltr'>οὐκ</span> <span class='ocrx_word' id='word_1_735' title='bbox 685 2555 712 2583; x_wconf 80' lang='grc' dir='ltr'>ἐν</span> <span class='ocrx_word' id='word_1_736' title='bbox 741 2557 846 2587; x_wconf 86' lang='grc' dir='ltr'>πειθοῖς</span> <span class='ocrx_word' id='word_1_737' title='bbox 876 2555 972 2595; x_wconf 79' lang='grc' dir='ltr'>σοφίας</span> 
     </span>
    </p>
   </div>
   <div class='ocr_carea' id='block_1_102' title="bbox 146 2599 972 2640">
    <p class='ocr_par' dir='ltr' id='par_1_102' title="bbox 146 2599 972 2640">
     <span class='ocr_line' id='line_1_102' title="bbox 146 2599 972 2640; baseline -0.004 -10"><span class='ocrx_word' id='word_1_738' title='bbox 146 2602 321 2640; x_wconf 84' lang='grc' dir='ltr'>ἀνθρωπίνης</span> <span class='ocrx_word' id='word_1_739' title='bbox 346 2602 440 2640; x_wconf 87' lang='grc' dir='ltr'>λόγοις</span> <span class='ocrx_word' id='word_1_740' title='bbox 458 2624 465 2637; x_wconf 89' lang='lat'>,</span> <span class='ocrx_word' id='word_1_741' title='bbox 495 2601 559 2630; x_wconf 83' lang='grc' dir='ltr'>ἀλλ’</span> <span class='ocrx_word' id='word_1_742' title='bbox 589 2601 614 2629; x_wconf 79' lang='grc' dir='ltr'>ἰν</span> <span class='ocrx_word' id='word_1_743' title='bbox 648 2599 786 2632; x_wconf 77' lang='grc' dir='ltr'>διδακτοῖς</span> <span class='ocrx_word' id='word_1_744' title='bbox 816 2600 972 2637; x_wconf 82' lang='grc' dir='ltr'>Πνεύματος</span> 
     </span>
    </p>
   </div>
   <div class='ocr_carea' id='block_1_103' title="bbox 148 2645 972 2686">
    <p class='ocr_par' dir='ltr' id='par_1_103' title="bbox 148 2645 972 2686">
     <span class='ocr_line' id='line_1_103' title="bbox 148 2645 972 2686; baseline -0.002 -12"><span class='ocrx_word' id='word_1_745' title='bbox 148 2647 227 2686; x_wconf 82' lang='grc' dir='ltr'>ἁγίου</span> <span class='ocrx_word' id='word_1_746' title='bbox 252 2647 400 2686; x_wconf 75' lang='grc' dir='ltr'>σοφισθιῖς,</span> <span class='ocrx_word' id='word_1_747' title='bbox 422 2646 447 2674; x_wconf 78' lang='grc' dir='ltr'>ἐν</span> <span class='ocrx_word' id='word_1_748' title='bbox 470 2649 527 2677; x_wconf 77' lang='grc' dir='ltr'>τοῖς</span> <span class='ocrx_word' id='word_1_749' title='bbox 547 2645 644 2684; x_wconf 78' lang='grc' dir='ltr'>ἀρτίως</span> <span class='ocrx_word' id='word_1_750' title='bbox 669 2647 736 2682; x_wconf 78' lang='grc' dir='ltr'>ἡμῖν</span> <span class='ocrx_word' id='word_1_751' title='bbox 762 2645 972 2684; x_wconf 81' lang='grc' dir='ltr'>ἀνεγνωσμένοις</span> 
     </span>
    </p>
   </div>
   <div class='ocr_carea' id='block_1_104' title="bbox 148 2688 972 2729">
    <p class='ocr_par' dir='ltr' id='par_1_104' title="bbox 148 2688 972 2729">
     <span class='ocr_line' id='line_1_104' title="bbox 148 2688 972 2729; baseline -0.002 -9"><span class='ocrx_word' id='word_1_752' title='bbox 148 2692 344 2729; x_wconf 81' lang='grc' dir='ltr'>ἀποσεμνύνων</span> <span class='ocrx_word' id='word_1_753' title='bbox 387 2692 431 2719; x_wconf 86' lang='grc' dir='ltr'>τὸν</span> <span class='ocrx_word' id='word_1_754' title='bbox 472 2690 631 2728; x_wconf 72' lang='grc' dir='ltr'>ἄνθρωπον,</span> <span class='ocrx_word' id='word_1_755' title='bbox 662 2688 726 2718; x_wconf 68' lang='grc' dir='ltr'>ἐϐόα</span> <span class='ocrx_word' id='word_1_756' title='bbox 755 2690 841 2728; x_wconf 72' lang='grc' dir='ltr'>λέγων</span> <span class='ocrx_word' id='word_1_757' title='bbox 860 2700 867 2708; x_wconf 89' lang='grc'>·</span> <span class='ocrx_word' id='word_1_758' title='bbox 896 2690 972 2728; x_wconf 79' lang='grc' dir='ltr'>Μέγα</span> 
     </span>
    </p>
   </div>
   <div class='ocr_carea' id='block_1_105' title="bbox 150 2733 971 2775">
    <p class='ocr_par' dir='ltr' id='par_1_105' title="bbox 150 2733 971 2775">
     <span class='ocr_line' id='line_1_105' title="bbox 150 2733 971 2775; baseline -0.002 -11"><span class='ocrx_word' id='word_1_759' title='bbox 150 2737 314 2775; x_wconf 74' lang='grc' dir='ltr'>ἄνθρωπος,</span> <span class='ocrx_word' id='word_1_760' title='bbox 341 2736 385 2764; x_wconf 88' lang='grc' dir='ltr'>καὶ</span> <span class='ocrx_word' id='word_1_761' title='bbox 421 2735 514 2773; x_wconf 86' lang='grc' dir='ltr'>τίμιον</span> <span class='ocrx_word' id='word_1_762' title='bbox 551 2735 619 2774; x_wconf 79' lang='grc' dir='ltr'>ἀτήρ</span> <span class='ocrx_word' id='word_1_763' title='bbox 658 2734 804 2772; x_wconf 65' lang='grc' dir='ltr'>ἐλεήμων.</span> <span class='ocrx_word' id='word_1_764' title='bbox 835 2735 907 2772; x_wconf 81' lang='grc' dir='ltr'>Ἐγὼ</span> <span class='ocrx_word' id='word_1_765' title='bbox 943 2733 971 2762; x_wconf 75' lang='grc' dir='ltr'>δὲ</span> 
     </span>
    </p>
   </div>
   <div class='ocr_carea' id='block_1_106' title="bbox 187 2781 423 2818">
    <p class='ocr_par' dir='ltr' id='par_1_106' title="bbox 187 2781 423 2818">
     <span class='ocr_line' id='line_1_106' title="bbox 187 2781 423 2818; baseline -0.004 -8"><span class='ocrx_word' id='word_1_766' title='bbox 187 2783 221 2801; x_wconf 79' lang='grc'>¹⁶¹</span> <span class='ocrx_word' id='word_1_767' title='bbox 237 2782 307 2811; x_wconf 83' lang='lat' dir='ltr'>Luc.</span> <span class='ocrx_word' id='word_1_768' title='bbox 325 2790 362 2818; x_wconf 84' lang='grc' dir='ltr'>ιν,</span> <span class='ocrx_word' id='word_1_769' title='bbox 379 2781 423 2809; x_wconf 78' lang='grc'>43.</span> 
     </span>
    </p>
   </div>
   <div class='ocr_carea' id='block_1_107' title="bbox 1151 2475 1727 2512">
    <p class='ocr_par' dir='ltr' id='par_1_107' title="bbox 1151 2475 1727 2512">
     <span class='ocr_line' id='line_1_107' title="bbox 1151 2475 1727 2512; baseline 0.003 -9"><span class='ocrx_word' id='word_1_770' title='bbox 1151 2476 1226 2503; x_wconf 76' lang='grc'>337</span> <span class='ocrx_word' id='word_1_771' title='bbox 1246 2476 1388 2512; x_wconf 72' lang='lat' dir='ltr'>Ejusdem,</span> <span class='ocrx_word' id='word_1_772' title='bbox 1404 2475 1437 2504; x_wconf 84' lang='lat' dir='ltr'>de</span> <span class='ocrx_word' id='word_1_773' title='bbox 1449 2476 1569 2505; x_wconf 78' lang='lat' dir='ltr'>hominis</span> <span class='ocrx_word' id='word_1_774' title='bbox 1582 2479 1727 2505; x_wconf 76' lang='lat' dir='ltr'>strue/ara</span> 
     </span>
    </p>
   </div>
   <div class='ocr_carea' id='block_1_108' title="bbox 1348 2512 1528 2540">
    <p class='ocr_par' dir='ltr' id='par_1_108' title="bbox 1348 2512 1528 2540">
     <span class='ocr_line' id='line_1_108' title="bbox 1348 2512 1528 2540; baseline 0.006 -1"><span class='ocrx_word' id='word_1_775' title='bbox 1348 2512 1478 2540; x_wconf 78' lang='lat' dir='ltr'>ORATIO</span> <span class='ocrx_word' id='word_1_776' title='bbox 1494 2513 1528 2540; x_wconf 90' lang='grc' dir='ltr'>ΙΙ.</span> 
     </span>
    </p>
   </div>
   <div class='ocr_carea' id='block_1_109' title="bbox 1062 2555 1854 2594">
    <p class='ocr_par' dir='ltr' id='par_1_109' title="bbox 1062 2555 1854 2594">
     <span class='ocr_line' id='line_1_109' title="bbox 1062 2555 1854 2594; baseline -0.001 -9"><span class='ocrx_word' id='word_1_777' title='bbox 1062 2556 1184 2592; x_wconf 88' lang='lat' dir='ltr'>Sapiens</span> <span class='ocrx_word' id='word_1_778' title='bbox 1198 2555 1246 2584; x_wconf 90' lang='lat' dir='ltr'>ille</span> <span class='ocrx_word' id='word_1_779' title='bbox 1257 2556 1468 2591; x_wconf 85' lang='lat' dir='ltr'>Salomon,non</span> <span class='ocrx_word' id='word_1_780' title='bbox 1481 2557 1617 2585; x_wconf 65' lang='lat' dir='ltr'>humanae</span> <span class='ocrx_word' id='word_1_781' title='bbox 1629 2558 1780 2594; x_wconf 71' lang='lat' dir='ltr'>sapientia:</span> <span class='ocrx_word' id='word_1_782' title='bbox 1792 2565 1854 2586; x_wconf 88' lang='lat' dir='ltr'>ver-</span> 
     </span>
    </p>
   </div>
   <div class='ocr_carea' id='block_1_110' title="bbox 1028 2601 1853 2638">
    <p class='ocr_par' dir='ltr' id='par_1_110' title="bbox 1028 2601 1853 2638">
     <span class='ocr_line' id='line_1_110' title="bbox 1028 2601 1853 2638; baseline 0.001 -9"><span class='ocrx_word' id='word_1_783' title='bbox 1028 2601 1070 2629; x_wconf 89' lang='lat' dir='ltr'>bis</span> <span class='ocrx_word' id='word_1_784' title='bbox 1087 2601 1122 2629; x_wconf 88' lang='lat' dir='ltr'>ad</span> <span class='ocrx_word' id='word_1_785' title='bbox 1139 2601 1322 2629; x_wconf 88' lang='lat' dir='ltr'>suadendum</span> <span class='ocrx_word' id='word_1_786' title='bbox 1340 2602 1520 2638; x_wconf 90' lang='lat' dir='ltr'>compositis,</span> <span class='ocrx_word' id='word_1_787' title='bbox 1551 2602 1602 2630; x_wconf 88' lang='lat' dir='ltr'>sed</span> <span class='ocrx_word' id='word_1_788' title='bbox 1627 2602 1759 2630; x_wconf 86' lang='lat' dir='ltr'>doctrina</span> <span class='ocrx_word' id='word_1_789' title='bbox 1784 2610 1853 2630; x_wconf 85' lang='lat' dir='ltr'>san-</span> 
     </span>
    </p>
   </div>
   <div class='ocr_carea' id='block_1_111' title="bbox 1027 2645 1854 2683">
    <p class='ocr_par' dir='ltr' id='par_1_111' title="bbox 1027 2645 1854 2683">
     <span class='ocr_line' id='line_1_111' title="bbox 1027 2645 1854 2683; baseline 0 -9"><span class='ocrx_word' id='word_1_790' title='bbox 1027 2646 1064 2674; x_wconf 87' lang='lat' dir='ltr'>cti</span> <span class='ocrx_word' id='word_1_791' title='bbox 1079 2645 1204 2682; x_wconf 88' lang='lat' dir='ltr'>Spiritus</span> <span class='ocrx_word' id='word_1_792' title='bbox 1220 2646 1362 2680; x_wconf 88' lang='lat' dir='ltr'>eruditus,</span> <span class='ocrx_word' id='word_1_793' title='bbox 1379 2646 1409 2674; x_wconf 92' lang='lat' dir='ltr'>in</span> <span class='ocrx_word' id='word_1_794' title='bbox 1425 2646 1471 2674; x_wconf 86' lang='lat' dir='ltr'>bis</span> <span class='ocrx_word' id='word_1_795' title='bbox 1487 2655 1550 2682; x_wconf 66' lang='lat' dir='ltr'>qua:</span> <span class='ocrx_word' id='word_1_796' title='bbox 1567 2646 1652 2683; x_wconf 84' lang='lat' dir='ltr'>paulo</span> <span class='ocrx_word' id='word_1_797' title='bbox 1668 2649 1754 2674; x_wconf 81' lang='lat' dir='ltr'>antea</span> <span class='ocrx_word' id='word_1_798' title='bbox 1769 2647 1854 2675; x_wconf 89' lang='lat' dir='ltr'>nobis</span> 
     </span>
    </p>
   </div>
   <div class='ocr_carea' id='block_1_112' title="bbox 1027 2690 1853 2727">
    <p class='ocr_par' dir='ltr' id='par_1_112' title="bbox 1027 2690 1853 2727">
     <span class='ocr_line' id='line_1_112' title="bbox 1027 2690 1853 2727; baseline 0.004 -8"><span class='ocrx_word' id='word_1_799' title='bbox 1027 2691 1101 2719; x_wconf 87' lang='lat' dir='ltr'>lecta</span> <span class='ocrx_word' id='word_1_800' title='bbox 1117 2692 1185 2719; x_wconf 87' lang='lat' dir='ltr'>sunt</span> <span class='ocrx_word' id='word_1_801' title='bbox 1201 2690 1352 2719; x_wconf 83' lang='lat' dir='ltr'>hominem</span> <span class='ocrx_word' id='word_1_802' title='bbox 1368 2690 1529 2720; x_wconf 81' lang='lat' dir='ltr'>delaudans</span> <span class='ocrx_word' id='word_1_803' title='bbox 1541 2699 1573 2720; x_wconf 87' lang='lat' dir='ltr'>ac</span> <span class='ocrx_word' id='word_1_804' title='bbox 1585 2690 1678 2727; x_wconf 87' lang='lat' dir='ltr'>elogio</span> <span class='ocrx_word' id='word_1_805' title='bbox 1691 2691 1853 2722; x_wconf 75' lang='lat' dir='ltr'>celebrans;</span> 
     </span>
    </p>
   </div>
   <div class='ocr_carea' id='block_1_113' title="bbox 1026 2735 1854 2772">
    <p class='ocr_par' dir='ltr' id='par_1_113' title="bbox 1026 2735 1854 2772">
     <span class='ocr_line' id='line_1_113' title="bbox 1026 2735 1854 2772; baseline 0.001 -9"><span class='ocrx_word' id='word_1_806' title='bbox 1026 2735 1218 2769; x_wconf 80' lang='lat' dir='ltr'>exclamabat,</span> <span class='ocrx_word' id='word_1_807' title='bbox 1228 2735 1486 2772; x_wconf 82' lang='lat' dir='ltr'>Magna,inquiens,</span> <span class='ocrx_word' id='word_1_808' title='bbox 1497 2744 1540 2765; x_wconf 77' lang='lat' dir='ltr'>res</span> <span class='ocrx_word' id='word_1_809' title='bbox 1555 2740 1595 2764; x_wconf 69' lang='lat' dir='ltr'>est</span> <span class='ocrx_word' id='word_1_810' title='bbox 1609 2736 1699 2772; x_wconf 85' lang='lat' dir='ltr'>homo,</span> <span class='ocrx_word' id='word_1_811' title='bbox 1712 2739 1737 2765; x_wconf 75' lang='lat' dir='ltr'>et</span> <span class='ocrx_word' id='word_1_812' title='bbox 1750 2736 1854 2772; x_wconf 77' lang='lat' dir='ltr'>pretio-</span> 
     </span>
    </p>
   </div>
  </div>
