2018 3146
109 169 143 199 41
599 165 650 195 DE
672 165 835 196 HOMINIS
859 165 1092 196 STRUCTURA
1120 166 1267 196 ORATIO
1288 166 1328 196 Π.

1768 171 1807 200 42

106 234 150 271 μὲν
184 230 311 266 ἔπλασεν,
349 230 393 259 ἐπὶ
427 232 476 258 τοῦ
509 230 637 267 σώματος
674 230 806 268 εἰρῆσθαι⁸
835 230 866 257 τὸ
895 229 921 257 δὲ

978 231 1050 259 illud
1061 231 1178 267 quidem
1185 233 1368 267 formavz't,de
1378 241 1497 268 corpore
1506 233 1617 262 dictum
1627 243 1691 263 esse
1704 243 1710 263 :
1726 236 1806 272 quod

104 279 238 313 ἐποίησεν,
264 276 306 303 ἐπὶ
336 279 386 310 τῆς
417 277 521 313 ψυχῆς·
550 275 594 302 καὶ
634 275 698 306 ἴσως
723 275 774 302 οὐκ
799 272 849 312 ἔξω
877 278 926 309 τῆς

103 322 229 358 ἀληθείας
273 322 286 348 ὁ
327 320 425 357 λόγος.
463 320 551 348 Ὅπου
583 320 629 356 μὲν
659 320 709 357 γὰρ
727 319 842 357 ε”ρηται,
873 320 923 347 K1?

105 367 225 402 ἐποίησεν
257 367 270 393 ὁ
298 366 362 396 Θεὸς
391 364 437 392 τὸν
463 363 616 402 ἄνθρωπον,
642 364 725 403 λὲγει,
748 365 807 392 κατ’
835 364 926 392 εἰκόνα

104 414 168 440 Θεοῦ
197 411 320 446 ἐποίησεν
351 409 442 437 αὐτόν’
484 408 552 436 ὅπου
590 407 618 436 δὲ
658 408 754 436 λοιπὸν
782 409 843 447 περῖ
875 412 925 444 τῆς

105 459 259 493 σωματικῆς
294 456 375 491 ἡμῶν
412 453 583 485 ὑποστάσεως
625 453 669 481 καὶ
709 455 759 488 τῆς
802 453 927 484 πλάσεως

105 500 246 538 διηγεῖται,
272 499 303 527 τὸ
328 497 442 527 ἔπλασεν
470 498 553 536 λέγει.
585 499 717 537 Διαφορὰν
748 497 776 526 δὲ
791 499 928 534 ποιήσεως

103 545 284 575 κχῖπλάσειυς
313 544 358 571 καὶ
384 543 397 570 ὁ
426 542 586 579 Ψαλμῳδὸς
612 542 739 580 ἐδίδαξεν,
771 543 866 570 ε”πών’
894 543 926 570 Αἱ

102 590 190 629 χεῖρές
219 599 267 616 σου
294 588 424 622 ἐποίησάν
453 598 487 624 με
514 588 562 615 παὶ
605 587 722 615 ἔπλασάν
759 596 802 624 με·
832 587 926 622 ἐποίη-

100 647 144 663 σαν
186 635 232 662 τὸν
271 633 324 661 ἔσω
366 631 516 671 ἄνθρωπον,
558 631 675 660 ἔπλασαν
709 633 754 659 τὸν
786 632 852 669 ἔξω·
881 640 928 668 καὶ

98 681 148 718 γὶρ
163 679 259 717 πρέπει
284 679 301 713 ἡ
329 678 377 714 μὶν
408 676 507 708 πλάσις
533 677 626 712 πηλῷ,
656 678 673 711 ἡ
704 675 733 704 δὲ
760 678 871 712 ποίησις
887 679 927 713 τῷ

97 725 154 752 κατ’
180 723 279 751 εἰκόνα·
312 722 381 750 ὥστε
409 721 528 756 ἐπλάσθη
569 721 616 758 μὶν
648 723 666 756 ἡ
696 721 780 759 σὰρξ,
809 721 925 757 ἐποιήθη

98 768 126 797 δὲ
141 770 158 803 ἧ
175 768 262 806 ψυχή.
279 769 355 795 "Avo:
378 766 466 793 τοίνυν
484 766 527 794 ἐπὶ
556 767 649 803 ψυχῆς
678 766 859 800 ὑποστάσεως,
879 768 925 792 νῦν

98 813 158 852 περὶ
173 816 222 847 τῆς
241 813 289 839 τοῦ
314 811 441 847 σώματος
468 809 638 841 διαπλάσεως
663 812 731 847 ἡμῖν
760 809 924 848 διαλέγεται.

98 859 166 895 Ἔχε
189 857 234 884 καὶ
261 858 358 883 τοῦτον
384 856 430 883 τὸν
457 855 552 892 λόγον.
577 855 620 886 Τίς
650 854 678 882 δὲ
707 855 799 890 οἷτοςς
815 856 873 882 ’Ὸτι
893 856 926 882 τὰ

99 903 145 940 μὶν
169 901 194 928 ἐν
217 900 358 940 κεφαλαίῳ
387 899 505 938 λέγεται·
531 900 565 928 τὰ
594 898 622 927 δὲ
646 899 713 927 κατὰ
739 900 784 927 τὸν
811 900 924 936 τρόπον,

97 947 155 978 καθ’
171 945 200 973 δν
214 944 324 972 ἕκαστον
349 943 469 982 γέγονεν,
494 946 561 981 ἡμῖν
591 942 777 982 παραδίδοται.
801 945 922 976 ’Ἃνωθεν

97 992 146 1027 μὲν
175 989 219 1018 οὖν
251 989 293 1017 ὅτι
315 989 361 1016 καὶ
395 989 533 1025 ἐποίησεν,
563 989 612 1016 οὐκ
649 987 798 1027 ἐνδιέτριψι
827 987 856 1016 δὲ
883 991 922 1024 τῷ

93 1035 189 1072 τρόπῳ
217 1038 268 1069 τῆς
293 1035 441 1069 ποιήσεως·
478 1033 532 1061 ὧδε
568 1034 611 1061 καὶ
639 1035 696 1064 πῶς
726 1033 860 1068 ἐποίησεν.
890 1033 922 1060 Εἰ

93 1081 143 1118 γὰρ
172 1079 268 1110 ἁπλῶς
296 1079 377 1112 εἶπεν,
409 1079 449 1105 ὅτι
479 1077 615 1113 ἐποίησεν,
646 1077 783 1116 ἐλογίξετο
808 1077 850 1112 ἂν,
880 1076 921 1105 ὅτι

93 1124 218 1160 ἐποίησεν
250 1124 288 1154 ὡς
315 1123 348 1150 τὰ
373 1124 471 1158 κτήνη,
488 1124 525 1154 ὡς
552 1123 586 1150 τὰ
615 1122 706 1160 θηρία,
732 1123 770 1154 ὡς
793 1123 826 1149 τὰ
841 1122 920 1161 φυτὰ,

93 1181 129 1200 ως
146 1169 195 1197 τὸν
210 1168 321 1207 χόρτονζ
336 1169 392 1196 Ἳνα
413 1167 458 1195 οῦν
471 1167 558 1207 cpi-mc
581 1169 630 1202 τήν
650 1168 717 1205 πρὸς
742 1168 775 1195 τὰ
790 1167 923 1205 ἀγριώτε-

98 1224 131 1251 ρα
168 1213 214 1240 καὶ
254 1212 467 1250 ἀναισθητότερα
503 1211 658 1248 κοινωνίαν,
688 1212 738 1246 τήν
767 1211 919 1247 ἶδιάξουσαν

93 1258 155 1294 περὶ
186 1258 214 1285 σε
243 1260 291 1285 τοῦ
305 1260 371 1284 Θεοῦ
397 1256 591 1295 φιλοτέχνησιν
608 1257 622 1284 ὁ
652 1256 734 1294 λόγος
751 1255 917 1294 παρέδωκεν.

91 1300 211 1331 Ἔλαϐεν
242 1302 256 1329 ὁ
285 1301 350 1332 Θεὸς
381 1303 450 1339 χοῦν
478 1301 531 1328 ἀπὸ
569 1303 619 1334 τῆς
645 1304 707 1338 γῆς.
733 1302 806 1328 Ἐκεῖ
836 1302 917 1336 εἶπεν,

93 1347 134 1374 δτι
151 1347 291 1382 ἐποίησεν,
320 1346 432 1373 ἐνταῦθα
459 1345 487 1373 δὲ
515 1348 573 1377 πῶς
598 1345 720 1380 ἐποίησε
746 1348 813 1383 χοῦν
837 1344 919 1374 ἔλαϐε

92 1391 146 1418 dmi
176 1394 226 1426 τῆς
256 1394 319 1429 γῆς,
349 1390 393 1418 καέ
423 1389 523 1418 ἔπλασε
548 1393 608 1421 ταῖς
634 1389 714 1421 ἰδίαις
739 1390 843 1428 χερσίν.
860 1391 916 1418 Ἐν-

92 1437 246 1472 Onyx/‘81,“,
276 1437 334 1466 πῶς
364 1434 512 1470 ἐπλάσθης·
530 1435 560 1462 τὸ
591 1434 766 1473 ἐργαστήριον
791 1438 841 1469 τῆς
867 1435 916 1474 φύ-

91 1490 162 1510 σεως
192 1479 312 1516 λόγισαι¹
342 1478 401 1517 χείρ
437 1479 492 1506 ἐστι
523 1481 589 1506 Θεοῦ
628 1480 646 1514 ἡ
688 1480 915 1507 κατασκευάσασα.

88 1524 124 1551 Τὸ
141 1523 190 1551 οὖν
208 1524 280 1560 παρά
294 1525 359 1550 Θιοῦ
380 1523 508 1558 πλασθὲν,
534 1521 578 1550 διά
598 1523 730 1560 πονηρίας
747 1525 785 1560 μὴ
803 1526 914 1561 μιανθῇ,

90 1567 128 1595 δι⁴
160 1568 296 1605 ἁμαρτίας
326 1567 363 1604 μὴ
393 1566 546 1604 ἁλλοιωθῇ,
579 1568 617 1604 μή
647 1567 761 1605 tum;
791 1568 836 1606 βία
864 1572 914 1603 τῆς

86 1612 260 1650 συνεχούσης
278 1623 306 1639 σε
329 1613 423 1650 χειρὸς
443 1614 490 1640 τοῦ
515 1614 592 1640 Θεοῦ.
620 1612 719 1643 Σκεῦος
749 1612 772 1639 εἴ
798 1612 913 1644 θεόπλα-

87 1668 162 1692 στον,
196 1657 269 1694 παρὰ
294 1659 360 1684 Θεοῦ
387 1656 544 1695 γενόμενον
571 1655 664 1693 δόξαζε
687 1657 732 1684 τὸν
753 1658 914 1692 ποιήσαντα.

86 1700 163 1731 Οὐδὲ
179 1702 231 1740 γὰρ
259 1700 346 1729 ἄλλου
373 1701 444 1732 τινὸς
469 1700 558 1729 ἕνεκεν
584 1701 686 1740 ἐγένου,
702 1700 720 1737 ἤ
739 1701 786 1729 τίνα
800 1700 915 1740 ὄργανον

86 1747 121 1780 ἧς
140 1745 298 1781 ἐπιτήδειον
313 1749 362 1780 τῆς
378 1744 457 1781 δόξης
481 1749 529 1774 τοῦ
550 1749 627 1774 Θεοῦ.
655 1747 701 1775 Καὶ
716 1747 766 1785 γὰρ
783 1747 796 1773 ὁ
813 1746 916 1784 κόσμος

87 1791 171 1823 οὗτός
199 1801 240 1817 σοι
270 1790 335 1821 ὅλος
364 1789 453 1827 ὥσπερ
478 1801 504 1818 τι
535 1788 642 1828 βιϐλίον
671 1789 804 1829 ἔγγραφόν
835 1790 918 1825 ἐστιν,

90 1835 336 1873 ὑπαγορευόμενον
366 1835 415 1869 τὴν
442 1837 490 1862 τοῦ
520 1838 586 1863 Θεοῦ
611 1834 699 1872 δόξαν·
725 1836 774 1870 τὴν
798 1836 920 1874 ἀπόκρυ-

89 1891 140 1918 φον
174 1879 222 1907 καὶ
250 1879 364 1916 ἀόρατον
394 1890 440 1907 του
478 1882 544 1907 Θεοῦ
573 1879 767 1917 μεγαλωσῦνην
796 1879 831 1908 δι’
859 1881 920 1908 ἑαυ-

87 1927 139 1952 τοῦ
169 1922 338 1961 διαγγέλλον
363 1934 405 1950 σοι
430 1926 469 1959 τῷ
494 1926 556 1951 νοῦν
586 1923 689 1962 ἔχοντι,
704 1924 742 1955 εἷς
757 1926 918 1961 κατανόησιν

89 1969 161 1997 Θεοῦ
190 1971 242 2002 υῆς
269 1966 411 2002 ἀληθείας.
441 1968 552 2000 Πάντως
580 1968 625 1995 οὖν
653 1968 786 2005 μέμνησαι
815 1970 852 2006 (α)
868 1972 921 1997 τῶν

88 2013 265 2050 εἰρημένων.
748 2010 754 2015 ’

980 284 1046 303 vero
1061 277 1135 312 fecit,
1152 277 1187 303 dc
1203 277 1320 310 anima;
1340 277 1417 305 haud
1444 278 1516 306 forte
1536 287 1552 306 a
1572 286 1637 306 vero
1660 280 1810 308 sententia

981 321 1039 348 hmc
1060 321 1175 349 abierit.
1196 322 1268 349 Nam
1286 322 1334 349 ubi
1351 322 1461 349 dictum
1479 325 1532 356 est,
1549 325 1581 350 Et
1593 324 1657 356 fecit
1672 324 1742 352 Deus
1765 325 1812 352 ho-

979 366 1091 400 minem,
1108 366 1253 401 subditur,
1278 366 1313 394 ad
1338 367 1386 394 Dei
1408 367 1557 402 imaginem
1575 368 1641 403 fecit
1656 368 1737 395 illum
1755 377 1765 396 ξ
1780 371 1811 396 at

981 410 1030 437 ubi
1048 411 1130 437 nobis
1146 410 1275 446 corporis
1292 411 1430 439 fabricam
1443 414 1542 439 narrat
1552 420 1585 439 ac
1594 412 1808 448 substantiam,

980 456 1109 491 formavit
1124 455 1204 483 dicit.
1216 457 1305 483 Porro
1325 456 1482 483 discrimen
1503 457 1568 491 ejus
1583 457 1659 492 quod
1672 459 1716 485 est
1730 457 1809 485 facs-

982 508 1022 533 το,
1052 502 1079 546 et
1099 500 1174 535 quod
1201 500 1334 535 formare,
1351 500 1449 528 docuit
1471 509 1524 528 nos
1543 503 1571 528 et
1594 501 1749 530 Psalmista
1763 502 1808 529 di-

982 552 1050 571 ccns
1067 553 1074 572 :
1092 547 1189 572 Manus
1202 547 1255 572 tum
1268 546 1393 580 fecerunt
1409 553 1462 578 me,
1474 550 1500 572 et
1513 547 1702 581 formaverunt
1714 554 1758 574 me
1773 546 1805 574 1³.

981 589 1057 616 Fecit
1071 588 1238 615 interiorem
1254 589 1404 616 hominem
1418 598 1424 623 ;
1439 590 1572 625 formavi!
1586 598 1652 618 eum
1669 590 1719 626 qui
1736 591 1807 619 foris

981 634 1035 660 est.
1062 635 1100 659 Ac
1124 641 1194 660 sane
1220 633 1279 660 luto
1292 633 1410 669 quidem
1428 633 1545 661 formari
1562 635 1714 669 convenit;
1744 635 1807 663 ﬁeri

982 685 1058 711 vero,
1075 677 1099 704 ei
1117 678 1192 712 quod
1209 680 1254 705 est
1275 678 1310 704 ad
1332 677 1500 714 imaginem.
1527 679 1722 711 Quamobrem
1739 688 1806 708 caro

982 721 1098 757 quidem
1116 722 1240 749 formata
1255 723 1317 755 est;
1335 722 1427 749 factus
1442 730 1508 750 vero
1525 723 1652 751 animus.
1664 724 1735 751 Cum
1751 724 1807 752 ita-

982 774 1037 801 que
1053 765 1190 801 superius
1203 766 1238 792 de
1254 766 1344 793 animi
1361 767 1529 794 substantia
1544 767 1676 803 dixisset,
1691 769 1727 796 de
1742 777 1806 796 cor-

981 811 1061 846 poris
1082 819 1158 837 nunc
1183 810 1355 838 formatione
1381 811 1466 838 nobis
1495 811 1623 839 disserit.
1640 812 1714 845 Quin
1731 813 1807 841 hanc

981 863 1099 891 quoque
1122 855 1197 882 habe
1222 855 1405 882 sententiam.
1425 856 1562 888 Quasnam
1588 865 1654 884 vero
1670 859 1715 884 est
1730 856 1807 884 illa?

980 899 1089 935 Nempe
1105 900 1211 935 partim
1230 899 1401 927 summatim
1419 900 1514 927 dicere
1530 901 1726 936 Scripturam;
1738 910 1807 937 par-

978 943 1029 970 tim
1047 945 1165 971 modum
1183 952 1238 979 quo
1262 944 1379 980 singula
1400 952 1524 980 quaeque
1545 945 1621 972 facta
1635 946 1704 980 sint,
1720 946 1804 974 nobis

976 989 1100 1016 tradere.
1116 988 1255 1024 Superius
1271 989 1360 1024 igitur
1375 989 1463 1016 etiam
1479 989 1582 1018 fecisse
1597 989 1747 1018 hominem
1763 991 1806 1018 di-

977 1033 1029 1065 xit,
1045 1033 1072 1060 in
1091 1033 1174 1060 modo
1188 1035 1285 1061 tamen
1303 1041 1360 1069 quo
1376 1033 1414 1061 sit
1430 1033 1523 1061 factus
1546 1043 1603 1062 non
1629 1034 1731 1069 haesit;
1757 1035 1805 1062 hic

977 1078 1097 1105 modum
1114 1086 1230 1113 quoque
1246 1078 1336 1105 tradit
1347 1086 1405 1114 quo
1421 1078 1531 1106 fecit.Si
1543 1079 1622 1106 enim
1632 1079 1806 1115 simpliciter

976 1130 1043 1150 eum
1058 1122 1161 1150 fecisse
1172 1122 1523 1154 dixisset,existimaretur
1536 1123 1578 1151 sic
1589 1123 1693 1151 fecisse
1704 1132 1806 1160 quem-

976 1167 1133 1194 admodum
1146 1167 1292 1202 jumenta,
1304 1167 1555 1202 quemadmodum
1572 1168 1693 1202 bestias,
1704 1177 1806 1204 quem-

975 1211 1134 1238 admodum
1151 1212 1268 1246 stirpes,
1280 1211 1530 1247 quemadmodum
1544 1212 1653 1240 fenum.
1664 1212 1702 1240 Ut
1716 1213 1806 1249 igitur

975 1255 1029 1283 hoc
1045 1263 1146 1283 caveas
1160 1264 1166 1289 ;
1183 1263 1218 1282 ne
1239 1256 1339 1283 eadem
1367 1256 1439 1283 forte
1464 1258 1552 1292 atque
1567 1257 1727 1293 agrestiora
1741 1258 1804 1285 ani-

975 1300 1095 1335 mantia,
1113 1302 1200 1335 ntque
1216 1309 1233 1327 a
1248 1308 1335 1327 sensu
1353 1301 1510 1328 remotiora
1530 1309 1651 1337 corpora
1665 1302 1803 1338 habeare,

974 1344 1119 1380 peculiare
1133 1344 1162 1371 in
1179 1346 1206 1372 te
1222 1345 1269 1372 Dei
1281 1344 1399 1372 artiﬁcis
1416 1353 1534 1381 operam
1551 1346 1699 1382 Scriptura
1715 1347 1804 1374 tradi-

973 1390 1039 1417 dit:
1065 1389 1185 1425 Sumpsit
1208 1389 1276 1416 Deus
1299 1388 1442 1425 pulverem
1463 1389 1497 1416 de
1525 1391 1609 1417 terra.
1641 1389 1702 1417 Illic
1730 1391 1803 1419 dixit

972 1435 1049 1470 quod
1067 1434 1176 1467 fecerit,
1194 1434 1238 1461 hic
1253 1442 1321 1462 vero
1346 1434 1466 1461 modum
1485 1443 1542 1470 quo
1567 1434 1644 1462 fecit.
1669 1435 1803 1471 Sumpsit

972 1481 1007 1507 de
1031 1482 1109 1507 terra
1130 1479 1289 1516 pulverem,
1308 1481 1335 1507 et
1351 1480 1486 1508 formavit
1500 1480 1627 1516 propriis
1652 1481 1802 1509 manibus.

970 1525 1036 1553 Alta
1051 1529 1147 1552 monte
1162 1524 1256 1560 cogita
1272 1524 1418 1560 quomodo
1434 1524 1578 1553 formatus
1593 1525 1634 1553 sis
1648 1533 1655 1553 :
1667 1534 1730 1562 quas
1748 1534 1802 1553 na-

972 1572 1043 1597 turae
1054 1569 1181 1603 officina,
1192 1568 1289 1596 animo
1306 1571 1420 1604 reputa,
1430 1569 1480 1597 Dei
1496 1569 1609 1597 scilicet
1623 1578 1730 1598 manus
1745 1572 1802 1604 est,

974 1623 1036 1650 quas
1053 1615 1079 1641 te
1094 1615 1138 1640 est
1155 1613 1307 1640 fabricata.
1324 1613 1405 1647 Quod
1422 1614 1520 1649 itaque
1536 1614 1595 1642 Deo
1611 1617 1728 1642 auctore
1743 1615 1804 1643 for-

971 1660 1084 1686 metum
1101 1659 1225 1690 est,cave
1237 1665 1272 1684 ne
1284 1666 1334 1693 per
1346 1657 1492 1685 malitiam
1505 1658 1676 1694 polluatur;
1692 1667 1728 1686 ne
1738 1667 1804 1696 pec-

973 1703 1027 1730 ceti
1044 1702 1177 1738 contagio
1193 1702 1222 1729 in
1240 1702 1388 1729 diversum
1406 1705 1546 1738 mutetur,
1573 1711 1608 1730 ne
1623 1711 1764 1732 excussus
1775 1708 1804 1736 vi

973 1756 989 1775 a
1005 1747 1052 1774 Dei
1069 1755 1157 1774 manu
1168 1749 1195 1774 te
1209 1749 1399 1774 conservante
1416 1746 1588 1783 prolabaris.
1601 1747 1657 1776 Vas
1673 1749 1802 1776 estdivi-

975 1792 1055 1819 nitus
1070 1792 1239 1823 formatum,
1257 1799 1273 1819 a
1290 1791 1350 1818 Deo
1366 1791 1514 1819 conditum
1529 1801 1536 1827 ;
1565 1792 1653 1820 lauda
1667 1801 1734 1820 eum
1751 1793 1802 1829 qui

974 1836 1051 1864 fecit.
1066 1836 1165 1871 Neque
1179 1835 1257 1863 enim
1274 1836 1333 1863 ulla
1352 1835 1409 1863 alia
1436 1845 1469 1864 ex
1494 1845 1582 1864 causa
1607 1837 1742 1865 conditus
1757 1845 1800 1873 es,

974 1890 1063 1917 quam
1080 1883 1112 1908 ut
1126 1880 1230 1908 divmaa
1240 1880 1337 1908 laudis
1349 1881 1484 1908 idoneum
1498 1889 1641 1917 organum
1656 1883 1798 1910 esses.Et-

973 1925 1051 1954 enim
1064 1925 1192 1952 mundus
1203 1925 1251 1952 hic
1263 1925 1417 1953 universus
1429 1925 1507 1953 velut
1517 1926 1589 1953 liber
1599 1926 1718 1961 quidam
1730 1926 1799 1954 scri-

976 1973 1045 2006 ptus
1061 1969 1112 1997 tibi
1128 1969 1235 2005 est,qui
1253 1970 1300 1997 Dei
1317 1969 1434 1998 laudem
1451 1972 1539 2004 atque
1555 1970 1678 2006 gloriam
1695 1971 1725 1998 in
1741 1979 1802 1999 me-

977 2014 1098 2042 moriam
1114 2016 1246 2048 revocet;
1262 2013 1405 2042 occultam
1417 2017 1505 2051 atque
1515 2015 1609 2043 oculis
1624 2016 1803 2051 inaspectam

88 2059 142 2086 Dei
162 2057 365 2093 majestalem,
381 2065 398 2084 a
413 2064 445 2084 se
461 2056 524 2092 tibi,
541 2057 591 2093 qui
606 2057 719 2086 ratione
735 2058 874 2094 prmditus
889 2059 941 2093 sis,
968 2059 1004 2087 ad
1032 2058 1090 2093 Dei,
1107 2059 1155 2094 qui
1171 2059 1277 2086 veritas
1293 2061 1349 2094 est,
1372 2058 1597 2095 intelligentiam
1613 2059 1804 2092 annuntians.

88 2103 226 2131 Prorsus
242 2101 334 2138 igitur
349 2110 412 2137 quas
428 2101 506 2130 dicta
520 2103 590 2129 sunt
605 2102 746 2130 memoria
761 2105 866 2131 teneto.

126 2149 156 2175 2.
194 2146 247 2173 Καὶ
288 2144 444 2183 ηὐλόγησεν
488 2145 586 2177 αὐτοὺς
616 2147 629 2174 ὁ
655 2146 732 2180 Θεὸς,
760 2146 804 2174 καὶ
843 2147 921 2176 εἶπεν.

1012 2148 1039 2175 2.
1058 2149 1089 2175 Et
1105 2146 1244 2175 benedixit
1259 2148 1299 2174 eis
1318 2147 1396 2182 Deus,
1412 2150 1438 2174 et
1454 2149 1494 2175 ait
1510 2155 1516 2175 ε
1533 2148 1659 2176 Grmcite
1676 2153 1702 2176 et
1716 2149 1809 2177 multi—

87 2191 251 2227 Αὐξάνεσθε
281 2190 325 2218 καὶ
366 2189 549 2225 πληθύνεσοε,
588 2190 632 2218 καὶ
672 2190 838 2229 πληρώσατε
878 2191 927 2225 τὴν

88 2239 157 2273 γῆν.
196 2234 286 2269 Διπλῆ
314 2236 364 2272 γὰρ
392 2235 410 2269 ἡ
438 2233 560 2270 αὔξησις·
589 2236 607 2270 ἡ
635 2235 681 2272 μὲν
711 2235 879 2272 σώματος,ὴ
898 2234 925 2263 δὲ

94 2283 209 2318 ψυχῆς.
228 2278 315 2307 ’Λλλὰ
339 2280 356 2314 ὴ
369 2281 461 2317 ψυχῆς
486 2278 606 2315 αὔξησις,
634 2281 651 2315 ἡ
668 2278 713 2307 διὰ
726 2282 781 2308 τῶτ
797 2281 925 2317 μαθημά-

91 2335 150 2352 των
183 2323 224 2354 είς
253 2322 394 2350 τελείωσιν
418 2325 574 2361 προσθήκη·
604 2325 729 2360 σώματος
756 2323 784 2352 δὲ
803 2323 925 2360 αὔξησις,

90 2371 109 2404 ἡ
128 2369 186 2396 ἀπὸ
204 2370 304 2405 μικροῦ
328 2367 366 2400 εἷς
389 2368 419 2395 τὸ
444 2369 560 2402 καθῆκον
580 2369 675 2406 μέτρον
700 2369 925 2400 ἀποκατάστασις.

92 2413 135 2442 Τὸ
162 2411 210 2440 οὖν
237 2411 384 2445 Λῦξάνεσθε
414 2412 458 2440 ἐπὶ
484 2412 591 2440 πάντων
622 2413 780 2451 λεγόμενον,
802 2416 860 2445 τοῖς
878 2414 925 2450 μὲν

90 2457 214 2495 ἀλόγοις
246 2457 339 2492 ζώοις,
365 2457 432 2484 κατὰ
457 2458 507 2492 τὴν
546 2460 595 2485 τοῦ
631 2458 757 2495 σώματος
785 2457 926 2486 τελείωσιν

90 2502 165 2529 κατὰ
196 2501 243 2528 τὸν
271 2501 441 2538 ἀπαρτισμὸν
470 2505 520 2536 τῆς
558 2502 673 2541 φύσεως,
712 2502 828 2540 εἴρηται·
858 2504 926 2539 ἡμῖν

91 2546 221 2576 καὶτοῖς
246 2545 380 2583 λογικοῖς,
409 2547 440 2573 τὸ
470 2546 627 2582 Λύξάνισθε,
648 2547 715 2574 κατὰ
743 2547 786 2574 τὸν
815 2546 866 2575 ἔσω
882 2546 926 2574 ἅν-

92 2591 222 2628 θρωπον,
244 2590 312 2617 κατὰ
339 2591 388 2625 τὴν
418 2592 561 2629 προκοπήν
587 2591 636 2626 τὴν
660 2590 697 2622 sic
726 2591 789 2618 Θεὸν
814 2591 928 2629 ἀνάγου-

94 2644 156 2662 σαν·
179 2634 238 2664 οἷος
253 2635 285 2668 ἦν
311 2634 325 2661 ὁ
340 2634 460 2668 Ηαῦλος,
482 2638 541 2666 τοῖς
569 2635 615 2672 μέν
641 2634 791 2673 ἔμπροσθεν
808 2635 927 2663 immu-

93 2680 231 2715 νόμενος,
246 2677 327 2706 τῶνδ’
348 2676 456 2707 ὄπισθεν
483 2679 740 2716 ἐπιλανθανόμενος,
767 2679 839 2715 Λῧτη
857 2679 927 2707 ἐστὶν

94 2722 248 2759 ἡαῦξησις,
264 2724 282 2757 ἡ
295 2725 348 2750 τῶν
365 2724 550 2760 θεωρημάτων
566 2727 616 2759 τῆς
631 2722 766 2756 εὐσεϐείας
781 2724 927 2761 ἆνὰληψις,

135 2782 162 2801 1⁸
180 2781 259 2809 Psn’l.
277 2791 374 2814 cxxm,
390 2783 435 2810 73.
476 2783 497 2800 ¹⁹
511 2783 583 2811 Gen.
601 2792 620 2818 ι,
633 2784 678 2811 28.

983 2192 1144 2228 pliramini,
1160 2196 1185 2219 ει
1201 2191 1303 2227 replete
1321 2194 1427 2218 terram
1442 2191 1474 2219 ”.
1497 2191 1609 2228 Duplex
1624 2201 1751 2229 namque
1765 2195 1810 2222 est

979 2236 1190 2264 incrementum
1204 2245 1210 2263 :
1224 2243 1316 2263 unum
1333 2235 1473 2272 corporis,
1485 2235 1609 2264 alterum
1625 2237 1738 2265 animm.
1750 2237 1808 2266 Ve-

981 2289 1045 2308 rum
1062 2283 1186 2317 augetur
1201 2280 1328 2314 animus,
1349 2288 1416 2307 cum
1437 2280 1600 2316 disciplinis
1619 2281 1761 2309 excolitur
1776 2290 1809 2310 ac

980 2326 1130 2362 perﬁcitur
1147 2333 1153 2353 :
1169 2333 1276 2361 corpus
1303 2326 1399 2352 autem
1422 2325 1536 2361 crescit,
1565 2326 1639 2354 dum.
1664 2335 1699 2355 ex
1721 2335 1810 2362 parva

981 2370 1058 2398 mole
1073 2370 1107 2397 ad
1122 2370 1236 2404 justum
1253 2377 1285 2396 ac
1298 2371 1506 2405 congruentem
1523 2370 1734 2406 magnitudinis
1750 2380 1810 2399 mo.

982 2415 1050 2442 dum
1068 2414 1208 2450 provenit.
1220 2414 1354 2442 Crescere
1370 2414 1461 2450 igitur
1476 2415 1554 2450 quod
1566 2415 1600 2442 de
1610 2415 1748 2444 omnibus
1763 2417 1811 2444 di-

981 2462 1064 2486 catur
1077 2471 1083 2492 ι
1100 2458 1194 2486 brutis
1206 2458 1323 2494 quidem
1336 2458 1537 2486 animantibus
1549 2459 1660 2487 dictum
1672 2462 1764 2495 est,ut
1775 2461 1811 2488 ad

981 2503 1111 2539 corporis
1124 2503 1330 2539 perfectionem
1345 2503 1480 2530 instituta
1491 2506 1596 2531 natura
1607 2505 1810 2540 pervenirent:

983 2548 1066 2576 nobis
1083 2550 1180 2575 autem
1197 2547 1226 2575 in
1250 2547 1380 2575 interiori
1400 2547 1519 2575 homine
1542 2548 1638 2584 posita
1662 2549 1812 2577 crescendi

983 2593 1038 2626 lex,
1049 2592 1181 2628 p"0fcctu
1199 2591 1248 2618 illo
1265 2592 1314 2627 qui
1329 2591 1462 2627 provehit
1475 2592 1510 2618 ad
1524 2593 1612 2619 Deum
1628 2593 1743 2629 ;qualis
1755 2593 1812 2621 erit

983 2637 1101 2672 Paulus,
1114 2637 1147 2663 ad
1165 2645 1199 2664 ca
1209 2645 1271 2672 quas
1287 2645 1302 2663 a
1318 2636 1411 2663 fronte
1426 2636 1586 2663 extendens
1602 2638 1812 2673 semetipsum,

983 2684 1012 2709 et
1029 2690 1091 2717 quas
1117 2683 1193 2708 retro
1218 2682 1318 2708 essent
1341 2680 1516 2708 obliviscens
1529 2680 1562 2707 2°.
1588 2680 1647 2708 Hoc
1671 2682 1812 2711 nimirum

983 2727 1186 2762 augmentum,
1208 2725 1323 2761 piarum
1345 2724 1626 2760 contemplationum
1641 2734 1812 2754 sensorum-

718 2784 741 2802 ²⁰
755 2783 882 2820 Philipp.
896 2793 938 2820 III,
955 2784 998 2812 13.

139 2832 182 2869 (u)
202 2830 353 2869 Μέμνησαι.
369 2834 406 2861 At
420 2832 565 2870 interpres
579 2834 620 2862 ita
634 2834 731 2870 vertit,
746 2834 831 2870 quasi
847 2833 920 2871 legis

984 2833 1118 2872 μέμνησο.
1135 2833 1215 2861 EDIT.

247 2897 382 2930 Panos.
405 2898 462 2931 Gn.
481 2898 577 2931 XXX.
