2018 3146
224 165 264 194 43
692 163 891 194 APPlLNDlX
913 163 1075 194 OPERUM
1099 165 1131 194 S.
1155 164 1298 194 BASlLll
1322 164 1459 194 MAGNI.
1889 168 1922 196 Μ

223 238 281 267 que
295 229 385 258 animi
407 229 573 265 susceptio;
589 229 625 256 ad
641 229 669 256 id
685 229 761 265 quod
786 229 878 266 frugis
898 229 1043 266 amplioris

1103 230 1121 263 ἡ
1134 229 1182 256 105
1197 229 1325 260 πλείονος
1341 227 1491 262 ἐπέκτασις,
1505 229 1537 256 τὸ
1560 229 1601 256 ἀεὶ
1617 230 1755 268 ὀρέγεσθαι
1775 231 1851 267 ἡμᾶς
1869 233 1920 259 τῶν

224 275 263 303 sit
291 273 535 311 supercxtensio;
564 282 664 302 eorum
693 282 756 310 quae
782 282 870 310 supra
902 283 956 302 nos
980 276 1050 302 sunt

223 319 302 355 jugis
338 319 534 354 continuaque
572 318 736 354 appetitio:
766 318 795 345 id
818 319 896 354 quod
916 319 1048 354 accessit,

223 366 300 392 retro
332 371 449 400 semper
476 363 621 390 dimittere
647 371 653 397 ;
692 363 768 398 quod
799 371 866 391 vero
904 363 1048 399 reliquum

223 410 278 443 est,
294 410 326 436 ut
355 408 431 444 quod
461 407 651 441 desideretur,
673 416 724 444 pro
748 407 823 435 virili
848 411 947 435 nostra
972 409 1048 435 339

224 452 382 489 requirere.
399 451 478 480 Talis
503 453 565 479 erat
587 452 677 487 Isaac,
704 452 738 479 de
765 460 823 488 quo
844 452 1048 480 testimonium

223 497 294 526 illud
312 497 404 525 sacris
420 497 536 524 Litteris
551 496 756 532 consignatum
773 498 818 524 est
834 505 841 524 :
857 498 889 524 Et
903 497 1049 532 procedens

222 543 361 571 excitatus
376 543 425 575 est,
441 541 524 569 donec
539 549 653 576 magnus
676 543 764 577 factus
778 543 817 569 est
832 541 866 569 ’1.
892 543 955 569 Non
970 542 1048 569 enim

222 586 374 621 abscessit,
391 594 444 614 nec
464 594 530 613 cum
555 594 658 622 parum
675 588 778 613 auctus
795 588 881 621 esset,
898 586 1049 619 substitit;

222 632 273 660 sed
289 630 404 667 magnis
429 639 545 666 semper
570 631 720 666 gressibus
748 631 898 665 processit,
925 631 1048 666 gradum

223 677 258 704 ad
274 676 411 704 virtutem
427 675 542 703 tollens.
559 675 770 711 Tempcrantiae
795 676 891 702 stadia
907 684 940 702 ac
956 675 1048 703 conti-

222 721 326 748 nentia
342 720 427 748 celeri
445 720 517 756 pede
537 719 691 753 transivit;
711 720 860 755 justitiam
889 720 1047 753 inscendit,

221 765 284 792 exin
303 764 502 792 fortitudinem
519 764 710 797 conscendit;
740 766 827 799 atque
848 765 887 791 ita
902 764 1049 800 gradiens,

221 810 257 837 ad
266 817 414 837 summum
426 808 493 835 boni
505 808 617 843 apicem
629 808 1048 844 virjustusfastigioassurgil.

221 854 338 882 Crescite
361 853 451 889 igitur
466 860 499 880 eo
515 854 673 888 cremento,
688 861 720 880 ca
736 853 914 888 perfectione
929 861 992 888 quae
1008 855 1052 882 est

220 899 382 927 secundum
394 898 496 930 Deum,
511 905 577 932 qua:
590 896 619 924 in
636 897 766 924 interiori
779 897 896 925 homine
907 900 1049 926 versatur.

219 942 454 979 Multiplicamini.
471 941 605 969 Ecclesia:
622 941 683 969 imo
698 941 861 969 benedictio
883 944 936 970 est.
953 943 993 970 Ne
1020 943 1050 970 in

220 996 278 1016 uno
294 995 327 1015 ac
343 987 458 1014 duobus
469 986 728 1013 circumscribatur
741 986 859 1014 deitatis
875 986 989 1021 notitia,
1000 988 1048 1014 sed

219 1033 249 1060 in
267 1040 383 1060 omnem
401 1035 507 1059 terram
524 1030 671 1067 Evangelii
688 1031 791 1058 salutis
808 1031 976 1066 praedicatio
987 1040 1051 1067 pro-

218 1077 339 1104 feratur.
359 1075 605 1111 Multiplicamini,
620 1075 740 1110 quinam
754 1076 764 1102 ?
777 1075 836 1103 Vos
853 1075 902 1111 qui
914 1084 948 1103 ex
959 1078 1050 1103 Evan-

218 1120 285 1158 gelii
301 1120 464 1148 rationibus
484 1119 651 1147 nascimini.
668 1119 779 1155 lie/ima
794 1123 908 1147 terram.
926 1121 1047 1148 Carnem

218 1165 301 1193 vobis
317 1165 416 1192 datam
433 1165 461 1192 in
478 1164 651 1200 obsequium
671 1164 780 1200 replete
801 1164 886 1192 bonis
901 1165 1048 1200 operibus.

219 1210 375 1245 Repleatur
386 1209 490 1236 oculus
505 1209 568 1236 visu
586 1216 685 1236 eorum
704 1217 768 1244 quae
784 1209 871 1236 ofﬁcii
887 1211 958 1236 sunt
970 1217 976 1237 :
987 1218 1048 1237 ma-

219 1262 276 1282 nus
290 1253 381 1289 plena:
397 1253 456 1280 sint
471 1252 614 1279 bonorum
640 1260 760 1288 operum
779 1260 785 1279 :
809 1252 946 1279 incedunt
961 1253 1050 1288 pedes

218 1299 254 1326 ad
271 1297 440 1325 invisendos
457 1297 599 1329 infirmos,
612 1296 679 1332 agili
697 1305 799 1332 gressu
816 1297 851 1323 ad
868 1305 902 1324 ea
918 1305 982 1332 qua:
999 1297 1048 1325 ho-

217 1345 302 1370 nesta
316 1350 407 1377 exque
424 1348 544 1368 munere
559 1343 637 1368 sunt.
654 1340 756 1368 Omnis
776 1341 973 1368 membrorum
997 1350 1048 1369 no-

219 1389 348 1415 atrorum
368 1385 536 1413 constitutio
553 1384 639 1420 plena
654 1385 692 1412 sit
707 1385 909 1412 observatione
925 1386 1047 1413 manda-

218 1433 315 1458 torum
341 1430 399 1458 Dei.
427 1431 483 1457 lloc
505 1429 561 1456 sibi
584 1429 645 1456 vult
667 1430 744 1464 quod
764 1429 805 1457 ait
829 1430 863 1457 ad
887 1429 1047 1464 hominem,

218 1475 327 1511 Replctc
349 1477 465 1502 terram.
487 1474 663 1501 Communes
684 1474 803 1509 quidem
818 1477 889 1502 sunt
912 1477 941 1502 et
956 1475 1047 1503 mutis

219 1518 420 1547 animantibus
436 1526 536 1551 voces;
554 1518 679 1553 propria:
694 1520 792 1545 tamen
807 1518 960 1552 fiunt,cum
973 1520 1002 1547 in
1013 1527 1046 1547 eo

219 1564 297 1599 quod
324 1565 368 1590 est
392 1563 427 1590 ad
459 1562 627 1597 imaginem,
646 1564 674 1589 ct
698 1571 755 1598 quo
781 1563 890 1590 honore
920 1563 1046 1599 provecti

1104 273 1257 310 ὑπὶρὴμᾶςδ
1273 273 1304 300 τὸ
1330 274 1550 310 προσγενόμενον
1568 274 1615 310 μὲν
1631 274 1672 302 ἀεὶ
1701 274 1812 302 κατόπιν
1830 275 1921 303 ἑαυτοῦ

1104 317 1218 355 ἀφιέναι·
1236 318 1266 345 τὸ
1277 317 1304 345 δὲ
1318 317 1414 345 λοιπὸν
1429 321 1479 352 τῆς
1492 315 1721 353 εὐσεϐείας,τοῦτο
1730 319 1766 350 ὡς
1775 318 1861 347 ἐνδέον
1874 321 1919 356 δση

1105 361 1218 399 δύναμις
1244 363 1391 398 ἐπιζητεῖν.
1419 363 1484 394 Οἵος
1512 363 1545 399 ᾖν
1570 363 1670 398 Ἰσαὰκ,
1687 363 1750 402 περὶ
1775 364 1805 391 οὗ
1820 366 1838 399 ἡ
1857 375 1922 403 μαρι

1103 406 1182 443 τυρία
1219 406 1307 442 ἐκείνη
1338 407 1516 444 ἀναγραπται,
1546 407 1587 435 δτι
1625 406 1784 446 Προϐαίνων
1814 410 1924 446 ὑψοῠτο,

1105 450 1203 489 μέχρις
1232 452 1263 478 οὗ
1299 451 1383 489 μέγας
1413 451 1528 489 ἐγένετο.
1566 452 1604 480 Ού
1633 453 1682 490 γὰρ
1718 453 1834 489 ἀπέστη,
1864 453 1923 482 οὐδὲ

1105 496 1202 534 μικρὸν
1231 496 1356 531 αὐξηθεὶς
1393 496 1547 533 ἁπὲμεινενο
1574 496 1646 524 ἀλλὰ
1672 495 1851 535 προέσϐαινεν
1881 499 1918 526 ἀεὶ

1104 538 1254 577 διαδήμασι
1285 541 1428 579 μεγάλοις,
1465 538 1615 568 ἀναϐαίνων
1652 540 1697 569 ἐπὶ
1737 543 1787 577 τήν
1815 543 1923 580 ἀρετήν.

1105 583 1185 620 Διὲϐη
1217 581 1328 623 μεγάλῷ
1358 586 1461 623 βήματι
1484 586 1533 620 τήν
1562 586 1745 624 σωσροσύνην·
1773 585 1856 623 ἐπέϐη
1876 588 1924 622 τήν

1105 629 1288 665 δικαιοσύνην·
1305 629 1403 657 ἐκεῖθεν
1434 630 1478 657 ἐπὶ
1512 631 1560 664 τήν
1589 629 1711 667 ἀνδρείαν
1739 629 1833 667 ἀνέϐη.
1850 632 1924 660 Οὕτω

1103 671 1261 709 διαῦαίνων,
1277 674 1321 701 ἐπὶ
1340 675 1371 702 τὸ
1398 675 1478 713 ἄκρον
1507 677 1554 702 τοῦ
1581 675 1665 712 ὕψους
1685 677 1733 702 τοῦ
1758 675 1860 713 ἀγαθοῦ
1876 688 1920 704 κο-

1106 721 1237 758 ρυφοῦται
1250 719 1263 746 ὁ
1280 717 1395 749 δίκαιος.
1422 718 1567 755 Αύξάνεσῦε
1591 713 1636 746 ούν
1661 718 1773 755 αὔξησιν
1788 721 1838 755 τὴν
1858 722 1924 748 κατὰ

1105 764 1181 797 Θεὸν,
1197 762 1337 790 τελείωσιν
1362 763 1411 797 τήν
1433 763 1501 790 κατᾶ
1523 764 1568 790 τὸν
1585 760 1659 791 ἔνδον
1682 762 1836 802 ἄνθρωπον.
1850 763 1927 800 Πλη-

1106 807 1224 839 ούνεσθε.
1241 807 1406 842 Ἐκκλησίας
1419 808 1437 842 ἡ
1463 807 1584 846 εὐλογία.
1610 809 1654 842 Μὴ
1679 807 1708 835 ἐν
1724 808 1774 844 ἑνὶ⁹
1790 808 1868 846 φησὶ,
1884 810 1926 836 καὶ

1106 851 1166 879 δυσὶ
1181 851 1380 891 περιγραφείτω
1408 853 1425 886 ἡ
1453 851 1592 889 θεολογία·
1620 851 1685 880 ἀλλ⁴
1710 852 1747 883 εἰς
1771 856 1858 880 πᾶσαν
1879 855 1927 888 τὴν

1106 899 1156 935 γῆν
1176 897 1346 934 κηρυχθήτω
1370 895 1400 923 τὸ
1429 895 1596 933 Εὐαγγὲλιον
1621 900 1671 931 τῆς
1688 897 1836 933 σωτηρίας.
1853 896 1925 932 Πλη-

1107 940 1224 974 ούνεσθε,
1239 940 1327 975 dvas;
1349 941 1382 969 Οἱ
1404 940 1471 967 κατᾶ
1496 940 1527 967 τὸ
1555 940 1722 978 Εὐαγγέλιω
1751 941 1925 979 γεννώμενοι.

1105 984 1274 1023 Ιῐληρώσατε
1311 985 1361 1019 τήν
1396 986 1458 1022 γῆν.
1487 985 1540 1018 Τήν
1583 985 1667 1020 σάρκα
1702 986 1751 1020 τήν
1780 984 1926 1022 δεδομένην

1106 1030 1170 1065 ὑμῖν
1199 1029 1236 1060 είς
1278 1029 1437 1066 ὑπηρεσίαν,
1482 1028 1647 1067 πληρώσατε
1685 1029 1792 1067 ἀγαθῶν
1831 1028 1924 1068 ἔργων·

1106 1073 1248 1112 ὀφθαλμὸς
1263 1072 1374 1111 πλήρης
1390 1071 1458 1100 ἔστω
1471 1075 1519 1100 τοῦ
1536 1074 1599 1110 ὁρᾷν
1614 1073 1648 1100 τὰ
1663 1072 1766 1101 δέοντα·
1781 1075 1844 1112 χεὶρ
1857 1074 1926 1110 πλή-

1106 1128 1155 1155 ρης
1185 1117 1252 1145 ἔστω
1280 1120 1333 1145 τῶν
1364 1118 1470 1155 ἀγαθῶν
1498 1116 1597 1156 ἔργων·
1628 1117 1709 1150 πόδες
1745 1117 1924 1155 βαδιζέτωσαν

1105 1162 1143 1193 είς
1175 1162 1314 1199 ἐπίσκεψιν
1344 1161 1537 1197 ἀσθενούντων,
1566 1163 1723 1199 πορεντικοὶ
1751 1161 1825 1194 ὄντες
1849 1163 1889 1202 ἐφ’
1910 1164 1925 1191 ἃ

1104 1208 1234 1244 προσῆκε·
1252 1209 1323 1234 πᾶσα
1337 1208 1354 1241 ὴ
1373 1209 1423 1234 τῶν
1449 1207 1540 1243 μελῶν
1564 1208 1645 1243 ἡμῶν
1669 1207 1828 1239 κατάστασις
1851 1208 1924 1243 πλή-

1105 1262 1154 1289 ρης
1169 1249 1237 1278 ἔστω
1252 1253 1305 1278 τῶν
1321 1251 1389 1278 κατά
1412 1251 1460 1282 τὰς
1484 1251 1595 1282 ἐντολὰς
1617 1251 1759 1290 ἐργασιῶν·
1778 1255 1860 1280 τοῦτο
1874 1253 1925 1290 γάρ

1105 1296 1160 1323 ἐστι
1187 1295 1230 1330 τὸ,
1260 1295 1430 1334 Πληρώσατε
1456 1296 1505 1330 τήν
1534 1299 1594 1333 γῆν.
1623 1297 1717 1324 Κοιναὶ
1744 1297 1791 1332 μὶν
1821 1297 1872 1335 γὰρ
1900 1298 1926 1324 αἱ

1104 1342 1189 1380 φωναὶ
1206 1340 1251 1368 καὶ
1278 1343 1337 1372 τοῖς
1362 1339 1482 1378 ἀλόγοις·
1498 1339 1646 1375 ἰδιάζουσαι
1676 1339 1704 1368 δὲ
1728 1341 1795 1379 πρὸς
1817 1342 1861 1368 τὸν
1879 1342 1926 1368 ἆν-

1104 1386 1212 1423 Ορωπον
1243 1384 1375 1422 γίνονται,
1392 1384 1453 1412 ὅταν
1481 1385 1563 1421 ἡμεῖς
1585 1387 1625 1420 τῷ
1653 1385 1711 1412 κατ’
1736 1385 1827 1412 εἰκόνα
1842 1385 1887 1413 καὶ
1903 1387 1925 1421 ᾧ

1103 1429 1284 1466 ἐτιμήθημεν,
1300 1429 1389 1465 τούτῳ
1413 1427 1593 1459 ἀδιαλείπτως
1615 1429 1793 1467 χρησώμεθα.
1820 1429 1860 1458 Τὰ
1877 1429 1924 1466 μὲν

1102 1474 1154 1511 γὰρ
1185 1476 1347 1510 σωματικῶς
1376 1471 1458 1510 αὔξει·
1479 1474 1560 1509 ἡμεῖς
1587 1471 1626 1508 δὲ,
1650 1476 1854 1510 πνευματικῶς·
1880 1474 1924 1501 καὶ

1101 1518 1134 1546 τὰ
1151 1518 1208 1555 μὲν,
1229 1517 1269 1554 τῷ
1290 1517 1390 1553 πλήθει
1418 1516 1525 1555 πληροῖ
1544 1517 1594 1552 τήν
1607 1520 1667 1555 γῆν·
1697 1518 1778 1553 ἡμεῖς
1806 1516 1836 1544 δὲ
1850 1517 1924 1552 πλη-

1103 1565 1202 1600 ροῦμεν
1231 1565 1289 1594 ταῖς
1328 1562 1439 1599 ἀγαθαῖς
1469 1561 1606 1600 ἐργασίαις
1632 1562 1681 1596 τὴν
1713 1562 1923 1599 συνεζευγμένην

218 1616 323 1636 sumus
338 1606 575 1643 imprmtermisse
590 1606 647 1634 illis
669 1607 714 1634 usi
734 1607 886 1634 fuerimus.
904 1610 976 1635 Nam
993 1608 1043 1636 illa

1100 1608 1168 1642 ἡμῖν
1184 1610 1259 1644 γῆν,,
1275 1606 1396 1634 τουτέστι
1421 1606 1470 1640 τήν
1497 1607 1655 1642 σωματικὴν
1677 1604 1830 1634 διάπλασιν.
1846 1605 1922 1634 ’Ἰδοὺ

215 1652 333 1689 quidem
356 1651 498 1686 corporali
524 1653 680 1686 augmento
704 1654 859 1686 crescunt;
879 1660 931 1679 nos
946 1655 1042 1680 autem

215 1696 341 1733 spiritali
358 1705 364 1724 :
382 1698 469 1731 atque
484 1694 536 1723 illa
551 1695 669 1731 quidem
686 1698 794 1723 terram
816 1695 927 1732 replent
943 1696 1043 1724 multi-

215 1741 282 1778 plici
298 1740 414 1774 sobole;
432 1748 483 1768 nos
510 1748 577 1767 vero
603 1740 788 1775 conjunctam
816 1740 901 1768 nobis
922 1743 1042 1775 terram,

215 1794 321 1822 corpus
337 1784 448 1812 scilicet
463 1793 477 1812 e
502 1787 576 1812 terra
591 1784 786 1820 eiTormatum,
799 1784 883 1812 bonis
895 1785 1042 1820 replemus

215 1830 363 1866 operibus.
390 1829 455 1856 Ecce
478 1828 541 1856 dedi
567 1828 648 1862 vobis,
677 1828 796 1864 inquit:
824 1831 912 1856 Omne
936 1830 1042 1864 lignum

215 1875 287 1911 quod
309 1875 428 1909 fructum
449 1874 528 1901 habet
552 1874 580 1900 in
605 1874 757 1909 semetipso,
774 1874 826 1901 crit
850 1874 926 1901 vobis
949 1876 978 1901 in
1002 1876 1041 1902 ci-

216 1919 280 1947 bum
294 1919 328 1946 “.
354 1917 431 1945 Nihil
457 1917 584 1945 Ecclesia
606 1920 777 1953 prmtereat:
794 1918 892 1945 omnia
912 1918 1043 1954 legitima

215 1964 294 1990 sunt.
307 1962 369 1990 Non
381 1961 455 1989 dixit
468 1970 474 1988 ε
488 1961 557 1988 Dedi
571 1961 654 1988 vobis
666 1961 759 1996 pisces
775 1962 864 1989 maris
880 1962 908 1989 in
925 1963 1040 1996 cibum;

215 2006 280 2034 dedi
296 2006 376 2033 vobis
389 2014 511 2041 pecora;
529 2005 594 2033 dedi
612 2005 737 2041 reptilia,
753 2005 893 2040 volatilia,
914 2007 1040 2042 quadru-

213 2051 298 2087 peda.
314 2050 376 2078 Non
392 2049 469 2078 enim
486 2051 515 2077 in
529 2049 608 2077 hunc
619 2058 706 2077 usum
723 2050 802 2078 fuere
817 2051 1038 2087 crcata,inquit;

212 2096 262 2123 sed
278 2095 374 2131 prima
391 2095 435 2122 lex
451 2097 481 2122 ut
497 2094 639 2122 fruetibus
649 2103 834 2122 vcscercmur
846 2098 1039 2131 concesserat.

211 2140 314 2168 Adhuc
330 2139 408 2167 enim
426 2139 561 2174 paradiso
577 2138 658 2174 digni
669 2139 904 2174 existimabatur,
916 2141 1040 2176 ejusque

209 2192 273 2220 quas
290 2184 318 2210 in
335 2191 369 2210 ea
383 2185 428 2210 est
443 2183 537 2210 victus
554 2183 678 2212 ratione.
699 2183 856 2216 Qualenam
879 2193 944 2212 vero
960 2186 1037 2220 quod

209 2228 240 2256 in
256 2228 354 2255 abdito
371 2228 484 2262 adjucct
506 2227 700 2263 mysterium?
719 2228 800 2260 Quod
823 2228 963 2256 nimirum
980 2238 1036 2257 non

211 2272 307 2301 solum
325 2271 420 2306 nobis,
437 2271 487 2298 sed
504 2274 532 2298 et
556 2271 646 2298 mutis
675 2272 876 2300 animantibus
893 2273 1037 2302 universis
1054 2285 1076 2317 D

210 2317 313 2345 eadem
329 2319 399 2343 tunc
413 2324 447 2343 ex
466 2316 596 2350 frugibus
613 2318 695 2343 terris
711 2318 739 2344 et
753 2317 917 2345 seminibus
933 2318 1037 2346 alimo-

211 2361 260 2389 nia
275 2361 434 2389 constituta
454 2360 551 2387 fuerit.
567 2360 635 2387 Ecce
654 2361 739 2393 enim,
762 2361 868 2396 inquit,
884 2362 949 2390 dedi
962 2363 1038 2391 vobis

209 2413 288 2434 omne
309 2404 441 2441 pabulum
461 2405 597 2431 scminate
621 2406 760 2433 seminans
783 2414 883 2440 semen,
909 2408 978 2443 quod
999 2412 1038 2435 est

207 2458 291 2486 super
305 2454 431 2483 terram;
452 2454 480 2476 et
496 2457 575 2476 omne
589 2449 697 2483 lignum
713 2451 788 2485 quod
802 2450 882 2479 habet
897 2452 926 2480 in
939 2454 1037 2480 semet-

1099 1649 1204 1678 δέδωκα
1235 1651 1308 1686 ὑμῖν·
1335 1652 1389 1676 Πᾶν
1417 1650 1496 1685 ξύλον
1533 1649 1599 1688 ὅπερ
1635 1649 1738 1686 καρπὸν
1772 1646 1841 1687 ἔχει,
1869 1661 1922 1689 φη-

1097 1695 1149 1729 τὶν,
1185 1694 1212 1722 ἐι
1248 1695 1344 1730 ἑαυτῷ,
1381 1694 1445 1731 ὑμῖν
1487 1691 1560 1721 ἔσται
1603 1693 1642 1725 εἷς
1685 1694 1795 1732 βρῶσιν,
1826 1695 1918 1730 Μηεὲν

1097 1739 1291 1777 παρατρεχὲτω
1320 1739 1337 1773 ἡ
1373 1737 1534 1773 Ἐκκλησία·
1575 1738 1663 1765 πάντα
1703 1738 1809 1775 νόμιμά
1836 1738 1920 1767 ἐστιν.

1097 1784 1153 1811 Οὐκ
1169 1784 1234 1811 εἶπε·
1253 1781 1362 1810 Δέδωκα
1386 1783 1450 1819 ὑμῖν
1466 1781 1529 1813 τοὺς
1545 1781 1643 1820 ἰχθύας
1657 1784 1708 1815 τῆς
1725 1781 1863 1818 θαλάσσης
1880 1783 1921 1814 είς

1099 1828 1199 1866 βρῶσιν
1215 1828 1265 1863 (α)·
1283 1825 1387 1854 δέδωκα
1401 1827 1465 1863 ὑμῖν
1486 1826 1519 1853 τὰ
1540 1827 1639 1862 κτήνη,
1654 1826 1688 1854 τὰ
1702 1826 1810 1864 ἑρπετὰ,
1825 1827 1859 1854 τὰ
1875 1838 1922 1854 πε-

1095 1872 1179 1906 τεινὰ,
1195 1872 1228 1899 τὰ
1239 1870 1400 1910 τετράποδα·
1419 1871 1450 1898 οὐ
1479 1871 1530 1909 γὰρ
1556 1871 1660 1898 τούτων
1683 1869 1770 1898 ἕνεκεν
1797 1871 1922 1907 ἐκτίσθη-

1097 1927 1154 1952 σαν,
1174 1916 1265 1955 φησίν·
1283 1915 1347 1943 ἀλλ’
1375 1917 1392 1950 ἡ
1423 1916 1518 1953 πρώτη
1544 1915 1688 1952 νομοθεσία
1713 1918 1824 1953 καρπῶν
1852 1916 1921 1944 ἀπό-

1097 1961 1190 1989 λαυσιν
1206 1961 1407 1998 συνεχώρησεν.
1423 1962 1481 1989 Ἔτι
1497 1960 1547 1998 γὰρ
1568 1960 1749 1997 ἰνομιζόμεθα
1764 1960 1833 1995 ἄξιοι
1850 1960 1920 1988 εἶναι

1095 2008 1142 2033 τοῦ
1158 2004 1321 2043 παραδείσου
1347 2005 1392 2033 καὶ
1416 2009 1466 2039 τῆς
1487 2005 1513 2032 ἐν
1539 2004 1611 2041 αὐτῷ
1634 2003 1751 2036 διαίτπς.
1767 2006 1829 2032 Οἴον
1847 2004 1876 2032 δέ
1891 2005 1920 2033 τί

1095 2050 1210 2078 ἐστικαὶ
1233 2051 1264 2077 τὸ
1294 2050 1319 2077 ἐν
1343 2052 1383 2086 τῷ
1410 2048 1569 2077 λανθάνοντι
1598 2049 1795 2088 παρακείμενον
1811 2050 1918 2086 μυστή-

1094 2105 1163 2133 ριον·
1181 2095 1221 2122 ὅτι
1237 2095 1267 2122 οὐ
1286 2094 1366 2131 μόνον
1383 2095 1462 2130 ἡμῖν,
1478 2092 1550 2121 ἀλλὰ
1571 2093 1616 2121 καὶ
1631 2096 1689 2125 τοῖς
1706 2093 1817 2132 ἀλόγοις
1835 2095 1919 2129 ζώοις

1093 2142 1183 2173 πᾶσιν,
1199 2140 1216 2174 ἡ
1233 2139 1299 2172 αὐτή
1315 2137 1344 2165 ἐκ
1358 2140 1412 2165 τῶν
1436 2140 1546 2175 καρπῶν
1562 2139 1612 2170 τῆς
1638 2142 1690 2175 γῆς
1705 2138 1749 2165 καὶ
1764 2140 1817 2165 τῶν
1835 2149 1920 2175 σπερ-

1095 2185 1185 2221 μάτων
1217 2183 1318 2221 ὡρίσθη
1332 2185 1372 2219 τῷ
1399 2182 1460 2210 τότε
1483 2184 1582 2222 τροφή.
1610 2181 1680 2210 Ἰδοὺ
1695 2182 1756 2220 γὰρ,
1777 2182 1855 2222 φησὶ,
1873 2182 1918 2211 δέ-

1093 2227 1167 2255 δωκα
1215 2228 1278 2265 ὑμῖν
1330 2227 1413 2255 κάν-τα
1463 2226 1563 2264 χόρτον
1614 2224 1760 2264 σπόριμον,
1803 2229 1918 2264 σπεῖρον

1093 2274 1209 2310 σπέρμα,
1227 2272 1242 2299 ὅ
1269 2271 1338 2299 ἐστιν
1368 2271 1458 2299 ἐπάνω
1485 2275 1536 2306 τῆς
1563 2274 1623 2309 γῆς·
1652 2270 1696 2298 καὶ
1727 2273 1778 2298 πᾶν
1803 2270 1886 2306 ξύλον
1903 2271 1919 2298 6'

1093 2316 1150 2356 ἔχει
1181 2317 1206 2344 ἐν
1236 2317 1323 2353 ἑαυτῷ
1352 2317 1453 2354 καρπὸν
1487 2315 1640 2353 σπέρματος
1669 2315 1816 2353 σπορίμου,
1851 2316 1916 2352 ὑμῖν

1093 2361 1167 2389 ἔσται
1190 2361 1228 2393 είς
1260 2362 1375 2399 βρῶσιν,
1404 2361 1448 2388 καὶ
1472 2364 1537 2388 πᾶσι
1561 2363 1619 2391 τοῖς
1649 2360 1756 2398 Θηρίοις
1783 2362 1833 2392 τῆς
1849 2364 1916 2398 γῆς,

1092 2407 1136 2434 καὶ
1165 2410 1229 2434 πᾶσι
1253 2409 1312 2437 τοῖς
1350 2408 1484 2438 πετεινοῖς
1521 2407 1573 2442 μοῖν
1604 2405 1730 2442 οὐρανοῦ,
1757 2404 1802 2432 καὶ
1832 2405 1915 2432 παντί

1092 2452 1196 2488 ἕρπετῷ
1208 2449 1316 2488 ἕρποντι
1333 2449 1376 2478 ἐπὶ
1389 2454 1439 2485 τῆς
1451 2453 1511 2488 γῆς.

205 2497 263 2531 ipso
278 2496 398 2530 fructum
424 2493 537 2521 seminis
553 2495 707 2529 seminatis,
735 2495 809 2522 vobis
830 2497 882 2523 erit
902 2497 931 2523 in
954 2496 1055 2532 cibum,
1079 2497 1237 2531 cunctisque
1262 2495 1353 2523 bestiis
1380 2499 1471 2531 terrae,
1487 2499 1512 2523 et
1540 2495 1645 2523 cunctis
1670 2494 1828 2522 volucribus
1853 2494 1916 2522 mli

208 2540 337 2574 omnique
353 2538 457 2574 reptili,
474 2539 546 2573 quod
560 2543 652 2573 reptat
672 2547 753 2575 super
768 2541 872 2567 terram
893 2540 926 2568 ³³.

241 2585 268 2612 3.
280 2583 368 2619 Atqui
386 2591 463 2610 nunc
479 2583 556 2611 dicat
571 2583 679 2619 aliquis
701 2592 708 2612 :
725 2584 864 2613 Videmus
881 2585 1036 2622 plerasque

205 2628 313 2657 bestias
328 2636 386 2656 non
403 2627 481 2655 vesci
497 2628 652 2656 fructibus.
670 2628 731 2660 Quo
747 2629 825 2657 enim
850 2630 946 2659 fructu
962 2639 1034 2667 pan-

205 2673 291 2701 thera
319 2673 410 2700 vitam
439 2673 566 2700 sustinet
590 2671 737 2701 tolerare?
751 2673 819 2709 quis
839 2682 907 2702 vero
923 2675 1036 2705 fructus

242 2736 265 2755 ’ί
281 2736 351 2770 Gen.
368 2744 445 2771 xxvx,
462 2735 504 2764 13.
544 2735 616 2765 Gen.
631 2744 652 2770 1,
667 2736 712 2765 29.
751 2737 823 2766 ibid.
840 2738 884 2773 29,
901 2739 946 2767 30.

244 2790 288 2833 ζμ).
296 2790 391 2833 Verbis
406 2788 678 2833 δέδωκα.....βρῐίισιννἱ
688 2792 889 2833 supplevimlls
902 2801 937 2822 ex
946 2794 1032 2822 Com-

205 2826 308 2856 beﬁsio
321 2835 327 2862 ;
347 2829 379 2856 ut
389 2835 457 2856 mox
469 2835 505 2856 ex
519 2826 646 2857 editione
661 2826 817 2858 Basiléensi
834 2829 927 2859 Ἔτι...
942 2839 1028 2868 παρα-

1126 2586 1153 2613 3.
1169 2585 1219 2612 Καὶ
1232 2585 1285 2622 μὴν
1308 2582 1382 2612 εὲποι
1406 2593 1457 2615 τις·
1475 2584 1530 2613 Νῦν
1555 2583 1661 2621 ὁρῶμεν
1676 2582 1711 2610 τὰ
1734 2581 1850 2610 πλείονα
1859 2584 1915 2610 τῶν

1091 2631 1193 2670 θηρίων
1223 2633 1337 2670 καρποῖς
1369 2631 1407 2667 μή
1442 2629 1603 2669 τρεφόμενα.
1634 2629 1711 2666 ΙΙοίῳ
1739 2629 1788 2668 γὰρ
1816 2631 1916 2666 καρπῷ

1091 2676 1215 2715 ἀνέχεται
1245 2674 1380 2714 πάρδαλις
1404 2676 1553 2713 τραφῆναις
1568 2674 1610 2708 τίς
1638 2673 1668 2703 δὲ
1685 2673 1788 2713 καρπὸς
1805 2672 1916 2702 δύναται

1087 2792 1186 2831 δείσου,
1201 2794 1232 2823 in
1255 2796 1381 2830 utraque
1402 2793 1570 2831 Combeﬁsii
1584 2795 1614 2822 et
1634 2789 1914 2831 Gamerii_editione

1083 2827 1203 2867 omissa,
1219 2839 1283 2868 quas
1297 2827 1396 2860 tamen
1411 2830 1603 2860 Combefisius
1616 2830 1754 2859 verterat.
1769 2827 1849 2857 Em'r.
