2018 3146
95 130 134 160 45
585 125 638 156 DE
659 125 823 156 HOMlNlS
846 125 1082 158 STRUGTURA
1103 126 1249 157 ORATIO
1270 126 1310 156 Il.
1761 127 1802 158 ΑΒ

95 194 192 222 λὲοντα
219 192 316 231 θρέψαι
330 201 338 227 ;
365 190 445 220 Ἀλλ’
467 190 543 225 ἴστω,
561 189 603 217 ὅτι
618 189 664 218 καῖ
677 190 771 225 ταῦτα,
787 192 827 226 τῷ
840 190 919 227 νόμῳ

988 199 1088 220 eonem
1101 193 1196 228 potest
1206 191 1301 220 alere?
1315 191 1391 219 Scite
1404 191 1596 220 nihilominus
1610 193 1707 220 tamen
1719 193 1797 229 quod

93 242 142 274 τῆς
171 238 279 278 φύσεως
305 236 516 273 ὑπυτεταγμένα,
546 237 662 273 καρποῖς
686 235 718 262 τὸ
743 235 805 273 πρὶν
825 233 926 272 διετρὲ-

95 293 167 323 φετο’
200 281 295 316 ἐπειδὴ
316 280 345 308 δὲ
370 281 384 307 ὁ
407 279 547 318 ἄνθρωπος
572 278 742 317 ἐξεδιῃτήθη,
773 279 816 306 καὶ
847 277 923 315 ἐξέϐη

96 328 159 360 τοὺς
175 329 257 366 ὁρους
272 325 334 357 τοὺς
350 324 476 357 δοθέντας
502 324 586 361 αὐτῷ,
618 325 686 361 μετὰ
714 325 760 351 τὸν
789 323 925 351 κατακλυ-

97 373 165 410 σμὸν
187 371 267 403 ῑῗδὼς
294 372 333 408 (α)
357 370 370 397 ὁ
396 369 495 408 Κύριος
511 368 628 408 ἀφειδεῖς
656 369 720 401 τοὺς
748 369 923 406 ἀνθρώπους,

96 418 205 445 πάντων
238 417 287 451 τήν
325 415 474 443 ἀπόλαυσιν
510 414 694 452 συνεχώρησε.
725 414 815 441 Πάντα
841 415 925 441 ταῦτα

97 462 213 502 φάγεσθε
237 461 274 492 ὡς
297 460 406 497 λάχανα
433 458 663 502 χόρτου-ᾐΤαυτῃ
689 460 723 495 λῇ
748 458 924 496 συγχωρήσει

97 500 189 534 καὶτὰ
205 504 288 532 λοιπὰ
314 507 370 538 ζῶα
399 503 478 535 εὐθὺς
501 500 583 530 ἔλαϐε
606 503 656 537 τὴν
681 505 729 530 τοῦ
746 504 923 541 σαρκοφαγεῖν

99 549 201 578 ἄδειαν.

130 596 156 624 4.
175 593 218 629 Ἐξ
246 592 350 620 ἐκείνου
378 591 475 620 λοιπὸν
501 589 647 629 ὠμοϐόρος
669 592 682 618 ὁ
708 591 796 619 λέων-ι’
813 590 838 626 ἐξ
855 589 924 618 ἐκεί-

95 648 142 665 νου
162 638 207 664 καὶ
220 639 303 674 γῦπες
318 636 480 673 ἀναμένουσι
508 637 669 672 Ονησιμαῖα.
694 635 733 663 Οὐ
763 633 851 670 δήπου
873 634 924 672 γὰρ

97 682 138 710 καὶ
169 683 253 720 γῦπες
271 682 342 718 ὁμοῦ
367 683 407 717 τῷ
436 680 602 718 γεννηοῆάειι
633 682 698 714 ζῶα,
728 679 924 717 περιεσκόπουν

96 727 144 761 τήν
159 729 224 764 γῆν
242 725 319 753 οὔπω
347 726 398 762 γάρ
414 736 439 752 τι
469 724 599 757 ἀπέθανεν
619 727 671 751 τῶν
701 724 773 762 παρὰ
801 726 858 760 Θεῷ
887 724 925 760 (1))

97 770 262 809 γενομένων,
292 769 335 797 i'va
356 771 440 808 γῦπες
466 771 613 808 τραφῶσιν.
643 766 713 797 Οὔτε
728 769 780 806 γὰρ
805 769 822 803 ἡ
848 768 925 806 φύσις

97 815 268 853 διεχείριζεν·
304 814 407 850 ἀκμαῖα
433 814 505 851 γάρ·
536 812 598 840 οὕτε
624 813 740 850 θηραταὶ
769 812 923 840 ἀνάλωσαν

97 859 174 888 οὔπω
189 860 239 898 γὰρ
269 858 441 893 ἐπιτήδευσις
465 858 497 892 ἦν
523 859 617 894 θήρας⁴
649 857 679 884 οὐ
708 857 788 894 θηρία
818 856 921 885 διέσπα·

99 904 162 932 οὔτε
176 904 226 942 γὰρ
256 903 289 938 ἦν
303 900 446 941 ὡμοῧόρα·
473 903 539 940 γυψὶ
560 901 589 929 δὲ
614 901 725 937 σύνηθες
749 901 802 929 ἀπὸ
825 904 925 940 νεκρῶν

101 949 264 980 διαιτᾶσθαι.
295 948 373 974 Ὥστε
400 947 476 974 οὔπω
505 947 538 981 ἦν
569 946 660 983 νεκρὰ,
690 946 766 973 οὕπω
795 945 924 981 δυσωδία,

100 993 179 1021 οὔπω
206 992 318 1027 τοιαύτη
333 992 422 1030 τροφὴ
444 993 546 1029 γυπῶν·
563 991 636 1018 ἀλλςὶ
650 991 744 1021 πάντες
767 991 800 1018 τὰ
821 990 924 1018 κύκνων

100 1037 245 1075 διῃτῶντο,
276 1036 320 1064 καὶ
346 1036 433 1064 πάντα
460 1035 524 1066 τοὺς
552 1034 687 1072 λειμῶνας
703 1035 856 1072 ἐπενέμετο.
874 1036 924 1064 Καὶ

100 1083 145 1110 οἶα
170 1082 277 1119 ὁρῶμεν
303 1081 383 1113 κύνας
411 1080 551 1118 Θεραπείας
573 1078 660 1108 ἕνεκεν
689 1079 824 1111 πολλάκις
837 1079 926 1117 ἄγρω-

99 1137 157 1154 στιν
174 1125 398 1162 ἔπινεμομένους,
417 1125 466 1152 οὐκ
481 1123 574 1159 ἐπειδὴ
591 1125 719 1162 συμφυής
743 1125 834 1156 αὐτιῖς
856 1125 925 1152 ἐστιν

99 1173 116 1206 ἡ
133 1172 236 1210 τροφὴ,
266 1169 330 1198 ἀλλ’
346 1168 439 1205 ἐπειδῆ
456 1168 592 1205 ὰδιόάκτῳ
607 1170 659 1196 τινὶ
680 1169 784 1208 φύσεως
801 1168 926 1197 διδασκα-

98 1215 148 1252 λίᾳ
164 1215 207 1243 ἐπὶ
223 1215 254 1242 τὸ
270 1213 408 1253 συμφέρον
431 1212 540 1252 ἔρχεται
567 1215 600 1241 τὰ
624 1213 713 1252 ἄλογα
724 1223 731 1230 ·
757 1217 869 1242 τοιαῦτα
883 1214 928 1242 καὶ

98 1260 163 1288 τότε
179 1259 288 1297 λόγισαι
310 1259 470 1290 καθεστάναι
486 1259 520 1286 τὰ
532 1261 577 1286 νῦν
605 1256 738 1297 ὡμοϐόρα
756 1261 810 1287 τῶν
839 1259 928 1293 ζώων,

97 1305 145 1332 καὶ
162 1306 199 1341 (ο)
213 1304 314 1342 χόρτον
332 1304 438 1334 ἑαυτοῖς
460 1304 563 1342 τροφὴν
579 1303 707 1338 ἐπινοεῖν,
729 1303 778 1331 οὐκ
793 1302 929 1338 ἀλλήλοις

98 1347 328 1377 ἐπιϐουλεύοντα¹
345 1347 409 1376 ἀλλ’
425 1347 469 1376 οἷα
497 1348 593 1384 μέλλει
622 1348 684 1375 εἶνοι
716 1348 783 1384 μετὰ
803 1350 886 1375 ταῦτα

98 1394 331 1428 ἀποκατάστασις,
355 1392 468 1428 τοιαύτη
494 1393 527 1427 ἧν
544 1393 560 1428 ἡ
578 1394 674 1430 πρώτη
704 1392 816 1430 γένεσις,
833 1394 930 1420 Ἐπαν-

100 1442 215 1477 έρχεται
231 1437 260 1465 δὲ
287 1438 300 1464 ὁ
325 1438 468 1474 ἅνθρωπος
493 1437 535 1465 ἐπὶ
560 1437 609 1471 τὴν
635 1437 720 1465 πάλαι
744 1436 826 1464 αὐτοῦ
849 1437 930 1464 κατά-

100 1493 210 1517 στασιν,
239 1485 290 1517 τῆς
316 1482 450 1519 πονηρίας
473 1481 618 1520 ἀφέμενος,
648 1481 693 1509 καὶ
721 1485 771 1516 τῆς
791 1482 851 1516 περὶ
881 1482 930 1516 τήν

99 1527 210 1566 γεηρὰν
239 1526 337 1561 ταύτην
361 1526 406 1554 καὶ
431 1525 564 1564 ὀδυνηρὰν
595 1526 667 1560 ζωήν
696 1526 862 1563 μοχθηρίας,
877 1528 931 1553 τῶν

979 237 1040 264 haec
1053 237 1117 272 ipsa
1131 236 1187 272 legi
1213 239 1324 264 natura:
1351 236 1489 264 obsecuta
1516 237 1628 272 pridem
1654 237 1801 267 fructibus

978 282 1185 309 vescebantur:
1196 283 1352 316 postquam
1366 283 1462 308 autem
1477 281 1562 308 homo
1574 281 1728 317 pristinam
1740 290 1804 309 mu-

978 326 1051 353 tavit
1066 325 1129 352 vita:
1141 326 1294 358 rationem,
1308 326 1440 361 finesque
1450 325 1505 353 sibi
1518 325 1693 354 constitutos
1703 334 1801 354 exces-

979 369 1027 404 sit,
1039 370 1141 397 videns
1156 370 1298 397 Dominus
1315 372 1380 406 post
1395 369 1539 397 diluvium
1553 370 1686 398 homines
1701 371 1802 406 profu-

980 422 1028 442 sos
1035 414 1302 450 deliciis,nullaque
1309 414 1465 442 obstrictos
1472 414 1802 450 parcimonia,vescendi

979 458 1117 486 omnibus
1129 458 1296 486 facultatem
1309 458 1386 486 fecit.
1399 457 1503 487 Cuncta
1512 458 1578 494 hac,
1589 458 1695 495 inquit,
1713 467 1803 487 come-

979 503 1057 536 detis,
1068 504 1149 538 quasi
1158 504 1232 530 olera
1253 504 1377 531 virentia
1396 504 1428 531 ’⁸,
1446 504 1506 536 Quo
1523 511 1673 537 concesso,
1689 503 1804 539 reliqua

980 556 1096 583 quoque
1105 547 1265 575 animantia
1273 548 1377 575 edendi
1385 548 1485 576 statim
1497 547 1644 576 licentiam
1654 556 1802 584 accepere.

1016 592 1041 620 4.
1057 593 1095 620 Ex
1105 592 1155 619 illo
1166 592 1228 628 jam
1243 594 1270 620 et
1280 592 1324 620 leo
1337 593 1526 620 crudivorus:
1545 601 1580 620 ex
1601 593 1650 620 illo
1670 593 1803 621 vultures

979 637 1065 664 avida
1079 636 1236 672 gulositate
1251 639 1421 673 exspectant
1437 638 1587 665 cadavera.
1603 637 1704 674 Neque
1724 638 1802 666 340

980 680 1056 708 enim
1067 681 1196 708 vultures
1206 681 1293 708 simul
1306 689 1339 710 ac
1346 682 1483 709 animalia
1490 681 1804 716 genitasunt,circum-
1821 681 1825 687 ”

979 725 1257 753 lustrabantterram
1264 726 1346 758 .Quid
1354 727 1432 753 enim
1440 735 1540 754 eorum
1549 735 1612 762 quae
1619 729 1697 754 aDeo
1705 729 1803 755 creata

979 772 1087 804 essent,
1105 771 1205 798 statim
1233 770 1393 806 interierat,
1420 773 1453 798 ut
1475 771 1604 799 vultures
1632 770 1804 799 alerentur?

979 814 1078 850 Neque
1093 815 1170 842 enim
1187 817 1292 842 natura
1307 815 1370 842 neci
1387 815 1493 849 dabat;
1507 816 1613 852 quippe
1625 824 1688 851 qua:
1700 816 1803 852 vigens

980 859 1145 895 florensque
1174 862 1254 893 erat;
1281 867 1374 895 neque
1398 862 1550 888 venatores
1575 860 1802 896 disperdebant;

980 904 1110 931 nondum
1127 904 1205 932 enim
1223 913 1270 932 ars
1287 905 1412 932 venandi
1428 907 1509 932 erat:
1528 913 1580 933 nec
1596 905 1697 933 bestiae
1719 907 1805 933 erant

980 957 1043 984 qua:
1052 949 1268 985 discerperent;
1280 957 1348 976 nam
1358 958 1453 985 neque
1460 951 1544 977 erant
1554 949 1707 977 crudivora
1717 958 1724 977 :
1737 949 1803 977 vul-

980 993 1096 1021 turibus
1106 1001 1173 1021 vero
1183 1002 1218 1021 ex
1231 993 1328 1021 indole
1343 996 1387 1021 est
1397 995 1429 1021 ut
1437 994 1627 1022 cadaveribus
1637 996 1802 1023 vescantur.

980 1038 1073 1070 Quare
1081 1038 1211 1065 nondum
1223 1040 1306 1065 erant
1317 1038 1472 1072 cadavera;
1484 1039 1614 1066 nondum
1630 1039 1716 1072 fetor;
1729 1047 1802 1067 non-

981 1083 1051 1110 dum
1062 1081 1130 1110 talis
1140 1082 1291 1110 vulturum
1307 1091 1387 1110 esca:
1401 1083 1451 1110 sed
1459 1083 1558 1111 omnia
1568 1091 1726 1120 cycnorum
1739 1091 1803 1112 mo-

981 1135 1012 1154 re
1027 1126 1208 1160 victitabant,
1221 1129 1381 1162 cunctaque
1392 1127 1419 1154 in
1433 1129 1524 1163 pratis
1540 1127 1746 1163 pascebantur.
1762 1128 1805 1156 Ac

982 1171 1058 1199 sicut
1067 1171 1201 1199 videmus
1212 1180 1300 1199 canes
1311 1171 1471 1200 curationis
1482 1180 1572 1200 causa
1582 1171 1659 1200 haud
1669 1181 1734 1200 raro
1741 1180 1806 1208 gra-

983 1224 1050 1244 men
1062 1216 1232 1251 depascere;
1248 1225 1305 1244 non
1325 1217 1402 1252 quod
1417 1217 1455 1244 sit
1470 1216 1529 1244 illis
1545 1217 1692 1252 genuinus
1703 1225 1738 1245 ex
1754 1225 1806 1245 na-

984 1263 1050 1288 tura
1071 1261 1246 1288 conveniens
1264 1261 1358 1294 cibus,
1378 1261 1427 1289 sed
1444 1261 1521 1297 quod
1539 1261 1664 1289 naturali
1679 1262 1807 1298 quodam

984 1306 1127 1333 instinctu
1142 1306 1232 1333 bruta:
1248 1305 1414 1334 animantes
1430 1306 1459 1333 in
1476 1306 1504 1334 id
1521 1306 1655 1334 feruntur
1670 1306 1748 1342 quod
1777 1306 1808 1334 in

985 1358 1046 1377 rem
1060 1357 1159 1377 earum
1177 1350 1359 1378 conducibile
1373 1352 1426 1378 est.
1444 1351 1595 1386 Ejusmodi
1618 1351 1715 1386 cogite.
1739 1351 1810 1378 tunc

986 1394 1076 1422 fuisse
1092 1403 1155 1430 quae
1173 1403 1250 1422 nunc
1266 1395 1420 1422 crudivora
1435 1397 1504 1423 sunt
1515 1394 1664 1429 animalia,
1677 1403 1742 1431 quae
1753 1395 1809 1422 sibi

986 1438 1058 1475 ipsis
1069 1439 1189 1466 herbam
1202 1439 1343 1467 virentem
1357 1447 1454 1467 escam
1465 1439 1675 1475 prospicerent,
1688 1447 1742 1468 nec
1751 1438 1809 1467 sibi

987 1485 1090 1510 mutuo
1106 1483 1230 1510 insidias
1246 1486 1395 1511 struerent
1409 1491 1415 1510 :
1432 1483 1483 1511 sed
1499 1483 1596 1519 qualis
1611 1485 1677 1519 post
1692 1484 1752 1512 haec
1764 1483 1809 1511 fu-

986 1529 1053 1554 tura
1072 1528 1160 1555 estin
1175 1527 1333 1563 pristinum
1359 1528 1516 1561 restitutio,
1542 1527 1611 1556 talis
1630 1531 1692 1556 erat
1714 1528 1810 1564 prima

99 1572 169 1610 περί
196 1571 230 1599 τὰ
256 1571 370 1609 βιωτικὰ
388 1572 481 1606 ταῦτα,
506 1570 539 1597 τὰ
553 1571 602 1604 τήν
627 1571 719 1608 ψυχὴν
736 1569 927 1603 συνοολοῦντα,

988 1571 1158 1608 procreatio.
1177 1572 1339 1600 Revertitur
1353 1575 1450 1600 autem
1462 1573 1549 1600 homo
1558 1573 1593 1600 ad
1604 1572 1763 1608 pristinum
1774 1572 1810 1600 il-

100 1615 258 1655 φροντίδων
283 1615 327 1643 καὶ
359 1617 510 1652 μεριμνῶν.
535 1617 623 1642 Ταῦτα
651 1615 698 1642 οὗν
722 1615 809 1642 πάντα
832 1614 932 1647 ἀποθέ-

101 1671 202 1698 μενος,
217 1660 261 1688 ἐπὶ
276 1660 320 1688 τὸν
338 1660 363 1687 ἂν
388 1658 545 1697 παραδείσῳ
571 1658 731 1697 ὑποστρέφει
756 1659 812 1697 βίον
831 1659 931 1687 ἐκεῖνον

99 1707 150 1733 τὸν
165 1703 326 1733 ἀδούλωτον
341 1707 400 1736 τοῖς
421 1704 517 1735 πάθεσι
542 1705 591 1736 τῆς
620 1704 729 1741 σαρκὸς,
757 1704 802 1731 τὸν
828 1703 933 1732 ἐλεύθε-

98 1761 162 1788 ρον,
188 1749 234 1776 τὸν
262 1751 321 1785 Θεῷ
350 1749 507 1785 συνόμιλον,
536 1748 582 1776 τὸν
608 1748 737 1787 ἀγγέλοις
764 1748 933 1785 ὁμοδίαιτον.

97 1797 199 1824 Ταῦτα
218 1793 306 1821 τοίνυν
336 1792 444 1832 εἷ’ρηται
473 1794 551 1830 ἡμῖν,
581 1793 631 1820 οὐκ
658 1792 752 1828 ἐπειδή
780 1793 935 1821 ἀποκλείειν

98 1838 227 1876 θέλομεν
250 1841 300 1873 τῆς
322 1837 471 1875 δεδομένης
487 1839 556 1874 ἡμῖν
570 1838 643 1875 παρὰ
658 1840 723 1866 Θεοῦ
739 1839 868 1875 χρήσεως
882 1841 935 1865 τῶν

100 1883 278 1923 βρωμάτων,
305 1881 369 1910 ἀλλ’
397 1882 439 1909 ἷίια
466 1882 511 1910 τὸν
539 1883 635 1920 πρώην
663 1883 852 1919 μακαρίσωμεν
868 1882 937 1920 χρό-

95 1938 162 1956 νον·
181 1926 229 1955 οἱ¹α
244 1927 277 1961 ἦν
293 1928 311 1961 ἡ
328 1926 390 1954 τότε
415 1927 483 1961 ζωὴ,
497 1926 573 1958 ὅπως
589 1925 751 1964 ἀπροσδεὴς,
768 1928 842 1958 ὅπως
859 1926 938 1965 ὀλιγ-

96 1973 219 2011 αρκής·
251 1973 310 2002 πῶς
338 1971 444 2008 βραχέα
473 1970 542 1998 πάνυ
567 1971 612 1998 καὶ
638 1971 783 2009 εὐπόριστα
810 1972 843 1999 τὰ
871 1972 939 2009 πρὸς

94 2019 151 2053 τήν
171 2018 226 2044 τοῦ
244 2014 466 2053 βίου-διαγωγὴν
493 2018 551 2046 τοῖς
577 2016 730 2053 ἀνθρώποις
760 2016 936 2052 συντείνοντα,

95 2063 148 2090 καὶ
167 2063 233 2092 πῶς
249 2061 280 2088 τὸ
295 2059 424 2088 ποικίλον
437 2063 488 2095 τῆς
505 2059 610 2096 διαίτης
638 2061 705 2096 ἡμῖν
731 2061 747 2095 ἡ
770 2064 818 2095 τῆς
848 2062 934 2098 ἁμαρ-

93 2107 163 2139 τίας
194 2106 396 2143 σννεισήνεγκεν
427 2105 500 2132 αἰτία
517 2127 523 2134 .
551 2103 659 2139 Ἐπειδὴ
687 2105 737 2143 γὰρ
763 2108 813 2140 τῆς
841 2105 938 2141 ἀληθι-

94 2156 153 2187 νῆς
170 2153 282 2189 τρυφῆς
304 2152 355 2182 τῆς
379 2149 405 2177 ἐν
429 2152 469 2186 τῷ
493 2148 648 2188 παραδείσῳ
663 2149 832 2187 ἐξεπέσαμεν,
863 2161 939 2178 νενο-

97 2196 244 2233 θευμένας
282 2194 383 2234 τρυφὰς
421 2196 460 2231 (d)
497 2195 603 2226 ἑαυτοῖς
643 2195 859 2232 ἐπενοησάμεθα·
895 2197 937 2223 καὶ

987 1616 1049 1644 lum
1065 1619 1185 1651 statum,
1203 1616 1346 1652 pravitate
1363 1617 1488 1650 solutus,
1513 1617 1648 1653 circaque
1663 1620 1809 1645 terrenam

988 1661 1064 1688 hanc
1080 1669 1112 1688 ac
1129 1669 1324 1689 aerumnosam
1340 1661 1428 1689 vitam
1446 1661 1679 1697 gravimolestia,
1691 1670 1744 1690 nec
1753 1669 1811 1690 non

990 1706 1068 1734 curis
1084 1715 1115 1733 ac
1131 1705 1381 1734 sollicitudinibus
1397 1714 1465 1742 erga
1481 1706 1634 1734 secularia
1650 1706 1711 1734 haec
1721 1714 1814 1742 exque

989 1751 1053 1778 vita:
1069 1759 1136 1783 usu,
1153 1750 1243 1778 animi
1274 1759 1410 1778 serenum
1441 1751 1601 1778 turbantia.
1633 1751 1696 1779 Haec
1724 1750 1815 1787 igitur

991 1795 1090 1823 omnia
1107 1795 1156 1830 qui
1173 1795 1360 1830 abdicaverit,
1377 1795 1412 1822 ad
1429 1795 1518 1822 vitam
1535 1795 1616 1822 illam
1632 1795 1661 1822 in
1679 1795 1816 1831 paradiso

992 1839 1062 1867 olim
1078 1840 1266 1867 constitutam
1284 1839 1466 1875 postliminio
1483 1839 1578 1873 redit;
1601 1839 1690 1866 vitam
1716 1839 1816 1874 utique

992 1883 1160 1912 carnalibus
1173 1884 1252 1911 vitiis
1267 1883 1338 1911 nihil
1350 1884 1515 1917 obnoxiam,
1529 1884 1650 1911 liberam
1662 1883 1816 1917 illam,Deo

993 1928 1244 1960 contubernalem,
1262 1927 1374 1964 angelis
1390 1928 1512 1956 sociam.
1530 1930 1594 1956 llaec
1610 1937 1696 1964 porro
1707 1928 1785 1956 dicta
1800 1937 1817 1956 a

994 1973 1079 2001 nobis
1095 1975 1174 2007 sunt,
1191 1981 1248 2000 non
1265 1973 1342 2009 quod
1355 1982 1371 2000 a
1386 1981 1524 2001 concesso
1537 1972 1621 2000 nobis
1636 1982 1653 2000 a
1668 1973 1726 2000 Deo
1737 1973 1816 2001 cibo-

995 2027 1060 2046 rum
1077 2026 1131 2045 usu
1149 2026 1246 2045 arcere
1262 2017 1405 2050 velimus;
1429 2017 1478 2045 sed
1506 2019 1539 2044 ut
1564 2017 1652 2052 prisci
1676 2018 1816 2053 temporis

995 2062 1164 2090 felicitatem
1181 2062 1392 2098 praedicamus;
1412 2061 1507 2097 qualis
1523 2061 1583 2088 vita
1602 2061 1663 2088 haec
1687 2063 1758 2095 erat,
1785 2063 1818 2089 ut

994 2107 1073 2135 curis
1089 2107 1190 2142 libera,
1207 2108 1239 2134 ut
1254 2106 1389 2142 frugalis,
1414 2108 1446 2133 ut
1474 2114 1567 2141 pauca
1589 2105 1674 2133 valde
1695 2105 1819 2142 ipsaque

995 2152 1130 2188 expedita
1145 2152 1180 2179 ad
1208 2151 1299 2179 vitam
1323 2150 1543 2187 transigendam
1568 2150 1698 2178 humano
1720 2151 1820 2187 generi

996 2196 1198 2231 conducentia,
1216 2197 1243 2223 et
1259 2198 1291 2223 ut
1306 2196 1394 2223 variis
1410 2195 1535 2231 dapibus
1551 2195 1681 2223 diﬂ‘ertas
1703 2203 1822 2223 nienses

98 2239 209 2273 ἐπειδὴ
236 2238 323 2266 οὐκέτι
343 2237 480 2276 βλέπομεν
494 2240 524 2266 τὸ
542 2238 622 2275 ξύλον
643 2243 693 2273 τῆς
721 2241 802 2276 ζωῆς,
824 2239 887 2267 οὐδὲ
901 2243 927 2267 τί

996 2250 1055 2269 una
1070 2241 1155 2268 nobis
1171 2240 1279 2268 invexit
1295 2239 1407 2276 peccati
1421 2248 1522 2268 causa.
1544 2240 1704 2275 Postquam
1715 2240 1793 2268 enim
1807 2248 1824 2268 a

96 2283 210 2313 κάλλει
227 2282 321 2319 ἐκείνῳ
348 2284 384 2319 (e)
414 2281 625 2321 ὶναϐρυνόμεθα.
656 2282 784 2319 ἐδόθησαν
808 2285 876 2321 ἡμῖν
904 2285 941 2316 εἰς

97 2328 266 2357 ἀπόλαυσιν
294 2328 420 2366 μάγειροι
446 2327 555 2364 λοιπὸν,
578 2328 623 2355 καὶ
644 2328 798 2366 ἀρτοποιοὶ,
815 2329 859 2356 καὶ
875 2340 943 2366 πεμ-

101 2374 209 2410 μάτων
239 2371 376 2400 ποικιλίαι
405 2372 449 2399 καὶ
479 2373 668 2409 θυμιαμάτων,
691 2373 734 2400 καὶ
760 2374 872 2401 τοιαῦτά
884 2385 944 2402 τινα

99 2416 352 2456 παραμυθούμενοι
367 2418 445 2453 ἡμῶν
460 2418 511 2451 τήν
525 2416 623 2449 ἐκεῖθεν
639 2415 784 2446 ἔκπτωσιν,

997 2286 1073 2314 veris
1090 2285 1148 2313 illis
1164 2285 1294 2321 paradisi
1310 2284 1422 2312 deliciis
1437 2284 1611 2318 excidimus,
1639 2283 1825 2312 adulterinas

999 2330 1147 2366 falsasque
1159 2329 1243 2358 nobis
1252 2329 1372 2357 delicias
1381 2329 1586 2356 adinveuimus
1595 2337 1602 2356 :
1612 2329 1823 2364 quodquejam

1001 2375 1129 2411 amplius
1143 2374 1257 2410 lignum
1273 2373 1337 2401 vites
1354 2382 1411 2401 non
1429 2373 1638 2409 conspicimus,
1651 2373 1761 2401 necilla
1771 2382 1823 2402 no-

1000 2420 1047 2447 bis
1063 2418 1285 2455 pulchritudine
1300 2418 1451 2454 placemus
1467 2419 1494 2445 et
1509 2417 1682 2454 gloriamur,
1706 2417 1738 2445 in
1761 2425 1823 2445 rem

101 2465 250 2491 nostram
267 2461 450 2497 iruendaque
463 2462 527 2489 vites
555 2462 632 2490 lenia
654 2470 767 2490 cessere
796 2463 880 2499 coqui
908 2472 940 2491 ac
971 2463 1107 2500 pistores,
1136 2465 1275 2499 variaque
1303 2461 1494 2491 bellariorum
1523 2470 1557 2490 ac
1585 2461 1822 2490 sufﬁmentorum

99 2514 237 2545 genera,
254 2506 378 2542 eiusque
392 2506 508 2542 generis
523 2506 579 2535 alia
595 2507 727 2543 quaedam
745 2508 837 2535 nostri
851 2508 918 2536 inde
934 2509 1035 2546 lapsus
1051 2508 1165 2536 solatia.

140 2553 173 2580 5.
200 2550 304 2586 ’Ὠσπερ
334 2551 359 2577 ol
386 2552 536 2586 νοσοῦντες,
560 2550 622 2578 ὅταν
651 2549 862 2586 καταϐληθῶσιν
893 2553 945 2580 ὑπὸ

100 2594 238 2634 σφοδρᾶς
255 2594 418 2632 ἆρῤωστίας,
440 2595 471 2623 οὐ
488 2593 630 2633 δυνάμενοι
659 2595 782 2634 μετέχειν
808 2599 858 2631 τῆς
883 2607 946 2624 συν-

143 2659 172 2678 ιι
191 2658 267 2686 Gen.
285 2666 324 2693 xx,
339 2658 367 2686 3.

147 2723 197 2764 (ᾳ)
213 2718 316 2764 algidi.
333 2721 417 2764 Forte
432 2718 508 2764 ἴδώχ.
527 2723 605 2751 Enrr.

145 2758 191 2832 {Si
208 2759 274 2822 ἓέῖίΐ
287 2757 559 2824 Excidat/itit;

290 2793 341 2822 Hic
357 2793 567 2824 collocavimus
581 2793 655 2823 illud
671 2794 732 2832 καί,
748 2795 825 2832 quod
845 2795 949 2825 statim

1036 2554 1063 2581 5.
1081 2553 1116 2581 Ut
1126 2552 1251 2588 aegrotis,
1265 2551 1313 2588 qui
1327 2551 1409 2587 gravi
1420 2550 1518 2587 aliquo
1532 2551 1632 2579 morbo
1655 2550 1825 2579 conﬂictan-

1001 2600 1061 2634 tur,
1073 2605 1139 2625 eum
1151 2597 1246 2625 solitis
1256 2596 1456 2632 voluptatibus
1467 2595 1524 2623 frui
1534 2603 1591 2624 non
1600 2594 1724 2631 possint,
1737 2601 1826 2631 quas-

1005 2725 1074 2761 post
1087 2720 1389 2761 xaeeeca'vqtpositum
1407 2722 1480 2750 erat.
1492 2721 1572 2749 Εοιτ.

1052 2760 1080 2796 d)
1094 2759 1211 2796 Τρυφάς.
1228 2757 1283 2796 Ms.
1298 2757 1409 2796 τρρφᾴς.

1052 2760 1068 2788 ἁ
1094 2762 1114 2786 Τ
1133 2760 1211 2796 υφάς.
1228 2760 1283 2787 Ms.
1298 2760 1409 2796 τροφάς.

1041 2760 1080 2833 le;
1095 2769 1218 2833 ἐκείνῳ.
1233 2795 1318 2824 Forte
1332 2793 1444 2822 ἐκείνου.
1462 2791 1539 2820 Em'r.
