2018 3146
239 162 280 190 47
709 160 906 190 APPENDIX
928 160 1090 191 OPERUM
1115 159 1147 190 S.
1172 159 1311 190 BASlLll
1336 161 1472 197 MAGNI,
1901 164 1934 192 48

239 228 306 256 dam
323 227 444 254 odorum
454 226 613 254 suavitates
626 226 727 254 medici
740 226 975 254 subministrant.
988 226 1051 254 Cuu

1117 226 1203 261 ἤθους
1232 225 1419 259 ἂπολαύσεως,
1455 225 1633 264 ὄσφραντικάς
1662 237 1736 258 τινας
1775 228 1848 265 παρὰ
1885 231 1932 255 τῶν

238 273 316 301 enim
329 271 546 299 robustioribus
557 271 695 298 obiectari
712 279 768 298 non
780 271 874 302 liceat.
891 279 955 306 quae
971 271 1060 298 inﬁr-

239 317 295 345 mis
311 318 506 344 consentanea
521 315 568 349 sit,
584 324 676 351 exque
691 324 791 343 eorum
808 316 894 343 modo
924 316 1061 343 sensibus

239 361 452 392 oblandientes,
478 360 677 388 delinitionem
703 361 895 396 prospiciunt.
928 360 1002 391 Quin
1033 362 1061 387 et

238 413 317 434 nunc
333 413 457 441 quoque,
474 405 584 440 quibus
599 405 791 432 constitutum
809 405 858 436 sit,
875 407 907 431 ut
923 405 957 431 ad
984 405 1058 439 ejus,

239 458 302 485 quae
313 450 341 476 in
354 449 490 485 paradiso
502 451 573 483 erat,
584 449 649 476 vitse
659 457 791 476 normam
806 449 934 476 rationes
943 451 1059 476 nostras

236 494 438 526 instituamus,
458 493 593 528 pinguem
611 493 688 519 hanc
702 493 790 520 lautis
805 492 931 528 dapibus
951 501 983 519 ac
1012 501 1059 519 eo-

239 538 329 574 piosis
344 538 522 574 voluptatem
540 539 684 569 caventes,
706 537 741 564 ad
764 545 827 564 eam
855 537 956 572 vitam,
980 537 1057 572 quod

237 582 304 610 licet
319 591 370 618 per
385 582 562 614 facultatem,
578 590 631 609 nos
646 581 726 617 ipsos
746 582 940 617 surrigamus.
958 581 1058 608 fructi-

238 627 353 663 busque
373 629 401 654 et
411 626 575 654 seminibus
586 629 614 653 et
625 626 719 661 pomis
733 634 766 653 ac
776 626 902 653 nucibus
913 626 977 652 vita
993 634 1058 652 sns-

237 671 382 699 tentandas
399 673 526 704 utentes,
542 671 618 706 quod
636 671 682 698 his
699 670 827 706 amplius
843 673 887 697 est
902 673 934 697 ut
959 670 1058 698 minus

203 706 207 711 .
238 715 436 743 necessarium
457 723 641 750 respuamus.
669 714 731 741 Non
757 714 826 750 quia
850 714 1059 741 abominabilia

238 760 308 794 sint,
325 760 433 795 quippe
446 767 512 787 cum
531 762 586 786 Deo
602 761 720 786 auctore
735 762 839 786 cuncta
867 761 964 786 creata
987 759 1057 793 sint,

238 804 288 832 sed
305 804 383 840 quod
399 804 435 831 ob
450 803 548 831 carnis
563 804 670 831 bonam
686 803 886 831 habitudinem
899 811 1058 830 nocumen-

237 851 267 876 to
283 857 341 876 non
358 850 486 876 careant.

273 893 300 920 6.
331 893 362 920 Et
390 893 523 929 requievit
551 893 621 920 Dem
648 893 683 919 ab
708 892 833 920 omnibus
859 893 984 927 operibus
1003 894 1060 920 suis

237 938 283 966 die
298 938 409 973 septima
420 938 452 964 “.
471 937 569 964 Dicunt
586 936 678 973 igitur
692 936 881 969 arithmetici,
899 939 925 964 et
942 937 990 972 qui
1015 939 1059 965 ta-

237 982 317 1010 libus
332 982 441 1009 studiis
455 981 641 1015 incumbunt,
658 989 691 1008 ac
707 989 757 1008 ceu
775 989 916 1016 magnum
933 981 1003 1016 quid
1017 983 1056 1008 rei

237 1026 326 1060 huius
342 1035 375 1054 ac
392 1034 580 1053 numerorum
595 1026 708 1061 jactant
724 1025 889 1058 scientiam,
907 1026 1056 1053 senarium

235 1072 309 1098 841
319 1079 474 1098 numerum
483 1071 584 1098 mundi
593 1070 730 1098 creationi
739 1078 801 1097 esse
808 1070 973 1105 affinem,eo
980 1070 1056 1106 quod

233 1115 320 1151 longe
336 1115 564 1142 fecundissimus
580 1115 628 1149 sit,
643 1115 750 1141 multas
765 1122 798 1141 ex
814 1122 845 1141 se
861 1115 978 1150 pariens
1002 1123 1056 1141 nu-

233 1167 381 1187 merorum
397 1159 520 1195 species,
537 1158 658 1194 suisque
674 1159 736 1194 ipse
754 1159 886 1194 partibus
910 1158 1055 1194 perfectus

231 1204 362 1237 exsistat,
380 1212 412 1231 ac
429 1212 610 1240 quascunque
626 1204 661 1230 de
676 1203 791 1231 senario
805 1203 906 1231 suisin
917 1204 1055 1231 scholiris

231 1248 482 1284 disputationibus
499 1247 674 1275 arithmetici
699 1248 851 1283 garriunt:
876 1256 908 1275 ac
932 1248 955 1274 si
981 1248 1054 1275 forte

229 1295 321 1329 vacat,
340 1301 391 1329 per
406 1301 470 1320 sese
485 1300 550 1319 esse
566 1292 690 1320 dicatur.
708 1292 808 1319 Dicant
823 1300 889 1319 vero
905 1295 934 1319 et
950 1293 984 1319 de
1007 1301 1052 1320 se-

230 1337 374 1373 ptenario,
390 1337 493 1365 essein
505 1345 538 1364 eo
553 1337 711 1372 quamdam
725 1336 1002 1370 sterilitatislabem,
1021 1340 1054 1364 ut

232 1381 282 1418 qui
297 1389 350 1409 nec
363 1381 453 1409 alium
470 1389 504 1408 ex
518 1389 548 1408 se
563 1389 719 1408 numerum
736 1380 848 1416 gignat,
865 1389 916 1407 nec
933 1381 967 1408 ab
997 1381 1052 1408 alio

231 1426 295 1461 ipse
307 1426 454 1461 gignatur.
469 1426 508 1452 Ac
525 1434 561 1452 ne
576 1425 730 1460 multiplici
761 1433 856 1452 rerum
882 1426 1054 1454 tractatione

232 1479 398 1498 sermonem
414 1471 592 1506 protrabam,
609 1470 702 1497 missa
717 1478 780 1505 quae
796 1470 832 1497 ad
848 1478 899 1497 vos
914 1470 1052 1498 instituta

231 1515 323 1542 oratio
335 1517 389 1548 est,
402 1515 436 1542 ad
448 1523 482 1542 ea
493 1523 556 1550 quae
565 1523 648 1550 aqua
656 1515 751 1550 magis
762 1515 942 1550 ingenuique
959 1515 1050 1542 animi

230 1566 263 1587 ac
279 1559 443 1586 necessaria
459 1559 662 1594 procedamus.
679 1559 759 1590 Quod
777 1558 801 1586 si
817 1558 883 1594 quis
899 1559 985 1586 etiam
1014 1560 1050 1587 iis

228 1603 258 1631 in
274 1603 362 1631 rebus
377 1605 509 1631 versatus
524 1605 578 1636 est,
594 1603 619 1630 is
636 1603 749 1630 neverit
762 1603 866 1630 barum
883 1611 1000 1639 quoque
1010 1613 1051 1631 re-
1065 1592 1087 1625 α

228 1657 295 1676 rum
310 1648 482 1675 thesaurum
499 1647 573 1683 apud
593 1655 645 1674 nos
661 1647 842 1674 reconditum
859 1655 929 1675 esse.
956 1649 1050 1679 Quare

228 1693 252 1720 si
273 1691 371 1727 magni
400 1691 532 1719 iacienda
554 1693 597 1718 est
618 1690 813 1724 arithmetica,
835 1691 880 1718 hic
902 1692 958 1719 sita
981 1696 1050 1720 sunt

227 1736 417 1765 arithmeticae
433 1736 557 1764 semina.
572 1735 630 1763 Nos
646 1744 711 1762 vero
728 1743 784 1762 non
800 1735 830 1763 in
845 1736 912 1764 istis
935 1736 1049 1765 animos

227 1781 385 1816 sumimus,
402 1781 480 1817 quod
497 1788 512 1808 θ
529 1780 631 1808 mundi
655 1780 782 1816 profecta
806 1780 951 1816 sapientia
977 1781 1048 1815 sint,

227 1828 278 1854 aut
292 1826 322 1853 in
337 1826 401 1861 ejus
417 1834 480 1861 quae
496 1833 530 1852 ex
545 1824 643 1852 seaculi
659 1832 715 1851 usu
739 1826 784 1851 est
807 1824 956 1860 sapientiau
980 1832 1048 1861 gra-

227 1871 297 1899 tiam
313 1878 394 1906 .qua3
405 1870 498 1905 magis
510 1877 646 1905 spernere
657 1871 689 1895 ut
703 1868 818 1904 exigua,
837 1877 889 1896 nec
906 1869 941 1896 ad
957 1869 1049 1897 virtu~

227 1918 285 1943 tem
298 1914 502 1948 conducentia,
515 1921 603 1949 quam
615 1913 844 1948 ostentarejussi
856 1917 1046 1941 sumus.Nsm

226 1960 277 1996 qui
292 1959 358 1987 istis
374 1958 506 1986 studium
523 1965 702 1993 operampue
718 1960 835 1990 navant,
858 1958 955 1993 parvis
979 1958 1048 1986 hinc

225 2007 271 2040 (ex
287 2008 386 2033 nostra
401 2004 511 2032 scilicet
526 2003 668 2039 doctrina)
685 2003 786 2030 furtim
809 2003 944 2036 sublatis,
970 2005 1047 2032 suis-

224 2058 281 2086 que
291 2050 422 2086 ipsorum
433 2048 689 2076 lucubrationibus
697 2048 887 2083 admistisﬁta
899 2057 929 2075 se
936 2048 1047 2084 magni-

223 2095 277 2122 ﬁce
288 2094 412 2129 jactant.
428 2094 486 2121 Nos
500 2092 611 2128 itaque,
635 2094 666 2119 ut
692 2091 760 2119 hinc
782 2092 841 2120 illis
866 2092 986 2129 liqueat,
1012 2101 1046 2122 ea

223 2147 276 2166 nos
291 2138 441 2174 despectui
455 2137 563 2164 habere
578 2145 641 2172 qius
658 2136 699 2163 sic
722 2137 800 2172 apud
823 2137 902 2173 ipsos
927 2137 1043 2173 plurimi

222 2184 304 2216 ﬁant,
322 2183 436 2210 silentio
464 2184 714 2213 transcurramus,
738 2181 788 2216 qui
810 2181 846 2208 de
867 2181 926 2209 illis
947 2190 1044 2211 sermo

222 2230 278 2256 est.
290 2227 383 2256 Simul
395 2234 471 2259 vero,
483 2226 560 2262 quod
576 2226 720 2261 ejusmodi
736 2234 833 2253 rerum
849 2225 1043 2256 consideratio

1120 269 1219 307 ἰατρῶν
1241 268 1411 307 λαμϐάνουσι
1425 269 1570 306 δεξιώσεις.
1603 270 1716 306 Ἐπειδὴ
1739 273 1790 310 γὰρ
1813 275 1867 300 τῶν
1882 284 1934 300 στε-

1120 316 1257 352 ρεωτέρων
1283 315 1322 345 εἲς
1345 314 1494 342 ἀπόλαυσιν
1523 314 1721 350 έκπεπτώκασι,
1751 317 1790 347 εἷς
1817 317 1933 344 ἀπόλαυ-

1119 370 1159 385 σιν
1173 358 1328 396 σύμμετρον
1356 361 1390 396 τῇ
1417 359 1539 394 ἀσθενείᾳ
1553 359 1667 395 τούτων,
1696 361 1722 388 οἱ
1745 359 1933 393 κολακεύοντες

1118 403 1204 430 αὐτῶν
1241 403 1290 435 τὰς
1328 404 1466 438 αἰσθήσεις
1496 406 1649 441 περινοοῦσι
1675 405 1830 441 θεραπείαν.
1860 405 1931 441 Πλὴν

1117 447 1190 475 ἀλλὰ
1213 448 1257 474 καὶ
1286 450 1330 475 νῦν
1354 449 1422 475 κατὰ
1448 448 1563 484 μίμησιν
1588 450 1638 480 τῆς
1666 447 1692 476 ἐν
1714 451 1754 484 τῷ
1782 448 1933 486 παραδείσῳ

1117 494 1189 526 ζωῆς
1213 492 1325 524 ἑαυτοὺς
1348 493 1419 530 ἄγειν
1447 492 1633 530 βουλόμενοι,
1660 493 1802 530 φεύγοντες
1838 494 1933 530 ταύτην

1114 538 1165 572 τὴν
1180 537 1321 569 πολύθλον
1337 540 1390 565 τῶν
1408 537 1560 575 βρωμάτων
1589 537 1750 573 ἀπόλαυσιν,
1780 538 1822 566 ἐπ’
1837 539 1932 567 ἐκεῖνον

1114 582 1158 609 τὸν
1189 582 1257 619 βίον,
1280 583 1371 614 καθώς
1397 582 1451 609 ἐπι
1476 581 1598 615 δυνατὸν,
1628 582 1739 615 ἑαυτοὺς
1762 583 1933 621 ἀναγώμεθα,

1113 630 1228 664 καρποῖς
1252 627 1297 654 καὶ
1321 626 1467 664 σπέρμασι,
1491 627 1535 654 καὶ
1559 629 1616 658 τοῖς
1646 627 1675 654 ἐκ
1703 630 1756 655 τῶν
1779 627 1932 665 ἀκροδρύων

1114 670 1151 702 εἷς
1175 670 1311 709 διαγωγὴν
1327 672 1479 709 χρώμενοι·
1502 671 1533 699 τὸ
1559 670 1588 699 δὲ
1611 672 1737 710 περισσὸν
1762 672 1877 707 τούτων,
1900 673 1934 705 ὡς

1113 715 1164 742 οὐκ
1178 715 1322 753 ἀναγκαῖον
1339 716 1576 753 ἀποπεμπώμεθα.
1594 716 1655 754 Οὐχ
1670 717 1711 744 ὅτι
1739 715 1881 754 βδελυκτά·
1906 717 1933 745 lx

1114 761 1180 787 Θεοῦ
1195 760 1244 797 γὰρ
1260 760 1347 787 πάντα
1361 760 1512 798 γεγένηται’
1529 759 1592 788 ἀλλ’
1609 759 1651 787 ὅτι
1678 758 1810 798 βλαϐερὰ,
1827 759 1872 788 διὰ
1887 762 1932 796 τὴν

1111 805 1161 836 τῆς
1174 804 1272 841 σαρκὸς
1289 804 1444 836 εὐπάθειαν.

1167 914 1173 920 .
1200 892 1250 919 Καὶ
1293 893 1454 920 κατέπαυσεν
1498 893 1512 920 ὁ
1549 893 1614 923 Θεὸς
1647 892 1700 920 ἀπὸ
1741 893 1848 921 πάντων
1882 896 1931 921 τῶν

1114 934 1197 974 ἔργων
1225 937 1308 964 αὐτοῦ
1336 939 1370 973 τῇ
1397 937 1488 973 ἡμέρᾳ
1515 938 1549 973 τῇ
1579 934 1691 973 ἐϐδόμῃ.
1720 938 1872 975 Λιγέτωσαν
1889 937 1931 965 οὖν

1114 980 1301 1017 ἀριθμητικοί,
1323 981 1367 1008 καὶ
1393 981 1418 1008 οἱ
1443 981 1504 1015 περὶ
1517 979 1600 1008 ταῦτα
1616 980 1810 1018 ἐσχολακότες,
1825 982 1871 1009 καὶ
1885 983 1932 1017 τήν

1111 1025 1240 1060 τοιαύτην
1270 1025 1363 1063 σοφίαν
1394 1025 1452 1052 ἀντὶ
1483 1025 1602 1063 μεγάλου
1630 1027 1842 1063 κατορθώματος
1866 1037 1931 1065 προ-

1112 1067 1292 1106 ϐαλλόμενοι,
1322 1070 1347 1096 οἱ
1379 1070 1425 1105 μὲν
1456 1069 1497 1097 ὅτι
1527 1071 1660 1107 συγγενὴς
1689 1073 1724 1107 τῇ
1753 1073 1801 1098 τοῦ
1829 1071 1931 1108 κόσμου

1110 1113 1199 1141 κτίσεί
1227 1115 1240 1140 ὁ
1271 1112 1296 1149 ἕξ
1312 1113 1438 1151 ἀριθμὸς,
1454 1114 1479 1140 οἳ
1495 1113 1519 1140 δ’
1533 1113 1574 1141 ὅτι
1590 1113 1742 1151 πολύγονός
1759 1114 1824 1148 ἐστι,
1840 1115 1933 1143 πολλὰ

1110 1159 1241 1196 σχήματα
1273 1159 1396 1195 ἀριθμῶν
1427 1158 1470 1196 ἀφ’
1496 1158 1592 1185 ἑαυτοῦ
1621 1158 1730 1186 τίκτων(
1756 1159 1801 1186 καὶ
1829 1159 1932 1192 τέλειος

1108 1206 1166 1233 τοῖς
1191 1203 1287 1230 ἑαυτοῦ
1318 1204 1433 1239 μέρεσι,
1463 1203 1506 1230 καὶ
1537 1202 1586 1229 ὅσα
1618 1203 1681 1241 περὶ
1707 1205 1758 1235 τῆς
1788 1203 1880 1240 ἑξάδος
1905 1204 1929 1232 ἂν

1108 1250 1169 1278 ααίς
1198 1246 1342 1284 σχολικαῖς
1378 1246 1525 1281 διαλέξεσιν
1554 1247 1729 1284 ἀριθμητικοὶ
1755 1246 1929 1286 διηγοῦνταιι

1108 1291 1136 1319 εἷ’
1155 1302 1214 1323 πως
1238 1290 1340 1329 σχολὴ,
1365 1292 1424 1318 καθ’
1450 1291 1542 1318 ἑαυτὸν
1567 1291 1695 1329 λεγέσθω.
1726 1293 1882 1329 Λεγέτωσαν
1903 1292 1930 1320 δὶ

1107 1336 1228 1372 καὶπερὶ
1252 1339 1302 1370 τῆς
1325 1333 1490 1372 ἑϐδομάδος,
1514 1335 1556 1362 ὅτι
1583 1335 1722 1373 στείρωσίς
1738 1337 1779 1367 τίς
1808 1335 1880 1364 ἐστιν
1904 1337 1929 1364 ἒν

1106 1383 1146 1416 τῷ
1167 1378 1287 1416 ἑϐδόμῳ·
1312 1379 1374 1407 οὔτε
1397 1380 1444 1416 μὶν
1474 1380 1526 1418 γὰρ
1552 1382 1630 1418 γεννῇ
1659 1380 1704 1419 ἀφ’
1732 1381 1840 1414 δαυτοῦ,
1871 1380 1931 1409 οὔτε

1106 1425 1170 1463 παρ’
1194 1425 1286 1462 ἑτέρου
1311 1425 1429 1452 τίκτεται
1454 1425 1468 1451 ὁ
1492 1427 1545 1451 τῶν
1570 1425 1638 1452 ὲπτιὶ
1657 1425 1783 1462 ἀριθμός.
1808 1425 1859 1453 Καὶ
1885 1424 1931 1452 ’ίνα

1109 1470 1147 1505 μή
1163 1469 1201 1500 εἰς
1217 1468 1356 1496 πολῦὒλον
1373 1468 1483 1506 κατάγω
1499 1469 1544 1496 τὸν
1568 1468 1666 1506 λόγον,
1680 1469 1728 1502 τὴν
1746 1467 1866 1505 διάλεξιν
1881 1471 1930 1504 τήν

1107 1514 1174 1551 πρὸς
1213 1514 1281 1549 ὑμᾶς
1323 1512 1498 1550 διαδραμὼν,
1538 1513 1581 1540 ἐπὶ
1623 1513 1657 1541 τὰ
1693 1513 1931 1551 εὐγνωμονέστερα

1106 1559 1280 1596 χωρήσωμεν
1305 1558 1350 1585 καὶ
1384 1557 1590 1595 ἀναγκαιότερα.
1616 1557 1648 1585 El
1678 1556 1707 1585 δέ
1734 1568 1776 1589 τις
1797 1557 1843 1585 καὶ
1868 1558 1930 1595 περὶ

1105 1605 1188 1630 ταῦτα
1212 1602 1270 1640 ἔχει
1285 1603 1346 1629 τινὰ
1360 1602 1511 1640 ἐμπειρίαν,
1537 1601 1613 1636 ἵστω,
1643 1601 1684 1628 ὅτι
1703 1602 1747 1629 καὶ
1775 1603 1838 1638 παρ’
1862 1604 1930 1638 ἡμῖν

1105 1647 1292 1674 ἐναπόκειται·
1331 1647 1400 1674 ὥστε
1436 1647 1458 1673 εἰ
1498 1647 1564 1683 μέγα
1597 1646 1778 1683 ἀριθμητικὴ,
1818 1646 1931 1679 ἰνταῦθά

1105 1690 1160 1718 ἐστι
1179 1694 1230 1725 τῆς
1258 1691 1442 1728 ἀριθμητικῆς
1469 1691 1502 1718 τὰ
1525 1691 1676 1728 σπέρματα.
1709 1693 1804 1727 Ἡμεῖς
1838 1690 1868 1718 δὲ
1899 1691 1930 1718 οὐ

1105 1737 1256 1773 φρονοῦμεν
1271 1735 1296 1762 ἐν
1322 1735 1430 1767 τούτοις
1451 1736 1528 1773 μέγα,
1546 1734 1590 1762 διὰ
1604 1735 1635 1762 τὸ
1651 1734 1681 1762 ἐκ
1695 1738 1743 1770 λῆς
1757 1738 1805 1762 τοῦ
1821 1736 1928 1772 κόσμου

1104 1780 1167 1807 εἶναι
1185 1781 1290 1819 σοφίας,
1306 1779 1324 1815 ἢ
1341 1779 1385 1807 διὰ
1399 1781 1448 1814 τὴν
1476 1780 1506 1807 ἑκ
1527 1782 1576 1807 τοῦ
1596 1779 1702 1816 κόσμου
1726 1779 1831 1818 σοφίαν,
1849 1778 1865 1806 ἃ
1880 1790 1930 1807 πε-

1104 1827 1240 1863 ριφρονεῖν
1267 1823 1374 1860 μᾶλλον
1388 1825 1481 1861 ἡμεῖς,
1498 1825 1535 1855 ὡς
1553 1824 1636 1861 μικρὰ
1650 1824 1694 1851 καὶ
1711 1823 1841 1859 ἀσυντελῆ
1858 1824 1929 1862 πρὸς

1103 1869 1215 1907 ἀρττὴν,
1231 1868 1296 1896 ἀλ)’
1315 1869 1364 1896 οὐχ
1379 1868 1573 1896 ἐπιδείκνυεθιοι
1602 1868 1791 1905 ἰντετάλμεθα.
1818 1869 1851 1897 0‘.
1877 1869 1930 1906 γὰρ

1102 1916 1185 1940 ταῦτα
1219 1913 1404 1950 περιέποντες,
1439 1914 1522 1950 μικρᾶ
1557 1912 1670 1944 ἐνταῦθα
1699 1912 1857 1950 κλέψαντας,
1900 1913 1931 1940 ἐκ

1101 1959 1155 1985 τῶν
1181 1957 1321 1995 ἡμετέρων
1353 1957 1437 1995 λέγω,
1458 1959 1517 1989 ταῖς
1544 1957 1739 1994 πραγματείαις
1763 1956 1853 1984 αὐτῶν
1878 1968 1931 1984 κα-

1100 2002 1269 2039 ταμίξαντες,
1311 2002 1397 2033 οὕτως
1444 2001 1693 2038 ἀποσεμνύνονται.
1737 2002 1796 2030 Ἵνα
1836 2002 1930 2029 τοίνυν

1101 2045 1228 2084 δείξωμεν
1260 2047 1373 2082 αὐτοῖς,
1411 2047 1451 2074 ὅτι
1481 2047 1514 2074 τὰ
1542 2047 1604 2084 παρ’
1633 2046 1746 2077 έκέινοις
1773 2046 1926 2082 περισπού-

1101 2089 1206 2128 δαστα,
1231 2092 1299 2128 ἡμῖν
1329 2091 1399 2118 ἐστιν
1434 2091 1655 2129 εὐκαταφρόνητα
1673 2113 1679 2125 ,
1719 2092 1809 2127 σιωπῇ
1838 2101 1932 2128 παρα-

1100 2135 1247 2174 δράμωμεν
1276 2135 1322 2162 τὸν
1351 2135 1411 2172 περὶ
1439 2135 1542 2163 τοῦτων
1573 2135 1664 2172 λόγον·
1682 2134 1753 2171 ὁμου
1770 2134 1808 2171 δὲ,
1823 2135 1870 2162 καὶ
1887 2135 1931 2163 ὅτι

1099 2179 1151 2208 οὒκ
1176 2179 1312 2215 εὕληπτος
1326 2182 1365 2216 τῷ
1375 2182 1459 2216 κοινῷ
1473 2179 1517 2207 καὶ
1533 2178 1630 2217 ἴδιώτῃ
1643 2180 1701 2216 λαῷ
1718 2201 1725 2213 ,
1749 2180 1767 2214 ἡ
1791 2181 1926 2217 τεχνικῶν

1099 2224 1205 2252 ἐκείνων
1231 2223 1321 2262 λόγων
1345 2224 1389 2251 καὶ
1413 2226 1576 2263 σοφιστικῶν
1593 2223 1703 2261 θεωρία·
1728 2224 1841 2260 πάρεστι
1858 2222 1887 2250 δὶ
1904 2224 1922 2258 ἠ

222 2273 300 2301 haud
313 2272 353 2299 ita
365 2270 458 2299 facilis
470 2271 508 2298 sit
518 2279 551 2297 ac
562 2270 661 2306 pervia
682 2269 800 2305 publico
814 2279 846 2297 ac
866 2271 931 2298 rudi
957 2271 1043 2307 plebi,

1108 2268 1251 2304 ίκκλησία,
1277 2269 1307 2296 οὐ
1332 2266 1490 2307 παραδόξων
1514 2268 1597 2306 λόγον
1622 2268 1747 2304 ἀκρόασιν
1775 2266 1930 2305 ἐνδεχομέ-

221 2317 401 2352 collectaque
417 2315 516 2343 concio
533 2315 581 2348 sit,
598 2323 655 2342 non
672 2323 736 2351 qua:
752 2314 925 2343 artiﬁciosos
936 2315 1002 2344 illos
1013 2325 1046 2345 ac

221 2361 398 2398 sophisticos
414 2367 564 2388 sermones
594 2359 695 2386 audire
721 2361 814 2394 paret,
841 2360 890 2387 sed
920 2368 983 2395 quia
1008 2362 1044 2389 ad

221 2405 442 2435 aediﬁcationem
458 2404 595 2433 facientia
610 2403 734 2439 quaesita
750 2403 805 2431 sibi
822 2404 926 2432 resolvi
956 2407 1044 2442 atque

221 2448 327 2487 exponi
342 2450 463 2485 quaerat.

252 2496 280 2523 7.
295 2493 440 2530 Septimus
457 2493 557 2529 itaque
573 2492 634 2520 dies
649 2492 759 2520 honore
775 2492 911 2528 praelatus
928 2495 983 2528 est,
1012 2493 1041 2521 id

217 2542 271 2573 est,
286 2539 463 2571 Sabbatum;
480 2538 605 2573 indeque
619 2537 802 2572 septenarius
815 2545 955 2565 numerus
963 2539 1041 2574 apud

217 2585 352 2613 Hebrzeos
369 2582 560 2610 venerabilis:
578 2581 606 2608 in
625 2589 680 2617 quo
704 2581 971 2610 Tabernaculorum
997 2583 1038 2610 fe-

216 2633 296 2658 stum
311 2628 398 2656 Tuba:
414 2636 447 2655 ac
463 2627 525 2654 dies
549 2625 785 2661 Propitiationis:
820 2626 868 2653 sed
886 2629 914 2654 et
944 2635 1039 2655 annus

215 2673 361 2710 septimus
377 2671 454 2708 apud
471 2679 519 2699 eos
534 2669 722 2705 venerabilis,
737 2678 822 2705 quem
847 2670 1038 2699 Remissionis

215 2718 361 2747 dicebant.
378 2715 496 2744 Licebat
511 2714 620 2751 quippe
635 2715 723 2743 annis
747 2722 798 2742 sex
824 2713 955 2742 excolere
977 2717 1037 2743 ter-

249 2776 273 2794 ³⁸
287 2776 358 2804 Gen.
375 2783 405 2807 II,
418 2774 463 2802 22.

250 2824 290 2863 (α)
306 2821 502 2863 Ἐνδιχομένη.
519 2823 602 2853 Forte
619 2821 798 2861 ὶκδεχομένη.
815 2823 896 2852 Enn.

1101 2325 1132 2348 νη
1149 2314 1198 2350 (a),
1228 2312 1301 2341 ἀλλὰ
1329 2315 1382 2340 τῶν
1409 2313 1450 2340 ἐπ’
1476 2312 1611 2350 οἴκοδομῇ
1638 2312 1724 2348 οῗκείᾳ
1739 2313 1928 2349 θεωρημάτων

1101 2357 1266 2394 ἐπιζητοῦσα
1280 2358 1327 2389 τὰς
1344 2357 1446 2389 λύσεις.

1131 2493 1159 2519 7.
1180 2491 1327 2529 Τετίμηται
1347 2491 1438 2519 τοίνυν
1463 2493 1481 2526 ἡ
1509 2488 1613 2527 ἑϐδόμη
1637 2490 1738 2528 ἡμέρα,
1761 2490 1793 2517 τὸ
1819 2487 1930 2517 Σάϐϐα-

1096 2547 1154 2572 τον,
1178 2536 1318 2568 κάντεῦθεν
1343 2537 1357 2563 ὁ
1384 2533 1502 2572 ἕϐδομος
1532 2535 1647 2572 ἀριθμὸς
1675 2535 1749 2572 παρὰ
1778 2533 1926 2564 Ἰουδαίοις

1094 2580 1194 2618 τίμιος·
1233 2580 1258 2607 έν
1294 2581 1316 2616 ᾧ
1355 2581 1381 2608 αἱ
1417 2579 1615 2616 Σκηνοπηγῖαι,
1654 2580 1680 2606 αἱ
1709 2578 1876 2616 Σάλπιγγος,
1907 2580 1925 2613 ἡ

1094 2625 1185 2662 ἡμέρα
1207 2627 1257 2652 τοῦ
1282 2624 1423 2662 “ίλασμοῦ-
1448 2625 1492 2652 καὶ
1510 2624 1524 2650 ὁ
1541 2622 1661 2654 ἐνιαυτδς
1678 2621 1795 2659 ἕϐδομος
1811 2622 1840 2650 δὲ
1859 2624 1927 2657 παρ’

1094 2669 1206 2700 ἐκείνοις
1241 2669 1342 2706 τίμιος,
1375 2670 1388 2696 ὁ
1418 2673 1468 2704 τῆς
1501 2668 1636 2708 ’Δφέσεως
1660 2667 1817 2706 λεγόμενος.
1843 2668 1924 2704 Ἐξῆν

1095 2714 1142 2752 μὶν
1164 2714 1216 2752 γὰρ
1239 2713 1331 2746 αὐτοῖς
1353 2711 1380 2750 ἓξ
1407 2713 1453 2750 ἔτη
1477 2713 1637 2753 ἐργάσασθαι
1661 2713 1710 2748 τὴν
1734 2714 1796 2750 γῆν.
1827 2714 1867 2749 τῷ
1893 2710 1924 2739 δὲ
