2018 3146
75 167 113 197 49
567 167 618 197 DE
640 167 805 198 HOMINIS
829 167 1062 199 STRUG'I‘URA
1085 169 1231 200 οιιΑΤιο
1254 170 1292 200 ΙΙ.
1745 166 1785 196 50

77 231 188 269 ἑϐδόμῳ
224 233 338 268 ἐνιαυτῷ
380 235 438 264 τοῖς
480 232 644 269 αὐτομάτοις
677 234 825 271 ἀρκεῖσθαι,
855 233 900 261 ὅτε

962 244 1019 263 ram
1036 245 1043 270 ;
1060 236 1186 272 septimo
1197 238 1295 264 autem
1307 234 1436 268 anno,iis
1447 235 1597 262 contentos
1619 241 1683 261 esse
1697 241 1781 268 opor-

76 278 149 316 εἶχον
165 278 216 311 τήν
239 281 291 314 γῆν
307 279 357 310 τῆς
384 277 558 314 ἐπαγγελίας.
655 276 701 313 ἔτη
728 277 868 306 ἐδούλευεν
886 278 899 305 ὁ

77 322 272 361 Ἐϐραῖος,καί
300 325 339 358 τῷ
364 321 475 359 ἑϐδόμῳ
500 321 553 350 ἔτει
581 323 675 361 ἀφεῖτο
693 327 744 358 τῆς
761 322 898 355 δουλείας.

77 366 294 404 Ἐϐδομηκοστῷ
309 366 362 395 ἔτει
377 367 462 402 ἐλύθη
478 377 532 405 παρ
549 369 555 378 ’
571 367 662 399 αὐτοῖς
678 369 696 403 ἡ
708 367 900 406 αἰχμαΛωσία.

76 412 179 440 Λοιπὸν
212 412 264 449 ἐρῶ
291 414 336 439 καὶ
362 412 396 439 τὰ
424 412 554 449 ἡμέτερα.
582 413 718 447 Ἐπτάκις,
745 413 823 451 φησὶ,
850 423 901 440 πε-

77 460 163 484 σεῖται
231 457 246 483 ὁ
314 455 417 488 δίκαιος
469 457 513 484 καὶ
567 458 754 493 ἀναστήσεται.
807 457 901 488 Οὕτως

77 501 250 537 οἰκειούμεθα
279 502 361 537 ἡμεῖς
399 501 448 535 τὴν
495 499 645 537 ἑϐδομάδα.
680 499 820 537 Ἕϐδομος
849 502 901 529 ἀπὸ

77 545 166 582 Ἀδάμ
192 546 282 583 Ἑνὼχ
311 545 361 572 οὐκ
389 544 446 573 οἶδα
474 546 597 573 θάνατον·
642 547 791 583 μυστήριον
820 549 901 574 τοῦτο

78 588 251 625 Ἐκκλησίας,
277 587 416 626 Ἕϐδομος
445 590 498 617 ἀπὸ
528 588 658 627 Ἀϐμαὰμ
683 593 802 625 Μωῦσῆς
816 591 900 627 νόμον

78 633 168 662 ἔλαϐε·
194 636 276 662 τοῦτο
308 632 450 670 μεταϐολὴ
492 634 566 672 βίου,
596 634 711 671 ἀνομίας
743 634 900 668 κατάλυσις,

78 678 251 713 δικᾶιοσύνης
267 678 384 713 εἴσοδος,
414 681 481 706 Θεοῦ
503 678 649 716 ἐπιδημία,
666 679 772 716 εὐταξία
785 679 902 716 κόσμου,

77 724 256 760 νομοθὲτησις
270 725 325 750 τῶν
350 724 502 761 πρακτέων.
530 721 738 760 Ἐϐδομηκοστῇ
759 724 803 751 καὶ
824 721 903 750 ἑϐδό-

79 778 115 804 μῃ
144 769 224 805 γενεᾷ
247 767 300 794 άπὸ
333 766 422 804 Ἀδὰμ.
458 768 472 794 ὁ
502 768 616 806 Χριστὸς
646 767 742 806 ἐφάνη.
773 767 834 795 Οἵδε
871 769 902 795 τὸ

81 813 229 850 μυστήριον
259 816 310 847 τῆς
339 809 494 848 ἑϐδομάδος
525 812 634 850 ΙΙὲτρος.
662 813 778 844 ΙΙοσάκις
811 812 903 850 άμαρ-

79 858 156 892 τήσει
187 856 226 887 εἷς
253 856 302 893 ἐμὲ
330 857 345 884 ὁ
369 855 486 894 ἀδελφός
516 867 578 893 μον,
615 857 660 884 καὶ
689 857 785 896 ἀφήσω
810 857 902 892 αὐτῶ,

79 899 130 932 ἕως
164 901 293 934 ἑπτάκιςς
328 900 423 938 Ὀλίγα
464 899 524 938 ᾔδει
567 901 598 928 τὸ
628 903 788 938 μυστήριον·
826 901 903 928 οὔπω

80 943 164 982 ἔμαθε
186 946 217 972 τὸ
246 945 361 973 τὲλειον·
398 945 523 981 μαθητὴς
549 945 601 983 γὰρ
615 944 653 972 ἔτι
674 945 718 979 ἦν.
735 947 806 977 "Eme
823 945 905 973 ἑπτά-

82 999 141 1023 κις;
158 990 290 1027 ἀπεκρίθη
315 991 329 1017 ὁ
345 988 538 1024 διδάσσκαλος,
554 991 597 1017 καὶ
627 989 674 1017 οὐδ
704 990 783 1021 αὐτὸς
803 991 904 1025 ἀπέστη

81 1036 131 1062 τοῦ
148 1034 224 1061 ἑπτά·
242 1033 305 1061 ἀλλ’
334 1034 390 1061 εἶπε
408 1034 468 1070 μὶν,
495 1034 550 1071 οὐχ
576 1035 637 1061 ὅσον
654 1032 714 1071 ἤδει
731 1035 745 1062 ὁ
771 1035 906 1071 μαθητὴς,

81 1079 145 1106 ἀλλ’
174 1078 235 1106 ὅσον
263 1076 433 1115 ὑπερέϐαλλε
458 1080 498 1114 τῷ
510 1078 634 1115 τοσούτῳ
649 1079 662 1106 ὁ
687 1079 836 1114 Δεσπότης.
853 1082 906 1106 Πο-

81 1122 159 1154 σάκις
187 1123 349 1159 ἁμαρτήσει,
379 1122 424 1149 καὶ
468 1123 582 1160 devicto;
613 1123 661 1150 Διὰ
689 1123 715 1150 τί
744 1123 794 1150 οὐκ
823 1123 904 1157 εἶπεν,

79 1165 132 1198 ἓως
147 1167 244 1202 ἑξάκις,
261 1165 279 1200 ἤ
295 1165 346 1198 ἕως
366 1166 485 1200 ὀκτάκις,
503 1166 566 1194 ἀλλ’
588 1167 640 1198 ἓως
669 1167 797 1201 ἑπτάκις;
814 1168 863 1194 Διά
877 1166 906 1194 δὲ

79 1211 105 1238 τί
135 1212 149 1238 ὁ
180 1211 278 1248 Κύριος
305 1210 354 1238 οὐκ
382 1211 467 1245 εἶπεν,
493 1213 566 1242 Ἕως
599 1211 771 1243 ἑκατοντάκις
800 1212 904 1247 ἑκατὸν,

83 1254 159 1282 ἀλλά
186 1255 232 1282 τὸν
262 1255 331 1282 ἑπτὰ
355 1255 470 1291 ἆσιθμὸν
497 1254 750 1290 euoluit-lactuca;
781 1255 850 1285 Οὔτε
892 1257 906 1284 ὁ

82 1300 186 1337 ιιὲτρος
219 1298 305 1326 ἄλλον
333 1300 475 1337 ἠρώτησεν
503 1300 626 1337 ἀριθμὸν,
670 1298 731 1328 οὔτι
764 1301 778 1328 ὁ
808 1301 905 1338 Κύριος

80 1341 159 1379 ἐξιϐη
175 1346 224 1371 τοῦ
249 1343 362 1375 κανόνος
392 1345 440 1386 τοῦ
468 1341 661 1380 ἑϐδοματικοῦ.
685 1346 875 1382 Παρετήρησεν
891 1346 906 1372 ὁ

82 1390 196 1426 Πέτρος,
226 1389 267 1415 ὅτι
297 1389 386 1415 κανὼν
421 1387 595 1426 παραδόσεως
631 1389 757 1427 ἀρχαῖος,
785 1389 830 1417 καὶ
855 1390 905 1424 τήν

81 1431 224 1469 ἑϐδομάδα
236 1431 353 1471 ἔμφασιν
369 1432 441 1471 ἔχειν
467 1433 528 1460 τινὰ
551 1433 671 1472 ἀφέσεως
690 1434 905 1471 ἁμαρτημάτων,

81 1477 259 1508 ἀναπαύσεως
275 1476 390 1512 τελείας,
415 1477 446 1504 οὗ
475 1481 588 1513 σημεῖον
603 1479 635 1505 τὸ
663 1475 801 1506 Σάϐϐατόν
826 1479 906 1514 ἐστιν,

80 1523 98 1556 ἡ
116 1519 225 1557 ἑϐδόμη
241 1522 331 1559 ἡμέρα
361 1521 413 1549 ἀπὸ
436 1521 576 1559 γενέσεως.
604 1523 634 1551 Ὀ
665 1523 764 1560 Πέτρος
781 1523 902 1555 ἑπτάκις.

80 1567 94 1593 ὁ
125 1565 230 1603 Κύριος
258 1564 310 1597 1ἕως
339 1563 575 1602 ἑϐδομηκοντάκις
603 1567 678 1595 ἑπτά.
707 1567 787 1596 Αλλὰ
810 1568 854 1595 καὶ
880 1568 907 1595 αὶ

943 280 1044 314 ~tabat,
1061 289 1125 315 quas
1140 283 1217 308 terra
1233 282 1337 316 sponte
1353 280 1526 315 produceret
1539 278 1640 310 “,tum
1656 278 1777 311 scilicet,

956 333 1021 353 cum
1037 327 1119 353 terra;
1135 325 1286 361 promisse:
1302 326 1451 360 compotes
1466 323 1533 351 l'aoti
1550 325 1659 350 essent.
1679 323 1778 349 Annos

955 377 1006 396 sex
1021 369 1159 397 Hebraaus
1174 369 1336 403 serviebat;
1354 377 1431 396 anno
1457 368 1583 403 septimo
1607 375 1624 394 a
1638 366 1778 394 servitute

956 414 1145 442 liberabatur.
1163 418 1246 441 Anno
1262 413 1480 448 septuagesimo
1504 411 1602 440 soluta
1625 410 1702 446 apud
1727 418 1777 437 eos

956 459 1111 494 captivitas
1126 461 1181 485 est.
1202 458 1256 485 Sed
1282 461 1381 485 nastra
1406 464 1523 492 quoque
1548 455 1710 483 videamus.
1731 455 1777 482 Se-

954 503 1036 538 pties,
1053 502 1160 536 innuit,
1176 502 1253 530 cadet
1275 507 1372 536 justus,
1403 503 1429 528 et
1456 504 1578 536 resurget
1606 500 1638 525 ³³.
1664 500 1709 526 sic
1726 506 1779 526 nos

957 547 1169 574 hebdomadam
1178 547 1261 574 nobis
1270 545 1611 581 vindicamus.Septimus
1622 545 1658 572 ab
1668 544 1779 571 Adamo

958 592 1053 620 Enocb
1072 595 1194 619 mortem
1210 600 1266 619 non
1282 591 1354 618 vidit
1366 600 1372 629 ς
1384 590 1518 618 Ecclesia
1531 590 1585 617 hoc
1596 589 1778 626 mysterium.

957 637 1107 672 Septimus
1121 636 1156 664 ab
1164 636 1329 663 Abrahamo
1345 635 1439 663 Moses
1455 635 1547 671 legem
1563 634 1675 670 accepit
1691 642 1698 660 :
1715 641 1780 660 mu-

957 681 1028 709 totio
1047 681 1074 708 id
1091 681 1165 714 vitaz,
1180 680 1344 716 iniquitatis
1354 679 1600 714 eversio,justitiae
1616 678 1779 714 ingressus,

957 725 1009 752 Dei
1033 726 1187 758 adventus,
1214 725 1284 752 ordo
1309 724 1413 751 mundi
1439 724 1631 758 compositus,
1657 723 1780 757 ejusque

957 769 1194 805 tranquillitatis,
1211 777 1311 796 eorum
1328 777 1390 804 qua
1405 768 1519 804 agenda
1546 767 1607 794 sint
1624 766 1779 802 legislatio.

958 814 1181 850 Septuagesima
1196 822 1230 841 ac
1240 813 1438 849 septimapost
1446 812 1592 840 Adamum
1606 813 1690 838 aelate
1700 809 1781 838 Chri~

958 861 1023 886 stus
1039 858 1184 894 apparuit.
1201 858 1286 885 Novit
1300 857 1403 886 Petrus
1419 856 1579 892 septenarii
1595 856 1779 892 mysterium.

919 921 944 953 B
959 904 1069 938 Quoties
1081 903 1205 938 peccabit
1220 903 1251 930 in
1265 910 1308 930 me
1316 903 1403 938 frater
1417 909 1503 934 meus,
1526 903 1553 928 et
1579 901 1719 928 dimittam
1733 900 1759 927 ei
1769 901 1782 926 7

960 955 1045 983 usque
1055 948 1153 983 septies
1168 947 1190 964 ³⁸
1203 946 1216 973 ?
1232 946 1337 974 Parum
1359 948 1477 973 noverat
1492 945 1664 981 mysterium
1683 953 1689 971 :
1707 952 1780 971 non-

962 993 1033 1019 dum
1050 992 1128 1027 quod
1140 991 1301 1027 perfectum
1317 993 1361 1018 est
1371 990 1532 1023 didicerat;
1549 989 1644 1017 adhuc
1656 996 1783 1024 namque

962 1035 1125 1072 discipulus
1140 1038 1212 1063 erat.
1228 1037 1264 1063 At
1280 1044 1331 1062 nec
1347 1043 1450 1062 rursus
1466 1035 1568 1062 doctor
1587 1043 1604 1061 a
1618 1032 1783 1069 septenario

961 1081 1123 1114 abscessit;
1138 1080 1341 1115 dixitque,non
1358 1081 1501 1115 quantum
1518 1077 1681 1114 discipulus
1696 1084 1784 1105 nove-

961 1129 1016 1160 rat,
1034 1125 1084 1153 sed
1100 1127 1242 1161 quantum
1259 1126 1400 1151 Dominus
1415 1123 1565 1160 opulentia
1581 1123 1689 1158 majore
1700 1129 1785 1157 supe-

961 1171 1053 1198 rabat.
1072 1170 1181 1203 Quoties
1195 1169 1331 1205 peccabit,
1347 1170 1374 1196 et
1387 1168 1549 1196 dimittam?
1564 1167 1621 1195 Cur
1631 1175 1689 1194 non
1700 1165 1783 1201 dixit,

962 1222 1056 1250 usque
1072 1214 1176 1247 sexies,
1194 1215 1244 1241 aut
1259 1221 1352 1249 usque
1368 1213 1527 1246 octies,sed
1544 1219 1638 1247 usque
1654 1210 1785 1247 septies?

961 1259 1067 1291 Quidni
1083 1267 1149 1286 vero
1165 1257 1238 1286 dixit
1252 1257 1404 1291 Dominus,
1415 1256 1513 1292 Usque
1527 1258 1646 1284 centum
1661 1254 1783 1287 centies,

961 1304 1012 1331 sed
1037 1311 1193 1331 numerum
1218 1302 1416 1338 septenarium
1442 1300 1670 1337 multiplicavit?
1684 1299 1784 1334 Neque

961 1349 1062 1376 Petrus
1077 1348 1168 1375 alium
1179 1346 1422 1383 quassivit,noque
1438 1346 1580 1374 Dominus
1596 1354 1612 1372 ι
1627 1343 1783 1380 septenarii

961 1392 1061 1428 regula
1077 1391 1440 1420 exorbitavit.0bservarat
1452 1391 1694 1423 Petrus,veterem
1706 1387 1783 1416 842

961 1437 1128 1464 traditionis
1144 1435 1274 1472 regulam
1289 1444 1364 1471 esse,
1380 1438 1467 1470 atque
1482 1433 1646 1470 septenario
1663 1440 1785 1460 numero

960 1482 1020 1509 vim
1031 1481 1191 1517 quamdam
1202 1479 1397 1515 expressionis
1407 1478 1589 1506 remissionis
1600 1479 1785 1514 peccatorum

963 1527 1078 1559 inesse;
1093 1525 1211 1561 signum
1224 1524 1334 1560 quietis
1354 1524 1487 1560 perfectae
1505 1531 1512 1557 ;
1528 1523 1690 1550 Sabbatum
1721 1520 1785 1548 dies

964 1571 1088 1606 septima
1104 1572 1149 1597 est
1172 1578 1189 1597 a
1209 1569 1365 1597 creatione.
1394 1570 1495 1596 Petrus
1510 1568 1626 1603 septies;
1642 1565 1786 1594 Dominus

81 1610 216 1647 ἁμαρτίαι
239 1610 270 1638 τὸ
297 1610 413 1638 παλαιὸν
445 1611 514 1638 κατὰ
539 1614 637 1639 τοῦτον
666 1611 834 1640 ἐκδικοῦνται
862 1613 906 1640 τὸν

965 1605 1048 1650 usque
1062 1614 1214 1650 septuagies
1229 1613 1325 1649 septies
1341 1613 1374 1640 “.
1399 1613 1456 1640 Sed
1475 1615 1503 1640 et
1527 1614 1654 1648 peccata,
1669 1612 1785 1637 vetusto

78 1655 212 1692 ἀριθμόν.
228 1655 290 1693 Οὐχ
309 1655 391 1690 οὕτω,
421 1656 501 1693 φησὶν
532 1657 546 1683 ὁ
569 1656 643 1688 Θεός*
664 1659 715 1688 πᾶς
745 1657 759 1684 6
785 1657 907 1684 ἀποκτεί-

77 1710 127 1730 νας
182 1699 259 1734 Κάϊν,
299 1698 366 1726 ἑπτὰ
405 1699 583 1736 ὲκδικούμενά
630 1700 785 1730 καταλύσει.
837 1700 908 1730 Οὐδὶ

78 1743 135 1770 ἐκεῖ
153 1743 239 1776 ὀκτὼ,
252 1743 326 1771 ἀλλὰ
341 1744 418 1772 ἑπτά.
444 1744 493 1771 Καὶ
518 1745 531 1772 ὁ
555 1745 652 1783 Λαμὲχ
671 1744 700 1773 δὶ
715 1746 811 1773 ἑαυτοῦ
825 1757 907 1774 κατα-

76 1788 190 1825 κρίνας,
210 1791 258 1815 τοῦ
284 1785 406 1824 ἔϐδόμού
431 1788 479 1816 οὐκ
500 1789 614 1824 ἀπέστη,
638 1790 710 1825 Φησί
726 1791 776 1828 γὰρ
793 1791 845 1825 ὅτι,
860 1791 908 1819 Ἐκ

78 1833 149 1860 Κάϊν
184 1831 354 1868 ἐκδεδίκηται
382 1833 502 1866 ἑπτάκις,
531 1833 561 1861 ἐκ
589 1833 618 1861 δὲ
653 1835 751 1873 Λαμὲχ
784 1833 907 1872 ἑϐδομη-

77 1878 209 1907 κοντάκις
225 1877 301 1911 ἑπτά,
339 1878 388 1905 Διὰ
415 1878 458 1912 τί;
486 1879 591 1915 Μικρὸν
619 1879 774 1916 ἀνάμεινον,
800 1880 844 1907 καὶ
865 1880 908 1907 εὑ-

77 1922 178 1959 ρήσεις
205 1922 236 1948 τὸ
265 1922 426 1958 μυστήριον,
465 1922 496 1950 Ἢ
524 1923 620 1958 πρώτη
651 1924 768 1960 ἁμαρτία
798 1924 908 1955 ἑπτάκις

77 1965 245 1999 ἐκδικεῖται,
261 1962 494 2001 ἑϐδομηκοντάκις
520 1965 548 1993 δὲ
572 1967 639 1994 ἑπτὰ
654 1968 668 1994 ὁ
690 1967 812 2006 δεύτερος
828 1968 910 2007 φόνος

76 2012 127 2037 τοῦ
145 2009 274 2046 Λαμὲχ”’¹
303 2011 349 2036 Οτι
366 2008 397 2036 ἐκ
411 2011 460 2036 τοῦ
485 2010 547 2037 Κάϊν
559 2009 728 2046 ἒκδιδίκηται
746 2013 864 2047 ἑπτάκις,
881 2011 911 2040 ἐκ

79 2053 108 2081 δὲ
140 2053 244 2090 Λαμὶχ
272 2051 506 2090 ἑϐδομηκοντάκις
535 2055 611 2084 ἑπτά.
656 2056 824 2093 Λογιζόμεθα
853 2055 910 2091 οὖν,

79 2097 122 2125 δτι
150 2099 170 2132 ἡ
202 2096 344 2132 αἴτηθιῖσα
367 2096 460 2136 ἄφεσις
483 2099 555 2135 παρὰ
584 2099 697 2137 Πέτρου,
713 2099 798 2138 ἐνάγει
825 2102 862 2137 (α)
876 2102 911 2138 τῇ

79 2141 226 2177 ἐκδικήσει
240 2142 288 2175 τὴν
304 2144 352 2169 τοῦ
382 2142 444 2169 Κάϊν
471 2144 656 2181 συγχώρησιν·
687 2145 704 2180 ἡ
722 2144 750 2172 δὲ
774 2146 848 2183 παρά
861 2147 911 2173 τοῦ

78 2186 187 2224 Κυρίου
213 2183 448 2222 ἑϐδομηκοντάκις
478 2188 555 2222 ἑπτὰ,
585 2192 726 2226 συγχωρεῖ
749 2192 789 2226 τῷ
813 2190 913 2228 Λαμὲχ

79 2228 323 2267 ἑϐδομηκοντάκις
366 2231 443 2259 ἑπτά.
481 2233 563 2261 Ὅσον
588 2233 639 2271 γὰρ
668 2234 699 2261 τὸ
727 2234 911 2272 παρὰπτωμα,

961 1660 1068 1693 ritu,ex
1084 1659 1198 1686 numeri
1207 1657 1297 1693 hujus
1307 1657 1419 1685 ratione
1434 1657 1547 1684 vindice
1558 1664 1642 1692 poena
1651 1655 1785 1691 plectun-

962 1707 1019 1731 tur.
1033 1706 1096 1732 Νοη
1109 1704 1158 1737 ita,
1175 1702 1215 1730 ait
1230 1702 1306 1730 Deus
1319 1711 1325 1735 ;
1340 1701 1387 1729 sed
1401 1703 1491 1730 omnis
1505 1702 1554 1737 qui
1567 1700 1699 1728 occiderit
1714 1699 1783 1727 Cain

961 1753 1067 1784 septem
1084 1748 1200 1775 ultiones
1224 1746 1350 1774 dissolvet
1371 1746 1404 1773 ³ο.
1420 1745 1460 1773 Ne
1486 1745 1545 1773 illic
1559 1745 1678 1781 quidem
1706 1745 1781 1776 octo,

962 1793 1012 1820 sed
1029 1794 1150 1828 septem.
1167 1791 1222 1819 Sed
1239 1793 1267 1818 et
1283 1790 1407 1818 Lamech
1425 1790 1487 1826 ipse
1502 1790 1531 1817 in
1541 1790 1671 1824 seipsum
1682 1787 1783 1815 dicens

963 1837 1150 1868 sententiam,
1165 1844 1181 1863 a
1196 1835 1360 1871 septenario
1377 1842 1499 1862 numero
1515 1842 1571 1862 non
1588 1832 1717 1861 recessit.
1737 1830 1784 1858 Ait

963 1881 1042 1909 enim
1059 1889 1066 1908 :
1082 1881 1123 1908 Ex
1139 1880 1223 1907 Caino
1242 1879 1415 1907 vindicatum
1428 1883 1467 1906 est
1481 1879 1589 1914 septies,
1605 1885 1639 1905 ea:
1667 1875 1784 1904 Lamech

963 1929 1055 1955 autem
1075 1926 1232 1962 septuagies
1259 1926 1357 1961 septies
1383 1924 1417 1951 δι.
1446 1924 1521 1957 Quid
1551 1923 1614 1951 ita?
1630 1921 1784 1950 Paululum

964 1971 1087 2003 sustine,
1102 1973 1132 1998 et
1146 1970 1276 1998 invenies
1292 1970 1472 2005 myslerium.
1489 1969 1619 1996 Primum
1635 1970 1787 2004 peccatum

965 2015 1073 2051 septies
1083 2014 1264 2048 vindicatur;
1282 2014 1449 2050 septuagies
1477 2022 1542 2041 vero
1569 2013 1677 2046 septies
1696 2011 1788 2040 altera

966 2069 983 2087 a
997 2059 1140 2087 Lamacho
1157 2061 1270 2094 patrata
1285 2059 1387 2086 caades.
1404 2058 1538 2092 Quoniam
1553 2065 1588 2085 ea:
1601 2057 1685 2085 Caino
1700 2056 1788 2084 vindi-

965 2105 1076 2132 cabitur
1094 2104 1204 2139 septies,
1220 2111 1255 2130 ea:
1269 2103 1399 2130 Lamecho
1413 2106 1504 2130 autem
1514 2102 1666 2138 septuagies
1680 2101 1787 2136 septies.

966 2148 1176 2176 Existimamus
1192 2148 1302 2183 itaque,
1323 2148 1399 2182 quod
1417 2146 1518 2174 Petrus
1547 2146 1654 2182 septies
1680 2144 1788 2173 dimitti

968 2193 1061 2228 petiit,
1089 2192 1168 2219 Caini
1193 2191 1438 2219 condonatlonem
1462 2191 1598 2218 inducit:
1619 2190 1697 2226 quod
1721 2198 1788 2218 vero

967 2236 1110 2264 Dominus
1124 2235 1291 2271 septuagies
1306 2234 1425 2271 septies,
1452 2234 1595 2262 Lamacho
1624 2233 1790 2270 septuagies

78 2274 291 2321 rosea-coaxant
309 2276 341 2303 τὸ
369 2276 503 2314 χάρισμα·
535 2277 605 2304 ὅπου
635 2277 718 2315 ὀλίγη
743 2279 760 2313 ἡ
784 2279 906 2316 ὁιμαρτίιιι1

969 2281 1077 2316 septies
1091 2280 1228 2315 ignoscit.
1245 2280 1393 2312 Quantum
1409 2281 1454 2307 est
1476 2279 1626 2314 delictum,
1652 2281 1734 2307 tanta
1746 2280 1791 2306 est

81 2319 171 2357 ὀλίγη
188 2319 233 2347 καὶ
248 2321 266 2354 ἡ
283 2320 386 2358 ἄφεσις.
408 2321 440 2360 ᾮ
454 2321 505 2359 γὰρ
522 2322 624 2360 ἀφῆκεν
639 2322 742 2361 ὀλίγον,
758 2321 852 2360 ὀλίγον
869 2323 914 2351 καί

81 2365 190 2402 ἀγαπᾷ.
220 2365 309 2392 Ὅπου
338 2364 499 2394 ἐπλεόνασεν
527 2367 544 2402 ἡ
575 2366 703 2404 ἁμαρτία,
738 2368 914 2406 ὑπερεπερίσ-

83 2418 179 2436 σευσεν
196 2409 214 2443 ἡ
235 2408 327 2446 χάρις.

118 2499 147 2526 8.
166 2497 201 2526 Τί
218 2496 263 2525 οὖν
278 2497 332 2526 ἑστι
347 2498 378 2526 τὸ
395 2500 547 2537 μυστήριον
560 2510 568 2534 ς
593 2497 716 2538 Ἑϐδόμη
730 2502 822 2539 ἡμέρᾳ
837 2501 914 2539 λέγε-

84 2553 131 2570 ται
150 2543 165 2569 ὁ
182 2542 250 2569 αἰὼν
266 2543 344 2574 οὗτος
368 2543 550 2582 πληροῦσθαι,
566 2545 611 2572 καὶ
629 2544 696 2582 μετὰ
710 2548 789 2573 τοῦτο
809 2546 917 2585 ἐφίστα-

969 2328 998 2353 et
1013 2325 1117 2362 gratia.
1133 2324 1188 2352 Ubi
1204 2332 1326 2359 parvum
1342 2323 1481 2351 delictum
1497 2326 1552 2358 est,
1582 2331 1670 2359 parva
1685 2326 1730 2351 est
1746 2323 1791 2350 di-

970 2370 1083 2402 missis,
1101 2377 1152 2396 seu
1161 2368 1256 2396 venia.
1272 2368 1325 2396 Cui
1341 2368 1418 2395 enim
1436 2376 1537 2403 parum
1553 2368 1677 2403 dimisit,
1687 2375 1791 2403 parum

969 2417 998 2442 et
1012 2413 1110 2449 diligit
1123 2413 1157 2430 ³¹ν
1176 2413 1225 2441 Ubi
1241 2412 1392 2440 abundavit
1409 2414 1560 2449 peccatum,
1585 2411 1793 2448 superabunda-

968 2459 1010 2486 vit
1024 2459 1118 2494 gratia
1129 2457 1164 2486 ³³.

1005 2503 1033 2530 8.
1047 2502 1122 2535 Quid
1139 2510 1207 2538 ergo
1223 2501 1281 2530 sibi
1295 2500 1360 2529 vult
1375 2501 1548 2537 mysterium
1565 2501 1576 2529 Ρ
1593 2501 1646 2530 Dis
1668 2501 1794 2538 septimo

971 2547 1079 2574 dicitur
1094 2555 1186 2574 aevum
1199 2546 1252 2574 hoc
1268 2546 1492 2582 complendum;
1509 2548 1538 2574 ct
1550 2548 1615 2582 post
1630 2546 1684 2574 hoc
1694 2549 1796 2574 ventu-

84 2593 147 2618 σοαι
164 2587 217 2621 τήν
245 2587 350 2624 ἡμέραν
378 2591 428 2623 τῆς
456 2588 579 2626 κρίσεως,
602 2590 652 2624 τὴν
682 2589 794 2627 ὀγδόην
819 2590 847 2617 ἑν
867 2592 885 2628 ᾗ
901 2591 915 2618 ὁ

972 2599 1036 2619 rum
1049 2591 1156 2627 judicii
1175 2590 1266 2624 diem,
1291 2594 1446 2624 octavum;
1462 2590 1492 2618 in
1509 2599 1566 2625 quo
1589 2593 1723 2626 peccator
1748 2597 1796 2617 se-

86 2630 258 2668 ἁμαρτωλὸς
285 2632 405 2666 ἑπτάκις,
436 2633 450 2660 ὁ
478 2634 536 2661 καθ’
564 2631 720 2671 ὑπερϐολήν
751 2634 915 2672 ἁμαρτωλὸς

972 2636 1058 2672 pties,
1077 2645 1109 2664 ac
1125 2636 1175 2672 qui
1191 2637 1400 2671 exsuperanter
1416 2637 1560 2671 peccator,
1577 2634 1743 2670 septuagiss
1755 2641 1799 2661 se-

123 2712 147 2730 ”
164 2712 256 2752 _L_evit_.
272 2722 336 2752 x_xv,
353 2714 380 2742 3.
418 2715 539 2752 ²¹¹γΡιοον.
554 2724 611 2752 nx,
629 2717 673 2745 16.
712 2717 734 2735 ’³
744 2716 849 2746 Matth.
866 2724 945 2752 xvxu,
961 2718 1006 2746 21.
1045 2718 1067 2736 ³³
1082 2717 1154 2746 ibid.
1170 2718 1215 2745 22.
1253 2717 1276 2735 ⁸⁰
1288 2716 1402 2750 Genav,
1419 2716 1462 2744 15.
1501 2716 1522 2733 ⁸³
1538 2714 1658 2742 ἱδὶἀ.24.
1696 2714 1719 2733 ³³
1729 2714 1798 2744 Luc.
1822 2686 1833 2696 ἱ

87 2755 141 2782 vn,
157 2748 207 2776 42.
244 2749 268 2771 ³³
279 2749 364 2779 Rom.
379 2759 408 2787 ν,
421 2751 467 2781 20.

128 2825 171 2862 (α)
188 2824 304 2864 Ἧνάγιι.
317 2827 395 2858 Editl
410 2827 514 2869 ἀνάγει.
