  <div class='ocr_page' id='page_1' title='image "/cluster/home/n/w/nwhite01/storage/ocr_20150623/30/njp.32101013202591/039.png"; bbox 0 0 2018 3146; ppageno 0'>
   <div class='ocr_carea' id='block_1_1' title="bbox 205 174 1906 222">
    <p class='ocr_par' dir='ltr' id='par_1_1' title="bbox 205 174 1906 222">
     <span class='ocr_line' id='line_1_1' title="bbox 205 174 1906 222; baseline 0.002 -4"><span class='ocrx_word' id='word_1_1' title='bbox 205 186 242 218; x_wconf 71' lang='grc' dir='ltr'>δι</span> <span class='ocrx_word' id='word_1_2' title='bbox 550 174 556 182; x_wconf 79' lang='grc'><strong><em>“</em></strong></span> <span class='ocrx_word' id='word_1_3' title='bbox 674 188 872 219; x_wconf 77' lang='lat' dir='ltr'><strong>APPENDIX</strong></span> <span class='ocrx_word' id='word_1_4' title='bbox 895 188 1060 220; x_wconf 84' lang='lat' dir='ltr'><strong>OPERUM</strong></span> <span class='ocrx_word' id='word_1_5' title='bbox 1084 191 1116 220; x_wconf 92' lang='lat' dir='ltr'><strong>s.</strong></span> <span class='ocrx_word' id='word_1_6' title='bbox 1140 191 1284 222; x_wconf 80' lang='lat' dir='ltr'><strong>BASILII</strong></span> <span class='ocrx_word' id='word_1_7' title='bbox 1306 191 1443 222; x_wconf 81' lang='lat' dir='ltr'><strong>MAGNI.</strong></span> <span class='ocrx_word' id='word_1_8' title='bbox 1872 193 1906 222; x_wconf 64' lang='grc' dir='ltr'>δε</span> 
     </span>
    </p>
   </div>
   <div class='ocr_carea' id='block_1_2' title="bbox 206 252 1044 295">
    <p class='ocr_par' dir='ltr' id='par_1_2' title="bbox 206 252 1028 292">
     <span class='ocr_line' id='line_1_2' title="bbox 206 252 1028 292; baseline 0.004 -12"><span class='ocrx_word' id='word_1_9' title='bbox 206 252 283 288; x_wconf 87' lang='lat' dir='ltr'><strong>pties</strong></span> <span class='ocrx_word' id='word_1_10' title='bbox 299 252 451 288; x_wconf 73' lang='lat' dir='ltr'><strong>plectatur.</strong></span> <span class='ocrx_word' id='word_1_11' title='bbox 466 253 665 290; x_wconf 88' lang='lat' dir='ltr'><strong>Vicissimque</strong></span> <span class='ocrx_word' id='word_1_12' title='bbox 675 255 779 290; x_wconf 83' lang='lat' dir='ltr'><strong>justus</strong></span> <span class='ocrx_word' id='word_1_13' title='bbox 794 255 914 291; x_wconf 85' lang='lat' dir='ltr'><strong>septies,</strong></span> <span class='ocrx_word' id='word_1_14' title='bbox 931 264 964 283; x_wconf 87' lang='lat' dir='ltr'><strong>ac</strong></span> <span class='ocrx_word' id='word_1_15' title='bbox 979 255 1028 292; x_wconf 89' lang='lat' dir='ltr'><strong>qui</strong></span> 
     </span>
    </p>
   </div>
   <div class='ocr_carea' id='block_1_3' title="bbox 1101 252 1906 295">
    <p class='ocr_par' dir='ltr' id='par_1_3' title="bbox 1101 253 1906 294">
     <span class='ocr_line' id='line_1_3' title="bbox 1101 253 1906 294; baseline 0 -11"><span class='ocrx_word' id='word_1_16' title='bbox 1101 253 1321 292; x_wconf 75' lang='grc' dir='ltr'>ϐδομηκοντάκις</span> <span class='ocrx_word' id='word_1_17' title='bbox 1346 256 1411 284; x_wconf 72' lang='grc' dir='ltr'>ἒπτά</span> <span class='ocrx_word' id='word_1_18' title='bbox 1440 255 1658 292; x_wconf 71' lang='grc' dir='ltr'>ἐκδικηθήσεταν</span> <span class='ocrx_word' id='word_1_19' title='bbox 1681 257 1726 284; x_wconf 77' lang='grc' dir='ltr'><strong>καὶ</strong></span> <span class='ocrx_word' id='word_1_20' title='bbox 1747 256 1906 294; x_wconf 73' lang='grc' dir='ltr'>ἔμπαλιν,ὁ</span> 
     </span>
    </p>
   </div>
   <div class='ocr_carea' id='block_1_4' title="bbox 208 297 1031 335">
    <p class='ocr_par' dir='ltr' id='par_1_4' title="bbox 208 297 1031 335">
     <span class='ocr_line' id='line_1_4' title="bbox 208 297 1031 335; baseline 0.004 -10"><span class='ocrx_word' id='word_1_21' title='bbox 208 297 505 333; x_wconf 86' lang='lat' dir='ltr'><strong>exoellenterjustus,</strong></span> <span class='ocrx_word' id='word_1_22' title='bbox 522 299 691 335; x_wconf 86' lang='lat' dir='ltr'><strong>septuagies</strong></span> <span class='ocrx_word' id='word_1_23' title='bbox 706 300 814 335; x_wconf 77' lang='lat' dir='ltr'><strong>septies</strong></span> <span class='ocrx_word' id='word_1_24' title='bbox 834 300 952 335; x_wconf 65' lang='lat' dir='ltr'><strong>priemio</strong></span> <span class='ocrx_word' id='word_1_25' title='bbox 967 301 1031 328; x_wconf 76' lang='lat' dir='ltr'><strong>atti-</strong></span> 
     </span>
    </p>
   </div>
   <div class='ocr_carea' id='block_1_5' title="bbox 207 341 1034 381">
    <p class='ocr_par' dir='ltr' id='par_1_5' title="bbox 207 341 1034 381">
     <span class='ocr_line' id='line_1_5' title="bbox 207 341 1034 381; baseline 0.004 -12"><span class='ocrx_word' id='word_1_26' title='bbox 207 341 311 370; x_wconf 80' lang='lat' dir='ltr'><strong>cietur.</strong></span> <span class='ocrx_word' id='word_1_27' title='bbox 328 342 379 370; x_wconf 88' lang='lat' dir='ltr'><strong>Dei</strong></span> <span class='ocrx_word' id='word_1_28' title='bbox 396 351 523 379; x_wconf 85' lang='lat' dir='ltr'><strong>namque</strong></span> <span class='ocrx_word' id='word_1_29' title='bbox 547 344 727 380; x_wconf 72' lang='lat' dir='ltr'><strong>benignitas,</strong></span> <span class='ocrx_word' id='word_1_30' title='bbox 745 353 823 372; x_wconf 84' lang='lat' dir='ltr'><strong>nunc</strong></span> <span class='ocrx_word' id='word_1_31' title='bbox 839 345 958 381; x_wconf 85' lang='lat' dir='ltr'><strong>quidem</strong></span> <span class='ocrx_word' id='word_1_32' title='bbox 983 353 1034 380; x_wconf 87' lang='lat' dir='ltr'><strong>per</strong></span> 
     </span>
    </p>
   </div>
   <div class='ocr_carea' id='block_1_6' title="bbox 208 386 1032 424">
    <p class='ocr_par' dir='ltr' id='par_1_6' title="bbox 208 386 1032 424">
     <span class='ocr_line' id='line_1_6' title="bbox 208 386 1032 424; baseline 0.004 -11"><span class='ocrx_word' id='word_1_33' title='bbox 208 386 376 422; x_wconf 69' lang='lat' dir='ltr'><strong>aenigmata,</strong></span> <span class='ocrx_word' id='word_1_34' title='bbox 407 396 471 423; x_wconf 78' lang='lat' dir='ltr'><strong>quas</strong></span> <span class='ocrx_word' id='word_1_35' title='bbox 498 390 568 416; x_wconf 88' lang='lat' dir='ltr'><strong>sunt</strong></span> <span class='ocrx_word' id='word_1_36' title='bbox 597 389 696 416; x_wconf 84' lang='lat' dir='ltr'><strong>futura</strong></span> <span class='ocrx_word' id='word_1_37' title='bbox 711 389 833 416; x_wconf 81' lang='lat' dir='ltr'><strong>obscure</strong></span> <span class='ocrx_word' id='word_1_38' title='bbox 862 389 1032 424; x_wconf 82' lang='lat' dir='ltr'><strong>signiﬁcat:</strong></span> 
     </span>
    </p>
   </div>
   <div class='ocr_carea' id='block_1_7' title="bbox 208 432 1035 470">
    <p class='ocr_par' dir='ltr' id='par_1_7' title="bbox 208 432 1035 470">
     <span class='ocr_line' id='line_1_7' title="bbox 208 432 1035 470; baseline 0.004 -12"><span class='ocrx_word' id='word_1_39' title='bbox 208 432 279 458; x_wconf 82' lang='lat' dir='ltr'><strong>tunc</strong></span> <span class='ocrx_word' id='word_1_40' title='bbox 305 434 404 460; x_wconf 87' lang='lat' dir='ltr'><strong>autem</strong></span> <span class='ocrx_word' id='word_1_41' title='bbox 425 432 455 460; x_wconf 90' lang='lat' dir='ltr'><strong>in</strong></span> <span class='ocrx_word' id='word_1_42' title='bbox 479 433 609 461; x_wconf 80' lang='lat' dir='ltr'><strong>secundo</strong></span> <span class='ocrx_word' id='word_1_43' title='bbox 637 434 765 461; x_wconf 88' lang='lat' dir='ltr'><strong>adventu</strong></span> <span class='ocrx_word' id='word_1_44' title='bbox 790 434 977 470; x_wconf 82' lang='lat' dir='ltr'><strong>perspicuam</strong></span> <span class='ocrx_word' id='word_1_45' title='bbox 1002 442 1035 461; x_wconf 88' lang='lat' dir='ltr'><strong>ao</strong></span> 
     </span>
    </p>
   </div>
   <div class='ocr_carea' id='block_1_8' title="bbox 209 475 1034 506">
    <p class='ocr_par' dir='ltr' id='par_1_8' title="bbox 209 475 1034 506">
     <span class='ocr_line' id='line_1_8' title="bbox 209 475 1034 506; baseline 0.004 -4"><span class='ocrx_word' id='word_1_46' title='bbox 209 475 398 504; x_wconf 75' lang='lat' dir='ltr'><strong>manifestam</strong></span> <span class='ocrx_word' id='word_1_47' title='bbox 414 477 598 506; x_wconf 83' lang='lat' dir='ltr'><strong>exhibiturus</strong></span> <span class='ocrx_word' id='word_1_48' title='bbox 615 481 660 505; x_wconf 86' lang='lat' dir='ltr'><strong>est</strong></span> <span class='ocrx_word' id='word_1_49' title='bbox 674 478 824 506; x_wconf 84' lang='lat' dir='ltr'><strong>veritatem</strong></span> <span class='ocrx_word' id='word_1_50' title='bbox 842 487 848 506; x_wconf 89' lang='lat'>:</span> <span class='ocrx_word' id='word_1_51' title='bbox 865 481 934 506; x_wconf 90' lang='lat' dir='ltr'><strong>tunc</strong></span> <span class='ocrx_word' id='word_1_52' title='bbox 956 478 1034 506; x_wconf 86' lang='lat' dir='ltr'><strong>enim</strong></span> 
     </span>
    </p>
   </div>
   <div class='ocr_carea' id='block_1_9' title="bbox 211 519 1033 558">
    <p class='ocr_par' dir='ltr' id='par_1_9' title="bbox 211 519 1033 558">
     <span class='ocr_line' id='line_1_9' title="bbox 211 519 1033 558; baseline 0.005 -12"><span class='ocrx_word' id='word_1_53' title='bbox 211 519 319 555; x_wconf 84' lang='lat' dir='ltr'><strong>quibus</strong></span> <span class='ocrx_word' id='word_1_54' title='bbox 348 521 475 557; x_wconf 86' lang='lat' dir='ltr'><strong>quisque</strong></span> <span class='ocrx_word' id='word_1_55' title='bbox 502 522 610 558; x_wconf 81' lang='lat' dir='ltr'><strong>dignus</strong></span> <span class='ocrx_word' id='word_1_56' title='bbox 639 523 767 558; x_wconf 71' lang='lat' dir='ltr'><strong>praamiis</strong></span> <span class='ocrx_word' id='word_1_57' title='bbox 803 523 851 556; x_wconf 86' lang='lat' dir='ltr'><strong>sit,</strong></span> <span class='ocrx_word' id='word_1_58' title='bbox 891 524 1033 550; x_wconf 82' lang='lat' dir='ltr'><strong>ostendet.</strong></span> 
     </span>
    </p>
   </div>
   <div class='ocr_carea' id='block_1_10' title="bbox 211 564 1036 603">
    <p class='ocr_par' dir='ltr' id='par_1_10' title="bbox 211 564 1036 603">
     <span class='ocr_line' id='line_1_10' title="bbox 211 564 1036 603; baseline 0.004 -12"><span class='ocrx_word' id='word_1_59' title='bbox 211 564 417 601; x_wconf 85' lang='lat' dir='ltr'><strong>Septemplicia</strong></span> <span class='ocrx_word' id='word_1_60' title='bbox 428 566 527 602; x_wconf 81' lang='lat' dir='ltr'><strong>igitur,</strong></span> <span class='ocrx_word' id='word_1_61' title='bbox 539 575 601 602; x_wconf 61' lang='lat' dir='ltr'><strong>quae</strong></span> <span class='ocrx_word' id='word_1_62' title='bbox 617 568 702 595; x_wconf 86' lang='lat' dir='ltr'><strong>nobis</strong></span> <span class='ocrx_word' id='word_1_63' title='bbox 718 567 908 603; x_wconf 77' lang='lat' dir='ltr'><strong>peccantibus</strong></span> <span class='ocrx_word' id='word_1_64' title='bbox 934 567 1036 594; x_wconf 88' lang='lat' dir='ltr'><strong>ultrice</strong></span> 
     </span>
    </p>
   </div>
   <div class='ocr_carea' id='block_1_11' title="bbox 212 611 1035 647">
    <p class='ocr_par' dir='ltr' id='par_1_11' title="bbox 212 611 1035 647">
     <span class='ocr_line' id='line_1_11' title="bbox 212 611 1035 647; baseline 0.004 -10"><span class='ocrx_word' id='word_1_65' title='bbox 212 618 297 645; x_wconf 65' lang='lat' dir='ltr'><strong>paena</strong></span> <span class='ocrx_word' id='word_1_66' title='bbox 313 611 485 645; x_wconf 82' lang='lat' dir='ltr'><strong>debeantur,</strong></span> <span class='ocrx_word' id='word_1_67' title='bbox 508 612 567 640; x_wconf 85' lang='lat' dir='ltr'><strong>vita</strong></span> <span class='ocrx_word' id='word_1_68' title='bbox 595 613 648 640; x_wconf 86' lang='lat' dir='ltr'><strong>hac</strong></span> <span class='ocrx_word' id='word_1_69' title='bbox 680 613 820 641; x_wconf 88' lang='lat' dir='ltr'><strong>Dominus</strong></span> <span class='ocrx_word' id='word_1_70' title='bbox 849 613 1035 647; x_wconf 84' lang='lat' dir='ltr'><strong>condonabit,</strong></span> 
     </span>
    </p>
   </div>
   <div class='ocr_carea' id='block_1_12' title="bbox 213 655 1036 692">
    <p class='ocr_par' dir='ltr' id='par_1_12' title="bbox 213 655 1036 692">
     <span class='ocr_line' id='line_1_12' title="bbox 213 655 1036 692; baseline 0.005 -11"><span class='ocrx_word' id='word_1_71' title='bbox 213 655 373 684; x_wconf 88' lang='lat' dir='ltr'><strong>dummodo</strong></span> <span class='ocrx_word' id='word_1_72' title='bbox 390 665 441 692; x_wconf 88' lang='lat' dir='ltr'><strong>per</strong></span> <span class='ocrx_word' id='word_1_73' title='bbox 451 657 652 692; x_wconf 75' lang='lat' dir='ltr'><strong>pmnitcntiam</strong></span> <span class='ocrx_word' id='word_1_74' title='bbox 674 666 707 685; x_wconf 89' lang='lat' dir='ltr'><strong>ac</strong></span> <span class='ocrx_word' id='word_1_75' title='bbox 726 657 942 685; x_wconf 84' lang='lat' dir='ltr'><strong>confessionem</strong></span> <span class='ocrx_word' id='word_1_76' title='bbox 958 666 974 685; x_wconf 91' lang='lat' dir='ltr'><strong>a</strong></span> <span class='ocrx_word' id='word_1_77' title='bbox 985 666 1036 685; x_wconf 93' lang='lat' dir='ltr'><strong>no-</strong></span> 
     </span>
    </p>
   </div>
   <div class='ocr_carea' id='block_1_13' title="bbox 214 698 1036 738">
    <p class='ocr_par' dir='ltr' id='par_1_13' title="bbox 214 698 1036 738">
     <span class='ocr_line' id='line_1_13' title="bbox 214 698 1036 738; baseline 0.005 -13"><span class='ocrx_word' id='word_1_78' title='bbox 214 698 259 726; x_wconf 89' lang='lat' dir='ltr'><strong>bis</strong></span> <span class='ocrx_word' id='word_1_79' title='bbox 279 700 367 727; x_wconf 79' lang='lat' dir='ltr'><strong>fuerit</strong></span> <span class='ocrx_word' id='word_1_80' title='bbox 381 700 524 736; x_wconf 82' lang='lat' dir='ltr'><strong>placatus.</strong></span> <span class='ocrx_word' id='word_1_81' title='bbox 547 702 600 734; x_wconf 88' lang='lat' dir='ltr'><strong>Qui</strong></span> <span class='ocrx_word' id='word_1_82' title='bbox 625 702 723 738; x_wconf 83' lang='lat' dir='ltr'><strong>itaque</strong></span> <span class='ocrx_word' id='word_1_83' title='bbox 748 702 933 730; x_wconf 89' lang='lat' dir='ltr'><strong>tremendum</strong></span> <span class='ocrx_word' id='word_1_84' title='bbox 954 702 1036 730; x_wconf 92' lang='lat' dir='ltr'><strong>illum</strong></span> 
     </span>
    </p>
   </div>
   <div class='ocr_carea' id='block_1_14' title="bbox 215 743 1037 782">
    <p class='ocr_par' dir='ltr' id='par_1_14' title="bbox 215 743 1037 782">
     <span class='ocr_line' id='line_1_14' title="bbox 215 743 1037 782; baseline 0.005 -12"><span class='ocrx_word' id='word_1_85' title='bbox 215 743 292 770; x_wconf 87' lang='lat' dir='ltr'><strong>diem</strong></span> <span class='ocrx_word' id='word_1_86' title='bbox 309 745 487 781; x_wconf 86' lang='lat' dir='ltr'><strong>noverimus,</strong></span> <span class='ocrx_word' id='word_1_87' title='bbox 504 746 534 773; x_wconf 91' lang='lat' dir='ltr'><strong>in</strong></span> <span class='ocrx_word' id='word_1_88' title='bbox 549 755 606 781; x_wconf 86' lang='lat' dir='ltr'><strong>quo</strong></span> <span class='ocrx_word' id='word_1_89' title='bbox 636 749 784 775; x_wconf 76' lang='lat' dir='ltr'><strong>reservata</strong></span> <span class='ocrx_word' id='word_1_90' title='bbox 812 747 867 774; x_wconf 87' lang='lat' dir='ltr'><strong>hoc</strong></span> <span class='ocrx_word' id='word_1_91' title='bbox 895 755 954 774; x_wconf 76' lang='lat' dir='ltr'><strong>zevo</strong></span> <span class='ocrx_word' id='word_1_92' title='bbox 971 755 1037 782; x_wconf 87' lang='lat' dir='ltr'><strong>pec-</strong></span> 
     </span>
    </p>
   </div>
   <div class='ocr_carea' id='block_1_15' title="bbox 215 788 1039 827">
    <p class='ocr_par' dir='ltr' id='par_1_15' title="bbox 215 788 1039 827">
     <span class='ocr_line' id='line_1_15' title="bbox 215 788 1039 827; baseline 0.005 -13"><span class='ocrx_word' id='word_1_93' title='bbox 215 788 444 825; x_wconf 83' lang='lat' dir='ltr'><strong>cantibusjusta</strong></span> <span class='ocrx_word' id='word_1_94' title='bbox 458 791 602 818; x_wconf 85' lang='lat' dir='ltr'><strong>scelerum</strong></span> <span class='ocrx_word' id='word_1_95' title='bbox 618 791 772 819; x_wconf 75' lang='lat' dir='ltr'><strong>retributio</strong></span> <span class='ocrx_word' id='word_1_96' title='bbox 797 800 940 827; x_wconf 76' lang='lat' dir='ltr'><strong>:equaquo</strong></span> <span class='ocrx_word' id='word_1_97' title='bbox 956 791 1039 818; x_wconf 87' lang='lat' dir='ltr'><strong>lance</strong></span> 
     </span>
    </p>
   </div>
   <div class='ocr_carea' id='block_1_16' title="bbox 215 833 1038 872">
    <p class='ocr_par' dir='ltr' id='par_1_16' title="bbox 215 833 1038 872">
     <span class='ocr_line' id='line_1_16' title="bbox 215 833 1038 872; baseline 0.005 -13"><span class='ocrx_word' id='word_1_98' title='bbox 215 833 538 869; x_wconf 72' lang='lat' dir='ltr'><strong>repensio,poenitentiaa</strong></span> <span class='ocrx_word' id='word_1_99' title='bbox 546 835 700 871; x_wconf 83' lang='lat' dir='ltr'><strong>stipendiis</strong></span> <span class='ocrx_word' id='word_1_100' title='bbox 712 836 806 872; x_wconf 84' lang='lat' dir='ltr'><strong>quoad</strong></span> <span class='ocrx_word' id='word_1_101' title='bbox 819 836 943 863; x_wconf 89' lang='lat' dir='ltr'><strong>vivimus</strong></span> <span class='ocrx_word' id='word_1_102' title='bbox 954 844 1038 863; x_wconf 91' lang='lat' dir='ltr'><strong>occu-</strong></span> 
     </span>
    </p>
   </div>
   <div class='ocr_carea' id='block_1_17' title="bbox 216 880 1040 916">
    <p class='ocr_par' dir='ltr' id='par_1_17' title="bbox 216 880 1040 916">
     <span class='ocr_line' id='line_1_17' title="bbox 216 880 1040 916; baseline 0.005 -12"><span class='ocrx_word' id='word_1_103' title='bbox 216 880 667 916; x_wconf 82' lang='lat' dir='ltr'><strong>pantes,peccatadiluamus,pro</strong></span> <span class='ocrx_word' id='word_1_104' title='bbox 675 880 732 908; x_wconf 85' lang='lat' dir='ltr'><strong>illic</strong></span> <span class='ocrx_word' id='word_1_105' title='bbox 740 880 931 916; x_wconf 86' lang='lat' dir='ltr'><strong>multiplicem</strong></span> <span class='ocrx_word' id='word_1_106' title='bbox 937 889 1040 908; x_wconf 56' lang='lat' dir='ltr'><strong>atrum-</strong></span> 
     </span>
    </p>
   </div>
   <div class='ocr_carea' id='block_1_18' title="bbox 1089 299 1907 340">
    <p class='ocr_par' dir='ltr' id='par_1_18' title="bbox 1089 299 1907 340">
     <span class='ocr_line' id='line_1_18' title="bbox 1089 299 1907 340; baseline 0.001 -13"><span class='ocrx_word' id='word_1_107' title='bbox 1089 299 1193 332; x_wconf 75' lang='grc' dir='ltr'>δίκαιος</span> <span class='ocrx_word' id='word_1_108' title='bbox 1210 302 1276 329; x_wconf 72' lang='grc' dir='ltr'>ἑπτὰ</span> <span class='ocrx_word' id='word_1_109' title='bbox 1301 302 1492 338; x_wconf 74' lang='grc' dir='ltr'><strong>τιμηθήσεται·</strong></span> <span class='ocrx_word' id='word_1_110' title='bbox 1510 302 1523 328; x_wconf 90' lang='grc' dir='ltr'>ὀ</span> <span class='ocrx_word' id='word_1_111' title='bbox 1548 302 1609 334; x_wconf 84' lang='grc' dir='ltr'>καθ’</span> <span class='ocrx_word' id='word_1_112' title='bbox 1626 299 1781 340; x_wconf 75' lang='grc' dir='ltr'>ὑπερϐολὴν</span> <span class='ocrx_word' id='word_1_113' title='bbox 1795 300 1907 335; x_wconf 72' lang='grc' dir='ltr'>δίκαιος,</span> 
     </span>
    </p>
   </div>
   <div class='ocr_carea' id='block_1_19' title="bbox 1088 342 1908 385">
    <p class='ocr_par' dir='ltr' id='par_1_19' title="bbox 1088 342 1908 385">
     <span class='ocr_line' id='line_1_19' title="bbox 1088 342 1908 385; baseline 0.001 -13"><span class='ocrx_word' id='word_1_114' title='bbox 1088 342 1319 382; x_wconf 71' lang='grc' dir='ltr'>ἑϐδομηκοντάκις</span> <span class='ocrx_word' id='word_1_115' title='bbox 1338 346 1414 374; x_wconf 74' lang='grc' dir='ltr'>ἑπτά.</span> <span class='ocrx_word' id='word_1_116' title='bbox 1443 347 1474 374; x_wconf 80' lang='grc' dir='ltr'><strong>ἸΙ</strong></span> <span class='ocrx_word' id='word_1_117' title='bbox 1489 346 1539 384; x_wconf 75' lang='grc' dir='ltr'><strong>γὰρ</strong></span> <span class='ocrx_word' id='word_1_118' title='bbox 1552 348 1600 373; x_wconf 68' lang='grc' dir='ltr'><strong>τοῦ</strong></span> <span class='ocrx_word' id='word_1_119' title='bbox 1625 349 1692 374; x_wconf 69' lang='grc' dir='ltr'>Θεοῦ</span> <span class='ocrx_word' id='word_1_120' title='bbox 1708 346 1908 385; x_wconf 67' lang='grc' dir='ltr'>φιλανθρωπία,</span> 
     </span>
    </p>
   </div>
   <div class='ocr_carea' id='block_1_20' title="bbox 1087 389 1905 428">
    <p class='ocr_par' dir='ltr' id='par_1_20' title="bbox 1087 389 1905 428">
     <span class='ocr_line' id='line_1_20' title="bbox 1087 389 1905 428; baseline 0.001 -12"><span class='ocrx_word' id='word_1_121' title='bbox 1087 392 1133 416; x_wconf 80' lang='grc' dir='ltr'>νῦν</span> <span class='ocrx_word' id='word_1_122' title='bbox 1153 391 1198 426; x_wconf 80' lang='grc' dir='ltr'>μὲν</span> <span class='ocrx_word' id='word_1_123' title='bbox 1216 389 1249 417; x_wconf 81' lang='grc' dir='ltr'>δι’</span> <span class='ocrx_word' id='word_1_124' title='bbox 1264 390 1433 428; x_wconf 80' lang='grc' dir='ltr'><strong>αἰνιγμάτων</strong></span> <span class='ocrx_word' id='word_1_125' title='bbox 1464 392 1532 427; x_wconf 81' lang='grc' dir='ltr'>ἡμῖν</span> <span class='ocrx_word' id='word_1_126' title='bbox 1548 390 1582 418; x_wconf 73' lang='grc' dir='ltr'><strong>τὰ</strong></span> <span class='ocrx_word' id='word_1_127' title='bbox 1601 390 1738 427; x_wconf 72' lang='grc' dir='ltr'>μέλλοντα</span> <span class='ocrx_word' id='word_1_128' title='bbox 1754 390 1905 428; x_wconf 71' lang='grc' dir='ltr'>ὑποφαίνει·</span> 
     </span>
    </p>
   </div>
   <div class='ocr_carea' id='block_1_21' title="bbox 1087 433 1908 472">
    <p class='ocr_par' dir='ltr' id='par_1_21' title="bbox 1087 433 1908 472">
     <span class='ocr_line' id='line_1_21' title="bbox 1087 433 1908 472; baseline 0.001 -11"><span class='ocrx_word' id='word_1_129' title='bbox 1087 435 1149 462; x_wconf 71' lang='grc' dir='ltr'>τότε</span> <span class='ocrx_word' id='word_1_130' title='bbox 1162 433 1199 468; x_wconf 73' lang='grc' dir='ltr'><strong>δὲ,</strong></span> <span class='ocrx_word' id='word_1_131' title='bbox 1227 434 1270 462; x_wconf 76' lang='grc' dir='ltr'>ἐπὶ</span> <span class='ocrx_word' id='word_1_132' title='bbox 1298 439 1348 470; x_wconf 84' lang='grc' dir='ltr'><strong>τῆς</strong></span> <span class='ocrx_word' id='word_1_133' title='bbox 1375 434 1500 472; x_wconf 73' lang='grc' dir='ltr'><strong>δευτέρας</strong></span> <span class='ocrx_word' id='word_1_134' title='bbox 1528 435 1610 463; x_wconf 83' lang='grc' dir='ltr'>αὐτοῦ</span> <span class='ocrx_word' id='word_1_135' title='bbox 1635 434 1794 469; x_wconf 78' lang='grc' dir='ltr'><strong>παρουσίας,</strong></span> <span class='ocrx_word' id='word_1_136' title='bbox 1811 434 1908 472; x_wconf 78' lang='grc' dir='ltr'>ἐναργῆ</span> 
     </span>
    </p>
   </div>
   <div class='ocr_carea' id='block_1_22' title="bbox 1088 477 1909 516">
    <p class='ocr_par' dir='ltr' id='par_1_22' title="bbox 1088 477 1909 516">
     <span class='ocr_line' id='line_1_22' title="bbox 1088 477 1909 516; baseline 0.002 -12"><span class='ocrx_word' id='word_1_137' title='bbox 1088 478 1133 504; x_wconf 70' lang='grc' dir='ltr'><strong>καὶ</strong></span> <span class='ocrx_word' id='word_1_138' title='bbox 1159 479 1363 514; x_wconf 83' lang='grc' dir='ltr'>τεσρανωμένην</span> <span class='ocrx_word' id='word_1_139' title='bbox 1389 481 1506 516; x_wconf 79' lang='grc' dir='ltr'>παριστᾷ</span> <span class='ocrx_word' id='word_1_140' title='bbox 1530 479 1580 513; x_wconf 79' lang='grc' dir='ltr'>τήν</span> <span class='ocrx_word' id='word_1_141' title='bbox 1611 478 1750 513; x_wconf 61' lang='grc' dir='ltr'>ἀληθειαν</span> <span class='ocrx_word' id='word_1_142' title='bbox 1768 477 1847 513; x_wconf 80' lang='grc' dir='ltr'>δείξει</span> <span class='ocrx_word' id='word_1_143' title='bbox 1862 479 1909 516; x_wconf 66' lang='grc' dir='ltr'>γὰρ</span> 
     </span>
    </p>
   </div>
   <div class='ocr_carea' id='block_1_23' title="bbox 1089 522 1911 559">
    <p class='ocr_par' dir='ltr' id='par_1_23' title="bbox 1089 522 1911 559">
     <span class='ocr_line' id='line_1_23' title="bbox 1089 522 1911 559; baseline 0.002 -11"><span class='ocrx_word' id='word_1_144' title='bbox 1089 522 1248 557; x_wconf 73' lang='grc' dir='ltr'>τηνικαῦτα,</span> <span class='ocrx_word' id='word_1_145' title='bbox 1276 523 1318 554; x_wconf 86' lang='grc' dir='ltr'><strong>τίς</strong></span> <span class='ocrx_word' id='word_1_146' title='bbox 1351 522 1431 551; x_wconf 89' lang='grc' dir='ltr'>τίνων</span> <span class='ocrx_word' id='word_1_147' title='bbox 1463 523 1532 550; x_wconf 75' lang='grc' dir='ltr'>ἐστὶν</span> <span class='ocrx_word' id='word_1_148' title='bbox 1572 522 1654 559; x_wconf 74' lang='grc' dir='ltr'>ἄξιος.</span> <span class='ocrx_word' id='word_1_149' title='bbox 1694 523 1911 551; x_wconf 81' lang='grc' dir='ltr'>Ἑπταπλασίονα</span> 
     </span>
    </p>
   </div>
   <div class='ocr_carea' id='block_1_24' title="bbox 1089 566 1910 606">
    <p class='ocr_par' dir='ltr' id='par_1_24' title="bbox 1089 566 1910 606">
     <span class='ocr_line' id='line_1_24' title="bbox 1089 566 1910 606; baseline 0.002 -13"><span class='ocrx_word' id='word_1_150' title='bbox 1089 567 1180 594; x_wconf 84' lang='grc' dir='ltr'>τοίνυν</span> <span class='ocrx_word' id='word_1_151' title='bbox 1196 568 1245 601; x_wconf 77' lang='grc' dir='ltr'>τὴν</span> <span class='ocrx_word' id='word_1_152' title='bbox 1262 566 1398 594; x_wconf 78' lang='grc' dir='ltr'>ἀντίδοσιν</span> <span class='ocrx_word' id='word_1_153' title='bbox 1415 569 1482 604; x_wconf 84' lang='grc' dir='ltr'>ἡμῖν</span> <span class='ocrx_word' id='word_1_154' title='bbox 1507 567 1733 606; x_wconf 80' lang='grc' dir='ltr'>χρεωστουμένην</span> <span class='ocrx_word' id='word_1_155' title='bbox 1749 571 1808 599; x_wconf 82' lang='grc' dir='ltr'>τοῖς</span> <span class='ocrx_word' id='word_1_156' title='bbox 1825 569 1910 606; x_wconf 79' lang='grc' dir='ltr'>ἁμαρ-</span> 
     </span>
    </p>
   </div>
   <div class='ocr_carea' id='block_1_25' title="bbox 1090 611 1913 650">
    <p class='ocr_par' dir='ltr' id='par_1_25' title="bbox 1090 611 1913 650">
     <span class='ocr_line' id='line_1_25' title="bbox 1090 611 1913 650; baseline 0.001 -12"><span class='ocrx_word' id='word_1_157' title='bbox 1090 611 1193 643; x_wconf 76' lang='grc' dir='ltr'>τωλοῖς</span> <span class='ocrx_word' id='word_1_158' title='bbox 1218 613 1390 649; x_wconf 71' lang='grc' dir='ltr'>συγχωρήσει</span> <span class='ocrx_word' id='word_1_159' title='bbox 1417 613 1431 640; x_wconf 85' lang='grc' dir='ltr'>ὁ</span> <span class='ocrx_word' id='word_1_160' title='bbox 1452 613 1551 650; x_wconf 75' lang='grc' dir='ltr'>Κύριος</span> <span class='ocrx_word' id='word_1_161' title='bbox 1579 612 1702 649; x_wconf 75' lang='grc' dir='ltr'>ἐνταῦθα,</span> <span class='ocrx_word' id='word_1_162' title='bbox 1719 613 1741 640; x_wconf 80' lang='grc' dir='ltr'><strong>εἰ</strong></span> <span class='ocrx_word' id='word_1_163' title='bbox 1772 611 1816 640; x_wconf 71' lang='grc' dir='ltr'><strong>διὰ</strong></span> <span class='ocrx_word' id='word_1_164' title='bbox 1833 623 1913 649; x_wconf 84' lang='grc' dir='ltr'>μετα-</span> 
     </span>
    </p>
   </div>
   <div class='ocr_carea' id='block_1_26' title="bbox 1090 655 1912 695">
    <p class='ocr_par' dir='ltr' id='par_1_26' title="bbox 1090 655 1912 695">
     <span class='ocr_line' id='line_1_26' title="bbox 1090 655 1912 695; baseline 0.002 -13"><span class='ocrx_word' id='word_1_165' title='bbox 1090 655 1165 687; x_wconf 87' lang='grc' dir='ltr'>νοίας</span> <span class='ocrx_word' id='word_1_166' title='bbox 1192 656 1236 683; x_wconf 73' lang='grc' dir='ltr'><strong>καὶ</strong></span> <span class='ocrx_word' id='word_1_167' title='bbox 1264 656 1492 694; x_wconf 65' lang='grc' dir='ltr'>ἐξομολογήσεως</span> <span class='ocrx_word' id='word_1_168' title='bbox 1533 656 1689 693; x_wconf 74' lang='grc' dir='ltr'>ὲξιλεωθείη</span> <span class='ocrx_word' id='word_1_169' title='bbox 1729 657 1792 695; x_wconf 80' lang='grc' dir='ltr'>παρ’</span> <span class='ocrx_word' id='word_1_170' title='bbox 1822 659 1912 693; x_wconf 76' lang='grc' dir='ltr'>ἡμῶν.</span> 
     </span>
    </p>
   </div>
   <div class='ocr_carea' id='block_1_27' title="bbox 1092 699 1915 740">
    <p class='ocr_par' dir='ltr' id='par_1_27' title="bbox 1092 699 1915 740">
     <span class='ocr_line' id='line_1_27' title="bbox 1092 699 1915 740; baseline 0.002 -13"><span class='ocrx_word' id='word_1_171' title='bbox 1092 701 1181 735; x_wconf 75' lang='grc' dir='ltr'>’Ὡστε,</span> <span class='ocrx_word' id='word_1_172' title='bbox 1209 699 1310 732; x_wconf 82' lang='grc' dir='ltr'>εἰδότες</span> <span class='ocrx_word' id='word_1_173' title='bbox 1338 702 1388 736; x_wconf 77' lang='grc' dir='ltr'><strong>τήν</strong></span> <span class='ocrx_word' id='word_1_174' title='bbox 1416 699 1532 740; x_wconf 70' lang='grc' dir='ltr'>φοϐερὰν</span> <span class='ocrx_word' id='word_1_175' title='bbox 1562 701 1666 737; x_wconf 76' lang='grc' dir='ltr'>ἐκείνην</span> <span class='ocrx_word' id='word_1_176' title='bbox 1697 702 1814 739; x_wconf 82' lang='grc' dir='ltr'>ἡμέραν,</span> <span class='ocrx_word' id='word_1_177' title='bbox 1845 701 1872 729; x_wconf 80' lang='grc' dir='ltr'>ἐν</span> 
     </span>
    </p>
   </div>
   <div class='ocr_carea' id='block_1_28' title="bbox 1092 745 1914 784">
    <p class='ocr_par' dir='ltr' id='par_1_28' title="bbox 1092 745 1914 784">
     <span class='ocr_line' id='line_1_28' title="bbox 1092 745 1914 784; baseline 0 -11"><span class='ocrx_word' id='word_1_178' title='bbox 1092 745 1263 781; x_wconf 82' lang='grc' dir='ltr'>τεταμίευται</span> <span class='ocrx_word' id='word_1_179' title='bbox 1290 749 1348 777; x_wconf 85' lang='grc' dir='ltr'>τοῖς</span> <span class='ocrx_word' id='word_1_180' title='bbox 1376 746 1489 778; x_wconf 77' lang='grc' dir='ltr'>ἐνταῦθα</span> <span class='ocrx_word' id='word_1_181' title='bbox 1516 746 1690 784; x_wconf 77' lang='grc' dir='ltr'>ἡμαρτηκόσι</span> <span class='ocrx_word' id='word_1_182' title='bbox 1712 747 1729 780; x_wconf 84' lang='grc' dir='ltr'><strong>ἡ</strong></span> <span class='ocrx_word' id='word_1_183' title='bbox 1755 745 1824 783; x_wconf 85' lang='grc' dir='ltr'>πρὸς</span> <span class='ocrx_word' id='word_1_184' title='bbox 1843 745 1914 780; x_wconf 76' lang='grc' dir='ltr'>ἀξίαν</span> 
     </span>
    </p>
   </div>
   <div class='ocr_carea' id='block_1_29' title="bbox 1092 790 1914 829">
    <p class='ocr_par' dir='ltr' id='par_1_29' title="bbox 1092 790 1914 829">
     <span class='ocr_line' id='line_1_29' title="bbox 1092 790 1914 829; baseline 0 -12"><span class='ocrx_word' id='word_1_185' title='bbox 1092 792 1146 817; x_wconf 83' lang='grc' dir='ltr'><strong>τῶν</strong></span> <span class='ocrx_word' id='word_1_186' title='bbox 1162 791 1366 828; x_wconf 65' lang='grc' dir='ltr'>ἁμαρτημάτων</span> <span class='ocrx_word' id='word_1_187' title='bbox 1395 791 1587 829; x_wconf 81' lang='grc' dir='ltr'>ἀντιμέτρησις</span> <span class='ocrx_word' id='word_1_188' title='bbox 1604 791 1649 818; x_wconf 87' lang='grc' dir='ltr'><strong>καὶ</strong></span> <span class='ocrx_word' id='word_1_189' title='bbox 1665 791 1856 825; x_wconf 69' lang='grc' dir='ltr'>ἀντισήκωσις,</span> <span class='ocrx_word' id='word_1_190' title='bbox 1873 790 1914 818; x_wconf 79' lang='grc' dir='ltr'><strong>διὰ</strong></span> 
     </span>
    </p>
   </div>
   <div class='ocr_carea' id='block_1_30' title="bbox 1096 833 1913 873">
    <p class='ocr_par' dir='ltr' id='par_1_30' title="bbox 1096 833 1913 873">
     <span class='ocr_line' id='line_1_30' title="bbox 1096 833 1913 873; baseline 0.001 -12"><span class='ocrx_word' id='word_1_191' title='bbox 1096 834 1234 871; x_wconf 75' lang='grc' dir='ltr'>μετανοίας</span> <span class='ocrx_word' id='word_1_192' title='bbox 1252 834 1279 862; x_wconf 79' lang='grc' dir='ltr'>ἐν</span> <span class='ocrx_word' id='word_1_193' title='bbox 1297 837 1352 870; x_wconf 81' lang='grc' dir='ltr'><strong>ζιυῇ</strong></span> <span class='ocrx_word' id='word_1_194' title='bbox 1364 833 1550 871; x_wconf 79' lang='grc' dir='ltr'>προλαϐόντες</span> <span class='ocrx_word' id='word_1_195' title='bbox 1562 835 1737 871; x_wconf 82' lang='grc' dir='ltr'>ἀναλύσωμεν</span> <span class='ocrx_word' id='word_1_196' title='bbox 1750 835 1783 862; x_wconf 74' lang='grc' dir='ltr'><strong>τὰ</strong></span> <span class='ocrx_word' id='word_1_197' title='bbox 1793 836 1913 873; x_wconf 73' lang='grc' dir='ltr'>ἁμαρτή-</span> 
     </span>
    </p>
   </div>
   <div class='ocr_carea' id='block_1_31' title="bbox 1096 878 1913 916">
    <p class='ocr_par' dir='ltr' id='par_1_31' title="bbox 1096 878 1913 916">
     <span class='ocr_line' id='line_1_31' title="bbox 1096 878 1913 916; baseline -0.001 -9"><span class='ocrx_word' id='word_1_198' title='bbox 1096 890 1177 916; x_wconf 81' lang='grc' dir='ltr'>ματα,</span> <span class='ocrx_word' id='word_1_199' title='bbox 1190 878 1236 906; x_wconf 63' lang='grc' dir='ltr'>’ίνα</span> <span class='ocrx_word' id='word_1_200' title='bbox 1252 879 1308 907; x_wconf 81' lang='grc' dir='ltr'>ἐκεῖ</span> <span class='ocrx_word' id='word_1_201' title='bbox 1323 880 1368 907; x_wconf 86' lang='grc' dir='ltr'><strong>σὸν</strong></span> <span class='ocrx_word' id='word_1_202' title='bbox 1391 879 1638 916; x_wconf 79' lang='grc' dir='ltr'>πολυπλασιασμὸν</span> <span class='ocrx_word' id='word_1_203' title='bbox 1661 883 1710 914; x_wconf 83' lang='grc' dir='ltr'><strong>τῆς</strong></span> <span class='ocrx_word' id='word_1_204' title='bbox 1726 880 1856 907; x_wconf 67' lang='grc' dir='ltr'>ἓπιπόνου</span> <span class='ocrx_word' id='word_1_205' title='bbox 1871 880 1913 906; x_wconf 80' lang='grc' dir='ltr'>καὶ</span> 
     </span>
    </p>
   </div>
   <div class='ocr_carea' id='block_1_32' title="bbox 218 922 1044 975">
    <p class='ocr_par' dir='ltr' id='par_1_32' title="bbox 218 924 1037 960">
     <span class='ocr_line' id='line_1_32' title="bbox 218 924 1037 960; baseline 0.004 -12"><span class='ocrx_word' id='word_1_206' title='bbox 218 929 286 948; x_wconf 86' lang='lat' dir='ltr'><strong>nam</strong></span> <span class='ocrx_word' id='word_1_207' title='bbox 293 926 379 958; x_wconf 87' lang='lat' dir='ltr'><strong>alque</strong></span> <span class='ocrx_word' id='word_1_208' title='bbox 389 924 518 952; x_wconf 83' lang='lat' dir='ltr'><strong>dolorem</strong></span> <span class='ocrx_word' id='word_1_209' title='bbox 531 934 564 952; x_wconf 88' lang='lat' dir='ltr'><strong>ae</strong></span> <span class='ocrx_word' id='word_1_210' title='bbox 575 925 738 953; x_wconf 88' lang='lat' dir='ltr'><strong>cruciatum</strong></span> <span class='ocrx_word' id='word_1_211' title='bbox 749 926 870 953; x_wconf 84' lang='lat' dir='ltr'><strong>evadere</strong></span> <span class='ocrx_word' id='word_1_212' title='bbox 879 925 1037 960; x_wconf 83' lang='lat' dir='ltr'><strong>possimus.</strong></span> 
     </span>
    </p>
   </div>
   <div class='ocr_carea' id='block_1_33' title="bbox 1101 922 1750 975">
    <p class='ocr_par' dir='ltr' id='par_1_33' title="bbox 1101 922 1750 975">
     <span class='ocr_line' id='line_1_33' title="bbox 1101 922 1750 963; baseline 0 -12"><span class='ocrx_word' id='word_1_213' title='bbox 1101 922 1230 960; x_wconf 68' lang='grc' dir='ltr'>ὒδυνηρᾶς</span> <span class='ocrx_word' id='word_1_214' title='bbox 1246 923 1406 955; x_wconf 73' lang='grc' dir='ltr'>ἀντιδόσεως</span> <span class='ocrx_word' id='word_1_215' title='bbox 1420 923 1545 963; x_wconf 76' lang='grc' dir='ltr'>ἐκφυγεῖν</span> <span class='ocrx_word' id='word_1_216' title='bbox 1562 923 1750 960; x_wconf 78' lang='grc' dir='ltr'><strong>δυνηθείημεν.</strong></span> 
     </span>
     <span class='ocr_line' id='line_1_34' title="bbox 1131 966 1750 975; baseline 0 0"><span class='ocrx_word' id='word_1_217' title='bbox 1131 970 1146 975; x_wconf 50' lang='grc' dir='ltr'>Α</span> <span class='ocrx_word' id='word_1_218' title='bbox 1187 966 1266 975; x_wconf 47' lang='lat' dir='ltr'><strong>mg...</strong></span> <span class='ocrx_word' id='word_1_219' title='bbox 1390 969 1395 975; x_wconf 97' lang='lat'><strong>.</strong></span> <span class='ocrx_word' id='word_1_220' title='bbox 1512 968 1518 975; x_wconf 83' lang='lat'><strong>.</strong></span> <span class='ocrx_word' id='word_1_221' title='bbox 1616 970 1622 975; x_wconf 94' lang='lat'><strong>.</strong></span> <span class='ocrx_word' id='word_1_222' title='bbox 1658 968 1662 975; x_wconf 91' lang='lat'><strong>.</strong></span> <span class='ocrx_word' id='word_1_223' title='bbox 1743 967 1750 975; x_wconf 61' lang='grc' dir='ltr'>ς</span> 
     </span>
    </p>
   </div>
   <div class='ocr_carea' id='block_1_34' title="bbox 253 967 1039 1005">
    <p class='ocr_par' dir='ltr' id='par_1_34' title="bbox 253 967 1039 1005">
     <span class='ocr_line' id='line_1_35' title="bbox 253 967 1039 1005; baseline 0.003 -11"><span class='ocrx_word' id='word_1_224' title='bbox 253 967 280 994; x_wconf 83' lang='lat'><strong>9.</strong></span> <span class='ocrx_word' id='word_1_225' title='bbox 311 968 393 996; x_wconf 88' lang='lat' dir='ltr'><strong>Hunc</strong></span> <span class='ocrx_word' id='word_1_226' title='bbox 419 968 518 1004; x_wconf 86' lang='lat' dir='ltr'><strong>itaque</strong></span> <span class='ocrx_word' id='word_1_227' title='bbox 546 970 624 997; x_wconf 83' lang='lat' dir='ltr'><strong>diem</strong></span> <span class='ocrx_word' id='word_1_228' title='bbox 651 970 809 1005; x_wconf 87' lang='lat' dir='ltr'><strong>septimum</strong></span> <span class='ocrx_word' id='word_1_229' title='bbox 837 969 1039 997; x_wconf 79' lang='lat' dir='ltr'><strong>existimemus</strong></span> 
     </span>
    </p>
   </div>
   <div class='ocr_carea' id='block_1_35' title="bbox 228 1012 1040 1049">
    <p class='ocr_par' dir='ltr' id='par_1_35' title="bbox 228 1012 1040 1049">
     <span class='ocr_line' id='line_1_36' title="bbox 228 1012 1040 1049; baseline -0.001 -8"><span class='ocrx_word' id='word_1_230' title='bbox 228 1012 338 1048; x_wconf 72' lang='lat' dir='ltr'><strong>optimo</strong></span> <span class='ocrx_word' id='word_1_231' title='bbox 363 1013 406 1041; x_wconf 85' lang='lat' dir='ltr'><strong>illi</strong></span> <span class='ocrx_word' id='word_1_232' title='bbox 439 1014 509 1049; x_wconf 85' lang='lat' dir='ltr'><strong>diei,</strong></span> <span class='ocrx_word' id='word_1_233' title='bbox 533 1014 797 1042; x_wconf 83' lang='lat' dir='ltr'><strong>consummationis</strong></span> <span class='ocrx_word' id='word_1_234' title='bbox 824 1013 913 1049; x_wconf 79' lang='lat' dir='ltr'><strong>hujus</strong></span> <span class='ocrx_word' id='word_1_235' title='bbox 942 1013 1040 1041; x_wconf 69' lang='lat' dir='ltr'><strong>saeculi</strong></span> 
     </span>
    </p>
   </div>
   <div class='ocr_carea' id='block_1_36' title="bbox 219 1057 1040 1095">
    <p class='ocr_par' dir='ltr' id='par_1_36' title="bbox 219 1057 1040 1095">
     <span class='ocr_line' id='line_1_37' title="bbox 219 1057 1040 1095; baseline 0.002 -11"><span class='ocrx_word' id='word_1_236' title='bbox 219 1057 314 1093; x_wconf 82' lang='lat' dir='ltr'><strong>ﬁgura</strong></span> <span class='ocrx_word' id='word_1_237' title='bbox 327 1058 511 1094; x_wconf 88' lang='lat' dir='ltr'><strong>respondere.</strong></span> <span class='ocrx_word' id='word_1_238' title='bbox 528 1058 665 1086; x_wconf 88' lang='lat' dir='ltr'><strong>Dicamus</strong></span> <span class='ocrx_word' id='word_1_239' title='bbox 680 1058 779 1095; x_wconf 86' lang='lat' dir='ltr'><strong>igitur,</strong></span> <span class='ocrx_word' id='word_1_240' title='bbox 795 1061 822 1086; x_wconf 81' lang='lat' dir='ltr'><strong>et</strong></span> <span class='ocrx_word' id='word_1_241' title='bbox 834 1059 956 1095; x_wconf 69' lang='lat' dir='ltr'><strong>requivi:</strong></span> <span class='ocrx_word' id='word_1_242' title='bbox 970 1059 1040 1086; x_wconf 79' lang='lat' dir='ltr'><strong>Deus</strong></span> 
     </span>
    </p>
   </div>
   <div class='ocr_carea' id='block_1_37' title="bbox 222 1102 1040 1139">
    <p class='ocr_par' dir='ltr' id='par_1_37' title="bbox 222 1102 1040 1139">
     <span class='ocr_line' id='line_1_38' title="bbox 222 1102 1040 1139; baseline 0.001 -9"><span class='ocrx_word' id='word_1_243' title='bbox 222 1102 271 1130; x_wconf 81' lang='lat' dir='ltr'><strong>die</strong></span> <span class='ocrx_word' id='word_1_244' title='bbox 283 1103 438 1138; x_wconf 80' lang='lat' dir='ltr'><strong>septimoab</strong></span> <span class='ocrx_word' id='word_1_245' title='bbox 454 1104 581 1131; x_wconf 76' lang='lat' dir='ltr'><strong>omnibus</strong></span> <span class='ocrx_word' id='word_1_246' title='bbox 596 1103 724 1139; x_wconf 75' lang='lat' dir='ltr'><strong>operibus</strong></span> <span class='ocrx_word' id='word_1_247' title='bbox 738 1104 796 1131; x_wconf 81' lang='lat' dir='ltr'><strong>suis</strong></span> <span class='ocrx_word' id='word_1_248' title='bbox 809 1113 816 1136; x_wconf 85' lang='lat'><strong>;</strong></span> <span class='ocrx_word' id='word_1_249' title='bbox 838 1104 888 1131; x_wconf 85' lang='lat' dir='ltr'><strong>sed</strong></span> <span class='ocrx_word' id='word_1_250' title='bbox 904 1106 933 1131; x_wconf 92' lang='lat' dir='ltr'><strong>et</strong></span> <span class='ocrx_word' id='word_1_251' title='bbox 949 1103 977 1130; x_wconf 90' lang='lat' dir='ltr'><strong>in</strong></span> <span class='ocrx_word' id='word_1_252' title='bbox 991 1103 1040 1131; x_wconf 89' lang='lat' dir='ltr'><strong>illo</strong></span> 
     </span>
    </p>
   </div>
   <div class='ocr_carea' id='block_1_38' title="bbox 217 1147 1041 1184">
    <p class='ocr_par' dir='ltr' id='par_1_38' title="bbox 217 1147 1041 1184">
     <span class='ocr_line' id='line_1_39' title="bbox 217 1147 1041 1184; baseline 0.001 -10"><span class='ocrx_word' id='word_1_253' title='bbox 217 1147 336 1182; x_wconf 88' lang='lat' dir='ltr'><strong>pariter,</strong></span> <span class='ocrx_word' id='word_1_254' title='bbox 360 1147 442 1175; x_wconf 88' lang='lat' dir='ltr'><strong>nulla</strong></span> <span class='ocrx_word' id='word_1_255' title='bbox 464 1148 592 1184; x_wconf 88' lang='lat' dir='ltr'><strong>amplius</strong></span> <span class='ocrx_word' id='word_1_256' title='bbox 614 1148 718 1175; x_wconf 90' lang='lat' dir='ltr'><strong>mundi</strong></span> <span class='ocrx_word' id='word_1_257' title='bbox 742 1148 832 1184; x_wconf 88' lang='lat' dir='ltr'><strong>hujus</strong></span> <span class='ocrx_word' id='word_1_258' title='bbox 858 1148 957 1176; x_wconf 84' lang='lat' dir='ltr'><strong>futura</strong></span> <span class='ocrx_word' id='word_1_259' title='bbox 972 1152 1041 1176; x_wconf 85' lang='lat' dir='ltr'><strong>sunt</strong></span> 
     </span>
    </p>
   </div>
   <div class='ocr_carea' id='block_1_39' title="bbox 217 1191 1039 1228">
    <p class='ocr_par' dir='ltr' id='par_1_39' title="bbox 217 1191 1039 1228">
     <span class='ocr_line' id='line_1_40' title="bbox 217 1191 1039 1228; baseline 0 -9"><span class='ocrx_word' id='word_1_260' title='bbox 217 1199 315 1227; x_wconf 86' lang='lat' dir='ltr'><strong>opera.</strong></span> <span class='ocrx_word' id='word_1_261' title='bbox 331 1191 394 1220; x_wconf 83' lang='lat' dir='ltr'><strong>Non</strong></span> <span class='ocrx_word' id='word_1_262' title='bbox 409 1195 495 1220; x_wconf 87' lang='lat' dir='ltr'><strong>erunt</strong></span> <span class='ocrx_word' id='word_1_263' title='bbox 510 1192 587 1220; x_wconf 88' lang='lat' dir='ltr'><strong>ultra</strong></span> <span class='ocrx_word' id='word_1_264' title='bbox 601 1193 720 1228; x_wconf 76' lang='lat' dir='ltr'><strong>nuptiae,</strong></span> <span class='ocrx_word' id='word_1_265' title='bbox 737 1201 794 1220; x_wconf 89' lang='lat' dir='ltr'><strong>non</strong></span> <span class='ocrx_word' id='word_1_266' title='bbox 818 1192 947 1228; x_wconf 83' lang='lat' dir='ltr'><strong>amplius</strong></span> <span class='ocrx_word' id='word_1_267' title='bbox 970 1201 1039 1220; x_wconf 88' lang='lat' dir='ltr'><strong>con-</strong></span> 
     </span>
    </p>
   </div>
   <div class='ocr_carea' id='block_1_40' title="bbox 217 1237 1039 1272">
    <p class='ocr_par' dir='ltr' id='par_1_40' title="bbox 217 1237 1039 1272">
     <span class='ocr_line' id='line_1_41' title="bbox 217 1237 1039 1272; baseline 0 -8"><span class='ocrx_word' id='word_1_268' title='bbox 217 1237 339 1272; x_wconf 75' lang='lat' dir='ltr'><strong>tractus,</strong></span> <span class='ocrx_word' id='word_1_269' title='bbox 364 1245 422 1265; x_wconf 93' lang='lat' dir='ltr'><strong>non</strong></span> <span class='ocrx_word' id='word_1_270' title='bbox 445 1239 614 1265; x_wconf 60' lang='lat' dir='ltr'><strong>mercatura:</strong></span> <span class='ocrx_word' id='word_1_271' title='bbox 639 1246 645 1265; x_wconf 90' lang='lat'>:</span> <span class='ocrx_word' id='word_1_272' title='bbox 673 1237 885 1272; x_wconf 81' lang='lat' dir='ltr'><strong>agriculturam</strong></span> <span class='ocrx_word' id='word_1_273' title='bbox 911 1246 988 1272; x_wconf 77' lang='lat' dir='ltr'><strong>vero,</strong></span> <span class='ocrx_word' id='word_1_274' title='bbox 1015 1237 1039 1265; x_wconf 91' lang='lat' dir='ltr'><strong>si</strong></span> 
     </span>
    </p>
   </div>
   <div class='ocr_carea' id='block_1_41' title="bbox 217 1281 1040 1318">
    <p class='ocr_par' dir='ltr' id='par_1_41' title="bbox 217 1281 1040 1318">
     <span class='ocr_line' id='line_1_42' title="bbox 217 1281 1040 1318; baseline 0 -10"><span class='ocrx_word' id='word_1_275' title='bbox 217 1281 286 1316; x_wconf 88' lang='lat' dir='ltr'><strong>quid</strong></span> <span class='ocrx_word' id='word_1_276' title='bbox 303 1281 480 1316; x_wconf 90' lang='lat' dir='ltr'><strong>reliquorum</strong></span> <span class='ocrx_word' id='word_1_277' title='bbox 496 1282 660 1309; x_wconf 89' lang='lat' dir='ltr'><strong>studiorum</strong></span> <span class='ocrx_word' id='word_1_278' title='bbox 676 1284 720 1309; x_wconf 86' lang='lat' dir='ltr'><strong>est</strong></span> <span class='ocrx_word' id='word_1_279' title='bbox 735 1290 768 1309; x_wconf 85' lang='lat' dir='ltr'><strong>ac</strong></span> <span class='ocrx_word' id='word_1_280' title='bbox 794 1282 989 1318; x_wconf 80' lang='lat' dir='ltr'><strong>negotiorum,</strong></span> <span class='ocrx_word' id='word_1_281' title='bbox 1004 1290 1040 1309; x_wconf 87' lang='lat' dir='ltr'><strong>ne</strong></span> 
     </span>
    </p>
   </div>
   <div class='ocr_carea' id='block_1_42' title="bbox 217 1324 1041 1362">
    <p class='ocr_par' dir='ltr' id='par_1_42' title="bbox 217 1324 1041 1362">
     <span class='ocr_line' id='line_1_43' title="bbox 217 1324 1041 1362; baseline 0 -10"><span class='ocrx_word' id='word_1_282' title='bbox 217 1325 262 1353; x_wconf 85' lang='lat' dir='ltr'><strong>vel</strong></span> <span class='ocrx_word' id='word_1_283' title='bbox 278 1324 376 1353; x_wconf 84' lang='lat' dir='ltr'><strong>animo</strong></span> <span class='ocrx_word' id='word_1_284' title='bbox 392 1325 452 1354; x_wconf 90' lang='lat' dir='ltr'><strong>illic</strong></span> <span class='ocrx_word' id='word_1_285' title='bbox 467 1326 594 1362; x_wconf 86' lang='lat' dir='ltr'><strong>cogitare</strong></span> <span class='ocrx_word' id='word_1_286' title='bbox 610 1325 677 1353; x_wconf 87' lang='lat' dir='ltr'><strong>licet</strong></span> <span class='ocrx_word' id='word_1_287' title='bbox 693 1334 699 1352; x_wconf 91' lang='lat'><strong>:</strong></span> <span class='ocrx_word' id='word_1_288' title='bbox 717 1326 767 1354; x_wconf 88' lang='lat' dir='ltr'><strong>sed</strong></span> <span class='ocrx_word' id='word_1_289' title='bbox 793 1326 882 1354; x_wconf 81' lang='lat' dir='ltr'><strong>stabit</strong></span> <span class='ocrx_word' id='word_1_290' title='bbox 908 1329 1041 1353; x_wconf 85' lang='lat' dir='ltr'><strong>creatura</strong></span> 
     </span>
    </p>
   </div>
   <div class='ocr_carea' id='block_1_43' title="bbox 220 1370 1041 1406">
    <p class='ocr_par' dir='ltr' id='par_1_43' title="bbox 220 1370 1041 1406">
     <span class='ocr_line' id='line_1_44' title="bbox 220 1370 1041 1406; baseline 0 -8"><span class='ocrx_word' id='word_1_291' title='bbox 220 1370 343 1398; x_wconf 88' lang='lat' dir='ltr'><strong>attonita</strong></span> <span class='ocrx_word' id='word_1_292' title='bbox 353 1378 386 1398; x_wconf 85' lang='lat' dir='ltr'><strong>ac</strong></span> <span class='ocrx_word' id='word_1_293' title='bbox 401 1373 545 1404; x_wconf 87' lang='lat' dir='ltr'><strong>tremens;</strong></span> <span class='ocrx_word' id='word_1_294' title='bbox 561 1371 710 1406; x_wconf 83' lang='lat' dir='ltr'><strong>sudorque</strong></span> <span class='ocrx_word' id='word_1_295' title='bbox 730 1379 764 1398; x_wconf 79' lang='lat' dir='ltr'><strong>ex</strong></span> <span class='ocrx_word' id='word_1_296' title='bbox 788 1371 937 1405; x_wconf 84' lang='lat' dir='ltr'><strong>omnibus,</strong></span> <span class='ocrx_word' id='word_1_297' title='bbox 954 1379 1041 1405; x_wconf 87' lang='lat' dir='ltr'><strong>quem</strong></span> 
     </span>
    </p>
   </div>
   <div class='ocr_carea' id='block_1_44' title="bbox 220 1414 1039 1450">
    <p class='ocr_par' dir='ltr' id='par_1_44' title="bbox 220 1414 1039 1450">
     <span class='ocr_line' id='line_1_45' title="bbox 220 1414 1039 1450; baseline 0.001 -9"><span class='ocrx_word' id='word_1_298' title='bbox 220 1414 264 1442; x_wconf 90' lang='lat' dir='ltr'><strong>vis</strong></span> <span class='ocrx_word' id='word_1_299' title='bbox 294 1414 375 1443; x_wconf 86' lang='lat' dir='ltr'><strong>nulla</strong></span> <span class='ocrx_word' id='word_1_300' title='bbox 403 1417 543 1449; x_wconf 84' lang='lat' dir='ltr'><strong>coerceat,</strong></span> <span class='ocrx_word' id='word_1_301' title='bbox 580 1417 719 1450; x_wconf 86' lang='lat' dir='ltr'><strong>metuque</strong></span> <span class='ocrx_word' id='word_1_302' title='bbox 753 1414 881 1450; x_wconf 72' lang='lat' dir='ltr'><strong>perplexi</strong></span> <span class='ocrx_word' id='word_1_303' title='bbox 909 1423 1011 1442; x_wconf 84' lang='lat' dir='ltr'><strong>omnes</strong></span> <span class='ocrx_word' id='word_1_304' title='bbox 1034 1423 1039 1441; x_wconf 95' lang='lat'>:</span> 
     </span>
    </p>
   </div>
   <div class='ocr_carea' id='block_1_45' title="bbox 218 1459 1043 1496">
    <p class='ocr_par' dir='ltr' id='par_1_45' title="bbox 218 1459 1043 1496">
     <span class='ocr_line' id='line_1_46' title="bbox 218 1459 1043 1496; baseline -0.001 -9"><span class='ocrx_word' id='word_1_305' title='bbox 218 1459 294 1494; x_wconf 83' lang='lat' dir='ltr'><strong>justi</strong></span> <span class='ocrx_word' id='word_1_306' title='bbox 310 1468 425 1495; x_wconf 87' lang='lat' dir='ltr'><strong>quoque</strong></span> <span class='ocrx_word' id='word_1_307' title='bbox 440 1460 518 1496; x_wconf 86' lang='lat' dir='ltr'><strong>apud</strong></span> <span class='ocrx_word' id='word_1_308' title='bbox 541 1467 595 1487; x_wconf 87' lang='lat' dir='ltr'><strong>nos</strong></span> <span class='ocrx_word' id='word_1_309' title='bbox 624 1459 681 1496; x_wconf 82' lang='lat' dir='ltr'><strong>ipsi</strong></span> <span class='ocrx_word' id='word_1_310' title='bbox 697 1459 774 1486; x_wconf 81' lang='lat' dir='ltr'><strong>anxii</strong></span> <span class='ocrx_word' id='word_1_311' title='bbox 791 1462 859 1486; x_wconf 93' lang='lat' dir='ltr'><strong>tunc</strong></span> <span class='ocrx_word' id='word_1_312' title='bbox 888 1459 1043 1486; x_wconf 81' lang='lat' dir='ltr'><strong>formidine</strong></span> 
     </span>
    </p>
   </div>
   <div class='ocr_carea' id='block_1_46' title="bbox 223 1503 1044 1538">
    <p class='ocr_par' dir='ltr' id='par_1_46' title="bbox 223 1503 1044 1538">
     <span class='ocr_line' id='line_1_47' title="bbox 223 1503 1044 1538; baseline 0 -8"><span class='ocrx_word' id='word_1_313' title='bbox 223 1505 318 1538; x_wconf 86' lang='lat' dir='ltr'><strong>erunt,</strong></span> <span class='ocrx_word' id='word_1_314' title='bbox 336 1505 403 1532; x_wconf 77' lang='lat' dir='ltr'><strong>utra</strong></span> <span class='ocrx_word' id='word_1_315' title='bbox 417 1505 452 1532; x_wconf 85' lang='lat' dir='ltr'><strong>de</strong></span> <span class='ocrx_word' id='word_1_316' title='bbox 467 1504 525 1531; x_wconf 89' lang='lat' dir='ltr'><strong>illis</strong></span> <span class='ocrx_word' id='word_1_317' title='bbox 549 1503 695 1532; x_wconf 83' lang='lat' dir='ltr'><strong>sententia</strong></span> <span class='ocrx_word' id='word_1_318' title='bbox 721 1504 840 1531; x_wconf 76' lang='lat' dir='ltr'><strong>ferenda</strong></span> <span class='ocrx_word' id='word_1_319' title='bbox 868 1503 917 1531; x_wconf 88' lang='lat' dir='ltr'><strong>sit.</strong></span> <span class='ocrx_word' id='word_1_320' title='bbox 940 1503 1000 1531; x_wconf 84' lang='lat' dir='ltr'><strong>Erit</strong></span> <span class='ocrx_word' id='word_1_321' title='bbox 1015 1506 1044 1531; x_wconf 87' lang='lat' dir='ltr'><strong>et</strong></span> 
     </span>
    </p>
   </div>
   <div class='ocr_carea' id='block_1_47' title="bbox 221 1548 1044 1581">
    <p class='ocr_par' dir='ltr' id='par_1_47' title="bbox 221 1548 1044 1581">
     <span class='ocr_line' id='line_1_48' title="bbox 221 1548 1044 1581; baseline -0.001 -5"><span class='ocrx_word' id='word_1_322' title='bbox 221 1548 410 1576; x_wconf 81' lang='lat' dir='ltr'><strong>Abrahamus</strong></span> <span class='ocrx_word' id='word_1_323' title='bbox 431 1551 501 1576; x_wconf 84' lang='lat' dir='ltr'><strong>tunc</strong></span> <span class='ocrx_word' id='word_1_324' title='bbox 529 1548 633 1576; x_wconf 76' lang='lat' dir='ltr'><strong>anxius</strong></span> <span class='ocrx_word' id='word_1_325' title='bbox 658 1557 691 1575; x_wconf 87' lang='lat' dir='ltr'><strong>ae</strong></span> <span class='ocrx_word' id='word_1_326' title='bbox 715 1548 870 1581; x_wconf 89' lang='lat' dir='ltr'><strong>sollicitus,</strong></span> <span class='ocrx_word' id='word_1_327' title='bbox 890 1557 948 1575; x_wconf 87' lang='lat' dir='ltr'><strong>non</strong></span> <span class='ocrx_word' id='word_1_328' title='bbox 963 1548 1044 1575; x_wconf 85' lang='lat' dir='ltr'><strong>velut</strong></span> 
     </span>
    </p>
   </div>
   <div class='ocr_carea' id='block_1_48' title="bbox 222 1593 1043 1630">
    <p class='ocr_par' dir='ltr' id='par_1_48' title="bbox 222 1593 1043 1630">
     <span class='ocr_line' id='line_1_49' title="bbox 222 1593 1043 1630; baseline -0.002 -9"><span class='ocrx_word' id='word_1_329' title='bbox 222 1593 272 1630; x_wconf 89' lang='lat' dir='ltr'><strong>qui</strong></span> <span class='ocrx_word' id='word_1_330' title='bbox 287 1593 317 1621; x_wconf 92' lang='lat' dir='ltr'><strong>in</strong></span> <span class='ocrx_word' id='word_1_331' title='bbox 333 1593 496 1629; x_wconf 86' lang='lat' dir='ltr'><strong>gehennam</strong></span> <span class='ocrx_word' id='word_1_332' title='bbox 512 1593 665 1621; x_wconf 83' lang='lat' dir='ltr'><strong>detrusum</strong></span> <span class='ocrx_word' id='word_1_333' title='bbox 680 1601 711 1621; x_wconf 84' lang='lat' dir='ltr'><strong>se</strong></span> <span class='ocrx_word' id='word_1_334' title='bbox 727 1593 762 1620; x_wconf 93' lang='lat' dir='ltr'><strong>iri</strong></span> <span class='ocrx_word' id='word_1_335' title='bbox 778 1595 933 1629; x_wconf 84' lang='lat' dir='ltr'><strong>exspectet,</strong></span> <span class='ocrx_word' id='word_1_336' title='bbox 946 1593 996 1620; x_wconf 88' lang='lat' dir='ltr'><strong>sed</strong></span> <span class='ocrx_word' id='word_1_337' title='bbox 1014 1593 1043 1619; x_wconf 95' lang='lat' dir='ltr'><strong>in</strong></span> 
     </span>
    </p>
   </div>
   <div class='ocr_carea' id='block_1_49' title="bbox 223 1625 1081 1673">
    <p class='ocr_par' dir='ltr' id='par_1_49' title="bbox 223 1625 1081 1673">
     <span class='ocr_line' id='line_1_50' title="bbox 223 1625 1081 1673; baseline -0.002 -8"><span class='ocrx_word' id='word_1_338' title='bbox 223 1625 282 1673; x_wconf 78' lang='lat' dir='ltr'><strong>qua</strong></span> <span class='ocrx_word' id='word_1_339' title='bbox 295 1639 441 1673; x_wconf 74' lang='lat' dir='ltr'><strong>iustorum</strong></span> <span class='ocrx_word' id='word_1_340' title='bbox 459 1637 571 1670; x_wconf 79' lang='lat' dir='ltr'><strong>classe;</strong></span> <span class='ocrx_word' id='word_1_341' title='bbox 589 1637 694 1672; x_wconf 87' lang='lat' dir='ltr'><strong>prima,</strong></span> <span class='ocrx_word' id='word_1_342' title='bbox 711 1625 850 1672; x_wconf 78' lang='lat' dir='ltr'><strong>sesnnda,</strong></span> <span class='ocrx_word' id='word_1_343' title='bbox 879 1639 930 1664; x_wconf 89' lang='lat' dir='ltr'><strong>aut</strong></span> <span class='ocrx_word' id='word_1_344' title='bbox 959 1636 1044 1664; x_wconf 86' lang='lat' dir='ltr'><strong>tertia</strong></span> <span class='ocrx_word' id='word_1_345' title='bbox 1060 1625 1081 1657; x_wconf 69' lang='grc' dir='ltr'>Ο</span> 
     </span>
    </p>
   </div>
   <div class='ocr_carea' id='block_1_50' title="bbox 221 1680 1043 1710">
    <p class='ocr_par' dir='ltr' id='par_1_50' title="bbox 221 1680 1043 1710">
     <span class='ocr_line' id='line_1_51' title="bbox 221 1680 1043 1710; baseline -0.004 0"><span class='ocrx_word' id='word_1_346' title='bbox 221 1681 364 1710; x_wconf 86' lang='lat' dir='ltr'><strong>locandus</strong></span> <span class='ocrx_word' id='word_1_347' title='bbox 379 1681 427 1709; x_wconf 85' lang='lat' dir='ltr'><strong>sit.</strong></span> <span class='ocrx_word' id='word_1_348' title='bbox 444 1681 586 1709; x_wconf 85' lang='lat' dir='ltr'><strong>Dominus</strong></span> <span class='ocrx_word' id='word_1_349' title='bbox 608 1682 643 1708; x_wconf 90' lang='lat' dir='ltr'><strong>de</strong></span> <span class='ocrx_word' id='word_1_350' title='bbox 664 1681 735 1709; x_wconf 71' lang='lat' dir='ltr'><strong>cmlo</strong></span> <span class='ocrx_word' id='word_1_351' title='bbox 763 1681 878 1708; x_wconf 87' lang='lat' dir='ltr'><strong>advenit</strong></span> <span class='ocrx_word' id='word_1_352' title='bbox 894 1690 900 1708; x_wconf 91' lang='lat'>:</span> <span class='ocrx_word' id='word_1_353' title='bbox 915 1680 1043 1708; x_wconf 83' lang='lat' dir='ltr'><strong>revelan-</strong></span> 
     </span>
    </p>
   </div>
   <div class='ocr_carea' id='block_1_51' title="bbox 225 1725 1044 1762">
    <p class='ocr_par' dir='ltr' id='par_1_51' title="bbox 225 1725 1044 1762">
     <span class='ocr_line' id='line_1_52' title="bbox 225 1725 1044 1762; baseline -0.002 -8"><span class='ocrx_word' id='word_1_354' title='bbox 225 1730 272 1755; x_wconf 89' lang='lat' dir='ltr'><strong>tur</strong></span> <span class='ocrx_word' id='word_1_355' title='bbox 297 1726 430 1755; x_wconf 69' lang='lat' dir='ltr'><strong>caalestcs</strong></span> <span class='ocrx_word' id='word_1_356' title='bbox 459 1727 628 1762; x_wconf 86' lang='lat' dir='ltr'><strong>potestates,</strong></span> <span class='ocrx_word' id='word_1_357' title='bbox 659 1725 740 1753; x_wconf 70' lang='lat' dir='ltr'><strong>caelis</strong></span> <span class='ocrx_word' id='word_1_358' title='bbox 772 1725 919 1761; x_wconf 85' lang='lat' dir='ltr'><strong>diruptis;</strong></span> <span class='ocrx_word' id='word_1_359' title='bbox 948 1725 1044 1753; x_wconf 89' lang='lat' dir='ltr'><strong>omnis</strong></span> 
     </span>
    </p>
   </div>
   <div class='ocr_carea' id='block_1_52' title="bbox 224 1769 1048 1806">
    <p class='ocr_par' dir='ltr' id='par_1_52' title="bbox 224 1769 1048 1806">
     <span class='ocr_line' id='line_1_53' title="bbox 224 1769 1048 1806; baseline -0.004 -7"><span class='ocrx_word' id='word_1_360' title='bbox 224 1773 358 1800; x_wconf 86' lang='lat' dir='ltr'><strong>creatura</strong></span> <span class='ocrx_word' id='word_1_361' title='bbox 369 1771 563 1799; x_wconf 86' lang='lat' dir='ltr'><strong>tremebunda</strong></span> <span class='ocrx_word' id='word_1_362' title='bbox 587 1772 724 1806; x_wconf 86' lang='lat' dir='ltr'><strong>metuque</strong></span> <span class='ocrx_word' id='word_1_363' title='bbox 749 1770 938 1798; x_wconf 84' lang='lat' dir='ltr'><strong>contrahetur</strong></span> <span class='ocrx_word' id='word_1_364' title='bbox 953 1780 960 1804; x_wconf 83' lang='lat'><strong>;</strong></span> <span class='ocrx_word' id='word_1_365' title='bbox 978 1769 1048 1805; x_wconf 87' lang='lat' dir='ltr'><strong>quia</strong></span> 
     </span>
    </p>
   </div>
   <div class='ocr_carea' id='block_1_53' title="bbox 226 1814 1047 1852">
    <p class='ocr_par' dir='ltr' id='par_1_53' title="bbox 226 1814 1047 1852">
     <span class='ocr_line' id='line_1_54' title="bbox 226 1814 1047 1852; baseline -0.004 -8"><span class='ocrx_word' id='word_1_366' title='bbox 226 1818 255 1845; x_wconf 88' lang='lat' dir='ltr'><strong>et</strong></span> <span class='ocrx_word' id='word_1_367' title='bbox 277 1816 335 1852; x_wconf 84' lang='lat' dir='ltr'><strong>ipsi</strong></span> <span class='ocrx_word' id='word_1_368' title='bbox 365 1815 488 1844; x_wconf 80' lang='lat' dir='ltr'><strong>forsitan</strong></span> <span class='ocrx_word' id='word_1_369' title='bbox 517 1815 611 1850; x_wconf 84' lang='lat' dir='ltr'><strong>angeli</strong></span> <span class='ocrx_word' id='word_1_370' title='bbox 640 1815 780 1842; x_wconf 83' lang='lat' dir='ltr'><strong>astabant</strong></span> <span class='ocrx_word' id='word_1_371' title='bbox 813 1818 891 1842; x_wconf 88' lang='lat' dir='ltr'><strong>metu</strong></span> <span class='ocrx_word' id='word_1_372' title='bbox 920 1814 1047 1850; x_wconf 83' lang='lat' dir='ltr'><strong>perculsi</strong></span> 
     </span>
    </p>
   </div>
   <div class='ocr_carea' id='block_1_54' title="bbox 228 1859 1048 1896">
    <p class='ocr_par' dir='ltr' id='par_1_54' title="bbox 228 1859 1048 1896">
     <span class='ocr_line' id='line_1_55' title="bbox 228 1859 1048 1896; baseline -0.004 -7"><span class='ocrx_word' id='word_1_373' title='bbox 228 1870 261 1889; x_wconf 88' lang='lat' dir='ltr'><strong>ac</strong></span> <span class='ocrx_word' id='word_1_374' title='bbox 276 1861 383 1896; x_wconf 84' lang='lat' dir='ltr'><strong>pavidi,</strong></span> <span class='ocrx_word' id='word_1_375' title='bbox 398 1869 456 1888; x_wconf 87' lang='lat' dir='ltr'><strong>non</strong></span> <span class='ocrx_word' id='word_1_376' title='bbox 479 1869 512 1888; x_wconf 88' lang='lat' dir='ltr'><strong>ca</strong></span> <span class='ocrx_word' id='word_1_377' title='bbox 540 1859 652 1887; x_wconf 87' lang='lat' dir='ltr'><strong>ratione</strong></span> <span class='ocrx_word' id='word_1_378' title='bbox 669 1859 745 1894; x_wconf 90' lang='lat' dir='ltr'><strong>quod</strong></span> <span class='ocrx_word' id='word_1_379' title='bbox 762 1859 798 1886; x_wconf 85' lang='lat' dir='ltr'><strong>de</strong></span> <span class='ocrx_word' id='word_1_380' title='bbox 824 1859 887 1887; x_wconf 86' lang='lat' dir='ltr'><strong>suis</strong></span> <span class='ocrx_word' id='word_1_381' title='bbox 916 1861 1048 1886; x_wconf 85' lang='lat' dir='ltr'><strong>metuant</strong></span> 
     </span>
    </p>
   </div>
   <div class='ocr_carea' id='block_1_55' title="bbox 229 1904 1048 1940">
    <p class='ocr_par' dir='ltr' id='par_1_55' title="bbox 229 1904 1048 1940">
     <span class='ocr_line' id='line_1_56' title="bbox 229 1904 1048 1940; baseline -0.004 -7"><span class='ocrx_word' id='word_1_382' title='bbox 229 1905 305 1933; x_wconf 75' lang='lat'><strong>843</strong></span> <span class='ocrx_word' id='word_1_383' title='bbox 322 1904 500 1937; x_wconf 86' lang='lat' dir='ltr'><strong>delictis,sed</strong></span> <span class='ocrx_word' id='word_1_384' title='bbox 516 1905 593 1940; x_wconf 89' lang='lat' dir='ltr'><strong>quod</strong></span> <span class='ocrx_word' id='word_1_385' title='bbox 605 1904 750 1939; x_wconf 77' lang='lat' dir='ltr'><strong>gloriosus</strong></span> <span class='ocrx_word' id='word_1_386' title='bbox 766 1906 988 1939; x_wconf 81' lang='lat' dir='ltr'><strong>praepotensque</strong></span> <span class='ocrx_word' id='word_1_387' title='bbox 999 1904 1048 1938; x_wconf 78' lang='lat' dir='ltr'><strong>ju~</strong></span> 
     </span>
    </p>
   </div>
   <div class='ocr_carea' id='block_1_56' title="bbox 228 1948 1050 1985">
    <p class='ocr_par' dir='ltr' id='par_1_56' title="bbox 228 1948 1050 1985">
     <span class='ocr_line' id='line_1_57' title="bbox 228 1948 1050 1985; baseline -0.002 -8"><span class='ocrx_word' id='word_1_388' title='bbox 228 1950 303 1977; x_wconf 86' lang='lat' dir='ltr'><strong>dicis</strong></span> <span class='ocrx_word' id='word_1_389' title='bbox 319 1951 502 1985; x_wconf 83' lang='lat' dir='ltr'><strong>conspectus,</strong></span> <span class='ocrx_word' id='word_1_390' title='bbox 517 1949 631 1976; x_wconf 90' lang='lat' dir='ltr'><strong>cunctis</strong></span> <span class='ocrx_word' id='word_1_391' title='bbox 647 1948 766 1984; x_wconf 81' lang='lat' dir='ltr'><strong>perinde</strong></span> <span class='ocrx_word' id='word_1_392' title='bbox 780 1948 885 1975; x_wconf 86' lang='lat' dir='ltr'><strong>creatis</strong></span> <span class='ocrx_word' id='word_1_393' title='bbox 900 1948 945 1975; x_wconf 88' lang='lat' dir='ltr'><strong>sui</strong></span> <span class='ocrx_word' id='word_1_394' title='bbox 960 1948 1050 1984; x_wconf 88' lang='lat' dir='ltr'><strong>ipsius</strong></span> 
     </span>
    </p>
   </div>
   <div class='ocr_carea' id='block_1_57' title="bbox 230 1992 1051 2022">
    <p class='ocr_par' dir='ltr' id='par_1_57' title="bbox 230 1992 1051 2022">
     <span class='ocr_line' id='line_1_58' title="bbox 230 1992 1051 2022; baseline -0.004 0"><span class='ocrx_word' id='word_1_395' title='bbox 230 1996 342 2022; x_wconf 85' lang='lat' dir='ltr'><strong>metum</strong></span> <span class='ocrx_word' id='word_1_396' title='bbox 353 1993 541 2021; x_wconf 86' lang='lat' dir='ltr'><strong>immissurus</strong></span> <span class='ocrx_word' id='word_1_397' title='bbox 557 1993 672 2021; x_wconf 85' lang='lat' dir='ltr'><strong>sit.Non</strong></span> <span class='ocrx_word' id='word_1_398' title='bbox 687 1992 772 2020; x_wconf 84' lang='lat' dir='ltr'><strong>audis</strong></span> <span class='ocrx_word' id='word_1_399' title='bbox 785 1993 888 2020; x_wconf 85' lang='lat' dir='ltr'><strong>Isaiam</strong></span> <span class='ocrx_word' id='word_1_400' title='bbox 906 1993 1051 2020; x_wconf 88' lang='lat' dir='ltr'><strong>dicentem</strong></span> 
     </span>
    </p>
   </div>
   <div class='ocr_carea' id='block_1_58' title="bbox 229 2037 1053 2075">
    <p class='ocr_par' dir='ltr' id='par_1_58' title="bbox 229 2037 1053 2075">
     <span class='ocr_line' id='line_1_59' title="bbox 229 2037 1053 2075; baseline -0.004 -8"><span class='ocrx_word' id='word_1_401' title='bbox 229 2038 259 2067; x_wconf 83' lang='lat' dir='ltr'><strong>Si</strong></span> <span class='ocrx_word' id='word_1_402' title='bbox 270 2039 409 2075; x_wconf 71' lang='lat' dir='ltr'><strong>aperueris</strong></span> <span class='ocrx_word' id='word_1_403' title='bbox 423 2038 532 2073; x_wconf 63' lang='lat' dir='ltr'><strong>castum,</strong></span> <span class='ocrx_word' id='word_1_404' title='bbox 549 2041 650 2065; x_wconf 76' lang='lat' dir='ltr'><strong>tremor</strong></span> <span class='ocrx_word' id='word_1_405' title='bbox 667 2037 848 2073; x_wconf 67' lang='lat' dir='ltr'><strong>apprehende!</strong></span> <span class='ocrx_word' id='word_1_406' title='bbox 861 2046 896 2065; x_wconf 68' lang='lat' dir='ltr'><strong>em</strong></span> <span class='ocrx_word' id='word_1_407' title='bbox 910 2040 935 2065; x_wconf 82' lang='lat' dir='ltr'><strong>te</strong></span> <span class='ocrx_word' id='word_1_408' title='bbox 950 2038 1053 2065; x_wconf 78' lang='lat' dir='ltr'><strong>montes</strong></span> 
     </span>
    </p>
   </div>
   <div class='ocr_carea' id='block_1_59' title="bbox 229 2081 1054 2120">
    <p class='ocr_par' dir='ltr' id='par_1_59' title="bbox 229 2081 1054 2120">
     <span class='ocr_line' id='line_1_60' title="bbox 229 2081 1054 2120; baseline -0.004 -8"><span class='ocrx_word' id='word_1_409' title='bbox 229 2084 253 2102; x_wconf 79' lang='grc'><strong>³⁴</strong></span> <span class='ocrx_word' id='word_1_410' title='bbox 265 2084 279 2112; x_wconf 81' lang='lat'><strong>?</strong></span> <span class='ocrx_word' id='word_1_411' title='bbox 295 2084 403 2120; x_wconf 88' lang='lat' dir='ltr'><strong>quibus</strong></span> <span class='ocrx_word' id='word_1_412' title='bbox 418 2083 495 2111; x_wconf 89' lang='lat' dir='ltr'><strong>diem</strong></span> <span class='ocrx_word' id='word_1_413' title='bbox 507 2081 591 2110; x_wconf 90' lang='lat' dir='ltr'><strong>illum</strong></span> <span class='ocrx_word' id='word_1_414' title='bbox 603 2082 779 2110; x_wconf 83' lang='lat' dir='ltr'><strong>subindicat.</strong></span> <span class='ocrx_word' id='word_1_415' title='bbox 794 2082 834 2110; x_wconf 84' lang='lat' dir='ltr'><strong>Ab</strong></span> <span class='ocrx_word' id='word_1_416' title='bbox 845 2083 1054 2118; x_wconf 85' lang='lat' dir='ltr'><strong>ejusconspec-</strong></span> 
     </span>
    </p>
   </div>
   <div class='ocr_carea' id='block_1_60' title="bbox 228 2127 1056 2163">
    <p class='ocr_par' dir='ltr' id='par_1_60' title="bbox 228 2127 1056 2163">
     <span class='ocr_line' id='line_1_61' title="bbox 228 2127 1056 2163; baseline -0.005 -6"><span class='ocrx_word' id='word_1_417' title='bbox 228 2131 261 2157; x_wconf 88' lang='lat' dir='ltr'><strong>tu</strong></span> <span class='ocrx_word' id='word_1_418' title='bbox 268 2137 348 2157; x_wconf 86' lang='lat' dir='ltr'><strong>mare</strong></span> <span class='ocrx_word' id='word_1_419' title='bbox 368 2127 539 2163; x_wconf 81' lang='lat' dir='ltr'><strong>conglaciat,</strong></span> <span class='ocrx_word' id='word_1_420' title='bbox 556 2135 601 2154; x_wconf 90' lang='lat' dir='ltr'><strong>res</strong></span> <span class='ocrx_word' id='word_1_421' title='bbox 608 2135 710 2154; x_wconf 88' lang='lat' dir='ltr'><strong>omnes</strong></span> <span class='ocrx_word' id='word_1_422' title='bbox 726 2127 1056 2162; x_wconf 78' lang='lat' dir='ltr'><strong>0bstupescunt,natura</strong></span> 
     </span>
    </p>
   </div>
   <div class='ocr_carea' id='block_1_61' title="bbox 227 2171 1056 2207">
    <p class='ocr_par' dir='ltr' id='par_1_61' title="bbox 227 2171 1056 2207">
     <span class='ocr_line' id='line_1_62' title="bbox 227 2171 1056 2207; baseline -0.005 -5"><span class='ocrx_word' id='word_1_423' title='bbox 227 2174 379 2207; x_wconf 86' lang='lat' dir='ltr'><strong>cmoritur,</strong></span> <span class='ocrx_word' id='word_1_424' title='bbox 396 2181 444 2200; x_wconf 88' lang='lat' dir='ltr'><strong>ars</strong></span> <span class='ocrx_word' id='word_1_425' title='bbox 464 2171 560 2200; x_wconf 88' lang='lat' dir='ltr'><strong>omnis</strong></span> <span class='ocrx_word' id='word_1_426' title='bbox 576 2171 721 2199; x_wconf 85' lang='lat' dir='ltr'><strong>rhetorica</strong></span> <span class='ocrx_word' id='word_1_427' title='bbox 736 2174 819 2198; x_wconf 81' lang='lat' dir='ltr'><strong>vacat</strong></span> <span class='ocrx_word' id='word_1_428' title='bbox 843 2171 1056 2206; x_wconf 83' lang='lat' dir='ltr'><strong>verborumque</strong></span> 
     </span>
    </p>
   </div>
   <div class='ocr_carea' id='block_1_62' title="bbox 229 2214 1056 2250">
    <p class='ocr_par' dir='ltr' id='par_1_62' title="bbox 229 2214 1056 2250">
     <span class='ocr_line' id='line_1_63' title="bbox 229 2214 1056 2250; baseline -0.006 -4"><span class='ocrx_word' id='word_1_429' title='bbox 229 2217 403 2250; x_wconf 83' lang='lat' dir='ltr'><strong>facultas,ob</strong></span> <span class='ocrx_word' id='word_1_430' title='bbox 420 2216 468 2244; x_wconf 90' lang='lat' dir='ltr'><strong>Dei</strong></span> <span class='ocrx_word' id='word_1_431' title='bbox 485 2224 499 2244; x_wconf 90' lang='lat' dir='ltr'><strong>e</strong></span> <span class='ocrx_word' id='word_1_432' title='bbox 515 2215 595 2244; x_wconf 78' lang='lat' dir='ltr'><strong>ccelis</strong></span> <span class='ocrx_word' id='word_1_433' title='bbox 612 2216 779 2243; x_wconf 85' lang='lat' dir='ltr'><strong>adventum.</strong></span> <span class='ocrx_word' id='word_1_434' title='bbox 792 2216 874 2243; x_wconf 87' lang='lat' dir='ltr'><strong>Tunc</strong></span> <span class='ocrx_word' id='word_1_435' title='bbox 889 2215 967 2242; x_wconf 86' lang='lat' dir='ltr'><strong>enim</strong></span> <span class='ocrx_word' id='word_1_436' title='bbox 982 2214 1056 2250; x_wconf 83' lang='lat' dir='ltr'><strong>justi</strong></span> 
     </span>
    </p>
   </div>
   <div class='ocr_carea' id='block_1_63' title="bbox 230 2260 1056 2299">
    <p class='ocr_par' dir='ltr' id='par_1_63' title="bbox 230 2260 1056 2299">
     <span class='ocr_line' id='line_1_64' title="bbox 230 2260 1056 2299; baseline -0.005 -8"><span class='ocrx_word' id='word_1_437' title='bbox 230 2262 391 2299; x_wconf 81' lang='lat' dir='ltr'><strong>rapientur,</strong></span> <span class='ocrx_word' id='word_1_438' title='bbox 409 2269 570 2296; x_wconf 87' lang='lat' dir='ltr'><strong>eorumque</strong></span> <span class='ocrx_word' id='word_1_439' title='bbox 584 2269 689 2288; x_wconf 87' lang='lat' dir='ltr'><strong>currus</strong></span> <span class='ocrx_word' id='word_1_440' title='bbox 705 2261 799 2287; x_wconf 86' lang='lat' dir='ltr'><strong>nubes</strong></span> <span class='ocrx_word' id='word_1_441' title='bbox 816 2262 949 2292; x_wconf 88' lang='lat' dir='ltr'><strong>erunt,ac</strong></span> <span class='ocrx_word' id='word_1_442' title='bbox 965 2260 1056 2287; x_wconf 89' lang='lat' dir='ltr'><strong>dedu-</strong></span> 
     </span>
    </p>
   </div>
   <div class='ocr_carea' id='block_1_64' title="bbox 1130 966 1915 1006">
    <p class='ocr_par' dir='ltr' id='par_1_64' title="bbox 1130 966 1915 1006">
     <span class='ocr_line' id='line_1_65' title="bbox 1130 966 1915 1006; baseline 0 -11"><span class='ocrx_word' id='word_1_443' title='bbox 1130 970 1156 996; x_wconf 89' lang='grc'><strong>9.</strong></span> <span class='ocrx_word' id='word_1_444' title='bbox 1187 966 1325 1005; x_wconf 75' lang='grc' dir='ltr'>Ἑϐδόμην</span> <span class='ocrx_word' id='word_1_445' title='bbox 1352 969 1441 996; x_wconf 84' lang='grc' dir='ltr'>τοίνυν</span> <span class='ocrx_word' id='word_1_446' title='bbox 1471 968 1570 1004; x_wconf 67' lang='grc' dir='ltr'>ταύτην</span> <span class='ocrx_word' id='word_1_447' title='bbox 1610 968 1714 1006; x_wconf 81' lang='grc' dir='ltr'>ἡμέραν</span> <span class='ocrx_word' id='word_1_448' title='bbox 1743 967 1915 1006; x_wconf 78' lang='grc' dir='ltr'>λογισώμεθα</span> 
     </span>
    </p>
   </div>
   <div class='ocr_carea' id='block_1_65' title="bbox 1096 1011 1916 1050">
    <p class='ocr_par' dir='ltr' id='par_1_65' title="bbox 1096 1011 1916 1050">
     <span class='ocr_line' id='line_1_66' title="bbox 1096 1011 1916 1050; baseline -0.001 -10"><span class='ocrx_word' id='word_1_449' title='bbox 1096 1012 1199 1048; x_wconf 70' lang='grc' dir='ltr'>ἐκείνης</span> <span class='ocrx_word' id='word_1_450' title='bbox 1214 1017 1264 1047; x_wconf 79' lang='grc' dir='ltr'><strong>τῆς</strong></span> <span class='ocrx_word' id='word_1_451' title='bbox 1280 1011 1401 1050; x_wconf 71' lang='grc' dir='ltr'>ἑϐδόμης</span> <span class='ocrx_word' id='word_1_452' title='bbox 1426 1017 1476 1048; x_wconf 82' lang='grc' dir='ltr'><strong>τῆς</strong></span> <span class='ocrx_word' id='word_1_453' title='bbox 1493 1012 1645 1044; x_wconf 83' lang='grc' dir='ltr'>συντελείας</span> <span class='ocrx_word' id='word_1_454' title='bbox 1672 1015 1720 1040; x_wconf 76' lang='grc' dir='ltr'>τοῦ</span> <span class='ocrx_word' id='word_1_455' title='bbox 1744 1012 1842 1043; x_wconf 79' lang='grc' dir='ltr'>αἰῶνος</span> <span class='ocrx_word' id='word_1_456' title='bbox 1858 1013 1916 1039; x_wconf 80' lang='grc' dir='ltr'>τού-</span> 
     </span>
    </p>
   </div>
   <div class='ocr_carea' id='block_1_66' title="bbox 1094 1055 1915 1093">
    <p class='ocr_par' dir='ltr' id='par_1_66' title="bbox 1094 1055 1915 1093">
     <span class='ocr_line' id='line_1_67' title="bbox 1094 1055 1915 1093; baseline 0 -9"><span class='ocrx_word' id='word_1_457' title='bbox 1094 1068 1144 1085; x_wconf 87' lang='grc' dir='ltr'><strong>του</strong></span> <span class='ocrx_word' id='word_1_458' title='bbox 1175 1058 1331 1086; x_wconf 81' lang='grc' dir='ltr'>ἀντίτυπον.</span> <span class='ocrx_word' id='word_1_459' title='bbox 1360 1055 1488 1093; x_wconf 66' lang='grc' dir='ltr'>Εῗπωμεν</span> <span class='ocrx_word' id='word_1_460' title='bbox 1517 1057 1619 1085; x_wconf 77' lang='grc' dir='ltr'>τοίνυν·</span> <span class='ocrx_word' id='word_1_461' title='bbox 1645 1057 1694 1084; x_wconf 78' lang='grc' dir='ltr'>Καὶ</span> <span class='ocrx_word' id='word_1_462' title='bbox 1723 1057 1915 1084; x_wconf 79' lang='grc' dir='ltr'>κατέπαυσενὸ</span> 
     </span>
    </p>
   </div>
   <div class='ocr_carea' id='block_1_67' title="bbox 1095 1100 1915 1139">
    <p class='ocr_par' dir='ltr' id='par_1_67' title="bbox 1095 1100 1915 1139">
     <span class='ocr_line' id='line_1_68' title="bbox 1095 1100 1915 1139; baseline -0.001 -10"><span class='ocrx_word' id='word_1_463' title='bbox 1095 1102 1160 1132; x_wconf 73' lang='grc' dir='ltr'>Θεὸς</span> <span class='ocrx_word' id='word_1_464' title='bbox 1173 1104 1207 1138; x_wconf 84' lang='grc' dir='ltr'><strong>τῇ</strong></span> <span class='ocrx_word' id='word_1_465' title='bbox 1232 1102 1323 1138; x_wconf 80' lang='grc' dir='ltr'>ἡμέρᾳ</span> <span class='ocrx_word' id='word_1_466' title='bbox 1346 1104 1379 1138; x_wconf 78' lang='grc' dir='ltr'><strong>τῇ</strong></span> <span class='ocrx_word' id='word_1_467' title='bbox 1410 1100 1515 1139; x_wconf 70' lang='grc' dir='ltr'>ἕϐδόμῃ</span> <span class='ocrx_word' id='word_1_468' title='bbox 1544 1102 1597 1129; x_wconf 81' lang='grc' dir='ltr'>ἀπὸ</span> <span class='ocrx_word' id='word_1_469' title='bbox 1626 1101 1734 1129; x_wconf 82' lang='grc' dir='ltr'>πάντων</span> <span class='ocrx_word' id='word_1_470' title='bbox 1762 1104 1816 1128; x_wconf 80' lang='grc' dir='ltr'><strong>τῶν</strong></span> <span class='ocrx_word' id='word_1_471' title='bbox 1832 1100 1915 1139; x_wconf 77' lang='grc' dir='ltr'>ἔργων</span> 
     </span>
    </p>
   </div>
   <div class='ocr_carea' id='block_1_68' title="bbox 1095 1145 1917 1184">
    <p class='ocr_par' dir='ltr' id='par_1_68' title="bbox 1095 1145 1917 1184">
     <span class='ocr_line' id='line_1_69' title="bbox 1095 1145 1917 1184; baseline 0 -11"><span class='ocrx_word' id='word_1_472' title='bbox 1095 1147 1188 1174; x_wconf 82' lang='grc' dir='ltr'>αὐτοῦ.</span> <span class='ocrx_word' id='word_1_473' title='bbox 1205 1147 1257 1174; x_wconf 75' lang='grc' dir='ltr'><strong>Καὶ</strong></span> <span class='ocrx_word' id='word_1_474' title='bbox 1275 1146 1300 1174; x_wconf 79' lang='grc' dir='ltr'>ἐν</span> <span class='ocrx_word' id='word_1_475' title='bbox 1317 1146 1405 1184; x_wconf 79' lang='grc' dir='ltr'>ἐκείνῃ</span> <span class='ocrx_word' id='word_1_476' title='bbox 1422 1145 1450 1174; x_wconf 71' lang='grc' dir='ltr'><strong>δὲ</strong></span> <span class='ocrx_word' id='word_1_477' title='bbox 1481 1146 1594 1183; x_wconf 86' lang='grc' dir='ltr'>ὁμοίως,</span> <span class='ocrx_word' id='word_1_478' title='bbox 1623 1147 1713 1173; x_wconf 81' lang='grc' dir='ltr'>οὐκέτι</span> <span class='ocrx_word' id='word_1_479' title='bbox 1735 1146 1770 1173; x_wconf 84' lang='grc' dir='ltr'>τὰ</span> <span class='ocrx_word' id='word_1_480' title='bbox 1793 1145 1857 1183; x_wconf 77' lang='grc' dir='ltr'>ἔργα</span> <span class='ocrx_word' id='word_1_481' title='bbox 1871 1148 1917 1173; x_wconf 78' lang='grc' dir='ltr'>τοῦ</span> 
     </span>
    </p>
   </div>
   <div class='ocr_carea' id='block_1_69' title="bbox 1095 1189 1916 1229">
    <p class='ocr_par' dir='ltr' id='par_1_69' title="bbox 1095 1189 1916 1229">
     <span class='ocr_line' id='line_1_70' title="bbox 1095 1189 1916 1229; baseline -0.001 -11"><span class='ocrx_word' id='word_1_482' title='bbox 1095 1191 1199 1228; x_wconf 79' lang='grc' dir='ltr'>κόσμου</span> <span class='ocrx_word' id='word_1_483' title='bbox 1214 1192 1322 1218; x_wconf 76' lang='grc' dir='ltr'>τούτου·</span> <span class='ocrx_word' id='word_1_484' title='bbox 1349 1191 1436 1218; x_wconf 71' lang='grc' dir='ltr'>οὐκέτι</span> <span class='ocrx_word' id='word_1_485' title='bbox 1459 1191 1554 1229; x_wconf 75' lang='grc' dir='ltr'>γάμοι,</span> <span class='ocrx_word' id='word_1_486' title='bbox 1580 1190 1669 1218; x_wconf 74' lang='grc' dir='ltr'>οὐκέτι</span> <span class='ocrx_word' id='word_1_487' title='bbox 1696 1189 1916 1228; x_wconf 75' lang='grc' dir='ltr'>συναλλάγματα,</span> 
     </span>
    </p>
   </div>
   <div class='ocr_carea' id='block_1_70' title="bbox 1096 1234 1917 1274">
    <p class='ocr_par' dir='ltr' id='par_1_70' title="bbox 1096 1234 1917 1274">
     <span class='ocr_line' id='line_1_71' title="bbox 1096 1234 1917 1274; baseline -0.001 -11"><span class='ocrx_word' id='word_1_488' title='bbox 1096 1235 1185 1263; x_wconf 74' lang='grc' dir='ltr'>οὐκέτι</span> <span class='ocrx_word' id='word_1_489' title='bbox 1216 1235 1370 1274; x_wconf 73' lang='grc' dir='ltr'>ἐμπορεῖαι·</span> <span class='ocrx_word' id='word_1_490' title='bbox 1400 1236 1533 1273; x_wconf 81' lang='grc' dir='ltr'>γεωργίας</span> <span class='ocrx_word' id='word_1_491' title='bbox 1563 1234 1602 1272; x_wconf 70' lang='grc' dir='ltr'>δὲ,</span> <span class='ocrx_word' id='word_1_492' title='bbox 1627 1235 1644 1269; x_wconf 75' lang='grc' dir='ltr'>ἢ</span> <span class='ocrx_word' id='word_1_493' title='bbox 1674 1246 1700 1263; x_wconf 85' lang='grc' dir='ltr'><strong>τι</strong></span> <span class='ocrx_word' id='word_1_494' title='bbox 1729 1237 1782 1262; x_wconf 81' lang='grc' dir='ltr'>τῶν</span> <span class='ocrx_word' id='word_1_495' title='bbox 1814 1234 1917 1262; x_wconf 77' lang='grc' dir='ltr'>λοιπῶν</span> 
     </span>
    </p>
   </div>
   <div class='ocr_carea' id='block_1_71' title="bbox 1096 1278 1917 1317">
    <p class='ocr_par' dir='ltr' id='par_1_71' title="bbox 1096 1278 1917 1317">
     <span class='ocr_line' id='line_1_72' title="bbox 1096 1278 1917 1317; baseline -0.002 -9"><span class='ocrx_word' id='word_1_496' title='bbox 1096 1279 1332 1317; x_wconf 77' lang='grc' dir='ltr'>ἐπιτηδευμάτων,</span> <span class='ocrx_word' id='word_1_497' title='bbox 1362 1281 1412 1308; x_wconf 79' lang='grc' dir='ltr'><strong>οὐκ</strong></span> <span class='ocrx_word' id='word_1_498' title='bbox 1441 1278 1511 1307; x_wconf 75' lang='grc' dir='ltr'>ἔστιν</span> <span class='ocrx_word' id='word_1_499' title='bbox 1541 1280 1596 1307; x_wconf 78' lang='grc' dir='ltr'>ἐκεῖ</span> <span class='ocrx_word' id='word_1_500' title='bbox 1620 1279 1668 1307; x_wconf 70' lang='grc' dir='ltr'><strong>κᾶν</strong></span> <span class='ocrx_word' id='word_1_501' title='bbox 1693 1280 1829 1314; x_wconf 75' lang='grc' dir='ltr'>ἐννοῆσαι·</span> <span class='ocrx_word' id='word_1_502' title='bbox 1846 1279 1917 1306; x_wconf 83' lang='grc' dir='ltr'><strong>ἀλλά</strong></span> 
     </span>
    </p>
   </div>
   <div class='ocr_carea' id='block_1_72' title="bbox 1095 1323 1917 1362">
    <p class='ocr_par' dir='ltr' id='par_1_72' title="bbox 1095 1323 1917 1362">
     <span class='ocr_line' id='line_1_73' title="bbox 1095 1323 1917 1362; baseline -0.001 -10"><span class='ocrx_word' id='word_1_503' title='bbox 1095 1327 1198 1360; x_wconf 76' lang='grc' dir='ltr'>πᾶσαὴ</span> <span class='ocrx_word' id='word_1_504' title='bbox 1214 1325 1302 1356; x_wconf 81' lang='grc' dir='ltr'>κτίσις</span> <span class='ocrx_word' id='word_1_505' title='bbox 1331 1325 1487 1361; x_wconf 72' lang='grc' dir='ltr'>ἐπτοημένη</span> <span class='ocrx_word' id='word_1_506' title='bbox 1517 1325 1561 1352; x_wconf 84' lang='grc' dir='ltr'><strong>καὶ</strong></span> <span class='ocrx_word' id='word_1_507' title='bbox 1590 1323 1722 1362; x_wconf 72' lang='grc' dir='ltr'>ἔντρομος</span> <span class='ocrx_word' id='word_1_508' title='bbox 1746 1323 1854 1360; x_wconf 76' lang='grc' dir='ltr'>ἕστηκε,</span> <span class='ocrx_word' id='word_1_509' title='bbox 1874 1324 1917 1351; x_wconf 83' lang='grc' dir='ltr'><strong>καὶ</strong></span> 
     </span>
    </p>
   </div>
   <div class='ocr_carea' id='block_1_73' title="bbox 1096 1368 1918 1408">
    <p class='ocr_par' dir='ltr' id='par_1_73' title="bbox 1096 1368 1918 1408">
     <span class='ocr_line' id='line_1_74' title="bbox 1096 1368 1918 1408; baseline -0.004 -10"><span class='ocrx_word' id='word_1_510' title='bbox 1096 1369 1179 1408; x_wconf 72' lang='grc' dir='ltr'>ἱδρὼς</span> <span class='ocrx_word' id='word_1_511' title='bbox 1193 1370 1246 1397; x_wconf 81' lang='grc' dir='ltr'><strong>ἀπὸ</strong></span> <span class='ocrx_word' id='word_1_512' title='bbox 1275 1369 1380 1396; x_wconf 78' lang='grc' dir='ltr'>πάντων</span> <span class='ocrx_word' id='word_1_513' title='bbox 1411 1369 1605 1407; x_wconf 77' lang='grc' dir='ltr'>ἀκατάσχετος,</span> <span class='ocrx_word' id='word_1_514' title='bbox 1626 1369 1671 1396; x_wconf 83' lang='grc' dir='ltr'><strong>καὶ</strong></span> <span class='ocrx_word' id='word_1_515' title='bbox 1695 1370 1792 1400; x_wconf 71' lang='grc' dir='ltr'>πάντες</span> <span class='ocrx_word' id='word_1_516' title='bbox 1817 1368 1918 1406; x_wconf 76' lang='grc' dir='ltr'>ἐναγώ-</span> 
     </span>
    </p>
   </div>
   <div class='ocr_carea' id='block_1_74' title="bbox 1097 1412 1919 1452">
    <p class='ocr_par' dir='ltr' id='par_1_74' title="bbox 1097 1412 1919 1452">
     <span class='ocr_line' id='line_1_75' title="bbox 1097 1412 1919 1452; baseline -0.002 -10"><span class='ocrx_word' id='word_1_517' title='bbox 1097 1425 1160 1442; x_wconf 87' lang='grc' dir='ltr'>νιοι·</span> <span class='ocrx_word' id='word_1_518' title='bbox 1177 1414 1221 1442; x_wconf 89' lang='grc' dir='ltr'><strong>καὶ</strong></span> <span class='ocrx_word' id='word_1_519' title='bbox 1249 1414 1327 1441; x_wconf 82' lang='grc' dir='ltr'>αὐτοὶ</span> <span class='ocrx_word' id='word_1_520' title='bbox 1354 1415 1379 1441; x_wconf 80' lang='grc' dir='ltr'>οἱ</span> <span class='ocrx_word' id='word_1_521' title='bbox 1405 1415 1469 1452; x_wconf 77' lang='grc' dir='ltr'>παρ’</span> <span class='ocrx_word' id='word_1_522' title='bbox 1497 1415 1564 1450; x_wconf 76' lang='grc' dir='ltr'>ἡμῖν</span> <span class='ocrx_word' id='word_1_523' title='bbox 1594 1412 1705 1448; x_wconf 79' lang='grc' dir='ltr'>δίκαιοι,</span> <span class='ocrx_word' id='word_1_524' title='bbox 1726 1413 1767 1444; x_wconf 88' lang='grc' dir='ltr'><strong>τίς</strong></span> <span class='ocrx_word' id='word_1_525' title='bbox 1789 1423 1857 1440; x_wconf 90' lang='grc' dir='ltr'>ποτε</span> <span class='ocrx_word' id='word_1_526' title='bbox 1870 1413 1919 1449; x_wconf 71' lang='grc' dir='ltr'>ἄρα</span> 
     </span>
    </p>
   </div>
   <div class='ocr_carea' id='block_1_75' title="bbox 1097 1455 1921 1498">
    <p class='ocr_par' dir='ltr' id='par_1_75' title="bbox 1097 1455 1921 1498">
     <span class='ocr_line' id='line_1_76' title="bbox 1097 1455 1921 1498; baseline -0.002 -12"><span class='ocrx_word' id='word_1_527' title='bbox 1097 1461 1189 1498; x_wconf 74' lang='grc' dir='ltr'>ψῆφος</span> <span class='ocrx_word' id='word_1_528' title='bbox 1225 1459 1287 1496; x_wconf 81' lang='grc' dir='ltr'>περὶ</span> <span class='ocrx_word' id='word_1_529' title='bbox 1332 1458 1419 1486; x_wconf 77' lang='grc' dir='ltr'>αὐτῶε</span> <span class='ocrx_word' id='word_1_530' title='bbox 1460 1458 1672 1496; x_wconf 71' lang='grc' dir='ltr'>ἐξενεχθήσεται.</span> <span class='ocrx_word' id='word_1_531' title='bbox 1702 1457 1750 1485; x_wconf 83' lang='grc' dir='ltr'>Καὶ</span> <span class='ocrx_word' id='word_1_532' title='bbox 1794 1455 1921 1496; x_wconf 76' lang='grc' dir='ltr'>Ἀϐραὰμ</span> 
     </span>
    </p>
   </div>
   <div class='ocr_carea' id='block_1_76' title="bbox 1098 1502 1921 1542">
    <p class='ocr_par' dir='ltr' id='par_1_76' title="bbox 1098 1502 1921 1542">
     <span class='ocr_line' id='line_1_77' title="bbox 1098 1502 1921 1542; baseline -0.002 -11"><span class='ocrx_word' id='word_1_533' title='bbox 1098 1503 1241 1542; x_wconf 81' lang='grc' dir='ltr'>ἀγωνιάσει</span> <span class='ocrx_word' id='word_1_534' title='bbox 1256 1503 1329 1536; x_wconf 83' lang='grc' dir='ltr'>τότε,</span> <span class='ocrx_word' id='word_1_535' title='bbox 1358 1503 1412 1540; x_wconf 75' lang='grc' dir='ltr'>οὐχ</span> <span class='ocrx_word' id='word_1_536' title='bbox 1425 1503 1462 1534; x_wconf 89' lang='grc' dir='ltr'>ὡς</span> <span class='ocrx_word' id='word_1_537' title='bbox 1486 1502 1632 1538; x_wconf 73' lang='grc' dir='ltr'>καταδίκην</span> <span class='ocrx_word' id='word_1_538' title='bbox 1650 1502 1687 1534; x_wconf 80' lang='grc' dir='ltr'>εἷς</span> <span class='ocrx_word' id='word_1_539' title='bbox 1710 1502 1815 1540; x_wconf 69' lang='grc' dir='ltr'>γέενναν</span> <span class='ocrx_word' id='word_1_540' title='bbox 1834 1513 1921 1539; x_wconf 78' lang='grc' dir='ltr'>προσ-</span> 
     </span>
    </p>
   </div>
   <div class='ocr_carea' id='block_1_77' title="bbox 1099 1546 1923 1584">
    <p class='ocr_par' dir='ltr' id='par_1_77' title="bbox 1099 1546 1923 1584">
     <span class='ocr_line' id='line_1_78' title="bbox 1099 1546 1923 1584; baseline -0.004 -8"><span class='ocrx_word' id='word_1_541' title='bbox 1099 1548 1198 1584; x_wconf 81' lang='grc' dir='ltr'>δοκῶν,</span> <span class='ocrx_word' id='word_1_542' title='bbox 1212 1546 1276 1575; x_wconf 81' lang='grc' dir='ltr'>ἀλλ’</span> <span class='ocrx_word' id='word_1_543' title='bbox 1301 1547 1325 1574; x_wconf 76' lang='grc' dir='ltr'><strong>έν</strong></span> <span class='ocrx_word' id='word_1_544' title='bbox 1342 1547 1407 1582; x_wconf 83' lang='grc' dir='ltr'>ποίᾳ</span> <span class='ocrx_word' id='word_1_545' title='bbox 1426 1548 1499 1582; x_wconf 72' lang='grc' dir='ltr'>τάξει</span> <span class='ocrx_word' id='word_1_546' title='bbox 1528 1550 1580 1574; x_wconf 81' lang='grc' dir='ltr'>τῶν</span> <span class='ocrx_word' id='word_1_547' title='bbox 1609 1546 1718 1574; x_wconf 79' lang='grc' dir='ltr'>δικαίων</span> <span class='ocrx_word' id='word_1_548' title='bbox 1746 1548 1923 1584; x_wconf 76' lang='grc' dir='ltr'>ταχθήσεται·</span> 
     </span>
    </p>
   </div>
   <div class='ocr_carea' id='block_1_78' title="bbox 1099 1591 1924 1630">
    <p class='ocr_par' dir='ltr' id='par_1_78' title="bbox 1099 1591 1924 1630">
     <span class='ocr_line' id='line_1_79' title="bbox 1099 1591 1924 1630; baseline -0.002 -10"><span class='ocrx_word' id='word_1_549' title='bbox 1099 1592 1238 1629; x_wconf 52' lang='lat' dir='ltr'><strong>apter-{hi}</strong></span> <span class='ocrx_word' id='word_1_550' title='bbox 1266 1591 1385 1628; x_wconf 75' lang='grc' dir='ltr'>δευτέρᾳ,</span> <span class='ocrx_word' id='word_1_551' title='bbox 1401 1591 1419 1626; x_wconf 77' lang='grc' dir='ltr'><strong>ἢ</strong></span> <span class='ocrx_word' id='word_1_552' title='bbox 1448 1591 1536 1630; x_wconf 80' lang='grc' dir='ltr'>τρίτῃ.</span> <span class='ocrx_word' id='word_1_553' title='bbox 1563 1592 1661 1629; x_wconf 73' lang='grc' dir='ltr'>Κύριος</span> <span class='ocrx_word' id='word_1_554' title='bbox 1691 1591 1717 1626; x_wconf 79' lang='grc' dir='ltr'>ἐξ</span> <span class='ocrx_word' id='word_1_555' title='bbox 1741 1591 1857 1629; x_wconf 74' lang='grc' dir='ltr'>οὐρανοῦ</span> <span class='ocrx_word' id='word_1_556' title='bbox 1873 1602 1924 1618; x_wconf 83' lang='grc' dir='ltr'>πα-</span> 
     </span>
    </p>
   </div>
   <div class='ocr_carea' id='block_1_79' title="bbox 1099 1634 1923 1675">
    <p class='ocr_par' dir='ltr' id='par_1_79' title="bbox 1099 1634 1923 1675">
     <span class='ocr_line' id='line_1_80' title="bbox 1099 1634 1923 1675; baseline -0.002 -11"><span class='ocrx_word' id='word_1_557' title='bbox 1099 1637 1248 1675; x_wconf 85' lang='grc' dir='ltr'>ραγίνεται·</span> <span class='ocrx_word' id='word_1_558' title='bbox 1285 1637 1312 1663; x_wconf 74' lang='grc' dir='ltr'>αἱ</span> <span class='ocrx_word' id='word_1_559' title='bbox 1353 1637 1475 1674; x_wconf 78' lang='grc' dir='ltr'>οὐράνιαι</span> <span class='ocrx_word' id='word_1_560' title='bbox 1505 1635 1632 1672; x_wconf 80' lang='grc' dir='ltr'>δυνάμεις</span> <span class='ocrx_word' id='word_1_561' title='bbox 1672 1634 1923 1670; x_wconf 76' lang='grc' dir='ltr'>ἀποκαλύπτονται,</span> 
     </span>
    </p>
   </div>
   <div class='ocr_carea' id='block_1_80' title="bbox 1099 1680 1924 1720">
    <p class='ocr_par' dir='ltr' id='par_1_80' title="bbox 1099 1680 1924 1720">
     <span class='ocr_line' id='line_1_81' title="bbox 1099 1680 1924 1720; baseline -0.004 -10"><span class='ocrx_word' id='word_1_562' title='bbox 1099 1683 1219 1720; x_wconf 65' lang='grc' dir='ltr'>οὖρανῶν</span> <span class='ocrx_word' id='word_1_563' title='bbox 1251 1681 1435 1720; x_wconf 74' lang='grc' dir='ltr'>ῥηγνυμένων·</span> <span class='ocrx_word' id='word_1_564' title='bbox 1475 1685 1547 1708; x_wconf 81' lang='grc' dir='ltr'>πᾶσα</span> <span class='ocrx_word' id='word_1_565' title='bbox 1588 1683 1604 1716; x_wconf 82' lang='grc' dir='ltr'><strong>ἡ</strong></span> <span class='ocrx_word' id='word_1_566' title='bbox 1647 1681 1732 1712; x_wconf 79' lang='grc' dir='ltr'>κτίσις</span> <span class='ocrx_word' id='word_1_567' title='bbox 1773 1680 1798 1707; x_wconf 78' lang='grc' dir='ltr'>ἐν</span> <span class='ocrx_word' id='word_1_568' title='bbox 1827 1681 1924 1719; x_wconf 85' lang='grc' dir='ltr'>τρόμῳ</span> 
     </span>
    </p>
   </div>
   <div class='ocr_carea' id='block_1_81' title="bbox 1099 1723 1925 1763">
    <p class='ocr_par' dir='ltr' id='par_1_81' title="bbox 1099 1723 1925 1763">
     <span class='ocr_line' id='line_1_82' title="bbox 1099 1723 1925 1763; baseline -0.002 -10"><span class='ocrx_word' id='word_1_569' title='bbox 1099 1726 1144 1754; x_wconf 84' lang='grc' dir='ltr'><strong>καὶ</strong></span> <span class='ocrx_word' id='word_1_570' title='bbox 1174 1724 1304 1763; x_wconf 76' lang='grc' dir='ltr'>συστολῇ·</span> <span class='ocrx_word' id='word_1_571' title='bbox 1335 1726 1380 1753; x_wconf 83' lang='grc' dir='ltr'><strong>καὶ</strong></span> <span class='ocrx_word' id='word_1_572' title='bbox 1402 1725 1481 1753; x_wconf 80' lang='grc' dir='ltr'>αὐτοὶ</span> <span class='ocrx_word' id='word_1_573' title='bbox 1511 1726 1536 1752; x_wconf 73' lang='grc' dir='ltr'>οἱ</span> <span class='ocrx_word' id='word_1_574' title='bbox 1564 1724 1673 1763; x_wconf 74' lang='grc' dir='ltr'>ἄγγελοι</span> <span class='ocrx_word' id='word_1_575' title='bbox 1703 1723 1836 1763; x_wconf 75' lang='grc' dir='ltr'>περιδεεῖς</span> <span class='ocrx_word' id='word_1_576' title='bbox 1851 1724 1925 1762; x_wconf 83' lang='grc' dir='ltr'>τάχα</span> 
     </span>
    </p>
   </div>
   <div class='ocr_carea' id='block_1_82' title="bbox 1101 1768 1924 1809">
    <p class='ocr_par' dir='ltr' id='par_1_82' title="bbox 1101 1768 1924 1809">
     <span class='ocr_line' id='line_1_83' title="bbox 1101 1768 1924 1809; baseline -0.002 -11"><span class='ocrx_word' id='word_1_577' title='bbox 1101 1771 1287 1809; x_wconf 78' lang='grc' dir='ltr'>παρίστανται,</span> <span class='ocrx_word' id='word_1_578' title='bbox 1316 1771 1371 1808; x_wconf 80' lang='grc' dir='ltr'>οὐχ</span> <span class='ocrx_word' id='word_1_579' title='bbox 1400 1771 1440 1798; x_wconf 71' lang='grc' dir='ltr'><strong>ὅτι</strong></span> <span class='ocrx_word' id='word_1_580' title='bbox 1480 1771 1542 1808; x_wconf 80' lang='grc' dir='ltr'>περὶ</span> <span class='ocrx_word' id='word_1_581' title='bbox 1571 1770 1776 1808; x_wconf 69' lang='grc' dir='ltr'>ἁμαρτημάτων</span> <span class='ocrx_word' id='word_1_582' title='bbox 1815 1768 1924 1796; x_wconf 76' lang='grc' dir='ltr'>οῗκείων</span> 
     </span>
    </p>
   </div>
   <div class='ocr_carea' id='block_1_83' title="bbox 1103 1813 1925 1852">
    <p class='ocr_par' dir='ltr' id='par_1_83' title="bbox 1103 1813 1925 1852">
     <span class='ocr_line' id='line_1_84' title="bbox 1103 1813 1925 1852; baseline -0.004 -9"><span class='ocrx_word' id='word_1_583' title='bbox 1103 1815 1232 1851; x_wconf 70' lang='grc' dir='ltr'>δεδίασιν,</span> <span class='ocrx_word' id='word_1_584' title='bbox 1249 1815 1312 1843; x_wconf 83' lang='grc' dir='ltr'>ἀλλ’</span> <span class='ocrx_word' id='word_1_585' title='bbox 1327 1816 1368 1842; x_wconf 81' lang='grc' dir='ltr'>ὅτι</span> <span class='ocrx_word' id='word_1_586' title='bbox 1384 1816 1401 1849; x_wconf 90' lang='grc' dir='ltr'><strong>ἡ</strong></span> <span class='ocrx_word' id='word_1_587' title='bbox 1427 1813 1531 1850; x_wconf 74' lang='grc' dir='ltr'>ἔνδοξος</span> <span class='ocrx_word' id='word_1_588' title='bbox 1554 1814 1599 1842; x_wconf 82' lang='grc' dir='ltr'><strong>καὶ</strong></span> <span class='ocrx_word' id='word_1_589' title='bbox 1626 1813 1851 1852; x_wconf 70' lang='grc' dir='ltr'>μεγαλοδύναμος</span> <span class='ocrx_word' id='word_1_590' title='bbox 1875 1816 1925 1841; x_wconf 75' lang='grc' dir='ltr'><strong>τοῦ</strong></span> 
     </span>
    </p>
   </div>
   <div class='ocr_carea' id='block_1_84' title="bbox 1102 1858 1930 1898">
    <p class='ocr_par' dir='ltr' id='par_1_84' title="bbox 1102 1858 1930 1898">
     <span class='ocr_line' id='line_1_85' title="bbox 1102 1858 1930 1898; baseline -0.004 -11"><span class='ocrx_word' id='word_1_591' title='bbox 1102 1862 1198 1898; x_wconf 78' lang='grc' dir='ltr'>κριτοῦ</span> <span class='ocrx_word' id='word_1_592' title='bbox 1228 1860 1380 1894; x_wconf 71' lang='grc' dir='ltr'>ἐπιφάνεια,</span> <span class='ocrx_word' id='word_1_593' title='bbox 1397 1862 1477 1886; x_wconf 75' lang='grc' dir='ltr'>πᾶσιν</span> <span class='ocrx_word' id='word_1_594' title='bbox 1507 1859 1612 1895; x_wconf 86' lang='grc' dir='ltr'>ὁμοίως</span> <span class='ocrx_word' id='word_1_595' title='bbox 1635 1862 1694 1889; x_wconf 79' lang='grc' dir='ltr'>τοῖς</span> <span class='ocrx_word' id='word_1_596' title='bbox 1720 1861 1861 1895; x_wconf 84' lang='grc' dir='ltr'>γεννητοῖς</span> <span class='ocrx_word' id='word_1_597' title='bbox 1884 1858 1930 1886; x_wconf 76' lang='grc' dir='ltr'><strong>τὸδ</strong></span> 
     </span>
    </p>
   </div>
   <div class='ocr_carea' id='block_1_85' title="bbox 1105 1901 1932 1941">
    <p class='ocr_par' dir='ltr' id='par_1_85' title="bbox 1105 1901 1932 1941">
     <span class='ocr_line' id='line_1_86' title="bbox 1105 1901 1932 1941; baseline -0.002 -10"><span class='ocrx_word' id='word_1_598' title='bbox 1105 1905 1201 1939; x_wconf 74' lang='grc' dir='ltr'>ἑαυτῆς</span> <span class='ocrx_word' id='word_1_599' title='bbox 1226 1901 1360 1940; x_wconf 76' lang='grc' dir='ltr'>ἐμϐάλλει</span> <span class='ocrx_word' id='word_1_600' title='bbox 1386 1901 1481 1941; x_wconf 72' lang='grc' dir='ltr'>φόϐον.</span> <span class='ocrx_word' id='word_1_601' title='bbox 1511 1903 1569 1931; x_wconf 81' lang='grc' dir='ltr'>Οὐκ</span> <span class='ocrx_word' id='word_1_602' title='bbox 1597 1902 1704 1934; x_wconf 82' lang='grc' dir='ltr'>ἀκούεις</span> <span class='ocrx_word' id='word_1_603' title='bbox 1744 1905 1792 1930; x_wconf 78' lang='grc' dir='ltr'>τοῦ</span> <span class='ocrx_word' id='word_1_604' title='bbox 1819 1902 1932 1930; x_wconf 72' lang='grc' dir='ltr'>Ἡσαΐου</span> 
     </span>
    </p>
   </div>
   <div class='ocr_carea' id='block_1_86' title="bbox 1106 1946 1933 1986">
    <p class='ocr_par' dir='ltr' id='par_1_86' title="bbox 1106 1946 1933 1986">
     <span class='ocr_line' id='line_1_87' title="bbox 1106 1946 1933 1986; baseline -0.004 -10"><span class='ocrx_word' id='word_1_605' title='bbox 1106 1949 1246 1986; x_wconf 88' lang='grc' dir='ltr'>λέγοντος,</span> <span class='ocrx_word' id='word_1_606' title='bbox 1272 1948 1331 1975; x_wconf 75' lang='grc' dir='ltr'>Ἐὰν</span> <span class='ocrx_word' id='word_1_607' title='bbox 1373 1948 1479 1985; x_wconf 79' lang='grc' dir='ltr'>ἀνοίξῃς</span> <span class='ocrx_word' id='word_1_608' title='bbox 1505 1948 1551 1975; x_wconf 83' lang='grc' dir='ltr'><strong>τὸν</strong></span> <span class='ocrx_word' id='word_1_609' title='bbox 1591 1947 1713 1985; x_wconf 72' lang='grc' dir='ltr'>οὐρανὸν,</span> <span class='ocrx_word' id='word_1_610' title='bbox 1743 1947 1845 1984; x_wconf 85' lang='grc' dir='ltr'>τρόμος</span> <span class='ocrx_word' id='word_1_611' title='bbox 1880 1946 1933 1981; x_wconf 64' lang='grc' dir='ltr'><strong>λῆυ</strong></span> 
     </span>
    </p>
   </div>
   <div class='ocr_carea' id='block_1_87' title="bbox 1107 1989 1933 2031">
    <p class='ocr_par' dir='ltr' id='par_1_87' title="bbox 1107 1989 1933 2031">
     <span class='ocr_line' id='line_1_88' title="bbox 1107 1989 1933 2031; baseline -0.002 -10"><span class='ocrx_word' id='word_1_612' title='bbox 1107 1995 1185 2031; x_wconf 75' lang='grc' dir='ltr'>ψεται</span> <span class='ocrx_word' id='word_1_613' title='bbox 1204 1993 1255 2020; x_wconf 83' lang='grc' dir='ltr'>ἀπὸ</span> <span class='ocrx_word' id='word_1_614' title='bbox 1288 1995 1335 2020; x_wconf 80' lang='grc' dir='ltr'>σοῦ</span> <span class='ocrx_word' id='word_1_615' title='bbox 1364 1989 1431 2029; x_wconf 75' lang='grc' dir='ltr'>ὅρη;</span> <span class='ocrx_word' id='word_1_616' title='bbox 1462 1992 1524 2029; x_wconf 85' lang='grc' dir='ltr'>περὶ</span> <span class='ocrx_word' id='word_1_617' title='bbox 1553 1995 1602 2027; x_wconf 76' lang='grc' dir='ltr'>τῆς</span> <span class='ocrx_word' id='word_1_618' title='bbox 1631 1992 1735 2030; x_wconf 73' lang='grc' dir='ltr'>ἡμέρας</span> <span class='ocrx_word' id='word_1_619' title='bbox 1758 1991 1866 2025; x_wconf 80' lang='grc' dir='ltr'>ἐκαίνης</span> <span class='ocrx_word' id='word_1_620' title='bbox 1890 1992 1933 2019; x_wconf 61' lang='lat' dir='ltr'><strong>al.-</strong></span> 
     </span>
    </p>
   </div>
   <div class='ocr_carea' id='block_1_88' title="bbox 1107 2036 1937 2074">
    <p class='ocr_par' dir='ltr' id='par_1_88' title="bbox 1107 2036 1937 2074">
     <span class='ocr_line' id='line_1_89' title="bbox 1107 2036 1937 2074; baseline -0.002 -9"><span class='ocrx_word' id='word_1_621' title='bbox 1107 2038 1277 2074; x_wconf 85' lang='grc' dir='ltr'>νιττομένου,</span> <span class='ocrx_word' id='word_1_622' title='bbox 1308 2037 1334 2064; x_wconf 76' lang='grc' dir='ltr'>ἐν</span> <span class='ocrx_word' id='word_1_623' title='bbox 1434 2036 1556 2068; x_wconf 79' lang='grc' dir='ltr'>θάλασσα</span> <span class='ocrx_word' id='word_1_624' title='bbox 1583 2037 1715 2074; x_wconf 83' lang='grc' dir='ltr'>πέπηγεν,</span> <span class='ocrx_word' id='word_1_625' title='bbox 1746 2036 1772 2064; x_wconf 78' lang='grc' dir='ltr'>ἐν</span> <span class='ocrx_word' id='word_1_626' title='bbox 1846 2037 1937 2067; x_wconf 85' lang='grc' dir='ltr'>κτίσις</span> 
     </span>
    </p>
   </div>
   <div class='ocr_carea' id='block_1_89' title="bbox 1109 2079 1938 2120">
    <p class='ocr_par' dir='ltr' id='par_1_89' title="bbox 1109 2079 1938 2120">
     <span class='ocr_line' id='line_1_90' title="bbox 1109 2079 1938 2120; baseline -0.002 -10"><span class='ocrx_word' id='word_1_627' title='bbox 1109 2082 1250 2120; x_wconf 71' lang='grc' dir='ltr'>σχολάσει,</span> <span class='ocrx_word' id='word_1_628' title='bbox 1281 2083 1297 2116; x_wconf 87' lang='grc' dir='ltr'>ἠ</span> <span class='ocrx_word' id='word_1_629' title='bbox 1328 2081 1405 2120; x_wconf 76' lang='grc' dir='ltr'>φύσις</span> <span class='ocrx_word' id='word_1_630' title='bbox 1443 2082 1614 2119; x_wconf 81' lang='grc' dir='ltr'>νενέκρωται,</span> <span class='ocrx_word' id='word_1_631' title='bbox 1644 2084 1717 2109; x_wconf 80' lang='grc' dir='ltr'>πᾶσα</span> <span class='ocrx_word' id='word_1_632' title='bbox 1748 2080 1863 2117; x_wconf 79' lang='grc' dir='ltr'>μέθοδος</span> <span class='ocrx_word' id='word_1_633' title='bbox 1892 2079 1938 2108; x_wconf 78' lang='grc' dir='ltr'><strong>διὰ</strong></span> 
     </span>
    </p>
   </div>
   <div class='ocr_carea' id='block_1_90' title="bbox 1110 2124 1938 2164">
    <p class='ocr_par' dir='ltr' id='par_1_90' title="bbox 1110 2124 1938 2164">
     <span class='ocr_line' id='line_1_91' title="bbox 1110 2124 1938 2164; baseline -0.001 -10"><span class='ocrx_word' id='word_1_634' title='bbox 1110 2127 1200 2164; x_wconf 84' lang='grc' dir='ltr'>λόγων</span> <span class='ocrx_word' id='word_1_635' title='bbox 1216 2126 1296 2164; x_wconf 79' lang='grc' dir='ltr'>ἀργὴ,</span> <span class='ocrx_word' id='word_1_636' title='bbox 1312 2126 1380 2163; x_wconf 84' lang='grc' dir='ltr'>πρὸς</span> <span class='ocrx_word' id='word_1_637' title='bbox 1403 2126 1453 2159; x_wconf 76' lang='grc' dir='ltr'>τὴν</span> <span class='ocrx_word' id='word_1_638' title='bbox 1480 2125 1505 2160; x_wconf 81' lang='grc' dir='ltr'><strong>ἐξ</strong></span> <span class='ocrx_word' id='word_1_639' title='bbox 1530 2126 1652 2163; x_wconf 67' lang='grc' dir='ltr'>οὖρανῶν</span> <span class='ocrx_word' id='word_1_640' title='bbox 1678 2126 1726 2153; x_wconf 76' lang='grc' dir='ltr'><strong>τοῦ</strong></span> <span class='ocrx_word' id='word_1_641' title='bbox 1756 2128 1823 2153; x_wconf 75' lang='grc' dir='ltr'>Θεοῦ</span> <span class='ocrx_word' id='word_1_642' title='bbox 1838 2124 1938 2160; x_wconf 81' lang='grc' dir='ltr'>ἐπιδη-</span> 
     </span>
    </p>
   </div>
   <div class='ocr_carea' id='block_1_91' title="bbox 1113 2169 1939 2208">
    <p class='ocr_par' dir='ltr' id='par_1_91' title="bbox 1113 2169 1939 2208">
     <span class='ocr_line' id='line_1_92' title="bbox 1113 2169 1939 2208; baseline -0.001 -10"><span class='ocrx_word' id='word_1_643' title='bbox 1113 2171 1186 2208; x_wconf 90' lang='grc' dir='ltr'>μίαν.</span> <span class='ocrx_word' id='word_1_644' title='bbox 1201 2170 1270 2199; x_wconf 83' lang='grc' dir='ltr'>Τότε</span> <span class='ocrx_word' id='word_1_645' title='bbox 1287 2170 1453 2208; x_wconf 82' lang='grc' dir='ltr'>ἀρπάζονται</span> <span class='ocrx_word' id='word_1_646' title='bbox 1479 2171 1506 2197; x_wconf 78' lang='grc' dir='ltr'>οἱ</span> <span class='ocrx_word' id='word_1_647' title='bbox 1531 2169 1644 2204; x_wconf 78' lang='grc' dir='ltr'>δίκαιοι,</span> <span class='ocrx_word' id='word_1_648' title='bbox 1668 2170 1713 2198; x_wconf 86' lang='grc' dir='ltr'><strong>καὶ</strong></span> <span class='ocrx_word' id='word_1_649' title='bbox 1740 2170 1872 2208; x_wconf 77' lang='grc' dir='ltr'>ὀχήματα</span> <span class='ocrx_word' id='word_1_650' title='bbox 1888 2170 1939 2197; x_wconf 75' lang='grc' dir='ltr'><strong>αὖ-</strong></span> 
     </span>
    </p>
   </div>
   <div class='ocr_carea' id='block_1_92' title="bbox 1110 2213 1938 2254">
    <p class='ocr_par' dir='ltr' id='par_1_92' title="bbox 1110 2213 1938 2254">
     <span class='ocr_line' id='line_1_93' title="bbox 1110 2213 1938 2254; baseline 0.001 -12"><span class='ocrx_word' id='word_1_651' title='bbox 1110 2218 1162 2243; x_wconf 80' lang='grc' dir='ltr'><strong>τῶν</strong></span> <span class='ocrx_word' id='word_1_652' title='bbox 1193 2216 1220 2242; x_wconf 70' lang='grc' dir='ltr'>αἱ</span> <span class='ocrx_word' id='word_1_653' title='bbox 1258 2214 1378 2254; x_wconf 67' lang='grc' dir='ltr'>νεφέλαι,</span> <span class='ocrx_word' id='word_1_654' title='bbox 1408 2214 1452 2242; x_wconf 87' lang='grc' dir='ltr'><strong>καὶ</strong></span> <span class='ocrx_word' id='word_1_655' title='bbox 1494 2216 1657 2252; x_wconf 82' lang='grc' dir='ltr'>προπομποί</span> <span class='ocrx_word' id='word_1_656' title='bbox 1697 2215 1784 2242; x_wconf 82' lang='grc' dir='ltr'>αὐτῶν</span> <span class='ocrx_word' id='word_1_657' title='bbox 1811 2213 1938 2252; x_wconf 75' lang='grc' dir='ltr'>ἄγγελοι.</span> 
     </span>
    </p>
   </div>
   <div class='ocr_carea' id='block_1_93' title="bbox 1112 2258 1937 2297">
    <p class='ocr_par' dir='ltr' id='par_1_93' title="bbox 1112 2258 1937 2297">
     <span class='ocr_line' id='line_1_94' title="bbox 1112 2258 1937 2297; baseline -0.002 -9"><span class='ocrx_word' id='word_1_658' title='bbox 1112 2260 1181 2289; x_wconf 77' lang='grc' dir='ltr'>Τότε</span> <span class='ocrx_word' id='word_1_659' title='bbox 1197 2259 1296 2287; x_wconf 78' lang='grc' dir='ltr'>δίκαιοι</span> <span class='ocrx_word' id='word_1_660' title='bbox 1316 2260 1371 2296; x_wconf 79' lang='grc' dir='ltr'>μὶν,</span> <span class='ocrx_word' id='word_1_661' title='bbox 1400 2260 1436 2290; x_wconf 88' lang='grc' dir='ltr'>ὡς</span> <span class='ocrx_word' id='word_1_662' title='bbox 1464 2259 1581 2297; x_wconf 81' lang='grc' dir='ltr'>ἀστέρες,</span> <span class='ocrx_word' id='word_1_663' title='bbox 1609 2259 1661 2287; x_wconf 82' lang='grc' dir='ltr'><strong>ἀπὸ</strong></span> <span class='ocrx_word' id='word_1_664' title='bbox 1685 2263 1738 2296; x_wconf 87' lang='grc' dir='ltr'><strong>γῆς</strong></span> <span class='ocrx_word' id='word_1_665' title='bbox 1764 2258 1801 2290; x_wconf 76' lang='grc' dir='ltr'>εἶς</span> <span class='ocrx_word' id='word_1_666' title='bbox 1823 2259 1937 2297; x_wconf 83' lang='grc' dir='ltr'>οὐρανὸν</span> 
     </span>
    </p>
   </div>
   <div class='ocr_carea' id='block_1_94' title="bbox 232 2302 1044 2342">
    <p class='ocr_par' dir='ltr' id='par_1_94' title="bbox 232 2304 1043 2342">
     <span class='ocr_line' id='line_1_95' title="bbox 232 2304 1043 2342; baseline -0.005 -7"><span class='ocrx_word' id='word_1_667' title='bbox 232 2309 299 2336; x_wconf 88' lang='lat' dir='ltr'><strong>cent</strong></span> <span class='ocrx_word' id='word_1_668' title='bbox 314 2305 421 2342; x_wconf 83' lang='lat' dir='ltr'><strong>angeli.</strong></span> <span class='ocrx_word' id='word_1_669' title='bbox 437 2306 519 2333; x_wconf 89' lang='lat' dir='ltr'><strong>Tunc</strong></span> <span class='ocrx_word' id='word_1_670' title='bbox 530 2305 604 2340; x_wconf 91' lang='lat' dir='ltr'><strong>justi</strong></span> <span class='ocrx_word' id='word_1_671' title='bbox 620 2305 705 2341; x_wconf 90' lang='lat' dir='ltr'><strong>quasi</strong></span> <span class='ocrx_word' id='word_1_672' title='bbox 721 2304 821 2338; x_wconf 76' lang='lat' dir='ltr'><strong>stellae,</strong></span> <span class='ocrx_word' id='word_1_673' title='bbox 839 2312 853 2331; x_wconf 84' lang='grc' dir='ltr'><strong>ο</strong></span> <span class='ocrx_word' id='word_1_674' title='bbox 869 2307 946 2332; x_wconf 83' lang='lat' dir='ltr'><strong>terra</strong></span> <span class='ocrx_word' id='word_1_675' title='bbox 960 2304 990 2332; x_wconf 88' lang='lat' dir='ltr'><strong>in</strong></span> <span class='ocrx_word' id='word_1_676' title='bbox 1002 2313 1043 2332; x_wconf 72' lang='lat' dir='ltr'><strong>ea:</strong></span> 
     </span>
    </p>
   </div>
   <div class='ocr_carea' id='block_1_95' title="bbox 1101 2302 1940 2342">
    <p class='ocr_par' dir='ltr' id='par_1_95' title="bbox 1113 2302 1940 2342">
     <span class='ocr_line' id='line_1_96' title="bbox 1113 2302 1940 2342; baseline -0.002 -10"><span class='ocrx_word' id='word_1_677' title='bbox 1113 2302 1361 2341; x_wconf 72' lang='grc' dir='ltr'>ἀναλαμϐάνονταιο</span> <span class='ocrx_word' id='word_1_678' title='bbox 1377 2304 1402 2331; x_wconf 75' lang='grc' dir='ltr'>οἱ</span> <span class='ocrx_word' id='word_1_679' title='bbox 1428 2303 1456 2331; x_wconf 70' lang='grc' dir='ltr'><strong>δὲ</strong></span> <span class='ocrx_word' id='word_1_680' title='bbox 1483 2303 1654 2342; x_wconf 82' lang='grc' dir='ltr'>ἁμαρτωλοὶ,</span> <span class='ocrx_word' id='word_1_681' title='bbox 1681 2302 1800 2340; x_wconf 79' lang='grc' dir='ltr'>δέσμιοι,</span> <span class='ocrx_word' id='word_1_682' title='bbox 1820 2306 1862 2340; x_wconf 77' lang='grc' dir='ltr'>τῷ</span> <span class='ocrx_word' id='word_1_683' title='bbox 1879 2302 1940 2340; x_wconf 78' lang='grc' dir='ltr'>ἰδίῳ</span> 
     </span>
    </p>
   </div>
   <div class='ocr_carea' id='block_1_96' title="bbox 231 2349 1056 2387">
    <p class='ocr_par' dir='ltr' id='par_1_96' title="bbox 231 2349 1056 2387">
     <span class='ocr_line' id='line_1_97' title="bbox 231 2349 1056 2387; baseline -0.005 -7"><span class='ocrx_word' id='word_1_684' title='bbox 231 2351 296 2380; x_wconf 89' lang='lat' dir='ltr'><strong>lum</strong></span> <span class='ocrx_word' id='word_1_685' title='bbox 306 2350 501 2387; x_wconf 85' lang='lat' dir='ltr'><strong>recipientur;</strong></span> <span class='ocrx_word' id='word_1_686' title='bbox 518 2351 684 2385; x_wconf 85' lang='lat' dir='ltr'><strong>peccatores</strong></span> <span class='ocrx_word' id='word_1_687' title='bbox 704 2358 770 2376; x_wconf 87' lang='lat' dir='ltr'><strong>vero</strong></span> <span class='ocrx_word' id='word_1_688' title='bbox 796 2349 894 2382; x_wconf 87' lang='lat' dir='ltr'><strong>vincti,</strong></span> <span class='ocrx_word' id='word_1_689' title='bbox 925 2352 1056 2384; x_wconf 87' lang='lat' dir='ltr'><strong>peccato-</strong></span> 
     </span>
    </p>
   </div>
   <div class='ocr_carea' id='block_1_97' title="bbox 233 2394 1058 2432">
    <p class='ocr_par' dir='ltr' id='par_1_97' title="bbox 233 2394 1058 2432">
     <span class='ocr_line' id='line_1_98' title="bbox 233 2394 1058 2432; baseline -0.004 -7"><span class='ocrx_word' id='word_1_690' title='bbox 233 2405 301 2425; x_wconf 79' lang='lat' dir='ltr'><strong>rum</strong></span> <span class='ocrx_word' id='word_1_691' title='bbox 315 2395 433 2432; x_wconf 88' lang='lat' dir='ltr'><strong>proprio</strong></span> <span class='ocrx_word' id='word_1_692' title='bbox 442 2394 570 2431; x_wconf 87' lang='lat' dir='ltr'><strong>pondere</strong></span> <span class='ocrx_word' id='word_1_693' title='bbox 582 2394 735 2430; x_wconf 70' lang='lat' dir='ltr'><strong>praepediti</strong></span> <span class='ocrx_word' id='word_1_694' title='bbox 746 2394 781 2422; x_wconf 80' lang='lat' dir='ltr'><strong>ad</strong></span> <span class='ocrx_word' id='word_1_695' title='bbox 794 2394 908 2421; x_wconf 78' lang='lat' dir='ltr'><strong>inferna</strong></span> <span class='ocrx_word' id='word_1_696' title='bbox 920 2394 1058 2422; x_wconf 87' lang='lat' dir='ltr'><strong>cadentes</strong></span> 
     </span>
    </p>
   </div>
   <div class='ocr_carea' id='block_1_98' title="bbox 229 2437 990 2476">
    <p class='ocr_par' dir='ltr' id='par_1_98' title="bbox 229 2437 990 2476">
     <span class='ocr_line' id='line_1_99' title="bbox 229 2437 990 2476; baseline -0.005 -7"><span class='ocrx_word' id='word_1_697' title='bbox 229 2440 381 2476; x_wconf 83' lang='lat' dir='ltr'><strong>jacebunt,</strong></span> <span class='ocrx_word' id='word_1_698' title='bbox 398 2440 461 2475; x_wconf 88' lang='lat' dir='ltr'><strong>ipso</strong></span> <span class='ocrx_word' id='word_1_699' title='bbox 477 2437 661 2467; x_wconf 74' lang='lat' dir='ltr'><strong>conscientiae</strong></span> <span class='ocrx_word' id='word_1_700' title='bbox 677 2438 847 2474; x_wconf 69' lang='lat' dir='ltr'><strong>prmjudicio</strong></span> <span class='ocrx_word' id='word_1_701' title='bbox 864 2438 990 2466; x_wconf 81' lang='lat' dir='ltr'><strong>confusi.</strong></span> 
     </span>
    </p>
   </div>
   <div class='ocr_carea' id='block_1_99' title="bbox 269 2482 1057 2520">
    <p class='ocr_par' dir='ltr' id='par_1_99' title="bbox 269 2482 1057 2520">
     <span class='ocr_line' id='line_1_100' title="bbox 269 2482 1057 2520; baseline -0.005 -6"><span class='ocrx_word' id='word_1_702' title='bbox 269 2485 314 2514; x_wconf 85' lang='grc'><strong>10.</strong></span> <span class='ocrx_word' id='word_1_703' title='bbox 330 2486 455 2513; x_wconf 86' lang='lat' dir='ltr'><strong>Octavus</strong></span> <span class='ocrx_word' id='word_1_704' title='bbox 465 2484 555 2520; x_wconf 87' lang='lat' dir='ltr'><strong>igitur</strong></span> <span class='ocrx_word' id='word_1_705' title='bbox 570 2483 622 2511; x_wconf 89' lang='lat' dir='ltr'><strong>ille</strong></span> <span class='ocrx_word' id='word_1_706' title='bbox 638 2483 700 2511; x_wconf 88' lang='lat' dir='ltr'><strong>dies</strong></span> <span class='ocrx_word' id='word_1_707' title='bbox 708 2483 797 2511; x_wconf 86' lang='lat' dir='ltr'><strong>hocce</strong></span> <span class='ocrx_word' id='word_1_708' title='bbox 813 2482 937 2519; x_wconf 87' lang='lat' dir='ltr'><strong>septimo</strong></span> <span class='ocrx_word' id='word_1_709' title='bbox 949 2483 1057 2519; x_wconf 84' lang='lat' dir='ltr'><strong>ﬁgura-</strong></span> 
     </span>
    </p>
   </div>
   <div class='ocr_carea' id='block_1_100' title="bbox 231 2527 1059 2566">
    <p class='ocr_par' dir='ltr' id='par_1_100' title="bbox 231 2527 1059 2566">
     <span class='ocr_line' id='line_1_101' title="bbox 231 2527 1059 2566; baseline -0.005 -8"><span class='ocrx_word' id='word_1_710' title='bbox 231 2531 290 2558; x_wconf 84' lang='lat' dir='ltr'><strong>tur.</strong></span> <span class='ocrx_word' id='word_1_711' title='bbox 307 2530 340 2558; x_wconf 82' lang='lat' dir='ltr'><strong>Et</strong></span> <span class='ocrx_word' id='word_1_712' title='bbox 353 2529 485 2566; x_wconf 79' lang='lat' dir='ltr'><strong>requievit</strong></span> <span class='ocrx_word' id='word_1_713' title='bbox 508 2529 579 2556; x_wconf 77' lang='lat' dir='ltr'><strong>Deus</strong></span> <span class='ocrx_word' id='word_1_714' title='bbox 593 2528 640 2556; x_wconf 74' lang='lat' dir='ltr'><strong>die</strong></span> <span class='ocrx_word' id='word_1_715' title='bbox 661 2529 773 2564; x_wconf 81' lang='lat' dir='ltr'><strong>septimo</strong></span> <span class='ocrx_word' id='word_1_716' title='bbox 803 2528 837 2555; x_wconf 85' lang='lat' dir='ltr'><strong>ab</strong></span> <span class='ocrx_word' id='word_1_717' title='bbox 856 2527 981 2555; x_wconf 78' lang='lat' dir='ltr'><strong>omnibus</strong></span> <span class='ocrx_word' id='word_1_718' title='bbox 994 2535 1059 2563; x_wconf 84' lang='lat' dir='ltr'><strong>ope-</strong></span> 
     </span>
    </p>
   </div>
   <div class='ocr_carea' id='block_1_101' title="bbox 232 2571 1058 2609">
    <p class='ocr_par' dir='ltr' id='par_1_101' title="bbox 232 2571 1058 2609">
     <span class='ocr_line' id='line_1_102' title="bbox 232 2571 1058 2609; baseline -0.005 -6"><span class='ocrx_word' id='word_1_719' title='bbox 232 2576 310 2604; x_wconf 79' lang='lat' dir='ltr'><strong>ribus</strong></span> <span class='ocrx_word' id='word_1_720' title='bbox 324 2575 390 2602; x_wconf 79' lang='lat' dir='ltr'><strong>suis.</strong></span> <span class='ocrx_word' id='word_1_721' title='bbox 407 2574 468 2601; x_wconf 90' lang='lat' dir='ltr'><strong>Non</strong></span> <span class='ocrx_word' id='word_1_722' title='bbox 481 2573 543 2609; x_wconf 86' lang='lat' dir='ltr'><strong>jam</strong></span> <span class='ocrx_word' id='word_1_723' title='bbox 554 2572 761 2609; x_wconf 50' lang='lat' dir='ltr'><strong>ampliusque:</strong></span> <span class='ocrx_word' id='word_1_724' title='bbox 779 2572 948 2607; x_wconf 86' lang='lat' dir='ltr'><strong>sunthujus</strong></span> <span class='ocrx_word' id='word_1_725' title='bbox 959 2571 1058 2599; x_wconf 76' lang='lat' dir='ltr'><strong>szeculi</strong></span> 
     </span>
    </p>
   </div>
   <div class='ocr_carea' id='block_1_102' title="bbox 231 2616 1060 2655">
    <p class='ocr_par' dir='ltr' id='par_1_102' title="bbox 231 2616 1060 2655">
     <span class='ocr_line' id='line_1_103' title="bbox 231 2616 1060 2655; baseline -0.005 -7"><span class='ocrx_word' id='word_1_726' title='bbox 231 2619 354 2655; x_wconf 62' lang='lat' dir='ltr'><strong>vitaeque</strong></span> <span class='ocrx_word' id='word_1_727' title='bbox 368 2626 503 2654; x_wconf 88' lang='lat' dir='ltr'><strong>munera,</strong></span> <span class='ocrx_word' id='word_1_728' title='bbox 520 2626 574 2645; x_wconf 89' lang='lat' dir='ltr'><strong>nec</strong></span> <span class='ocrx_word' id='word_1_729' title='bbox 600 2626 664 2653; x_wconf 64' lang='lat' dir='ltr'><strong>quae</strong></span> <span class='ocrx_word' id='word_1_730' title='bbox 685 2617 733 2644; x_wconf 88' lang='lat' dir='ltr'><strong>hic</strong></span> <span class='ocrx_word' id='word_1_731' title='bbox 756 2616 886 2644; x_wconf 87' lang='lat' dir='ltr'><strong>carnalia</strong></span> <span class='ocrx_word' id='word_1_732' title='bbox 915 2616 1060 2644; x_wconf 85' lang='lat' dir='ltr'><strong>desideria</strong></span> 
     </span>
    </p>
   </div>
   <div class='ocr_carea' id='block_1_103' title="bbox 233 2660 1060 2697">
    <p class='ocr_par' dir='ltr' id='par_1_103' title="bbox 233 2660 1060 2697">
     <span class='ocr_line' id='line_1_104' title="bbox 233 2660 1060 2697; baseline -0.007 -4"><span class='ocrx_word' id='word_1_733' title='bbox 233 2664 412 2693; x_wconf 88' lang='lat' dir='ltr'><strong>comitantur</strong></span> <span class='ocrx_word' id='word_1_734' title='bbox 427 2665 504 2691; x_wconf 80' lang='lat' dir='ltr'><strong>vote.</strong></span> <span class='ocrx_word' id='word_1_735' title='bbox 522 2662 573 2690; x_wconf 88' lang='lat' dir='ltr'><strong>lllo</strong></span> <span class='ocrx_word' id='word_1_736' title='bbox 590 2662 637 2689; x_wconf 89' lang='lat' dir='ltr'><strong>die</strong></span> <span class='ocrx_word' id='word_1_737' title='bbox 653 2662 805 2697; x_wconf 82' lang='lat' dir='ltr'><strong>consopita</strong></span> <span class='ocrx_word' id='word_1_738' title='bbox 821 2660 1060 2695; x_wconf 78' lang='lat' dir='ltr'><strong>eiuutjuvenilia</strong></span> 
     </span>
    </p>
   </div>
   <div class='ocr_carea' id='block_1_104' title="bbox 233 2705 1059 2742">
    <p class='ocr_par' dir='ltr' id='par_1_104' title="bbox 233 2705 1059 2742">
     <span class='ocr_line' id='line_1_105' title="bbox 233 2705 1059 2742; baseline -0.007 -4"><span class='ocrx_word' id='word_1_739' title='bbox 233 2709 379 2738; x_wconf 86' lang='lat' dir='ltr'><strong>desideria</strong></span> <span class='ocrx_word' id='word_1_740' title='bbox 394 2717 428 2736; x_wconf 88' lang='lat' dir='ltr'><strong>ac</strong></span> <span class='ocrx_word' id='word_1_741' title='bbox 443 2705 748 2742; x_wconf 82' lang='lat' dir='ltr'><strong>libidines.i\&#39;ullajam</strong></span> <span class='ocrx_word' id='word_1_742' title='bbox 765 2705 879 2733; x_wconf 71' lang='lat' dir='ltr'><strong>fwderis</strong></span> <span class='ocrx_word' id='word_1_743' title='bbox 890 2705 1059 2740; x_wconf 85' lang='lat' dir='ltr'><strong>nuptiarum</strong></span> 
     </span>
    </p>
   </div>
   <div class='ocr_carea' id='block_1_105' title="bbox 235 2749 1058 2787">
    <p class='ocr_par' dir='ltr' id='par_1_105' title="bbox 235 2749 1058 2787">
     <span class='ocr_line' id='line_1_106' title="bbox 235 2749 1058 2787; baseline -0.009 -4"><span class='ocrx_word' id='word_1_744' title='bbox 235 2754 359 2783; x_wconf 83' lang='lat' dir='ltr'><strong>attonita</strong></span> <span class='ocrx_word' id='word_1_745' title='bbox 372 2760 538 2787; x_wconf 83' lang='lat' dir='ltr'><strong>vesanaque</strong></span> <span class='ocrx_word' id='word_1_746' title='bbox 554 2750 786 2786; x_wconf 85' lang='lat' dir='ltr'><strong>libido,prolisve</strong></span> <span class='ocrx_word' id='word_1_747' title='bbox 801 2749 994 2786; x_wconf 74' lang='lat' dir='ltr'><strong>suscipiendae</strong></span> <span class='ocrx_word' id='word_1_748' title='bbox 1008 2758 1058 2777; x_wconf 90' lang='lat' dir='ltr'><strong>cu-</strong></span> 
     </span>
    </p>
   </div>
   <div class='ocr_carea' id='block_1_106' title="bbox 235 2793 1059 2837">
    <p class='ocr_par' dir='ltr' id='par_1_106' title="bbox 235 2793 1059 2837">
     <span class='ocr_line' id='line_1_107' title="bbox 235 2793 1059 2837; baseline -0.007 -9"><span class='ocrx_word' id='word_1_749' title='bbox 235 2797 406 2837; x_wconf 85' lang='lat' dir='ltr'><strong>pido.Nulla</strong></span> <span class='ocrx_word' id='word_1_750' title='bbox 416 2798 480 2833; x_wconf 88' lang='lat' dir='ltr'><strong>jam</strong></span> <span class='ocrx_word' id='word_1_751' title='bbox 496 2796 560 2825; x_wconf 90' lang='lat' dir='ltr'><strong>auri</strong></span> <span class='ocrx_word' id='word_1_752' title='bbox 570 2794 744 2831; x_wconf 86' lang='lat' dir='ltr'><strong>corrogandi</strong></span> <span class='ocrx_word' id='word_1_753' title='bbox 758 2803 829 2823; x_wconf 85' lang='lat' dir='ltr'><strong>cura</strong></span> <span class='ocrx_word' id='word_1_754' title='bbox 844 2803 877 2823; x_wconf 91' lang='lat' dir='ltr'><strong>ac</strong></span> <span class='ocrx_word' id='word_1_755' title='bbox 892 2793 1059 2823; x_wconf 86' lang='lat' dir='ltr'><strong>sollicitudo</strong></span> 
     </span>
    </p>
   </div>
   <div class='ocr_carea' id='block_1_107' title="bbox 273 2859 502 2895">
    <p class='ocr_par' dir='ltr' id='par_1_107' title="bbox 273 2859 502 2895">
     <span class='ocr_line' id='line_1_108' title="bbox 273 2859 502 2895; baseline -0.013 -5"><span class='ocrx_word' id='word_1_756' title='bbox 273 2862 298 2880; x_wconf 67' lang='grc'><strong>³⁸</strong></span> <span class='ocrx_word' id='word_1_757' title='bbox 311 2863 368 2890; x_wconf 83' lang='lat' dir='ltr'><strong>Isa.</strong></span> <span class='ocrx_word' id='word_1_758' title='bbox 385 2866 461 2895; x_wconf 77' lang='lat' dir='ltr'><strong>uiv,</strong></span> <span class='ocrx_word' id='word_1_759' title='bbox 477 2859 502 2888; x_wconf 83' lang='grc'><strong>1.</strong></span> 
     </span>
    </p>
   </div>
   <div class='ocr_carea' id='block_1_108' title="bbox 1116 2347 1941 2388">
    <p class='ocr_par' dir='ltr' id='par_1_108' title="bbox 1116 2347 1941 2388">
     <span class='ocr_line' id='line_1_109' title="bbox 1116 2347 1941 2388; baseline -0.001 -11"><span class='ocrx_word' id='word_1_760' title='bbox 1116 2350 1192 2388; x_wconf 88' lang='grc' dir='ltr'>βάρει</span> <span class='ocrx_word' id='word_1_761' title='bbox 1217 2352 1270 2376; x_wconf 82' lang='grc' dir='ltr'>τῶν</span> <span class='ocrx_word' id='word_1_762' title='bbox 1298 2349 1502 2387; x_wconf 80' lang='grc' dir='ltr'>ἁμαρτημάτων</span> <span class='ocrx_word' id='word_1_763' title='bbox 1529 2347 1726 2385; x_wconf 82' lang='grc' dir='ltr'>πεπεδημένοι,</span> <span class='ocrx_word' id='word_1_764' title='bbox 1753 2349 1827 2377; x_wconf 78' lang='grc' dir='ltr'>κάτω</span> <span class='ocrx_word' id='word_1_765' title='bbox 1842 2348 1941 2376; x_wconf 86' lang='grc' dir='ltr'>πεσόν-</span> 
     </span>
    </p>
   </div>
   <div class='ocr_carea' id='block_1_109' title="bbox 1113 2392 1503 2429">
    <p class='ocr_par' dir='ltr' id='par_1_109' title="bbox 1113 2392 1503 2429">
     <span class='ocr_line' id='line_1_110' title="bbox 1113 2392 1503 2429; baseline 0 -7"><span class='ocrx_word' id='word_1_766' title='bbox 1113 2405 1157 2426; x_wconf 87' lang='grc' dir='ltr'><strong>τες</strong></span> <span class='ocrx_word' id='word_1_767' title='bbox 1172 2397 1273 2422; x_wconf 79' lang='grc' dir='ltr'>κεῖνται</span> <span class='ocrx_word' id='word_1_768' title='bbox 1289 2392 1503 2429; x_wconf 78' lang='grc' dir='ltr'>δυσσυνείδητοι.</span> 
     </span>
    </p>
   </div>
   <div class='ocr_carea' id='block_1_110' title="bbox 1150 2479 1941 2520">
    <p class='ocr_par' dir='ltr' id='par_1_110' title="bbox 1150 2479 1941 2520">
     <span class='ocr_line' id='line_1_111' title="bbox 1150 2479 1941 2520; baseline -0.003 -9"><span class='ocrx_word' id='word_1_769' title='bbox 1150 2485 1192 2511; x_wconf 90' lang='grc'><strong>10.</strong></span> <span class='ocrx_word' id='word_1_770' title='bbox 1208 2483 1331 2518; x_wconf 85' lang='grc' dir='ltr'>Ἐκείνην</span> <span class='ocrx_word' id='word_1_771' title='bbox 1348 2481 1394 2510; x_wconf 81' lang='grc' dir='ltr'>οὖν</span> <span class='ocrx_word' id='word_1_772' title='bbox 1415 2483 1464 2516; x_wconf 85' lang='grc' dir='ltr'><strong>τήν</strong></span> <span class='ocrx_word' id='word_1_773' title='bbox 1489 2480 1588 2520; x_wconf 82' lang='grc' dir='ltr'>ὀγδόην</span> <span class='ocrx_word' id='word_1_774' title='bbox 1612 2482 1716 2520; x_wconf 78' lang='grc' dir='ltr'>ἡμέραν</span> <span class='ocrx_word' id='word_1_775' title='bbox 1741 2481 1808 2517; x_wconf 73' lang='grc' dir='ltr'>αὕτη</span> <span class='ocrx_word' id='word_1_776' title='bbox 1825 2483 1843 2516; x_wconf 85' lang='grc' dir='ltr'><strong>ἡ</strong></span> <span class='ocrx_word' id='word_1_777' title='bbox 1861 2479 1941 2509; x_wconf 66' lang='grc' dir='ltr'>ἑϐδό-</span> 
     </span>
    </p>
   </div>
   <div class='ocr_carea' id='block_1_111' title="bbox 1116 2526 1940 2564">
    <p class='ocr_par' dir='ltr' id='par_1_111' title="bbox 1116 2526 1940 2564">
     <span class='ocr_line' id='line_1_112' title="bbox 1116 2526 1940 2564; baseline -0.002 -9"><span class='ocrx_word' id='word_1_778' title='bbox 1116 2538 1153 2564; x_wconf 89' lang='grc' dir='ltr'><strong>μη</strong></span> <span class='ocrx_word' id='word_1_779' title='bbox 1185 2526 1441 2564; x_wconf 81' lang='grc' dir='ltr'>διασχηματίζεται,</span> <span class='ocrx_word' id='word_1_780' title='bbox 1477 2526 1528 2553; x_wconf 81' lang='grc' dir='ltr'><strong>Καὶ</strong></span> <span class='ocrx_word' id='word_1_781' title='bbox 1568 2526 1731 2554; x_wconf 83' lang='grc' dir='ltr'>κατέπαυσεν</span> <span class='ocrx_word' id='word_1_782' title='bbox 1770 2527 1784 2553; x_wconf 86' lang='grc' dir='ltr'>ὁ</span> <span class='ocrx_word' id='word_1_783' title='bbox 1811 2526 1877 2557; x_wconf 80' lang='grc' dir='ltr'>Θεὸς</span> <span class='ocrx_word' id='word_1_784' title='bbox 1907 2528 1940 2563; x_wconf 80' lang='grc' dir='ltr'><strong>τῇ</strong></span> 
     </span>
    </p>
   </div>
   <div class='ocr_carea' id='block_1_112' title="bbox 1113 2569 1939 2609">
    <p class='ocr_par' dir='ltr' id='par_1_112' title="bbox 1113 2569 1939 2609">
     <span class='ocr_line' id='line_1_113' title="bbox 1113 2569 1939 2609; baseline -0.002 -10"><span class='ocrx_word' id='word_1_785' title='bbox 1113 2571 1203 2609; x_wconf 79' lang='grc' dir='ltr'>ἡμέρᾳ</span> <span class='ocrx_word' id='word_1_786' title='bbox 1232 2574 1265 2608; x_wconf 78' lang='grc' dir='ltr'><strong>τῇ</strong></span> <span class='ocrx_word' id='word_1_787' title='bbox 1291 2569 1396 2608; x_wconf 76' lang='grc' dir='ltr'>ἐϐδόμῃ</span> <span class='ocrx_word' id='word_1_788' title='bbox 1424 2571 1477 2598; x_wconf 84' lang='grc' dir='ltr'>ἀπὸ</span> <span class='ocrx_word' id='word_1_789' title='bbox 1511 2570 1618 2598; x_wconf 85' lang='grc' dir='ltr'>πάντων</span> <span class='ocrx_word' id='word_1_790' title='bbox 1645 2573 1699 2598; x_wconf 79' lang='grc' dir='ltr'>τῶν</span> <span class='ocrx_word' id='word_1_791' title='bbox 1728 2570 1812 2609; x_wconf 77' lang='grc' dir='ltr'>ἔργων</span> <span class='ocrx_word' id='word_1_792' title='bbox 1844 2571 1939 2598; x_wconf 77' lang='grc' dir='ltr'>αὐτοῦ.</span> 
     </span>
    </p>
   </div>
   <div class='ocr_carea' id='block_1_113' title="bbox 1114 2614 1942 2654">
    <p class='ocr_par' dir='ltr' id='par_1_113' title="bbox 1114 2614 1942 2654">
     <span class='ocr_line' id='line_1_114' title="bbox 1114 2614 1942 2654; baseline -0.002 -10"><span class='ocrx_word' id='word_1_793' title='bbox 1114 2616 1211 2645; x_wconf 76' lang='grc' dir='ltr'>Οὐκέτι</span> <span class='ocrx_word' id='word_1_794' title='bbox 1225 2616 1259 2643; x_wconf 80' lang='grc' dir='ltr'><strong>τὰ</strong></span> <span class='ocrx_word' id='word_1_795' title='bbox 1272 2618 1320 2643; x_wconf 79' lang='grc' dir='ltr'><strong>τοῦ</strong></span> <span class='ocrx_word' id='word_1_796' title='bbox 1339 2616 1398 2654; x_wconf 86' lang='grc' dir='ltr'>βίου</span> <span class='ocrx_word' id='word_1_797' title='bbox 1413 2615 1524 2649; x_wconf 80' lang='grc' dir='ltr'>τούτου,</span> <span class='ocrx_word' id='word_1_798' title='bbox 1544 2614 1606 2643; x_wconf 74' lang='grc' dir='ltr'>οὐδὲ</span> <span class='ocrx_word' id='word_1_799' title='bbox 1629 2616 1663 2643; x_wconf 78' lang='grc' dir='ltr'>τὰ</span> <span class='ocrx_word' id='word_1_800' title='bbox 1682 2615 1942 2653; x_wconf 80' lang='grc' dir='ltr'>παρακολουθοῦντα</span> 
     </span>
    </p>
   </div>
   <div class='ocr_carea' id='block_1_114' title="bbox 1114 2659 1941 2697">
    <p class='ocr_par' dir='ltr' id='par_1_114' title="bbox 1114 2659 1941 2697">
     <span class='ocr_line' id='line_1_115' title="bbox 1114 2659 1941 2697; baseline -0.002 -9"><span class='ocrx_word' id='word_1_801' title='bbox 1114 2660 1226 2692; x_wconf 80' lang='grc' dir='ltr'>ἐνταῦοα</span> <span class='ocrx_word' id='word_1_802' title='bbox 1263 2663 1320 2691; x_wconf 86' lang='grc' dir='ltr'>ταῖς</span> <span class='ocrx_word' id='word_1_803' title='bbox 1360 2662 1500 2697; x_wconf 75' lang='grc' dir='ltr'>σαρκικαῖς</span> <span class='ocrx_word' id='word_1_804' title='bbox 1538 2659 1667 2697; x_wconf 80' lang='grc' dir='ltr'>ὀρέξεσιν.</span> <span class='ocrx_word' id='word_1_805' title='bbox 1707 2661 1751 2688; x_wconf 86' lang='grc' dir='ltr'>Ἐν</span> <span class='ocrx_word' id='word_1_806' title='bbox 1790 2659 1877 2697; x_wconf 81' lang='grc' dir='ltr'>ἐκείνῃ</span> <span class='ocrx_word' id='word_1_807' title='bbox 1908 2661 1941 2696; x_wconf 79' lang='grc' dir='ltr'><strong>τῇ</strong></span> 
     </span>
    </p>
   </div>
   <div class='ocr_carea' id='block_1_115' title="bbox 1114 2704 1940 2742">
    <p class='ocr_par' dir='ltr' id='par_1_115' title="bbox 1114 2704 1940 2742">
     <span class='ocr_line' id='line_1_116' title="bbox 1114 2704 1940 2742; baseline -0.001 -10"><span class='ocrx_word' id='word_1_808' title='bbox 1114 2705 1204 2742; x_wconf 80' lang='grc' dir='ltr'>ἡμέρᾳ</span> <span class='ocrx_word' id='word_1_809' title='bbox 1242 2704 1425 2742; x_wconf 76' lang='grc' dir='ltr'>ἐκοιμήθησαν</span> <span class='ocrx_word' id='word_1_810' title='bbox 1465 2704 1606 2740; x_wconf 80' lang='grc' dir='ltr'>ἐπιθυμίαι</span> <span class='ocrx_word' id='word_1_811' title='bbox 1649 2704 1818 2741; x_wconf 66' lang='grc' dir='ltr'>νεωτερικαί*</span> <span class='ocrx_word' id='word_1_812' title='bbox 1849 2704 1940 2732; x_wconf 83' lang='grc' dir='ltr'>οὐκέτι</span> 
     </span>
    </p>
   </div>
   <div class='ocr_carea' id='block_1_116' title="bbox 1116 2747 1941 2789">
    <p class='ocr_par' dir='ltr' id='par_1_116' title="bbox 1116 2747 1941 2789">
     <span class='ocr_line' id='line_1_117' title="bbox 1116 2747 1941 2789; baseline -0.001 -13"><span class='ocrx_word' id='word_1_813' title='bbox 1116 2749 1178 2787; x_wconf 81' lang='grc' dir='ltr'>περὶ</span> <span class='ocrx_word' id='word_1_814' title='bbox 1195 2749 1288 2787; x_wconf 88' lang='grc' dir='ltr'>γάμου</span> <span class='ocrx_word' id='word_1_815' title='bbox 1316 2749 1444 2784; x_wconf 79' lang='grc' dir='ltr'>πτόησις,</span> <span class='ocrx_word' id='word_1_816' title='bbox 1472 2748 1491 2783; x_wconf 73' lang='grc' dir='ltr'>ἢ</span> <span class='ocrx_word' id='word_1_817' title='bbox 1512 2747 1643 2789; x_wconf 25' lang='grc' dir='ltr'>ἰπιῐθυμία</span> <span class='ocrx_word' id='word_1_818' title='bbox 1658 2747 1844 2780; x_wconf 81' lang='grc' dir='ltr'>παιδοποιίας·</span> <span class='ocrx_word' id='word_1_819' title='bbox 1872 2759 1941 2787; x_wconf 87' lang='grc' dir='ltr'>χρυ-</span> 
     </span>
    </p>
   </div>
   <div class='ocr_carea' id='block_1_117' title="bbox 1115 2791 1942 2833">
    <p class='ocr_par' dir='ltr' id='par_1_117' title="bbox 1115 2791 1942 2833">
     <span class='ocr_line' id='line_1_118' title="bbox 1115 2791 1942 2833; baseline -0.004 -11"><span class='ocrx_word' id='word_1_820' title='bbox 1115 2796 1163 2822; x_wconf 81' lang='grc' dir='ltr'>σοῢ</span> <span class='ocrx_word' id='word_1_821' title='bbox 1179 2793 1287 2832; x_wconf 75' lang='grc' dir='ltr'>φροντὶς</span> <span class='ocrx_word' id='word_1_822' title='bbox 1315 2792 1459 2833; x_wconf 74' lang='grc' dir='ltr'>οὖδιφμία·</span> <span class='ocrx_word' id='word_1_823' title='bbox 1489 2791 1632 2821; x_wconf 76' lang='grc' dir='ltr'>ἐκελάθετο</span> <span class='ocrx_word' id='word_1_824' title='bbox 1657 2793 1671 2820; x_wconf 89' lang='grc' dir='ltr'>ὁ</span> <span class='ocrx_word' id='word_1_825' title='bbox 1697 2792 1868 2833; x_wconf 72' lang='grc' dir='ltr'>φιλάργυρος</span> <span class='ocrx_word' id='word_1_826' title='bbox 1893 2793 1942 2821; x_wconf 77' lang='grc' dir='ltr'><strong>τοῦ</strong></span> 
     </span>
    </p>
   </div>
  </div>
