2018 3146
106 162 145 192 53

596 162 646 192 DE
668 162 832 192 HOMINIS
855 163 1089 194 STBUC'I‘URA
1112 164 1256 194 ORATIO
1278 164 1318 193 Il.

1768 161 1807 190 54

107 227 266 266 βαλαντίου,
279 230 327 256 τοῦ
357 227 483 266 ἁρπάζειν
505 228 550 255 καὶ
568 227 705 266 βιάζεσοαι
722 228 736 256 ὁ
752 228 925 265 πλεονέκτης,

985 231 1097 259 Sacculi
1111 233 1139 258 et
1150 239 1223 258 arcas
1234 239 1337 258 avarus
1347 229 1553 262 obliviscetur;
1566 227 1684 264 iniquus
1696 229 1805 263 raptor,

104 277 154 308 τῆς
176 274 226 311 γῆς
254 273 269 300 ὁ
298 272 504 309 πολυκτήμων,
531 276 582 307 τῆς
609 271 688 309 δόξης
719 273 732 300 ὁ
763 271 928 310 δοξομανής.

105 318 193 345 Πάντα
220 318 254 345 τὰ
275 319 324 344 τοῦ
355 317 416 355 βίου
434 316 529 352 ἐξέπτη
545 321 595 352 τῆς
612 315 742 348 διανοίας.
761 315 928 353 ’Δπεσῧέσοη

102 365 161 394 τοῖς
176 361 377 400 ἑπηρτημένοις
393 361 558 398 ὁθενδήποτε
571 364 624 390 τῶν
655 364 795 399 κοσμικῶν
824 361 927 390 τούτων

102 407 318 445 προτερημάτων
344 407 394 441 τὴν
425 405 554 441 διάνοιαν,
583 408 601 442 ἡ
627 407 690 442 κενὴ
721 407 765 434 καὶ
792 406 926 434 κατάπτυ-

104 462 166 483 στος
183 450 254 487 δόξα·
272 451 320 479 οὐκ
333 450 445 489 ἰνοχλεῖ
463 451 548 488 θυμὸς
574 451 643 489 πρὸς
671 452 773 488 ἄμυναν
801 453 850 479 τοῦ
879 450 927 478 λυ-

104 498 241 532 πήσαντος
257 518 263 524 .
288 498 382 524 Πάντα
410 495 497 523 ἐκεῖνα
525 494 670 523 ἐκλέλοιπε
696 498 844 531 τηνικαῦτα
877 497 926 523 τοῦ

105 541 259 580 λογισμοῦ·
278 542 295 576 ἡ
318 541 396 578 ψυχὴ
423 539 452 568 δὶ
476 541 544 578 πρὸς
565 543 606 576 τῷ
634 537 762 579 φοϐοῦντί
778 540 843 574 ἐστι,
858 539 927 577 πρὸς

101 588 136 624 τῇ
165 584 317 624 προσδοκίᾳ
345 587 399 612 τῶν
428 584 623 622 ἐπηρτημένων
654 584 759 612 δεινῶν·
774 584 865 612 ὅντινα
890 583 923 619 δὴ

103 629 186 668 ᾳόϐον
203 632 282 664 Θεοῦ,
302 629 327 657 εἴ
352 629 397 657 καὶ
424 629 537 662 ἐνταῦθα
566 628 693 665 δυνηθείη
723 640 766 661 τις
794 628 923 656 ἐποικίσαι

100 678 133 712 τῇ
148 674 205 710 ἰδία
231 677 309 712 ψυχῇ
339 674 519 710 ἀνέκλειπτον,
536 674 554 709 ἢ
579 674 668 710 οὐδὲν,
684 674 702 709 ἢ
721 674 825 712 βραχέα
839 674 922 711 τυχὸν

100 721 295 758 ἁμαρτήσεται.
327 719 376 746 Καὶ
417 716 532 746 ἔπλασεν
561 719 575 746 ὁ
603 719 666 750 Θεὸς
693 719 738 746 τὸν
769 719 921 755 ἄνθρωπον,

99 767 166 802 γοῦν
193 761 285 791 λαϐὼν
311 764 364 791 ἀπὸ
393 767 443 798 τῆς
470 767 529 801 γῆς.
546 763 601 791 Οὐκ
628 763 797 800 ἐπανάληψιν
825 765 920 790 τοῦτον

98 809 144 836 τὸν
160 808 286 846 περὶτῆς
301 811 466 843 κατασκευῆς
490 810 538 835 τοῦ
565 809 709 845 ἀνθρώπου
738 806 820 845 λόγον
848 808 921 844 ἡγη-

98 853 168 889 τὲον,
185 853 211 881 εἴ
233 852 277 880 καί
298 863 352 880 τισι
375 853 506 890 φαίνεται,
532 851 593 880 ἀλλ’
619 851 781 884 ἀκολουθίαν
814 852 919 889 μᾶλλον

99 897 246 926 ἆδιάκοπον
276 901 327 932 τῆς
355 896 488 935 προτέρας
515 897 578 934 περὶ
598 896 696 925 τούτου
712 897 919 935 ἐπιχειρήσεως,
936 918 958 950 Β

135 942 142 950 ι
290 942 294 950 Ι
390 942 396 950 1
447 941 454 950 \
496 943 509 949 ο
654 942 658 948 Ι
682 942 692 950 D
824 940 834 950 \
853 942 859 950 Ι

99 942 144 970 καὶ
173 942 345 979 συνημμένην
374 941 455 969 οἱονεὶ
477 943 511 978 τῇ
540 942 717 980 προκατάρξει
747 940 920 978 συμπλήρω-

100 997 139 1014 σιν
165 990 215 1022 τῆς
238 985 402 1024 διηγήσεως.
429 986 518 1013 Εἰπὼν
547 986 610 1024 γὰρ,
626 986 668 1014 δτι
685 986 809 1022 ἐποίησεν
826 987 839 1014 ὁ
855 986 920 1017 Θεὸς

96 1033 142 1059 τὸν
164 1030 317 1069 ἄνθρωπον,
333 1030 378 1058 καὶ
396 1030 430 1058 τὰ
447 1030 508 1066 ἑξῆς
536 1031 598 1068 περὶ
617 1033 668 1058 τοῦ
688 1030 780 1065 αὐτοῦ,
795 1030 840 1058 καὶ
870 1029 919 1065 δη-

98 1076 199 1111 λώσας,
217 1075 257 1103 ὅτι
275 1075 301 1103 ἐν
317 1077 351 1113 τῇ
367 1076 478 1111 ποιήσει
502 1077 551 1102 τοῦ
581 1075 724 1113 ἀνθρώπου
754 1075 919 1103 συνετέλεσεν

95 1123 109 1149 ὸ
126 1121 190 1152 Θεὸς
215 1121 303 1148 πάντα
326 1120 360 1147 τὰ
386 1122 434 1147 τοῦ
461 1119 568 1157 κόσμου
594 1117 670 1158 ἔργα,
685 1123 735 1154 τῆς
764 1120 847 1155 αὐτῆς
875 1120 919 1147 καὶ

95 1165 176 1194 πάλιν
194 1165 288 1203 ἔχεται
304 1164 366 1200 περὶ
391 1166 440 1192 τοῦ
463 1163 606 1202 ἅνθρώπου
633 1164 796 1202 διηγήσεως,
816 1175 921 1201 συνημ-

98 1210 182 1247 μένως
208 1210 252 1237 καὶ
278 1206 506 1245 ἁμεσολαϐήτως,
523 1209 738 1246 ἐπεργαζόμενος
766 1208 849 1237 οἱονεὶ
874 1209 919 1237 καὶ

94 1253 273 1291 λεπτολογῶν
287 1253 332 1281 τὸν
361 1253 462 1291 τρόπον
490 1257 540 1288 τῆς
566 1253 663 1281 τούτοτ
678 1255 824 1289 ποιήσεως.
841 1256 919 1290 Πρῶ-

94 1310 139 1327 τον
171 1299 220 1336 μὲν
247 1298 298 1336 γὰρ
327 1298 399 1326 εἶπεν
427 1297 543 1329 ἁπλῶςο
569 1298 710 1334 Ἐποίησεν
738 1299 752 1326 ὁ
781 1299 847 1330 Θεὸς
875 1299 921 1326 τὸν

96 1342 238 1380 ἄνθρωπον
257 1353 264 1360 ”
294 1342 351 1370 νυνὶ
377 1340 406 1369 δὲ
434 1342 597 1380 προστίθησι
633 1342 678 1370 καὶ
707 1345 767 1374 πῶς
797 1342 919 1378 ἐποίησε,

96 1390 162 1426 χοῦν
181 1385 276 1415 λαϐὼν
293 1386 346 1414 ἀπὸ
360 1390 410 1421 τῆς
433 1390 496 1424 γῆς.
512 1387 594 1416 ’Όταν
619 1386 664 1414 οὗν
694 1387 810 1426 ἀκούσῃς
839 1390 920 1426 χοῦν,

97 1431 231 1460 παιδεύοο
247 1434 464 1470 μετριοφρονεῖν’
483 1432 520 1468 μὴ
537 1431 597 1459 οἴου
623 1431 728 1470 μεγάλα
752 1432 814 1471 περὶ
843 1443 921 1460 σεαυ-

96 1479 155 1505 τοῦ.
179 1478 261 1504 Ὅταν
287 1473 484 1514 προσϐάλλωσί
513 1486 554 1503 σοι
584 1476 737 1514 λογισμοὶ,
767 1477 922 1515 ἐπαίροντες

97 1522 148 1556 τὴν
176 1521 228 1555 σὴν
256 1519 378 1559 καρδίαν,
393 1521 439 1547 καὶ
465 1519 544 1555 δίκην
573 1519 729 1559 φλεγμονῆς
758 1520 922 1557 ἐξοιδοῦντες

97 1565 135 1597 είς
149 1563 316 1600 κενοδοξίαν,
332 1564 349 1600 ἧ
366 1565 397 1592 ὲκ
410 1564 498 1602 τύχης
515 1563 619 1600 ἁπλῶς,
635 1565 653 1600 ἢ
673 1565 717 1593 καὶ
748 1566 800 1593 ἀπὸ
829 1576 923 1604 προτε-

97 1610 230 1648 ρημάτων
259 1609 304 1637 καὶ
341 1600 562 1646 κατορθωμάτων
586 1611 665 1637 τινῶν
680 1632 686 1644 ,
717 1600 922 1648 ἀντεισαχὸήτω
938 1600 959 1634 C

96 1666 138 1683 σοι
153 1654 274 1693 παρευϐυ
290 1655 307 1687 ἡ
325 1657 374 1689 τῆς
389 1652 516 1684 πλάσεὼς
536 1664 586 1681 σου
612 1654 774 1690 ὑπόμνησις,
790 1656 833 1682 καὶ
863 1654 922 1681 σύν-

94 1710 131 1734 ες,
147 1700 225 1730 ὅπως
250 1697 385 1734 ἐκτίσοης,
409 1698 453 1726 καὶ
474 1698 511 1729 ὡς
538 1700 607 1736 χοῦς
629 1699 654 1726 εἴ
664 1699 695 1726 τὸ
711 1699 787 1733 ὅλον,
803 1699 848 1726 καὶ
875 1702 924 1734 τῆς

98 1744 149 1772 ὑπὸ
166 1746 214 1771 σοῦ
238 1743 411 1780 πατουμένης
426 1746 476 1781 γῆς
500 1742 734 1781 ἅπογὲννημα-Εἷ¹
756 1754 782 1771 τι
808 1745 871 1781 γοῦν
897 1743 922 1770 ἐν

96 1789 167 1826 αὐτῇ
197 1787 302 1826 διάγων
333 1786 462 1821 ἐκτελεῖς,
490 1785 538 1814 κᾶν
577 1787 657 1824 μέγα,
682 1787 729 1815 κᾶν
763 1788 870 1826 μικρὸν,
899 1787 925 1822 ἐξ

99 1832 232 1870 ὑπογυίου
261 1829 335 1869 ἔχεις
362 1831 395 1859 τὸ
424 1831 576 1868 ὑπόμνημα
600 1833 650 1866 τῆς
665 1835 776 1860 σεαυτοῦ
791 1831 926 1859 ταπεινά)-

97 1887 176 1908 σεως.
195 1876 227 1904 Εἴ
244 1877 330 1914 θυμὸς
348 1875 459 1913 ἐνοχλεῖ
473 1886 526 1910 σοι,
542 1876 626 1914 τυχὸν
643 1876 687 1904 διὰ
700 1878 731 1905 τὸ
754 1875 924 1914 ὑϐρισθῆναι,

97 1920 211 1960 δυσγινῆ
239 1931 268 1948 σε
297 1919 421 1952 εἰπόντος
448 1920 533 1954 τινὸς,
548 1921 593 1947 καὶ
616 1919 739 1960 διεγείρει
755 1933 784 1949 σε
798 1922 866 1960 πρὸς
893 1922 925 1949 τὸ

98 1963 274 2003 ἀνθυϐρίσαι,
291 1964 335 1991 καὶ
349 1963 504 2001 τραχύτερα
517 1965 553 1991 ὧν
576 1963 696 1999 ἤκουσας
723 1969 858 1994 κατειπεῖν
877 1968 927 1994 τοῦ

99 2007 274 2047 ὑϐρίσαντος,
296 2007 430 2045 κατάγαγὲ
454 2018 502 2034 σου
525 2008 557 2035 τὸ
583 2007 695 2045 βλέμμα
717 2010 785 2046 πρὸς
799 2011 848 2045 τήν
864 2014 925 2048 γῆν,

96 2054 141 2082 καὶ
163 2053 348 2089 ἐνθυμήθητι,
365 2051 424 2084 ὅθεν
452 2051 600 2090 προῆλθες,
628 2052 673 2080 καὶ
696 2051 856 2081 ἀπὲσῦεπαι
884 2055 928 2082 αὖ-

95 2098 157 2126 τίκα
173 2098 188 2125 ὁ
204 2096 292 2133 Θυμός
304 2106 310 2113 ·
329 2097 464 2127 συνιέντος
487 2101 595 2134 ταχέως
620 2099 668 2125 τοῦ
695 2097 840 2135 λογισμοῦ,
857 2098 899 2126 ὅτι
914 2099 928 2126 ὁ

97 2143 215 2178 ὃυσγενῆ
242 2151 271 2168 σε
296 2141 391 2177 εῗπὼν,
409 2141 462 2179 οὐχ
487 2140 562 2173 ὅπως
576 2138 671 2179 ὕϐρισε
684 2144 724 2178 τῷ
754 2141 840 2181 λόγῳ,
856 2143 929 2172 ἀλλά

101 2185 211 2223 μᾶλλον
247 2185 293 2213 καὶ
332 2185 470 2221 ἐτίμησεν.
494 2186 654 2224 ’Ἄνθρωπος
681 2187 732 2224 γὰρ
761 2184 886 2226 ἔμψυχος
915 2189 929 2216 ὁ

101 2229 237 2269 δυσγενὴς
256 2229 369 2265 ἐκεῖνος,
397 2229 446 2257 κᾶν
477 2228 575 2261 δοῦλος
605 2229 647 2266 εἴη
671 2231 823 2270 τυγχάνων
841 2232 871 2260 σὺ
901 2232 929 2260 δὲ

988 276 1121 312 rapiendi
1138 276 1180 303 vis
1194 284 1226 303 ac
1243 275 1372 311 injuria»;
1391 271 1712 309 prmdtorumJocuples
1725 281 1731 306 ;
1744 271 1805 308 glo-

986 320 1033 348 rias
1050 323 1078 348 et
1093 319 1421 354 cleritatis,ambiliosus
1430 318 1533 346 insane
1544 316 1707 352 deperiens.
1719 316 1806 348 Quid-

984 365 1053 401 quid
1070 374 1166 393 rerum
1182 364 1279 393 saeculi
1295 364 1450 397 εει,αηίωο
1462 361 1734 391 excidit.Exstincta
1749 362 1803 395 est,

984 409 1087 445 quovis
1102 410 1220 438 tandem
1236 410 1322 437 modo
1339 409 1422 436 elatis
1437 407 1535 436 animo
1551 405 1805 435 seaculihiscema-

983 455 1099 490 gnilicis
1115 455 1243 488 dotibus,
1261 462 1346 488 vana,
1363 452 1550 489 despicabilis
1567 460 1599 479 ac
1614 449 1804 486 conspuenda

982 499 1083 535 gloria.
1095 499 1169 526 Nihil
1180 500 1242 535 jam
1259 499 1383 526 molesta
1405 499 1447 525 ira
1463 498 1498 525 ad
1514 497 1577 532 ejus
1595 495 1736 523 ultionem
1753 493 1803 530 qui

982 544 1117 572 molestia
1132 544 1352 572 ail‘ecit.Cuncta
1363 543 1412 570 illa
1423 545 1492 570 tunc
1509 542 1606 569 animo
1621 541 1801 568 abscessere:

981 598 1039 617 uno
1051 589 1308 625 animasuspensa
1324 587 1461 616 terrentis
1477 589 1567 622 metu,
1582 594 1640 613 una
1656 583 1800 612 malorum

979 633 1200 661 imminentium
1222 632 1456 668 exspectatione:
1477 639 1564 667 quem
1580 631 1682 665 utique
1697 628 1748 656 Dei
1765 627 1800 654 ti-

980 677 1250 713 morem,quisquis
1264 676 1478 704 indeﬂcientem
1495 684 1548 703 suo
1559 674 1655 702 animo
1671 673 1731 702 vita
1746 672 1799 699 hac

978 722 1114 750 inducere
1131 721 1266 758 potuerit,
1292 723 1344 749 aut
1371 720 1443 748 nihil
1473 722 1522 747 aut
1538 727 1625 755 quam
1642 717 1798 745 minimum

978 767 1064 803 plane
1079 767 1219 803 peccabit.
1237 766 1268 794 Et
1295 767 1361 801 fecit
1389 766 1457 793 Deus
1472 765 1621 798 hominem,
1644 766 1752 797 sumpto
1766 761 1799 788 de

976 813 1052 839 terra
1066 811 1177 846 pulvere
1192 811 1223 839 ³³.
1240 813 1313 838 Cave
1328 810 1406 837 hunc
1435 810 1470 837 de
1494 808 1622 836 hominis
1649 808 1798 835 structura

976 864 1142 884 sermonem
1155 857 1334 891 resumptam
1364 853 1561 881 narrationem
1573 851 1732 885 existimes,
1752 852 1795 877 ta-

977 901 1061 928 metsi
1079 900 1228 928 nonnullis
1242 900 1281 927 ita
1299 899 1476 933 videtur,scd
1488 898 1582 934 magis
1596 895 1795 924 inintercisam

974 946 1106 981 apriore,
1135 945 1189 973 hac
1217 945 1252 973 de
1274 953 1304 972 re
1330 945 1502 979 argumento
1519 942 1634 976 seriem,
1659 949 1692 969 ac
1716 939 1795 968 velut

974 991 1164 1025 conjunctum
1177 990 1239 1026 jam
1251 988 1467 1024 tumpraejactis
1482 987 1576 1023 iisque
1588 987 1794 1022 haerensgestze

974 1036 1016 1062 rei
1031 1033 1364 1071 supplementum.Dicto
1379 1033 1456 1061 enim
1477 1032 1581 1060 fecisse
1595 1031 1686 1059 Deum
1698 1030 1794 1058 homi-

975 1087 1053 1113 nem,
1069 1082 1098 1107 et
1112 1088 1174 1115 quin
1191 1079 1227 1107 de
1243 1077 1293 1106 illo
1309 1080 1481 1113 sequuntur,
1497 1079 1676 1112 ostensoque
1697 1074 1796 1103 absol-

975 1124 1051 1152 visse
1065 1124 1157 1152 Deum
1176 1123 1304 1151 hominis
1319 1120 1621 1157 creatione,quidquid
1636 1122 1682 1148 est
1693 1118 1797 1147 mundi

975 1176 1107 1204 operum,
1125 1167 1218 1195 eidem
1235 1175 1352 1203 quoque
1368 1175 1471 1194 rursus
1486 1166 1521 1194 de
1553 1165 1672 1193 homine
1693 1172 1796 1192 narra-

972 1212 1055 1247 tioni,
1073 1213 1179 1248 juncta
1189 1220 1278 1248 opera
1294 1210 1522 1246 immediateque
1537 1209 1692 1243 incumbit,
1706 1208 1798 1236 veluti

975 1257 1158 1285 enucleatius
1173 1256 1337 1285 edisserens
1357 1256 1536 1291 tradensque
1564 1253 1704 1282 subtilius
1733 1253 1797 1288 ejus

976 1302 1096 1330 modum
1112 1301 1279 1329 creationis.
1295 1300 1368 1328 Nam
1389 1300 1518 1336 primum
1538 1299 1657 1335 quidem
1674 1298 1796 1332 dixerat,

974 1347 1048 1374 Fecit
1063 1347 1131 1374 Deus
1145 1346 1282 1374 hominem
1300 1353 1307 1380 ‘,
1324 1353 1402 1372 nunc
1417 1353 1481 1372 vero
1494 1344 1700 1379 ndjungit,quo
1709 1342 1798 1370 etiam

975 1392 1062 1419 modo
1083 1391 1192 1424 iecerit,
1208 1392 1325 1426 sumpto
1341 1397 1356 1417 e
1372 1393 1447 1417 terra
1463 1388 1590 1424 pulvere.
1607 1390 1679 1415 Cum
1698 1387 1798 1422 itaque

977 1435 1124 1471 pulverem
1141 1435 1281 1468 audieris,
1299 1434 1379 1462 disce
1391 1432 1516 1461 modesti
1539 1441 1660 1460 sensum
1685 1431 1774 1459 animi
1789 1439 1796 1465 ;

977 1481 1035 1508 noli
1057 1481 1093 1508 de
1117 1483 1145 1508 te
1161 1487 1267 1515 magna
1288 1485 1475 1514 praesumere.
1489 1477 1517 1504 Si
1531 1475 1703 1504 incesserint
1717 1475 1796 1510 cogi-

977 1525 1102 1552 tationes
1118 1533 1180 1560 qua:
1196 1523 1329 1551 animum
1343 1523 1471 1557 eﬂ‘eranl,
1482 1530 1515 1549 ac
1527 1520 1606 1549 velut
1616 1520 1799 1548 inﬂammato

979 1570 1115 1606 putrique
1131 1568 1226 1596 ulcere
1241 1567 1338 1596 inanis
1353 1567 1450 1603 gloria:
1466 1568 1617 1598 tumorem,
1633 1565 1676 1593 vel
1692 1573 1726 1592 ex
1742 1564 1799 1592 for-

979 1617 1051 1641 tuna
1084 1612 1226 1646 absolute,
1242 1612 1285 1640 vel
1302 1621 1336 1639 ex
1361 1611 1426 1640 aliis
1453 1610 1584 1647 pmclaris
1611 1610 1729 1637 dotibus
1767 1616 1801 1636 ac

978 1658 1135 1686 virtutibus
1150 1657 1302 1692 inducant,
1319 1656 1472 1684 confestim
1484 1657 1584 1683 contra
1599 1655 1652 1682 tibi
1669 1655 1802 1682 recurrat

978 1705 1034 1731 tuae
1055 1702 1238 1730 formationis
1267 1701 1418 1729 memoria.
1450 1700 1580 1736 lntellige
1609 1708 1667 1735 qua
1690 1698 1802 1726 ratione

978 1749 1095 1776 creatus
1110 1747 1151 1774 sis
1168 1755 1174 1775 :
1192 1754 1225 1774 ac
1240 1746 1383 1782 quidquid
1395 1746 1511 1773 demum
1520 1743 1714 1780 es,pulverem
1726 1751 1801 1776 esse,

979 1794 1123 1827 terraeque
1148 1791 1285 1824 feturam,
1302 1798 1391 1826 quam
1411 1789 1470 1817 tuis
1491 1789 1654 1824 subjectum
1676 1787 1800 1824 pedibus

981 1836 1145 1864 conculces.
1162 1835 1191 1863 Si
1222 1835 1292 1871 quid
1311 1835 1404 1870 igitur
1431 1834 1460 1861 in
1484 1842 1517 1862 ea
1545 1834 1654 1870 degens
1680 1833 1801 1868 praestas

981 1880 1088 1916 operis,
1108 1880 1150 1908 vel
1171 1888 1322 1916 magnum,
1348 1878 1391 1906 vel
1419 1879 1567 1915 exiguum,
1595 1877 1623 1905 in
1650 1876 1800 1913 procinctu

981 1928 1026 1954 est
1042 1925 1162 1953 vilitatis
1178 1926 1233 1951 tum
1250 1923 1480 1959 sbjectionisque
1502 1924 1739 1950 monumentum.
1756 1923 1802 1948 Ire.

982 1969 1007 1998 si
1024 1969 1145 1997 molesta
1157 1969 1278 2005 ingruit,
1296 1968 1367 1996 forte
1383 1968 1460 2003 quod
1477 1967 1601 1995 violatus
1631 1966 1739 2002 injuria
1749 1965 1803 2000 sis,

983 2015 1058 2050 quod
1071 2013 1190 2050 quidam
1207 2012 1366 2048 ignobilem
1383 2012 1506 2040 dixerit:
1520 2014 1608 2048 atque
1625 2013 1658 2039 ut
1672 2010 1802 2038 vicissim

983 2059 1121 2094 injuriam
1133 2066 1255 2093 reponas
1267 2056 1614 2092 concitat,asperioraque
1625 2055 1804 2090 obloquaris,

984 2111 1072 2139 quam
1086 2102 1134 2130 ille
1159 2101 1333 2136 injuriarum
1346 2101 1522 2138 procacitate
1542 2100 1686 2134 effuderit,
1706 2098 1806 2127 oculos

984 2147 1157 2183 vultumque
1174 2147 1250 2174 344
1262 2145 1290 2173 in
1307 2148 1414 2173 terram
1431 2145 1533 2180 dejice,
1544 2147 1629 2180 atque
1644 2143 1743 2172 animo
1760 2150 1805 2170 re-

985 2195 1055 2228 puta
1070 2191 1147 2219 unde
1163 2189 1350 2226 processeris,
1368 2198 1492 2224 moxque
1520 2189 1563 2216 ira
1579 2189 1717 2224 furorque
1741 2196 1806 2216 exs-

985 2237 1110 2264 tinctum
1126 2235 1198 2268 ibit;
1215 2243 1282 2263 cum
1298 2237 1394 2262 tecum
1411 2235 1473 2270 ipse
1484 2233 1806 2270 confestimintelligas,

100 2275 153 2303 απὸ
169 2276 222 2308 τῆς
235 2274 344 2312 ἀψύχου
359 2274 405 2302 καὶ
422 2275 584 2310 ἀναισθήτου
613 2279 665 2313 γῆς
694 2277 795 2313 κυρίως
814 2278 859 2305 καὶ
885 2289 925 2316 γε·

985 2289 1052 2308 eum
1069 2280 1118 2315 qui
1134 2279 1294 2316 ignobilem
1314 2279 1396 2313 dixit,
1410 2287 1466 2306 non
1483 2286 1577 2314 usque
1590 2278 1662 2306 adeo
1674 2286 1808 2306 sermone

100 2320 230 2358 γὲννησαι
260 2320 304 2347 καὶ
333 2319 574 2357 ὑπάρχεις.’¹Ωστε
602 2320 656 2358 οὐχ
684 2318 761 2358 ὕϐρις
775 2322 806 2350 τὸ
832 2321 929 2361 λεχθὲν

102 2364 170 2392 κατὰ
183 2365 243 2399 σοῦ,
263 2363 335 2391 ἀλλὰ
349 2363 435 2392 πλέον
446 2364 526 2401 τιμή.

986 2325 1126 2360 injuriam
1142 2324 1257 2356 fecisse,
1265 2324 1334 2359 quin
1342 2323 1534 2359 potiusetiam
1545 2323 1653 2351 honore
1662 2323 1805 2351 all‘ecisse.

986 2369 1099 2398 Etenim
1107 2368 1244 2404 ignobilis
1252 2367 1301 2396 ille
1307 2376 1380 2404 eque
1387 2368 1487 2404 populi
1496 2368 1664 2402 faece,homo
1671 2367 1773 2404 est,vel
1783 2367 1808 2396 si

105 2417 210 2438 servus
225 2409 371 2437 exstiterit
387 2411 438 2444 ;tu
453 2418 520 2438 vero
535 2418 569 2438 ex
584 2409 707 2438 inanimi
722 2412 864 2448 omnique
879 2414 1021 2443 destituta
1034 2421 1123 2442 sensu
1138 2421 1203 2441 vere
1215 2415 1292 2441 terra
1302 2415 1365 2440 tum
1383 2416 1550 2449 procreatus
1563 2414 1672 2448 es,tum
1687 2414 1808 2446 es.Qua-

104 2456 223 2490 propter
238 2454 353 2497 quodin
369 2456 398 2482 te
412 2454 522 2483 dictum
539 2456 593 2489 est,
609 2463 667 2483 non
688 2455 806 2493 injuria,
823 2459 874 2486 sed
890 2460 985 2497 magis
999 2460 1092 2487 honor
1107 2460 1160 2486 est.

139 2498 184 2526 M.
202 2495 290 2526 ῙῙάλιν
307 2498 371 2525 ὅταν
383 2497 514 2535 ἐπιθυμία
531 2508 573 2529 τις
588 2499 705 2536 σαρκικὴ
732 2502 854 2539 κρατήσῃ
886 2513 934 2530 σου

107 2544 157 2577 τῆς
172 2540 303 2573 διανοίας.
319 2543 362 2570 καὶ
379 2542 459 2580 πείθῃ
479 2541 593 2580 μελιτᾷν
607 2543 639 2571 τὸ
657 2545 708 2577 τῆς
731 2544 844 2582 ὀρέξεως
868 2547 938 2575 ἀπο-

107 2586 240 2623 τὲλισμα,
268 2586 318 2624 δρα
343 2587 451 2625 ταχίως
479 2586 520 2615 ἐπὶ
548 2588 597 2623 τήν
626 2591 692 2626 γῆν.
723 2589 868 2627 Μνήσθητι
897 2591 938 2619 ὅτι

107 2630 198 2669 ὥσπερ
229 2631 259 2658 bc
282 2631 383 2667 ταύτης
409 2631 568 2668 προῆλθις,
591 2632 662 2660 οὕτω
690 2634 735 2661 καὶ
771 2635 810 2666 εἰς
836 2635 937 2672 ταύτην

113 2676 168 2712 μετ’
181 2675 212 2704 οὐ
228 2675 301 2705 πολὺ
316 2676 484 2714 ἀναλυθήσῃ·
499 2677 545 2704 καὶ
573 2677 607 2705 τὰ
630 2680 676 2706 νῦν
703 2679 836 2719 σφύζοντα
853 2680 938 2718 μέλη,

112 2719 156 2748 καὶ
171 2721 190 2756 ἡ
205 2719 308 2760 ἄλογος
325 2720 466 2759 Exlocuta,
480 2721 524 2750 καὶ
551 2721 566 2750 ὑ
588 2721 776 2762 γαργαλισμὸς
798 2728 848 2760 τῆς
873 2735 937 2764 σαρ-

146 2827 170 2846 ³¹
183 2829 255 2859 Gen.
265 2837 298 2866 ιι,
312 2830 340 2860 7.

1026 2504 1068 2532 11.
1082 2503 1193 2531 Rursus
1210 2502 1260 2530 ubi
1287 2502 1413 2531 carnalis
1429 2501 1489 2530 ulla
1513 2502 1659 2538 cupiditas
1674 2503 1717 2531 tui
1733 2511 1813 2531 com-

994 2557 1048 2585 pos
1059 2548 1134 2575 tacta
1149 2547 1235 2575 fueril
1251 2547 1353 2580 animi,
1370 2547 1561 2583 suadentque,
1578 2549 1609 2575 ut
1629 2548 1714 2583 cujus
1738 2547 1814 2575 desi-

994 2593 1074 2621 derio
1090 2592 1311 2628 teneris,reipsa
1326 2592 1480 2625 efﬁcias,in
1498 2595 1604 2620 terram
1622 2592 1722 2620 statim
1737 2594 1815 2619 verte

994 2638 1105 2665 oculos.
1127 2636 1295 2664 Memineris
1311 2645 1370 2672 qua
1385 2636 1497 2664 ratione
1521 2644 1554 2664 ex
1568 2636 1617 2664 illa
1632 2635 1813 2672 processisti,

994 2682 1095 2710 eadem
1110 2681 1175 2717 ipsa
1186 2681 1215 2708 in
1222 2689 1285 2709 eam
1297 2681 1375 2709 haud
1387 2680 1480 2709 multo
1495 2682 1562 2717 post
1572 2683 1599 2708 te
1608 2680 1814 2709 resolvendum

995 2734 1078 2761 esse;
1095 2734 1128 2754 ac
1152 2734 1216 2762 quae
1232 2733 1310 2754 nunc
1324 2725 1462 2762 pruriunt
1477 2725 1617 2760 membra,
1638 2724 1817 2761 brutamque
