  <div class='ocr_page' id='page_1' title='image "/cluster/home/n/w/nwhite01/storage/ocr_20150623/30/njp.32101013202591/041.png"; bbox 0 0 2018 3146; ppageno 0'>
   <div class='ocr_carea' id='block_1_1' title="bbox 200 148 1900 181">
    <p class='ocr_par' dir='ltr' id='par_1_1' title="bbox 200 148 1900 181">
     <span class='ocr_line' id='line_1_1' title="bbox 200 148 1900 181; baseline 0 -4"><span class='ocrx_word' id='word_1_1' title='bbox 200 148 240 178; x_wconf 74' lang='lat'><strong>55</strong></span> <span class='ocrx_word' id='word_1_2' title='bbox 667 150 865 181; x_wconf 83' lang='lat' dir='ltr'>APPENDIX</span> <span class='ocrx_word' id='word_1_3' title='bbox 888 149 1051 180; x_wconf 80' lang='lat' dir='ltr'>OPERUM</span> <span class='ocrx_word' id='word_1_4' title='bbox 1074 149 1105 180; x_wconf 89' lang='lat' dir='ltr'>S.</span> <span class='ocrx_word' id='word_1_5' title='bbox 1129 149 1269 180; x_wconf 76' lang='lat' dir='ltr'>BASlLlI</span> <span class='ocrx_word' id='word_1_6' title='bbox 1292 149 1430 180; x_wconf 81' lang='lat' dir='ltr'>MAGNI.</span> <span class='ocrx_word' id='word_1_7' title='bbox 1861 149 1900 177; x_wconf 78' lang='lat'>58</span> 
     </span>
    </p>
   </div>
   <div class='ocr_carea' id='block_1_2' title="bbox 200 212 1038 252">
    <p class='ocr_par' dir='ltr' id='par_1_2' title="bbox 200 213 1024 250">
     <span class='ocr_line' id='line_1_2' title="bbox 200 213 1024 250; baseline 0.002 -9"><span class='ocrx_word' id='word_1_8' title='bbox 200 213 482 249; x_wconf 75' lang='lat' dir='ltr'>concupiscentiam,</span> <span class='ocrx_word' id='word_1_9' title='bbox 510 223 544 242; x_wconf 85' lang='lat' dir='ltr'>ac</span> <span class='ocrx_word' id='word_1_10' title='bbox 560 215 656 243; x_wconf 86' lang='lat' dir='ltr'>carnis</span> <span class='ocrx_word' id='word_1_11' title='bbox 671 215 879 250; x_wconf 87' lang='lat' dir='ltr'>titillationem,</span> <span class='ocrx_word' id='word_1_12' title='bbox 897 224 949 244; x_wconf 81' lang='lat' dir='ltr'>nec</span> <span class='ocrx_word' id='word_1_13' title='bbox 966 216 1024 244; x_wconf 88' lang='lat' dir='ltr'>fore</span> 
     </span>
    </p>
   </div>
   <div class='ocr_carea' id='block_1_3' title="bbox 1094 212 1900 252">
    <p class='ocr_par' dir='ltr' id='par_1_3' title="bbox 1094 212 1900 252">
     <span class='ocr_line' id='line_1_3' title="bbox 1094 212 1900 252; baseline -0.002 -11"><span class='ocrx_word' id='word_1_14' title='bbox 1094 214 1128 244; x_wconf 74' lang='grc' dir='ltr'>ιὸς</span> <span class='ocrx_word' id='word_1_15' title='bbox 1155 213 1246 252; x_wconf 72' lang='grc' dir='ltr'>αὔριον</span> <span class='ocrx_word' id='word_1_16' title='bbox 1277 214 1327 242; x_wconf 80' lang='grc' dir='ltr'>οὐκ</span> <span class='ocrx_word' id='word_1_17' title='bbox 1354 213 1436 248; x_wconf 72' lang='grc' dir='ltr'>ἔσται,</span> <span class='ocrx_word' id='word_1_18' title='bbox 1453 215 1505 241; x_wconf 83' lang='grc' dir='ltr'>τῶν</span> <span class='ocrx_word' id='word_1_19' title='bbox 1536 215 1625 250; x_wconf 79' lang='grc' dir='ltr'>μει.ῶν</span> <span class='ocrx_word' id='word_1_20' title='bbox 1647 212 1900 250; x_wconf 71' lang='grc' dir='ltr'>ἀπονεκρωθὲντων,</span> 
     </span>
    </p>
   </div>
   <div class='ocr_carea' id='block_1_4' title="bbox 201 258 1025 298">
    <p class='ocr_par' dir='ltr' id='par_1_4' title="bbox 201 258 1025 298">
     <span class='ocr_line' id='line_1_4' title="bbox 201 258 1025 298; baseline 0.002 -12"><span class='ocrx_word' id='word_1_21' title='bbox 201 258 232 286; x_wconf 88' lang='lat' dir='ltr'>in</span> <span class='ocrx_word' id='word_1_22' title='bbox 248 259 563 294; x_wconf 85' lang='lat' dir='ltr'>crastinum,membris</span> <span class='ocrx_word' id='word_1_23' title='bbox 579 261 721 288; x_wconf 82' lang='lat' dir='ltr'>emortuis</span> <span class='ocrx_word' id='word_1_24' title='bbox 737 270 769 288; x_wconf 84' lang='lat' dir='ltr'>ac</span> <span class='ocrx_word' id='word_1_25' title='bbox 786 261 964 298; x_wconf 71' lang='lat' dir='ltr'>appetitione</span> <span class='ocrx_word' id='word_1_26' title='bbox 979 269 1025 288; x_wconf 85' lang='lat' dir='ltr'>co-</span> 
     </span>
    </p>
   </div>
   <div class='ocr_carea' id='block_1_5' title="bbox 203 302 1026 342">
    <p class='ocr_par' dir='ltr' id='par_1_5' title="bbox 203 302 1026 342">
     <span class='ocr_line' id='line_1_5' title="bbox 203 302 1026 342; baseline 0.004 -12"><span class='ocrx_word' id='word_1_27' title='bbox 203 302 254 330; x_wconf 88' lang='lat' dir='ltr'>leri</span> <span class='ocrx_word' id='word_1_28' title='bbox 270 303 369 332; x_wconf 81' lang='lat' dir='ltr'>volatu</span> <span class='ocrx_word' id='word_1_29' title='bbox 384 303 493 339; x_wconf 85' lang='lat' dir='ltr'>elapsa.</span> <span class='ocrx_word' id='word_1_30' title='bbox 509 305 599 341; x_wconf 83' lang='lat' dir='ltr'>Atque</span> <span class='ocrx_word' id='word_1_31' title='bbox 616 305 655 333; x_wconf 86' lang='lat' dir='ltr'>ita</span> <span class='ocrx_word' id='word_1_32' title='bbox 666 306 741 341; x_wconf 88' lang='lat' dir='ltr'>quod</span> <span class='ocrx_word' id='word_1_33' title='bbox 754 307 866 342; x_wconf 80' lang='lat' dir='ltr'>jugiter</span> <span class='ocrx_word' id='word_1_34' title='bbox 877 307 906 333; x_wconf 92' lang='lat' dir='ltr'>in</span> <span class='ocrx_word' id='word_1_35' title='bbox 918 309 1026 334; x_wconf 77' lang='lat' dir='ltr'>terram</span> 
     </span>
    </p>
   </div>
   <div class='ocr_carea' id='block_1_6' title="bbox 205 350 1027 387">
    <p class='ocr_par' dir='ltr' id='par_1_6' title="bbox 205 350 1027 387">
     <span class='ocr_line' id='line_1_6' title="bbox 205 350 1027 387; baseline 0.005 -12"><span class='ocrx_word' id='word_1_36' title='bbox 205 351 355 384; x_wconf 85' lang='lat' dir='ltr'>parentem</span> <span class='ocrx_word' id='word_1_37' title='bbox 367 352 499 376; x_wconf 88' lang='lat' dir='ltr'>nostram</span> <span class='ocrx_word' id='word_1_38' title='bbox 511 350 594 385; x_wconf 86' lang='lat' dir='ltr'>proni</span> <span class='ocrx_word' id='word_1_39' title='bbox 616 353 800 386; x_wconf 87' lang='lat' dir='ltr'>aspectemus</span> <span class='ocrx_word' id='word_1_40' title='bbox 825 360 857 379; x_wconf 90' lang='lat' dir='ltr'>ac</span> <span class='ocrx_word' id='word_1_41' title='bbox 886 359 1027 387; x_wconf 82' lang='lat' dir='ltr'>agnosca-</span> 
     </span>
    </p>
   </div>
   <div class='ocr_carea' id='block_1_7' title="bbox 206 392 1027 431">
    <p class='ocr_par' dir='ltr' id='par_1_7' title="bbox 206 392 1027 431">
     <span class='ocr_line' id='line_1_7' title="bbox 206 392 1027 431; baseline 0.005 -12"><span class='ocrx_word' id='word_1_42' title='bbox 206 400 290 426; x_wconf 89' lang='lat' dir='ltr'>mus;</span> <span class='ocrx_word' id='word_1_43' title='bbox 304 392 333 419; x_wconf 96' lang='lat' dir='ltr'>in</span> <span class='ocrx_word' id='word_1_44' title='bbox 347 401 436 420; x_wconf 86' lang='lat' dir='ltr'>causa</span> <span class='ocrx_word' id='word_1_45' title='bbox 451 396 541 427; x_wconf 85' lang='lat' dir='ltr'>est,ut</span> <span class='ocrx_word' id='word_1_46' title='bbox 556 403 572 421; x_wconf 92' lang='lat' dir='ltr'>a</span> <span class='ocrx_word' id='word_1_47' title='bbox 588 394 720 422; x_wconf 78' lang='lat' dir='ltr'>molestis</span> <span class='ocrx_word' id='word_1_48' title='bbox 733 396 864 431; x_wconf 72' lang='lat' dir='ltr'>quotidie</span> <span class='ocrx_word' id='word_1_49' title='bbox 879 395 1027 428; x_wconf 87' lang='lat' dir='ltr'>omnibus,</span> 
     </span>
    </p>
   </div>
   <div class='ocr_carea' id='block_1_8' title="bbox 208 439 1029 474">
    <p class='ocr_par' dir='ltr' id='par_1_8' title="bbox 208 439 1029 474">
     <span class='ocr_line' id='line_1_8' title="bbox 208 439 1029 474; baseline 0.006 -11"><span class='ocrx_word' id='word_1_50' title='bbox 208 439 236 463; x_wconf 90' lang='lat' dir='ltr'>et</span> <span class='ocrx_word' id='word_1_51' title='bbox 251 445 314 472; x_wconf 70' lang='lat' dir='ltr'>qua:</span> <span class='ocrx_word' id='word_1_52' title='bbox 330 445 402 472; x_wconf 60' lang='lat' dir='ltr'>aegre</span> <span class='ocrx_word' id='word_1_53' title='bbox 419 439 601 466; x_wconf 80' lang='lat' dir='ltr'>curationem</span> <span class='ocrx_word' id='word_1_54' title='bbox 617 439 785 474; x_wconf 85' lang='lat' dir='ltr'>admittunt,</span> <span class='ocrx_word' id='word_1_55' title='bbox 798 440 1029 468; x_wconf 85' lang='lat' dir='ltr'>obtundentibus</span> 
     </span>
    </p>
   </div>
   <div class='ocr_carea' id='block_1_9' title="bbox 206 480 1030 520">
    <p class='ocr_par' dir='ltr' id='par_1_9' title="bbox 206 480 1030 520">
     <span class='ocr_line' id='line_1_9' title="bbox 206 480 1030 520; baseline 0.006 -12"><span class='ocrx_word' id='word_1_56' title='bbox 206 480 286 508; x_wconf 82' lang='lat' dir='ltr'>vitiis</span> <span class='ocrx_word' id='word_1_57' title='bbox 301 490 333 509; x_wconf 91' lang='lat' dir='ltr'>ac</span> <span class='ocrx_word' id='word_1_58' title='bbox 349 482 604 518; x_wconf 82' lang='lat' dir='ltr'>pertubationibus</span> <span class='ocrx_word' id='word_1_59' title='bbox 633 493 685 512; x_wconf 85' lang='lat' dir='ltr'>nos</span> <span class='ocrx_word' id='word_1_60' title='bbox 706 485 762 520; x_wconf 85' lang='lat' dir='ltr'>ipsi</span> <span class='ocrx_word' id='word_1_61' title='bbox 784 485 982 513; x_wconf 78' lang='lat' dir='ltr'>abstineamus</span> <span class='ocrx_word' id='word_1_62' title='bbox 998 493 1030 512; x_wconf 85' lang='lat' dir='ltr'>ac</span> 
     </span>
    </p>
   </div>
   <div class='ocr_carea' id='block_1_10' title="bbox 207 525 1032 565">
    <p class='ocr_par' dir='ltr' id='par_1_10' title="bbox 207 525 1032 565">
     <span class='ocr_line' id='line_1_10' title="bbox 207 525 1032 565; baseline 0.006 -13"><span class='ocrx_word' id='word_1_63' title='bbox 207 525 375 554; x_wconf 83' lang='lat' dir='ltr'>liberemur.</span> <span class='ocrx_word' id='word_1_64' title='bbox 404 527 528 563; x_wconf 79' lang='lat' dir='ltr'>Sumpta,</span> <span class='ocrx_word' id='word_1_65' title='bbox 563 529 668 564; x_wconf 84' lang='lat' dir='ltr'>inquit,</span> <span class='ocrx_word' id='word_1_66' title='bbox 697 532 805 557; x_wconf 78' lang='lat' dir='ltr'>eterra</span> <span class='ocrx_word' id='word_1_67' title='bbox 829 530 949 565; x_wconf 78' lang='lat' dir='ltr'>puluere.</span> <span class='ocrx_word' id='word_1_68' title='bbox 967 530 996 557; x_wconf 91' lang='lat' dir='ltr'>Si</span> <span class='ocrx_word' id='word_1_69' title='bbox 1016 537 1032 557; x_wconf 79' lang='grc' dir='ltr'>ο</span> 
     </span>
    </p>
   </div>
   <div class='ocr_carea' id='block_1_11' title="bbox 208 569 1032 610">
    <p class='ocr_par' dir='ltr' id='par_1_11' title="bbox 208 569 1032 610">
     <span class='ocr_line' id='line_1_11' title="bbox 208 569 1032 610; baseline 0.006 -13"><span class='ocrx_word' id='word_1_70' title='bbox 208 569 279 598; x_wconf 72' lang='grc' dir='ltr'>οωΙο</span> <span class='ocrx_word' id='word_1_71' title='bbox 295 571 412 599; x_wconf 84' lang='lat' dir='ltr'>formati</span> <span class='ocrx_word' id='word_1_72' title='bbox 428 572 598 606; x_wconf 80' lang='lat' dir='ltr'>fuissemus,</span> <span class='ocrx_word' id='word_1_73' title='bbox 617 574 694 609; x_wconf 90' lang='lat' dir='ltr'>quod</span> <span class='ocrx_word' id='word_1_74' title='bbox 711 574 782 602; x_wconf 90' lang='lat' dir='ltr'>illud</span> <span class='ocrx_word' id='word_1_75' title='bbox 806 574 885 602; x_wconf 90' lang='lat' dir='ltr'>haud</span> <span class='ocrx_word' id='word_1_76' title='bbox 916 583 1032 610; x_wconf 82' lang='lat' dir='ltr'>semper</span> 
     </span>
    </p>
   </div>
   <div class='ocr_carea' id='block_1_12' title="bbox 207 616 1032 652">
    <p class='ocr_par' dir='ltr' id='par_1_12' title="bbox 207 616 1032 652">
     <span class='ocr_line' id='line_1_12' title="bbox 207 616 1032 652; baseline 0.006 -11"><span class='ocrx_word' id='word_1_77' title='bbox 207 616 356 650; x_wconf 80' lang='lat' dir='ltr'>suspicere</span> <span class='ocrx_word' id='word_1_78' title='bbox 372 624 541 652; x_wconf 84' lang='lat' dir='ltr'>possumus,</span> <span class='ocrx_word' id='word_1_79' title='bbox 559 626 617 645; x_wconf 90' lang='lat' dir='ltr'>non</span> <span class='ocrx_word' id='word_1_80' title='bbox 647 618 786 646; x_wconf 87' lang='lat' dir='ltr'>continue</span> <span class='ocrx_word' id='word_1_81' title='bbox 802 621 910 646; x_wconf 68' lang='lat' dir='ltr'>natura:</span> <span class='ocrx_word' id='word_1_82' title='bbox 927 621 1032 647; x_wconf 69' lang='lat' dir='ltr'>nostra:</span> 
     </span>
    </p>
   </div>
   <div class='ocr_carea' id='block_1_13' title="bbox 210 661 1033 700">
    <p class='ocr_par' dir='ltr' id='par_1_13' title="bbox 210 661 1033 700">
     <span class='ocr_line' id='line_1_13' title="bbox 210 661 1033 700; baseline 0.006 -14"><span class='ocrx_word' id='word_1_83' title='bbox 210 667 355 688; x_wconf 88' lang='lat' dir='ltr'>memores</span> <span class='ocrx_word' id='word_1_84' title='bbox 372 661 531 689; x_wconf 84' lang='lat' dir='ltr'>fuissemus</span> <span class='ocrx_word' id='word_1_85' title='bbox 544 674 551 695; x_wconf 83' lang='lat'><strong>;</strong></span> <span class='ocrx_word' id='word_1_86' title='bbox 563 670 642 689; x_wconf 89' lang='lat' dir='ltr'>nunc</span> <span class='ocrx_word' id='word_1_87' title='bbox 663 671 729 690; x_wconf 85' lang='lat' dir='ltr'>vero</span> <span class='ocrx_word' id='word_1_88' title='bbox 746 663 774 691; x_wconf 91' lang='lat' dir='ltr'>in</span> <span class='ocrx_word' id='word_1_89' title='bbox 790 665 891 699; x_wconf 88' lang='lat' dir='ltr'>parato</span> <span class='ocrx_word' id='word_1_90' title='bbox 908 663 1033 700; x_wconf 81' lang='lat' dir='ltr'>proclive</span> 
     </span>
    </p>
   </div>
   <div class='ocr_carea' id='block_1_14' title="bbox 211 705 1035 742">
    <p class='ocr_par' dir='ltr' id='par_1_14' title="bbox 211 705 1035 742">
     <span class='ocr_line' id='line_1_14' title="bbox 211 705 1035 742; baseline 0.005 -10"><span class='ocrx_word' id='word_1_91' title='bbox 211 705 294 732; x_wconf 83' lang='lat' dir='ltr'>adest</span> <span class='ocrx_word' id='word_1_92' title='bbox 308 705 601 742; x_wconf 85' lang='lat' dir='ltr'>inintermissumque</span> <span class='ocrx_word' id='word_1_93' title='bbox 617 707 736 736; x_wconf 82' lang='lat' dir='ltr'>vilitatis</span> <span class='ocrx_word' id='word_1_94' title='bbox 750 711 856 736; x_wconf 66' lang='lat' dir='ltr'>nostra:</span> <span class='ocrx_word' id='word_1_95' title='bbox 866 711 894 736; x_wconf 89' lang='lat' dir='ltr'>et</span> <span class='ocrx_word' id='word_1_96' title='bbox 906 708 1035 736; x_wconf 89' lang='lat' dir='ltr'>imbecil-</span> 
     </span>
    </p>
   </div>
   <div class='ocr_carea' id='block_1_15' title="bbox 212 749 1034 789">
    <p class='ocr_par' dir='ltr' id='par_1_15' title="bbox 212 749 1034 789">
     <span class='ocr_line' id='line_1_15' title="bbox 212 749 1034 789; baseline 0.006 -13"><span class='ocrx_word' id='word_1_97' title='bbox 212 749 303 777; x_wconf 81' lang='lat' dir='ltr'>litatis</span> <span class='ocrx_word' id='word_1_98' title='bbox 320 753 639 787; x_wconf 88' lang='lat' dir='ltr'>monumentum,unde</span> <span class='ocrx_word' id='word_1_99' title='bbox 654 753 830 787; x_wconf 86' lang='lat' dir='ltr'>incedimus,</span> <span class='ocrx_word' id='word_1_100' title='bbox 848 754 925 781; x_wconf 89' lang='lat' dir='ltr'>unde</span> <span class='ocrx_word' id='word_1_101' title='bbox 939 754 1034 789; x_wconf 80' lang='lat' dir='ltr'>tangi-</span> 
     </span>
    </p>
   </div>
   <div class='ocr_carea' id='block_1_16' title="bbox 212 794 1036 834">
    <p class='ocr_par' dir='ltr' id='par_1_16' title="bbox 212 794 1036 834">
     <span class='ocr_line' id='line_1_16' title="bbox 212 794 1036 834; baseline 0.006 -14"><span class='ocrx_word' id='word_1_102' title='bbox 212 802 290 827; x_wconf 86' lang='lat' dir='ltr'>mus,</span> <span class='ocrx_word' id='word_1_103' title='bbox 304 794 380 822; x_wconf 88' lang='lat' dir='ltr'>unde</span> <span class='ocrx_word' id='word_1_104' title='bbox 396 795 555 831; x_wconf 86' lang='lat' dir='ltr'>cernimus,</span> <span class='ocrx_word' id='word_1_105' title='bbox 588 797 663 824; x_wconf 88' lang='lat' dir='ltr'>unde</span> <span class='ocrx_word' id='word_1_106' title='bbox 692 797 811 831; x_wconf 87' lang='lat' dir='ltr'>alimur,</span> <span class='ocrx_word' id='word_1_107' title='bbox 827 798 904 825; x_wconf 89' lang='lat' dir='ltr'>unde</span> <span class='ocrx_word' id='word_1_108' title='bbox 926 798 1036 834; x_wconf 73' lang='lat' dir='ltr'>jugiter</span> 
     </span>
    </p>
   </div>
   <div class='ocr_carea' id='block_1_17' title="bbox 213 840 1034 878">
    <p class='ocr_par' dir='ltr' id='par_1_17' title="bbox 213 840 1034 878">
     <span class='ocr_line' id='line_1_17' title="bbox 213 840 1034 878; baseline 0.006 -13"><span class='ocrx_word' id='word_1_109' title='bbox 213 846 454 874; x_wconf 85' lang='lat' dir='ltr'>conspurcamur.</span> <span class='ocrx_word' id='word_1_110' title='bbox 472 840 545 871; x_wconf 86' lang='lat' dir='ltr'>Quid</span> <span class='ocrx_word' id='word_1_111' title='bbox 563 840 653 868; x_wconf 87' lang='lat' dir='ltr'>humo</span> <span class='ocrx_word' id='word_1_112' title='bbox 669 841 798 878; x_wconf 88' lang='lat' dir='ltr'>lutoque,</span> <span class='ocrx_word' id='word_1_113' title='bbox 818 843 893 870; x_wconf 89' lang='lat' dir='ltr'>unde</span> <span class='ocrx_word' id='word_1_114' title='bbox 917 846 947 870; x_wconf 87' lang='lat' dir='ltr'>tu</span> <span class='ocrx_word' id='word_1_115' title='bbox 977 843 1034 870; x_wconf 87' lang='lat' dir='ltr'>for-</span> 
     </span>
    </p>
   </div>
   <div class='ocr_carea' id='block_1_18' title="bbox 1080 258 1898 297">
    <p class='ocr_par' dir='ltr' id='par_1_18' title="bbox 1080 258 1898 297">
     <span class='ocr_line' id='line_1_18' title="bbox 1080 258 1898 297; baseline -0.002 -12"><span class='ocrx_word' id='word_1_116' title='bbox 1080 259 1124 286; x_wconf 79' lang='grc' dir='ltr'>καὶ</span> <span class='ocrx_word' id='word_1_117' title='bbox 1153 263 1202 294; x_wconf 82' lang='grc' dir='ltr'>τῆς</span> <span class='ocrx_word' id='word_1_118' title='bbox 1232 259 1344 297; x_wconf 73' lang='grc' dir='ltr'>ὀρέξεως</span> <span class='ocrx_word' id='word_1_119' title='bbox 1361 259 1532 294; x_wconf 77' lang='grc' dir='ltr'>ἀποπτάσης.</span> <span class='ocrx_word' id='word_1_120' title='bbox 1550 258 1642 289; x_wconf 75' lang='grc' dir='ltr'>Οὕτως</span> <span class='ocrx_word' id='word_1_121' title='bbox 1658 259 1676 292; x_wconf 84' lang='grc' dir='ltr'>ἡ</span> <span class='ocrx_word' id='word_1_122' title='bbox 1692 258 1759 295; x_wconf 82' lang='grc' dir='ltr'>πρὸς</span> <span class='ocrx_word' id='word_1_123' title='bbox 1775 258 1823 291; x_wconf 75' lang='grc' dir='ltr'>τὴν</span> <span class='ocrx_word' id='word_1_124' title='bbox 1849 261 1898 294; x_wconf 84' lang='grc' dir='ltr'>γῆν</span> 
     </span>
    </p>
   </div>
   <div class='ocr_carea' id='block_1_19' title="bbox 1081 302 1899 340">
    <p class='ocr_par' dir='ltr' id='par_1_19' title="bbox 1081 302 1899 340">
     <span class='ocr_line' id='line_1_19' title="bbox 1081 302 1899 340; baseline -0.004 -9"><span class='ocrx_word' id='word_1_125' title='bbox 1081 305 1130 338; x_wconf 69' lang='grc' dir='ltr'>τὴν</span> <span class='ocrx_word' id='word_1_126' title='bbox 1149 305 1253 340; x_wconf 77' lang='grc' dir='ltr'>μητέρα</span> <span class='ocrx_word' id='word_1_127' title='bbox 1268 305 1347 340; x_wconf 78' lang='grc' dir='ltr'>ἡμῶν</span> <span class='ocrx_word' id='word_1_128' title='bbox 1366 303 1493 338; x_wconf 70' lang='grc' dir='ltr'>διηνεκὴς</span> <span class='ocrx_word' id='word_1_129' title='bbox 1511 303 1645 334; x_wconf 64' lang='grc' dir='ltr'>σέννευσις</span> <span class='ocrx_word' id='word_1_130' title='bbox 1669 303 1712 330; x_wconf 84' lang='grc' dir='ltr'>καὶ</span> <span class='ocrx_word' id='word_1_131' title='bbox 1746 302 1899 339; x_wconf 76' lang='grc' dir='ltr'>ἐπίγνωσις,</span> 
     </span>
    </p>
   </div>
   <div class='ocr_carea' id='block_1_20' title="bbox 1083 347 1902 386">
    <p class='ocr_par' dir='ltr' id='par_1_20' title="bbox 1083 347 1902 386">
     <span class='ocr_line' id='line_1_20' title="bbox 1083 347 1902 386; baseline -0.004 -11"><span class='ocrx_word' id='word_1_132' title='bbox 1083 348 1322 381; x_wconf 74' lang='grc' dir='ltr'>αἷτίακαθίσταται</span> <span class='ocrx_word' id='word_1_133' title='bbox 1338 349 1448 386; x_wconf 79' lang='grc' dir='ltr'>ἀποχῆς</span> <span class='ocrx_word' id='word_1_134' title='bbox 1470 349 1514 376; x_wconf 74' lang='grc' dir='ltr'>καὶ</span> <span class='ocrx_word' id='word_1_135' title='bbox 1540 347 1691 385; x_wconf 73' lang='grc' dir='ltr'>ἐλευθερίας</span> <span class='ocrx_word' id='word_1_136' title='bbox 1716 348 1819 374; x_wconf 69' lang='grc' dir='ltr'>πάντων</span> <span class='ocrx_word' id='word_1_137' title='bbox 1849 348 1902 373; x_wconf 87' lang='grc' dir='ltr'>τῶν</span> 
     </span>
    </p>
   </div>
   <div class='ocr_carea' id='block_1_21' title="bbox 1083 391 1903 431">
    <p class='ocr_par' dir='ltr' id='par_1_21' title="bbox 1083 391 1903 431">
     <span class='ocr_line' id='line_1_21' title="bbox 1083 391 1903 431; baseline -0.004 -11"><span class='ocrx_word' id='word_1_138' title='bbox 1083 392 1270 430; x_wconf 73' lang='grc' dir='ltr'>ἐνοχλούντων</span> <span class='ocrx_word' id='word_1_139' title='bbox 1287 394 1413 421; x_wconf 68' lang='grc' dir='ltr'>ἑκάστοτε</span> <span class='ocrx_word' id='word_1_140' title='bbox 1427 392 1557 431; x_wconf 78' lang='grc' dir='ltr'>χαλεπῶν</span> <span class='ocrx_word' id='word_1_141' title='bbox 1572 393 1617 420; x_wconf 80' lang='grc' dir='ltr'>καὶ</span> <span class='ocrx_word' id='word_1_142' title='bbox 1639 391 1770 420; x_wconf 85' lang='grc' dir='ltr'>δυσιάτων</span> <span class='ocrx_word' id='word_1_143' title='bbox 1800 393 1903 423; x_wconf 75' lang='grc' dir='ltr'>παθῶν.</span> 
     </span>
    </p>
   </div>
   <div class='ocr_carea' id='block_1_22' title="bbox 1085 436 1905 477">
    <p class='ocr_par' dir='ltr' id='par_1_22' title="bbox 1085 436 1905 477">
     <span class='ocr_line' id='line_1_22' title="bbox 1085 436 1905 477; baseline -0.004 -12"><span class='ocrx_word' id='word_1_144' title='bbox 1085 440 1169 471; x_wconf 77' lang='grc' dir='ltr'>Χοῦν,</span> <span class='ocrx_word' id='word_1_145' title='bbox 1199 438 1268 473; x_wconf 70' lang='grc' dir='ltr'>εἶπε,</span> <span class='ocrx_word' id='word_1_146' title='bbox 1298 436 1392 477; x_wconf 73' lang='grc' dir='ltr'>λφόὼν</span> <span class='ocrx_word' id='word_1_147' title='bbox 1414 438 1466 465; x_wconf 85' lang='grc' dir='ltr'>ἀπὸ</span> <span class='ocrx_word' id='word_1_148' title='bbox 1490 441 1539 472; x_wconf 82' lang='grc' dir='ltr'>τῆς</span> <span class='ocrx_word' id='word_1_149' title='bbox 1568 441 1628 475; x_wconf 82' lang='grc' dir='ltr'>γῆς.</span> <span class='ocrx_word' id='word_1_150' title='bbox 1660 437 1691 465; x_wconf 77' lang='lat' dir='ltr'>Ei</span> <span class='ocrx_word' id='word_1_151' title='bbox 1717 437 1761 463; x_wconf 82' lang='grc' dir='ltr'>ἀπ’</span> <span class='ocrx_word' id='word_1_152' title='bbox 1791 436 1905 474; x_wconf 76' lang='grc' dir='ltr'>οὐρανοῦ</span> 
     </span>
    </p>
   </div>
   <div class='ocr_carea' id='block_1_23' title="bbox 1085 480 1905 519">
    <p class='ocr_par' dir='ltr' id='par_1_23' title="bbox 1085 480 1905 519">
     <span class='ocr_line' id='line_1_23' title="bbox 1085 480 1905 519; baseline -0.004 -10"><span class='ocrx_word' id='word_1_153' title='bbox 1085 481 1271 519; x_wconf 73' lang='grc' dir='ltr'>ὲπλάτθημεν,</span> <span class='ocrx_word' id='word_1_154' title='bbox 1289 483 1326 514; x_wconf 86' lang='grc' dir='ltr'>ὡς</span> <span class='ocrx_word' id='word_1_155' title='bbox 1353 483 1391 519; x_wconf 78' lang='grc' dir='ltr'>μὴ</span> <span class='ocrx_word' id='word_1_156' title='bbox 1419 481 1563 519; x_wconf 76' lang='grc' dir='ltr'>δυνάμενοι</span> <span class='ocrx_word' id='word_1_157' title='bbox 1591 481 1632 508; x_wconf 81' lang='grc' dir='ltr'>ἀεὶ</span> <span class='ocrx_word' id='word_1_158' title='bbox 1663 481 1772 519; x_wconf 69' lang='grc' dir='ltr'>βλέπειν</span> <span class='ocrx_word' id='word_1_159' title='bbox 1794 480 1905 514; x_wconf 80' lang='grc' dir='ltr'>ἐκεῖνον,</span> 
     </span>
    </p>
   </div>
   <div class='ocr_carea' id='block_1_24' title="bbox 1087 525 1907 565">
    <p class='ocr_par' dir='ltr' id='par_1_24' title="bbox 1087 525 1907 565">
     <span class='ocr_line' id='line_1_24' title="bbox 1087 525 1907 565; baseline -0.004 -11"><span class='ocrx_word' id='word_1_160' title='bbox 1087 527 1135 554; x_wconf 79' lang='grc' dir='ltr'>οὐκ</span> <span class='ocrx_word' id='word_1_161' title='bbox 1161 526 1191 554; x_wconf 82' lang='grc' dir='ltr'>ἃν</span> <span class='ocrx_word' id='word_1_162' title='bbox 1219 529 1338 565; x_wconf 71' lang='grc' dir='ltr'>συνεχῶς</span> <span class='ocrx_word' id='word_1_163' title='bbox 1365 531 1414 562; x_wconf 77' lang='grc' dir='ltr'>τῆς</span> <span class='ocrx_word' id='word_1_164' title='bbox 1439 527 1538 558; x_wconf 79' lang='grc' dir='ltr'>οἰκείας</span> <span class='ocrx_word' id='word_1_165' title='bbox 1566 526 1829 563; x_wconf 72' lang='grc' dir='ltr'>ὑπεμιμνησκόμεθα</span> <span class='ocrx_word' id='word_1_166' title='bbox 1855 525 1907 563; x_wconf 67' lang='grc' dir='ltr'>φύ-</span> 
     </span>
    </p>
   </div>
   <div class='ocr_carea' id='block_1_25' title="bbox 1087 569 1907 609">
    <p class='ocr_par' dir='ltr' id='par_1_25' title="bbox 1087 569 1907 609">
     <span class='ocr_line' id='line_1_25' title="bbox 1087 569 1907 609; baseline -0.004 -10"><span class='ocrx_word' id='word_1_167' title='bbox 1087 574 1226 603; x_wconf 74' lang='grc' dir='ltr'>σεως¹νῦν</span> <span class='ocrx_word' id='word_1_168' title='bbox 1255 571 1283 599; x_wconf 72' lang='grc' dir='ltr'>δὲ</span> <span class='ocrx_word' id='word_1_169' title='bbox 1313 572 1341 599; x_wconf 80' lang='grc' dir='ltr'>ὲκ</span> <span class='ocrx_word' id='word_1_170' title='bbox 1369 574 1416 599; x_wconf 71' lang='grc' dir='ltr'>τοῦ</span> <span class='ocrx_word' id='word_1_171' title='bbox 1443 571 1593 609; x_wconf 74' lang='grc' dir='ltr'>προχείρου</span> <span class='ocrx_word' id='word_1_172' title='bbox 1621 571 1746 608; x_wconf 71' lang='grc' dir='ltr'>πάρεστιν</span> <span class='ocrx_word' id='word_1_173' title='bbox 1769 569 1907 606; x_wconf 75' lang='grc' dir='ltr'>ἡμῖν,καὶ</span> 
     </span>
    </p>
   </div>
   <div class='ocr_carea' id='block_1_26' title="bbox 1088 614 1909 653">
    <p class='ocr_par' dir='ltr' id='par_1_26' title="bbox 1088 614 1909 653">
     <span class='ocr_line' id='line_1_26' title="bbox 1088 614 1909 653; baseline -0.004 -9"><span class='ocrx_word' id='word_1_174' title='bbox 1088 615 1262 644; x_wconf 71' lang='grc' dir='ltr'>ἀδιάλειπτον</span> <span class='ocrx_word' id='word_1_175' title='bbox 1280 617 1310 644; x_wconf 75' lang='grc' dir='ltr'>τὸ</span> <span class='ocrx_word' id='word_1_176' title='bbox 1324 620 1374 652; x_wconf 75' lang='grc' dir='ltr'>τῆς</span> <span class='ocrx_word' id='word_1_177' title='bbox 1390 616 1525 653; x_wconf 68' lang='grc' dir='ltr'>ἡμετέρας</span> <span class='ocrx_word' id='word_1_178' title='bbox 1541 616 1586 643; x_wconf 85' lang='grc' dir='ltr'>καί</span> <span class='ocrx_word' id='word_1_179' title='bbox 1603 614 1737 646; x_wconf 77' lang='grc' dir='ltr'>εὐτελείας</span> <span class='ocrx_word' id='word_1_180' title='bbox 1765 615 1809 643; x_wconf 80' lang='grc' dir='ltr'>καὶ</span> <span class='ocrx_word' id='word_1_181' title='bbox 1834 615 1909 642; x_wconf 64' lang='lat' dir='ltr'>d305-</span> 
     </span>
    </p>
   </div>
   <div class='ocr_carea' id='block_1_27' title="bbox 1087 659 1909 698">
    <p class='ocr_par' dir='ltr' id='par_1_27' title="bbox 1087 659 1909 698">
     <span class='ocr_line' id='line_1_27' title="bbox 1087 659 1909 698; baseline -0.002 -10"><span class='ocrx_word' id='word_1_182' title='bbox 1087 661 1158 692; x_wconf 77' lang='grc' dir='ltr'>νείας</span> <span class='ocrx_word' id='word_1_183' title='bbox 1188 659 1339 698; x_wconf 81' lang='grc' dir='ltr'>ὑπόμνημα</span> <span class='ocrx_word' id='word_1_184' title='bbox 1364 660 1389 696; x_wconf 78' lang='grc' dir='ltr'>ἐξ</span> <span class='ocrx_word' id='word_1_185' title='bbox 1416 661 1451 688; x_wconf 86' lang='grc' dir='ltr'>ών</span> <span class='ocrx_word' id='word_1_186' title='bbox 1477 659 1667 697; x_wconf 76' lang='grc' dir='ltr'>πατοῦμεν,ἐξ</span> <span class='ocrx_word' id='word_1_187' title='bbox 1695 659 1732 687; x_wconf 85' lang='grc' dir='ltr'>ὧν</span> <span class='ocrx_word' id='word_1_188' title='bbox 1759 659 1909 695; x_wconf 79' lang='grc' dir='ltr'>ἁπτόμεθα,</span> 
     </span>
    </p>
   </div>
   <div class='ocr_carea' id='block_1_28' title="bbox 1089 703 1910 744">
    <p class='ocr_par' dir='ltr' id='par_1_28' title="bbox 1089 703 1910 744">
     <span class='ocr_line' id='line_1_28' title="bbox 1089 703 1910 744; baseline -0.002 -11"><span class='ocrx_word' id='word_1_189' title='bbox 1089 706 1114 742; x_wconf 75' lang='grc' dir='ltr'>ἒξ</span> <span class='ocrx_word' id='word_1_190' title='bbox 1143 706 1179 733; x_wconf 79' lang='grc' dir='ltr'>ὧν</span> <span class='ocrx_word' id='word_1_191' title='bbox 1210 707 1344 742; x_wconf 77' lang='grc' dir='ltr'>θεώμεθα,</span> <span class='ocrx_word' id='word_1_192' title='bbox 1356 705 1380 742; x_wconf 81' lang='grc' dir='ltr'>ἐξ</span> <span class='ocrx_word' id='word_1_193' title='bbox 1411 707 1447 733; x_wconf 83' lang='grc' dir='ltr'>ὢν</span> <span class='ocrx_word' id='word_1_194' title='bbox 1472 706 1637 744; x_wconf 66' lang='grc' dir='ltr'>τρεφόμεθα,</span> <span class='ocrx_word' id='word_1_195' title='bbox 1662 704 1687 740; x_wconf 73' lang='grc' dir='ltr'>ἐξ</span> <span class='ocrx_word' id='word_1_196' title='bbox 1716 705 1752 731; x_wconf 88' lang='grc' dir='ltr'>ὢν</span> <span class='ocrx_word' id='word_1_197' title='bbox 1779 703 1910 739; x_wconf 75' lang='grc' dir='ltr'>διηνεκῶς</span> 
     </span>
    </p>
   </div>
   <div class='ocr_carea' id='block_1_29' title="bbox 1089 747 1911 789">
    <p class='ocr_par' dir='ltr' id='par_1_29' title="bbox 1089 747 1911 789">
     <span class='ocr_line' id='line_1_29' title="bbox 1089 747 1911 789; baseline 0.002 -15"><span class='ocrx_word' id='word_1_198' title='bbox 1089 750 1296 789; x_wconf 55' lang='grc' dir='ltr'>συμφυρόμεθα,</span> <span class='ocrx_word' id='word_1_199' title='bbox 1315 751 1349 779; x_wconf 77' lang='grc' dir='ltr'>Τί</span> <span class='ocrx_word' id='word_1_200' title='bbox 1363 754 1413 785; x_wconf 78' lang='grc' dir='ltr'>τῆς</span> <span class='ocrx_word' id='word_1_201' title='bbox 1429 754 1480 787; x_wconf 76' lang='grc' dir='ltr'>γῆς</span> <span class='ocrx_word' id='word_1_202' title='bbox 1501 749 1545 777; x_wconf 85' lang='grc' dir='ltr'>καὶ</span> <span class='ocrx_word' id='word_1_203' title='bbox 1564 752 1614 777; x_wconf 83' lang='grc' dir='ltr'>τοῦ</span> <span class='ocrx_word' id='word_1_204' title='bbox 1642 747 1734 784; x_wconf 89' lang='grc' dir='ltr'>πηλοῦ</span> <span class='ocrx_word' id='word_1_205' title='bbox 1765 747 1911 786; x_wconf 80' lang='grc' dir='ltr'>βδελυκτὸ-</span> 
     </span>
    </p>
   </div>
   <div class='ocr_carea' id='block_1_30' title="bbox 1088 792 1912 833">
    <p class='ocr_par' dir='ltr' id='par_1_30' title="bbox 1088 792 1912 833">
     <span class='ocr_line' id='line_1_30' title="bbox 1088 792 1912 833; baseline -0.002 -11"><span class='ocrx_word' id='word_1_206' title='bbox 1088 806 1165 833; x_wconf 85' lang='grc' dir='ltr'>τερον</span> <span class='ocrx_word' id='word_1_207' title='bbox 1179 795 1224 822; x_wconf 88' lang='grc' dir='ltr'>καὶ</span> <span class='ocrx_word' id='word_1_208' title='bbox 1240 792 1475 832; x_wconf 75' lang='grc' dir='ltr'>ἀποϐλητὸτερον,</span> <span class='ocrx_word' id='word_1_209' title='bbox 1487 794 1545 826; x_wconf 74' lang='grc' dir='ltr'>ὅθεν</span> <span class='ocrx_word' id='word_1_210' title='bbox 1577 795 1608 821; x_wconf 82' lang='grc' dir='ltr'>σὺ</span> <span class='ocrx_word' id='word_1_211' title='bbox 1633 793 1845 832; x_wconf 74' lang='grc' dir='ltr'>ἑκμεμόρφωσαι</span> <span class='ocrx_word' id='word_1_212' title='bbox 1859 803 1866 827; x_wconf 87' lang='lat'><strong>;</strong></span> <span class='ocrx_word' id='word_1_213' title='bbox 1881 793 1912 820; x_wconf 83' lang='grc' dir='ltr'>Τί</span> 
     </span>
    </p>
   </div>
   <div class='ocr_carea' id='block_1_31' title="bbox 1093 836 1912 878">
    <p class='ocr_par' dir='ltr' id='par_1_31' title="bbox 1093 836 1912 878">
     <span class='ocr_line' id='line_1_31' title="bbox 1093 836 1912 878; baseline -0.001 -12"><span class='ocrx_word' id='word_1_214' title='bbox 1093 842 1184 876; x_wconf 82' lang='grc' dir='ltr'>μεῖζον</span> <span class='ocrx_word' id='word_1_215' title='bbox 1199 839 1284 867; x_wconf 59' lang='lat' dir='ltr'>cxi-nov</span> <span class='ocrx_word' id='word_1_216' title='bbox 1299 841 1347 867; x_wconf 76' lang='grc' dir='ltr'>τοῦ</span> <span class='ocrx_word' id='word_1_217' title='bbox 1365 842 1568 878; x_wconf 72' lang='grc' dir='ltr'>μετριοφρονεῖν</span> <span class='ocrx_word' id='word_1_218' title='bbox 1583 840 1669 875; x_wconf 74' lang='grc' dir='ltr'>ἡμᾶς,</span> <span class='ocrx_word' id='word_1_219' title='bbox 1684 839 1728 866; x_wconf 85' lang='grc' dir='ltr'>καὶ</span> <span class='ocrx_word' id='word_1_220' title='bbox 1747 838 1778 866; x_wconf 84' lang='grc' dir='ltr'>τὸ</span> <span class='ocrx_word' id='word_1_221' title='bbox 1795 836 1912 874; x_wconf 78' lang='grc' dir='ltr'>μηδενὸς</span> 
     </span>
    </p>
   </div>
   <div class='ocr_carea' id='block_1_32' title="bbox 214 883 1038 936">
    <p class='ocr_par' dir='ltr' id='par_1_32' title="bbox 214 884 1036 923">
     <span class='ocr_line' id='line_1_32' title="bbox 214 884 1036 923; baseline 0.007 -14"><span class='ocrx_word' id='word_1_222' title='bbox 214 884 313 910; x_wconf 87' lang='lat' dir='ltr'>matus</span> <span class='ocrx_word' id='word_1_223' title='bbox 328 892 369 918; x_wconf 86' lang='lat' dir='ltr'>es,</span> <span class='ocrx_word' id='word_1_224' title='bbox 394 884 621 913; x_wconf 86' lang='lat' dir='ltr'>abominabilius</span> <span class='ocrx_word' id='word_1_225' title='bbox 649 895 683 914; x_wconf 86' lang='lat' dir='ltr'>ac</span> <span class='ocrx_word' id='word_1_226' title='bbox 703 888 900 922; x_wconf 87' lang='lat' dir='ltr'>spernendum</span> <span class='ocrx_word' id='word_1_227' title='bbox 917 888 1009 923; x_wconf 70' lang='lat' dir='ltr'>magis</span> <span class='ocrx_word' id='word_1_228' title='bbox 1022 887 1036 914; x_wconf 78' lang='lat' dir='ltr'>‘I</span> 
     </span>
    </p>
   </div>
   <div class='ocr_carea' id='block_1_33' title="bbox 1094 883 1460 936">
    <p class='ocr_par' dir='ltr' id='par_1_33' title="bbox 1094 883 1460 921">
     <span class='ocr_line' id='line_1_33' title="bbox 1094 883 1460 921; baseline 0.003 -10"><span class='ocrx_word' id='word_1_229' title='bbox 1094 883 1180 921; x_wconf 74' lang='grc' dir='ltr'>ἀξίους</span> <span class='ocrx_word' id='word_1_230' title='bbox 1195 884 1314 921; x_wconf 81' lang='grc' dir='ltr'>νομίζειν</span> <span class='ocrx_word' id='word_1_231' title='bbox 1331 883 1440 915; x_wconf 73' lang='grc' dir='ltr'>ἑαυτούς</span> <span class='ocrx_word' id='word_1_232' title='bbox 1453 894 1460 920; x_wconf 84' lang='grc'><strong>;</strong></span> 
     </span>
    </p>
   </div>
   <div class='ocr_carea' id='block_1_34' title="bbox 215 926 1038 966">
    <p class='ocr_par' dir='ltr' id='par_1_34' title="bbox 215 926 1038 966">
     <span class='ocr_line' id='line_1_34' title="bbox 215 926 1038 966; baseline 0.006 -12"><span class='ocrx_word' id='word_1_233' title='bbox 215 926 283 958; x_wconf 67' lang='lat' dir='ltr'>Quae</span> <span class='ocrx_word' id='word_1_234' title='bbox 299 927 392 963; x_wconf 81' lang='lat' dir='ltr'>major</span> <span class='ocrx_word' id='word_1_235' title='bbox 403 929 477 956; x_wconf 82' lang='lat' dir='ltr'>ratio</span> <span class='ocrx_word' id='word_1_236' title='bbox 495 929 626 958; x_wconf 84' lang='lat' dir='ltr'>modeste</span> <span class='ocrx_word' id='word_1_237' title='bbox 639 931 822 966; x_wconf 85' lang='lat' dir='ltr'>sapiendi,et</span> <span class='ocrx_word' id='word_1_238' title='bbox 837 934 868 958; x_wconf 89' lang='lat' dir='ltr'>ut</span> <span class='ocrx_word' id='word_1_239' title='bbox 883 931 964 960; x_wconf 92' lang='lat' dir='ltr'>nullo</span> <span class='ocrx_word' id='word_1_240' title='bbox 985 940 1038 959; x_wconf 91' lang='lat' dir='ltr'>nos</span> 
     </span>
    </p>
   </div>
   <div class='ocr_carea' id='block_1_35' title="bbox 219 971 560 1008">
    <p class='ocr_par' dir='ltr' id='par_1_35' title="bbox 219 971 560 1008">
     <span class='ocr_line' id='line_1_35' title="bbox 219 971 560 1008; baseline 0.006 -9"><span class='ocrx_word' id='word_1_241' title='bbox 219 971 324 1008; x_wconf 88' lang='lat' dir='ltr'>dignos</span> <span class='ocrx_word' id='word_1_242' title='bbox 334 973 560 1001; x_wconf 70' lang='lat' dir='ltr'>existimemus?</span> 
     </span>
    </p>
   </div>
   <div class='ocr_carea' id='block_1_36' title="bbox 256 1017 1038 1056">
    <p class='ocr_par' dir='ltr' id='par_1_36' title="bbox 256 1017 1038 1056">
     <span class='ocr_line' id='line_1_36' title="bbox 256 1017 1038 1056; baseline 0.008 -13"><span class='ocrx_word' id='word_1_243' title='bbox 256 1017 299 1044; x_wconf 89' lang='grc'>12.</span> <span class='ocrx_word' id='word_1_244' title='bbox 316 1017 388 1045; x_wconf 87' lang='lat' dir='ltr'>Cum</span> <span class='ocrx_word' id='word_1_245' title='bbox 405 1017 492 1053; x_wconf 82' lang='lat' dir='ltr'>igitur</span> <span class='ocrx_word' id='word_1_246' title='bbox 508 1019 676 1056; x_wconf 83' lang='lat' dir='ltr'>quempiam</span> <span class='ocrx_word' id='word_1_247' title='bbox 692 1020 799 1048; x_wconf 84' lang='lat' dir='ltr'>videris</span> <span class='ocrx_word' id='word_1_248' title='bbox 827 1021 862 1048; x_wconf 90' lang='lat' dir='ltr'>de</span> <span class='ocrx_word' id='word_1_249' title='bbox 892 1029 922 1049; x_wconf 87' lang='lat' dir='ltr'>se</span> <span class='ocrx_word' id='word_1_250' title='bbox 945 1020 1038 1048; x_wconf 88' lang='lat' dir='ltr'>altum</span> 
     </span>
    </p>
   </div>
   <div class='ocr_carea' id='block_1_37' title="bbox 218 1061 1038 1102">
    <p class='ocr_par' dir='ltr' id='par_1_37' title="bbox 218 1061 1038 1102">
     <span class='ocr_line' id='line_1_37' title="bbox 218 1061 1038 1102; baseline 0.005 -14"><span class='ocrx_word' id='word_1_251' title='bbox 218 1061 391 1097; x_wconf 85' lang='lat' dir='ltr'>sapientem,</span> <span class='ocrx_word' id='word_1_252' title='bbox 421 1071 534 1091; x_wconf 72' lang='lat' dir='ltr'>ammno</span> <span class='ocrx_word' id='word_1_253' title='bbox 563 1064 699 1100; x_wconf 87' lang='lat' dir='ltr'>pictoque</span> <span class='ocrx_word' id='word_1_254' title='bbox 723 1065 843 1099; x_wconf 85' lang='lat' dir='ltr'>amictu,</span> <span class='ocrx_word' id='word_1_255' title='bbox 873 1065 1038 1102; x_wconf 84' lang='lat' dir='ltr'>splendenti</span> 
     </span>
    </p>
   </div>
   <div class='ocr_carea' id='block_1_38' title="bbox 219 1105 1040 1146">
    <p class='ocr_par' dir='ltr' id='par_1_38' title="bbox 219 1105 1040 1146">
     <span class='ocr_line' id='line_1_38' title="bbox 219 1105 1040 1146; baseline 0.007 -14"><span class='ocrx_word' id='word_1_256' title='bbox 219 1105 338 1139; x_wconf 83' lang='lat' dir='ltr'>annulo,</span> <span class='ocrx_word' id='word_1_257' title='bbox 365 1106 472 1142; x_wconf 78' lang='lat' dir='ltr'>pallam</span> <span class='ocrx_word' id='word_1_258' title='bbox 494 1110 658 1143; x_wconf 79' lang='lat' dir='ltr'>gestantem</span> <span class='ocrx_word' id='word_1_259' title='bbox 683 1109 810 1145; x_wconf 86' lang='lat' dir='ltr'>ingentis</span> <span class='ocrx_word' id='word_1_260' title='bbox 828 1110 923 1146; x_wconf 88' lang='lat' dir='ltr'>pretii,</span> <span class='ocrx_word' id='word_1_261' title='bbox 941 1119 1040 1146; x_wconf 91' lang='lat' dir='ltr'>super-</span> 
     </span>
    </p>
   </div>
   <div class='ocr_carea' id='block_1_39' title="bbox 217 1150 1040 1190">
    <p class='ocr_par' dir='ltr' id='par_1_39' title="bbox 217 1150 1040 1190">
     <span class='ocr_line' id='line_1_39' title="bbox 217 1150 1040 1190; baseline 0.007 -13"><span class='ocrx_word' id='word_1_262' title='bbox 217 1150 306 1178; x_wconf 84' lang='lat' dir='ltr'>ﬂuam</span> <span class='ocrx_word' id='word_1_263' title='bbox 321 1150 486 1179; x_wconf 79' lang='lat' dir='ltr'>trahentem</span> <span class='ocrx_word' id='word_1_264' title='bbox 507 1153 617 1180; x_wconf 86' lang='lat' dir='ltr'>servitii</span> <span class='ocrx_word' id='word_1_265' title='bbox 633 1154 761 1189; x_wconf 81' lang='lat' dir='ltr'>turbam,</span> <span class='ocrx_word' id='word_1_266' title='bbox 787 1155 934 1190; x_wconf 88' lang='lat' dir='ltr'>promissa</span> <span class='ocrx_word' id='word_1_267' title='bbox 957 1163 1040 1183; x_wconf 83' lang='lat' dir='ltr'>coma</span> 
     </span>
    </p>
   </div>
   <div class='ocr_carea' id='block_1_40' title="bbox 215 1195 1038 1234">
    <p class='ocr_par' dir='ltr' id='par_1_40' title="bbox 215 1195 1038 1234">
     <span class='ocr_line' id='line_1_40' title="bbox 215 1195 1038 1234; baseline 0.006 -12"><span class='ocrx_word' id='word_1_268' title='bbox 215 1196 303 1231; x_wconf 85' lang='lat' dir='ltr'>atque</span> <span class='ocrx_word' id='word_1_269' title='bbox 313 1195 419 1230; x_wconf 78' lang='lat' dir='ltr'>soluta,</span> <span class='ocrx_word' id='word_1_270' title='bbox 431 1204 523 1232; x_wconf 88' lang='lat' dir='ltr'>eaque</span> <span class='ocrx_word' id='word_1_271' title='bbox 540 1197 614 1224; x_wconf 84' lang='lat' dir='ltr'>ﬂava</span> <span class='ocrx_word' id='word_1_272' title='bbox 638 1206 671 1225; x_wconf 88' lang='lat' dir='ltr'>ac</span> <span class='ocrx_word' id='word_1_273' title='bbox 687 1201 774 1231; x_wconf 77' lang='lat' dir='ltr'>torta,</span> <span class='ocrx_word' id='word_1_274' title='bbox 792 1199 920 1234; x_wconf 78' lang='lat' dir='ltr'>artisque</span> <span class='ocrx_word' id='word_1_275' title='bbox 931 1199 1038 1227; x_wconf 82' lang='lat' dir='ltr'>lenoci-</span> 
     </span>
    </p>
   </div>
   <div class='ocr_carea' id='block_1_41' title="bbox 216 1239 1039 1276">
    <p class='ocr_par' dir='ltr' id='par_1_41' title="bbox 216 1239 1039 1276">
     <span class='ocr_line' id='line_1_41' title="bbox 216 1239 1039 1276; baseline 0.006 -10"><span class='ocrx_word' id='word_1_276' title='bbox 216 1239 265 1267; x_wconf 88' lang='lat' dir='ltr'>nio</span> <span class='ocrx_word' id='word_1_277' title='bbox 277 1239 306 1267; x_wconf 89' lang='lat' dir='ltr'>in</span> <span class='ocrx_word' id='word_1_278' title='bbox 323 1249 410 1268; x_wconf 86' lang='lat' dir='ltr'>auras</span> <span class='ocrx_word' id='word_1_279' title='bbox 438 1249 551 1276; x_wconf 82' lang='lat' dir='ltr'>sparsa,</span> <span class='ocrx_word' id='word_1_280' title='bbox 581 1250 686 1271; x_wconf 84' lang='lat' dir='ltr'>aureos</span> <span class='ocrx_word' id='word_1_281' title='bbox 710 1243 961 1271; x_wconf 87' lang='lat' dir='ltr'>circumferentem</span> <span class='ocrx_word' id='word_1_282' title='bbox 978 1247 1039 1271; x_wconf 89' lang='lat' dir='ltr'>tor-</span> 
     </span>
    </p>
   </div>
   <div class='ocr_carea' id='block_1_42' title="bbox 218 1285 1041 1324">
    <p class='ocr_par' dir='ltr' id='par_1_42' title="bbox 218 1285 1041 1324">
     <span class='ocr_line' id='line_1_42' title="bbox 218 1285 1041 1324; baseline 0.007 -13"><span class='ocrx_word' id='word_1_283' title='bbox 218 1292 302 1320; x_wconf 85' lang='lat' dir='ltr'>ques,</span> <span class='ocrx_word' id='word_1_284' title='bbox 319 1285 490 1313; x_wconf 81' lang='lat' dir='ltr'>aureasella</span> <span class='ocrx_word' id='word_1_285' title='bbox 501 1287 606 1319; x_wconf 78' lang='lat' dir='ltr'>curuli,</span> <span class='ocrx_word' id='word_1_286' title='bbox 628 1287 719 1321; x_wconf 87' lang='lat' dir='ltr'>vultu,</span> <span class='ocrx_word' id='word_1_287' title='bbox 745 1297 879 1316; x_wconf 88' lang='lat' dir='ltr'>sermone</span> <span class='ocrx_word' id='word_1_288' title='bbox 906 1290 1041 1324; x_wconf 84' lang='lat' dir='ltr'>majesta-</span> 
     </span>
    </p>
   </div>
   <div class='ocr_carea' id='block_1_43' title="bbox 220 1329 1039 1368">
    <p class='ocr_par' dir='ltr' id='par_1_43' title="bbox 220 1329 1039 1368">
     <span class='ocr_line' id='line_1_43' title="bbox 220 1329 1039 1368; baseline 0.006 -12"><span class='ocrx_word' id='word_1_289' title='bbox 220 1329 258 1356; x_wconf 90' lang='lat' dir='ltr'>tis</span> <span class='ocrx_word' id='word_1_290' title='bbox 274 1329 370 1365; x_wconf 89' lang='lat' dir='ltr'>pleno,</span> <span class='ocrx_word' id='word_1_291' title='bbox 387 1329 541 1358; x_wconf 89' lang='lat' dir='ltr'>tollentum</span> <span class='ocrx_word' id='word_1_292' title='bbox 556 1332 934 1368; x_wconf 73' lang='lat' dir='ltr'>animos,pra2multitudine</span> <span class='ocrx_word' id='word_1_293' title='bbox 949 1334 1039 1361; x_wconf 88' lang='lat' dir='ltr'>dedu-</span> 
     </span>
    </p>
   </div>
   <div class='ocr_carea' id='block_1_44' title="bbox 218 1373 1039 1412">
    <p class='ocr_par' dir='ltr' id='par_1_44' title="bbox 218 1373 1039 1412">
     <span class='ocr_line' id='line_1_44' title="bbox 218 1373 1039 1412; baseline 0.006 -12"><span class='ocrx_word' id='word_1_294' title='bbox 218 1373 598 1411; x_wconf 67' lang='lat' dir='ltr'>centium,{comitantium,</span> <span class='ocrx_word' id='word_1_295' title='bbox 629 1377 824 1410; x_wconf 85' lang='lat' dir='ltr'>adulatorum,</span> <span class='ocrx_word' id='word_1_296' title='bbox 851 1377 1039 1412; x_wconf 86' lang='lat' dir='ltr'>famulorum,</span> 
     </span>
    </p>
   </div>
   <div class='ocr_carea' id='block_1_45' title="bbox 219 1419 1040 1458">
    <p class='ocr_par' dir='ltr' id='par_1_45' title="bbox 219 1419 1040 1458">
     <span class='ocr_line' id='line_1_45' title="bbox 219 1419 1040 1458; baseline 0.006 -13"><span class='ocrx_word' id='word_1_297' title='bbox 219 1426 293 1454; x_wconf 88' lang='lat' dir='ltr'>quos</span> <span class='ocrx_word' id='word_1_298' title='bbox 308 1419 409 1453; x_wconf 80' lang='lat' dir='ltr'>trahit,</span> <span class='ocrx_word' id='word_1_299' title='bbox 439 1421 556 1447; x_wconf 88' lang='lat' dir='ltr'>turbam</span> <span class='ocrx_word' id='word_1_300' title='bbox 587 1421 827 1456; x_wconf 85' lang='lat' dir='ltr'>submoventem;</span> <span class='ocrx_word' id='word_1_301' title='bbox 846 1423 1040 1458; x_wconf 85' lang='lat' dir='ltr'>parasitorum</span> 
     </span>
    </p>
   </div>
   <div class='ocr_carea' id='block_1_46' title="bbox 218 1461 1041 1499">
    <p class='ocr_par' dir='ltr' id='par_1_46' title="bbox 218 1461 1041 1499">
     <span class='ocr_line' id='line_1_46' title="bbox 218 1461 1041 1499; baseline 0.006 -10"><span class='ocrx_word' id='word_1_302' title='bbox 218 1461 310 1490; x_wconf 86' lang='lat' dir='ltr'>lautis</span> <span class='ocrx_word' id='word_1_303' title='bbox 326 1463 437 1491; x_wconf 86' lang='lat' dir='ltr'>mensis</span> <span class='ocrx_word' id='word_1_304' title='bbox 446 1472 479 1491; x_wconf 88' lang='lat' dir='ltr'>ac</span> <span class='ocrx_word' id='word_1_305' title='bbox 490 1464 654 1499; x_wconf 82' lang='lat' dir='ltr'>splendidis</span> <span class='ocrx_word' id='word_1_306' title='bbox 670 1465 847 1493; x_wconf 85' lang='lat' dir='ltr'>inhiantium</span> <span class='ocrx_word' id='word_1_307' title='bbox 861 1476 867 1494; x_wconf 92' lang='lat'><strong><em>:</em></strong></span> <span class='ocrx_word' id='word_1_308' title='bbox 881 1467 915 1494; x_wconf 89' lang='lat' dir='ltr'>ad</span> <span class='ocrx_word' id='word_1_309' title='bbox 930 1467 1041 1494; x_wconf 83' lang='lat' dir='ltr'>faustas</span> 
     </span>
    </p>
   </div>
   <div class='ocr_carea' id='block_1_47' title="bbox 221 1506 1042 1546">
    <p class='ocr_par' dir='ltr' id='par_1_47' title="bbox 221 1506 1042 1546">
     <span class='ocr_line' id='line_1_47' title="bbox 221 1506 1042 1546; baseline 0.007 -13"><span class='ocrx_word' id='word_1_310' title='bbox 221 1506 449 1536; x_wconf 78' lang='lat' dir='ltr'>acclamationes</span> <span class='ocrx_word' id='word_1_311' title='bbox 458 1508 709 1546; x_wconf 80' lang='lat' dir='ltr'>salutationesque</span> <span class='ocrx_word' id='word_1_312' title='bbox 720 1510 748 1537; x_wconf 86' lang='lat' dir='ltr'>in</span> <span class='ocrx_word' id='word_1_313' title='bbox 762 1511 832 1544; x_wconf 89' lang='lat' dir='ltr'>foro,</span> <span class='ocrx_word' id='word_1_314' title='bbox 850 1519 924 1546; x_wconf 90' lang='lat' dir='ltr'>quas</span> <span class='ocrx_word' id='word_1_315' title='bbox 940 1520 1042 1539; x_wconf 90' lang='lat' dir='ltr'>omnes</span> 
     </span>
    </p>
   </div>
   <div class='ocr_carea' id='block_1_48' title="bbox 220 1551 1040 1590">
    <p class='ocr_par' dir='ltr' id='par_1_48' title="bbox 220 1551 1040 1590">
     <span class='ocr_line' id='line_1_48' title="bbox 220 1551 1040 1590; baseline 0.007 -12"><span class='ocrx_word' id='word_1_316' title='bbox 220 1551 365 1584; x_wconf 85' lang='lat' dir='ltr'>deferunt,</span> <span class='ocrx_word' id='word_1_317' title='bbox 391 1553 439 1580; x_wconf 88' lang='lat' dir='ltr'>alii</span> <span class='ocrx_word' id='word_1_318' title='bbox 455 1561 470 1580; x_wconf 93' lang='lat' dir='ltr'>e</span> <span class='ocrx_word' id='word_1_319' title='bbox 490 1554 641 1582; x_wconf 88' lang='lat' dir='ltr'>subselliis</span> <span class='ocrx_word' id='word_1_320' title='bbox 671 1559 836 1590; x_wconf 78' lang='lat' dir='ltr'>surgentes,</span> <span class='ocrx_word' id='word_1_321' title='bbox 854 1556 901 1583; x_wconf 86' lang='lat' dir='ltr'>alii</span> <span class='ocrx_word' id='word_1_322' title='bbox 927 1557 1040 1584; x_wconf 88' lang='lat' dir='ltr'>obviam</span> 
     </span>
    </p>
   </div>
   <div class='ocr_carea' id='block_1_49' title="bbox 219 1596 1041 1637">
    <p class='ocr_par' dir='ltr' id='par_1_49' title="bbox 219 1596 1041 1637">
     <span class='ocr_line' id='line_1_49' title="bbox 219 1596 1041 1637; baseline 0.009 -15"><span class='ocrx_word' id='word_1_323' title='bbox 219 1596 473 1631; x_wconf 86' lang='lat' dir='ltr'>procedentes,alii</span> <span class='ocrx_word' id='word_1_324' title='bbox 489 1598 768 1635; x_wconf 85' lang='lat' dir='ltr'>deducentes,atque</span> <span class='ocrx_word' id='word_1_325' title='bbox 777 1601 852 1628; x_wconf 88' lang='lat' dir='ltr'>alius</span> <span class='ocrx_word' id='word_1_326' title='bbox 864 1601 942 1628; x_wconf 90' lang='lat' dir='ltr'>aliud</span> <span class='ocrx_word' id='word_1_327' title='bbox 959 1602 1041 1637; x_wconf 91' lang='lat' dir='ltr'>quid,</span> 
     </span>
    </p>
   </div>
   <div class='ocr_carea' id='block_1_50' title="bbox 218 1640 1041 1678">
    <p class='ocr_par' dir='ltr' id='par_1_50' title="bbox 218 1640 1041 1678">
     <span class='ocr_line' id='line_1_50' title="bbox 218 1640 1041 1678; baseline 0.007 -11"><span class='ocrx_word' id='word_1_328' title='bbox 218 1640 281 1674; x_wconf 87' lang='lat' dir='ltr'>ejus</span> <span class='ocrx_word' id='word_1_329' title='bbox 309 1640 430 1669; x_wconf 86' lang='lat' dir='ltr'>honoris</span> <span class='ocrx_word' id='word_1_330' title='bbox 459 1641 614 1678; x_wconf 81' lang='lat' dir='ltr'>laudisque</span> <span class='ocrx_word' id='word_1_331' title='bbox 643 1652 732 1671; x_wconf 86' lang='lat' dir='ltr'>causa</span> <span class='ocrx_word' id='word_1_332' title='bbox 761 1645 939 1673; x_wconf 83' lang='lat' dir='ltr'>exhibentes.</span> <span class='ocrx_word' id='word_1_333' title='bbox 970 1648 1041 1673; x_wconf 90' lang='lat' dir='ltr'>Cum</span> 
     </span>
    </p>
   </div>
   <div class='ocr_carea' id='block_1_51' title="bbox 218 1684 1042 1726">
    <p class='ocr_par' dir='ltr' id='par_1_51' title="bbox 218 1684 1042 1726">
     <span class='ocr_line' id='line_1_51' title="bbox 218 1684 1042 1726; baseline 0.008 -15"><span class='ocrx_word' id='word_1_334' title='bbox 218 1684 307 1712; x_wconf 90' lang='lat' dir='ltr'>hosce</span> <span class='ocrx_word' id='word_1_335' title='bbox 323 1685 513 1721; x_wconf 82' lang='lat' dir='ltr'>magistratus</span> <span class='ocrx_word' id='word_1_336' title='bbox 531 1687 728 1723; x_wconf 70' lang='lat' dir='ltr'>praesidesque</span> <span class='ocrx_word' id='word_1_337' title='bbox 753 1689 869 1724; x_wconf 90' lang='lat' dir='ltr'>videris,</span> <span class='ocrx_word' id='word_1_338' title='bbox 896 1694 1042 1726; x_wconf 62' lang='lat' dir='ltr'>praeeunte</span> 
     </span>
    </p>
   </div>
   <div class='ocr_carea' id='block_1_52' title="bbox 219 1728 1042 1769">
    <p class='ocr_par' dir='ltr' id='par_1_52' title="bbox 219 1728 1042 1769">
     <span class='ocr_line' id='line_1_52' title="bbox 219 1728 1042 1769; baseline 0.01 -14"><span class='ocrx_word' id='word_1_339' title='bbox 219 1728 279 1756; x_wconf 88' lang='lat' dir='ltr'>alta</span> <span class='ocrx_word' id='word_1_340' title='bbox 288 1737 358 1757; x_wconf 88' lang='lat' dir='ltr'>voce</span> <span class='ocrx_word' id='word_1_341' title='bbox 368 1738 500 1765; x_wconf 66' lang='lat' dir='ltr'>praecone</span> <span class='ocrx_word' id='word_1_342' title='bbox 514 1732 807 1769; x_wconf 84' lang='lat' dir='ltr'>procedentes,atque</span> <span class='ocrx_word' id='word_1_343' title='bbox 815 1734 905 1761; x_wconf 81' lang='lat' dir='ltr'>alium</span> <span class='ocrx_word' id='word_1_344' title='bbox 918 1735 1042 1762; x_wconf 83' lang='lat' dir='ltr'>submo-</span> 
     </span>
    </p>
   </div>
   <div class='ocr_carea' id='block_1_53' title="bbox 219 1773 1042 1813">
    <p class='ocr_par' dir='ltr' id='par_1_53' title="bbox 219 1773 1042 1813">
     <span class='ocr_line' id='line_1_53' title="bbox 219 1773 1042 1813; baseline 0.009 -13"><span class='ocrx_word' id='word_1_345' title='bbox 219 1775 329 1807; x_wconf 87' lang='lat' dir='ltr'>ventes,</span> <span class='ocrx_word' id='word_1_346' title='bbox 346 1773 437 1802; x_wconf 84' lang='lat' dir='ltr'>alium</span> <span class='ocrx_word' id='word_1_347' title='bbox 453 1776 607 1810; x_wconf 73' lang='lat' dir='ltr'>caedentes,</span> <span class='ocrx_word' id='word_1_348' title='bbox 632 1777 724 1804; x_wconf 80' lang='lat' dir='ltr'>alium</span> <span class='ocrx_word' id='word_1_349' title='bbox 742 1778 934 1813; x_wconf 87' lang='lat' dir='ltr'>publicantes,</span> <span class='ocrx_word' id='word_1_350' title='bbox 952 1780 1042 1807; x_wconf 90' lang='lat' dir='ltr'>alium</span> 
     </span>
    </p>
   </div>
   <div class='ocr_carea' id='block_1_54' title="bbox 221 1817 1044 1860">
    <p class='ocr_par' dir='ltr' id='par_1_54' title="bbox 221 1817 1044 1860">
     <span class='ocr_line' id='line_1_54' title="bbox 221 1817 1044 1860; baseline 0.01 -16"><span class='ocrx_word' id='word_1_351' title='bbox 221 1817 284 1845; x_wconf 82' lang='lat' dir='ltr'>neci</span> <span class='ocrx_word' id='word_1_352' title='bbox 296 1818 484 1854; x_wconf 84' lang='lat' dir='ltr'>addicentes;</span> <span class='ocrx_word' id='word_1_353' title='bbox 500 1828 536 1848; x_wconf 86' lang='lat' dir='ltr'>ne</span> <span class='ocrx_word' id='word_1_354' title='bbox 550 1829 584 1848; x_wconf 88' lang='lat' dir='ltr'>ea</span> <span class='ocrx_word' id='word_1_355' title='bbox 612 1829 675 1856; x_wconf 58' lang='lat' dir='ltr'>qua</span> <span class='ocrx_word' id='word_1_356' title='bbox 691 1822 826 1850; x_wconf 87' lang='lat' dir='ltr'>videntur</span> <span class='ocrx_word' id='word_1_357' title='bbox 841 1832 947 1860; x_wconf 84' lang='lat' dir='ltr'>magna</span> <span class='ocrx_word' id='word_1_358' title='bbox 962 1827 1044 1860; x_wconf 87' lang='lat' dir='ltr'>puta-</span> 
     </span>
    </p>
   </div>
   <div class='ocr_carea' id='block_1_55' title="bbox 220 1862 1043 1905">
    <p class='ocr_par' dir='ltr' id='par_1_55' title="bbox 220 1862 1043 1905">
     <span class='ocr_line' id='line_1_55' title="bbox 220 1862 1043 1905; baseline 0.01 -16"><span class='ocrx_word' id='word_1_359' title='bbox 220 1862 307 1897; x_wconf 88' lang='lat' dir='ltr'>veris,</span> <span class='ocrx_word' id='word_1_360' title='bbox 324 1871 359 1891; x_wconf 88' lang='lat' dir='ltr'>ne</span> <span class='ocrx_word' id='word_1_361' title='bbox 378 1863 476 1892; x_wconf 84' lang='lat' dir='ltr'>animo</span> <span class='ocrx_word' id='word_1_362' title='bbox 503 1865 677 1898; x_wconf 80' lang='lat' dir='ltr'>concideris,</span> <span class='ocrx_word' id='word_1_363' title='bbox 707 1875 742 1894; x_wconf 90' lang='lat' dir='ltr'>ne</span> <span class='ocrx_word' id='word_1_364' title='bbox 775 1876 883 1904; x_wconf 86' lang='lat' dir='ltr'>pompa</span> <span class='ocrx_word' id='word_1_365' title='bbox 906 1870 1043 1905; x_wconf 85' lang='lat' dir='ltr'>fastuque</span> 
     </span>
    </p>
   </div>
   <div class='ocr_carea' id='block_1_56' title="bbox 222 1906 1042 1945">
    <p class='ocr_par' dir='ltr' id='par_1_56' title="bbox 222 1906 1042 1945">
     <span class='ocr_line' id='line_1_56' title="bbox 222 1906 1042 1945; baseline 0.01 -12"><span class='ocrx_word' id='word_1_366' title='bbox 222 1906 388 1935; x_wconf 74' lang='lat' dir='ltr'>oﬂ&#39;endaris.</span> <span class='ocrx_word' id='word_1_367' title='bbox 400 1908 508 1936; x_wconf 87' lang='lat' dir='ltr'>Tecum</span> <span class='ocrx_word' id='word_1_368' title='bbox 525 1913 639 1945; x_wconf 80' lang='lat' dir='ltr'>reputa,</span> <span class='ocrx_word' id='word_1_369' title='bbox 660 1911 764 1939; x_wconf 87' lang='lat' dir='ltr'>fecisse</span> <span class='ocrx_word' id='word_1_370' title='bbox 787 1913 876 1940; x_wconf 88' lang='lat' dir='ltr'>Deum</span> <span class='ocrx_word' id='word_1_371' title='bbox 894 1913 1042 1941; x_wconf 85' lang='lat' dir='ltr'>hominem</span> 
     </span>
    </p>
   </div>
   <div class='ocr_carea' id='block_1_57' title="bbox 221 1953 1043 1993">
    <p class='ocr_par' dir='ltr' id='par_1_57' title="bbox 221 1953 1043 1993">
     <span class='ocr_line' id='line_1_57' title="bbox 221 1953 1043 1993; baseline 0.01 -15"><span class='ocrx_word' id='word_1_372' title='bbox 221 1953 340 1986; x_wconf 84' lang='lat' dir='ltr'>sumpto</span> <span class='ocrx_word' id='word_1_373' title='bbox 353 1960 368 1980; x_wconf 93' lang='lat' dir='ltr'>e</span> <span class='ocrx_word' id='word_1_374' title='bbox 385 1955 463 1980; x_wconf 88' lang='lat' dir='ltr'>terra</span> <span class='ocrx_word' id='word_1_375' title='bbox 476 1953 647 1989; x_wconf 84' lang='lat' dir='ltr'>pulvere.Ac</span> <span class='ocrx_word' id='word_1_376' title='bbox 675 1957 700 1984; x_wconf 90' lang='lat' dir='ltr'>si</span> <span class='ocrx_word' id='word_1_377' title='bbox 716 1956 834 1991; x_wconf 90' lang='lat' dir='ltr'>quidem</span> <span class='ocrx_word' id='word_1_378' title='bbox 863 1958 941 1985; x_wconf 89' lang='lat' dir='ltr'>aliud</span> <span class='ocrx_word' id='word_1_379' title='bbox 959 1959 1043 1993; x_wconf 82' lang='lat' dir='ltr'>quid-</span> 
     </span>
    </p>
   </div>
   <div class='ocr_carea' id='block_1_58' title="bbox 221 1995 1043 2038">
    <p class='ocr_par' dir='ltr' id='par_1_58' title="bbox 221 1995 1043 2038">
     <span class='ocr_line' id='line_1_58' title="bbox 221 1995 1043 2038; baseline 0.01 -16"><span class='ocrx_word' id='word_1_380' title='bbox 221 1995 300 2031; x_wconf 88' lang='lat' dir='ltr'>piam</span> <span class='ocrx_word' id='word_1_381' title='bbox 314 1999 368 2031; x_wconf 87' lang='lat' dir='ltr'>est,</span> <span class='ocrx_word' id='word_1_382' title='bbox 384 1998 461 2032; x_wconf 90' lang='lat' dir='ltr'>quod</span> <span class='ocrx_word' id='word_1_383' title='bbox 475 1998 504 2026; x_wconf 91' lang='lat' dir='ltr'>in</span> <span class='ocrx_word' id='word_1_384' title='bbox 521 1998 639 2027; x_wconf 88' lang='lat' dir='ltr'>homine</span> <span class='ocrx_word' id='word_1_385' title='bbox 653 2000 792 2035; x_wconf 88' lang='lat' dir='ltr'>cernitur,</span> <span class='ocrx_word' id='word_1_386' title='bbox 820 2001 901 2036; x_wconf 89' lang='lat' dir='ltr'>time,</span> <span class='ocrx_word' id='word_1_387' title='bbox 930 2011 963 2030; x_wconf 87' lang='lat' dir='ltr'>ac</span> <span class='ocrx_word' id='word_1_388' title='bbox 979 2011 1043 2038; x_wconf 75' lang='lat' dir='ltr'>quas</span> 
     </span>
    </p>
   </div>
   <div class='ocr_carea' id='block_1_59' title="bbox 220 2042 1044 2082">
    <p class='ocr_par' dir='ltr' id='par_1_59' title="bbox 220 2042 1044 2082">
     <span class='ocr_line' id='line_1_59' title="bbox 220 2042 1044 2082; baseline 0.01 -15"><span class='ocrx_word' id='word_1_389' title='bbox 220 2042 364 2076; x_wconf 83' lang='lat' dir='ltr'>geruntur</span> <span class='ocrx_word' id='word_1_390' title='bbox 379 2042 520 2070; x_wconf 87' lang='lat' dir='ltr'>miraculo</span> <span class='ocrx_word' id='word_1_391' title='bbox 532 2043 627 2071; x_wconf 87' lang='lat' dir='ltr'>habe:</span> <span class='ocrx_word' id='word_1_392' title='bbox 644 2044 689 2071; x_wconf 88' lang='lat' dir='ltr'>sin</span> <span class='ocrx_word' id='word_1_393' title='bbox 706 2048 803 2073; x_wconf 86' lang='lat' dir='ltr'>autem</span> <span class='ocrx_word' id='word_1_394' title='bbox 825 2046 920 2082; x_wconf 86' lang='lat' dir='ltr'>pulvis</span> <span class='ocrx_word' id='word_1_395' title='bbox 936 2055 951 2074; x_wconf 87' lang='lat' dir='ltr'>e</span> <span class='ocrx_word' id='word_1_396' title='bbox 967 2050 1044 2075; x_wconf 90' lang='lat' dir='ltr'>terra</span> 
     </span>
    </p>
   </div>
   <div class='ocr_carea' id='block_1_60' title="bbox 221 2085 1044 2123">
    <p class='ocr_par' dir='ltr' id='par_1_60' title="bbox 221 2085 1044 2123">
     <span class='ocr_line' id='line_1_60' title="bbox 221 2085 1044 2123; baseline 0.01 -12"><span class='ocrx_word' id='word_1_397' title='bbox 221 2087 274 2120; x_wconf 79' lang='lat' dir='ltr'>est,</span> <span class='ocrx_word' id='word_1_398' title='bbox 291 2085 339 2120; x_wconf 89' lang='lat' dir='ltr'>qui</span> <span class='ocrx_word' id='word_1_399' title='bbox 369 2094 400 2113; x_wconf 89' lang='lat' dir='ltr'>se</span> <span class='ocrx_word' id='word_1_400' title='bbox 431 2086 477 2115; x_wconf 87' lang='lat' dir='ltr'>his</span> <span class='ocrx_word' id='word_1_401' title='bbox 502 2088 702 2123; x_wconf 81' lang='lat' dir='ltr'>jactabuudus</span> <span class='ocrx_word' id='word_1_402' title='bbox 719 2091 810 2123; x_wconf 76' lang='lat' dir='ltr'>eﬂ&#39;ert,</span> <span class='ocrx_word' id='word_1_403' title='bbox 832 2094 994 2119; x_wconf 76' lang='lat' dir='ltr'>contemne.</span> <span class='ocrx_word' id='word_1_404' title='bbox 1011 2093 1044 2119; x_wconf 86' lang='lat' dir='ltr'>Et</span> 
     </span>
    </p>
   </div>
   <div class='ocr_carea' id='block_1_61' title="bbox 218 2129 1043 2170">
    <p class='ocr_par' dir='ltr' id='par_1_61' title="bbox 218 2129 1043 2170">
     <span class='ocr_line' id='line_1_61' title="bbox 218 2129 1043 2170; baseline 0.008 -14"><span class='ocrx_word' id='word_1_405' title='bbox 218 2129 350 2164; x_wconf 79' lang='lat' dir='ltr'>formavit</span> <span class='ocrx_word' id='word_1_406' title='bbox 364 2131 434 2158; x_wconf 72' lang='lat' dir='ltr'>Deus</span> <span class='ocrx_word' id='word_1_407' title='bbox 453 2131 606 2160; x_wconf 79' lang='lat' dir='ltr'>hominem.</span> <span class='ocrx_word' id='word_1_408' title='bbox 625 2135 685 2161; x_wconf 89' lang='lat' dir='ltr'>Vox</span> <span class='ocrx_word' id='word_1_409' title='bbox 705 2134 779 2169; x_wconf 83' lang='lat' dir='ltr'>ipsa.</span> <span class='ocrx_word' id='word_1_410' title='bbox 794 2136 935 2170; x_wconf 80' lang='lat' dir='ltr'>formavit,</span> <span class='ocrx_word' id='word_1_411' title='bbox 950 2137 1043 2163; x_wconf 83' lang='lat' dir='ltr'>artili-</span> 
     </span>
    </p>
   </div>
   <div class='ocr_carea' id='block_1_62' title="bbox 220 2173 1043 2215">
    <p class='ocr_par' dir='ltr' id='par_1_62' title="bbox 220 2173 1043 2215">
     <span class='ocr_line' id='line_1_62' title="bbox 220 2173 1043 2215; baseline 0.007 -14"><span class='ocrx_word' id='word_1_412' title='bbox 220 2173 330 2202; x_wconf 86' lang='lat' dir='ltr'>ciosam</span> <span class='ocrx_word' id='word_1_413' title='bbox 347 2176 506 2210; x_wconf 84' lang='lat' dir='ltr'>quamdam</span> <span class='ocrx_word' id='word_1_414' title='bbox 522 2177 572 2204; x_wconf 89' lang='lat' dir='ltr'>Dei</span> <span class='ocrx_word' id='word_1_415' title='bbox 589 2178 666 2205; x_wconf 89' lang='lat' dir='ltr'>circa</span> <span class='ocrx_word' id='word_1_416' title='bbox 682 2178 832 2206; x_wconf 78' lang='lat' dir='ltr'>hominem</span> <span class='ocrx_word' id='word_1_417' title='bbox 844 2180 1043 2215; x_wconf 85' lang='lat' dir='ltr'>operationem</span> 
     </span>
    </p>
   </div>
   <div class='ocr_carea' id='block_1_63' title="bbox 221 2218 1043 2258">
    <p class='ocr_par' dir='ltr' id='par_1_63' title="bbox 221 2218 1043 2258">
     <span class='ocr_line' id='line_1_63' title="bbox 221 2218 1043 2258; baseline 0.007 -13"><span class='ocrx_word' id='word_1_418' title='bbox 221 2218 360 2246; x_wconf 86' lang='lat' dir='ltr'>continuo</span> <span class='ocrx_word' id='word_1_419' title='bbox 374 2219 481 2248; x_wconf 88' lang='lat' dir='ltr'>innuit.</span> <span class='ocrx_word' id='word_1_420' title='bbox 498 2221 648 2257; x_wconf 89' lang='lat' dir='ltr'>Numquid</span> <span class='ocrx_word' id='word_1_421' title='bbox 659 2231 725 2250; x_wconf 88' lang='lat' dir='ltr'>vero</span> <span class='ocrx_word' id='word_1_422' title='bbox 738 2223 779 2250; x_wconf 87' lang='lat' dir='ltr'>sic</span> <span class='ocrx_word' id='word_1_423' title='bbox 795 2226 824 2250; x_wconf 90' lang='lat' dir='ltr'>et</span> <span class='ocrx_word' id='word_1_424' title='bbox 835 2223 897 2258; x_wconf 85' lang='lat' dir='ltr'>ipse</span> <span class='ocrx_word' id='word_1_425' title='bbox 912 2226 1043 2252; x_wconf 90' lang='lat' dir='ltr'>nostram</span> 
     </span>
    </p>
   </div>
   <div class='ocr_carea' id='block_1_64' title="bbox 223 2263 1043 2304">
    <p class='ocr_par' dir='ltr' id='par_1_64' title="bbox 223 2263 1043 2304">
     <span class='ocr_line' id='line_1_64' title="bbox 223 2263 1043 2304; baseline 0.009 -15"><span class='ocrx_word' id='word_1_426' title='bbox 223 2264 285 2290; x_wconf 87' lang='lat' dir='ltr'>arte</span> <span class='ocrx_word' id='word_1_427' title='bbox 291 2263 715 2301; x_wconf 81' lang='lat' dir='ltr'>eiﬁnxitformationem,veluti</span> <span class='ocrx_word' id='word_1_428' title='bbox 725 2267 774 2302; x_wconf 91' lang='lat' dir='ltr'>qui</span> <span class='ocrx_word' id='word_1_429' title='bbox 783 2267 882 2303; x_wconf 79' lang='lat' dir='ltr'>figlina</span> <span class='ocrx_word' id='word_1_430' title='bbox 889 2268 1043 2304; x_wconf 82' lang='lat' dir='ltr'>efﬁngunt,</span> 
     </span>
    </p>
   </div>
   <div class='ocr_carea' id='block_1_65' title="bbox 223 2307 1045 2348">
    <p class='ocr_par' dir='ltr' id='par_1_65' title="bbox 223 2307 1045 2348">
     <span class='ocr_line' id='line_1_65' title="bbox 223 2307 1045 2348; baseline 0.006 -13"><span class='ocrx_word' id='word_1_431' title='bbox 223 2307 307 2342; x_wconf 87' lang='lat' dir='ltr'>quive</span> <span class='ocrx_word' id='word_1_432' title='bbox 313 2316 420 2344; x_wconf 83' lang='lat' dir='ltr'>gypsea</span> <span class='ocrx_word' id='word_1_433' title='bbox 428 2309 671 2346; x_wconf 82' lang='lat' dir='ltr'>fabricantur,aut</span> <span class='ocrx_word' id='word_1_434' title='bbox 680 2312 729 2347; x_wconf 85' lang='lat' dir='ltr'>qui</span> <span class='ocrx_word' id='word_1_435' title='bbox 737 2320 792 2339; x_wconf 56' lang='lat' dir='ltr'>iere</span> <span class='ocrx_word' id='word_1_436' title='bbox 801 2315 913 2340; x_wconf 85' lang='lat' dir='ltr'>statuas</span> <span class='ocrx_word' id='word_1_437' title='bbox 922 2313 1045 2348; x_wconf 88' lang='lat' dir='ltr'>cudunt,</span> 
     </span>
    </p>
   </div>
   <div class='ocr_carea' id='block_1_66' title="bbox 223 2351 1044 2393">
    <p class='ocr_par' dir='ltr' id='par_1_66' title="bbox 223 2351 1044 2393">
     <span class='ocr_line' id='line_1_66' title="bbox 223 2351 1044 2393; baseline 0.007 -14"><span class='ocrx_word' id='word_1_438' title='bbox 223 2360 275 2380; x_wconf 89' lang='lat' dir='ltr'>seu</span> <span class='ocrx_word' id='word_1_439' title='bbox 284 2351 362 2380; x_wconf 90' lang='lat' dir='ltr'>aliud</span> <span class='ocrx_word' id='word_1_440' title='bbox 372 2353 442 2389; x_wconf 89' lang='lat' dir='ltr'>quid</span> <span class='ocrx_word' id='word_1_441' title='bbox 452 2355 524 2382; x_wconf 88' lang='lat' dir='ltr'>artis</span> <span class='ocrx_word' id='word_1_442' title='bbox 533 2363 607 2391; x_wconf 88' lang='lat' dir='ltr'>opus</span> <span class='ocrx_word' id='word_1_443' title='bbox 616 2357 869 2391; x_wconf 81' lang='lat' dir='ltr'>efﬁciunt,quibus</span> <span class='ocrx_word' id='word_1_444' title='bbox 878 2357 912 2384; x_wconf 85' lang='lat' dir='ltr'>ad</span> <span class='ocrx_word' id='word_1_445' title='bbox 919 2359 1044 2393; x_wconf 79' lang='lat' dir='ltr'>superli-</span> 
     </span>
    </p>
   </div>
   <div class='ocr_carea' id='block_1_67' title="bbox 223 2396 1046 2435">
    <p class='ocr_par' dir='ltr' id='par_1_67' title="bbox 223 2396 1046 2435">
     <span class='ocr_line' id='line_1_67' title="bbox 223 2396 1046 2435; baseline 0.006 -11"><span class='ocrx_word' id='word_1_446' title='bbox 223 2396 297 2424; x_wconf 87' lang='lat' dir='ltr'>ciem</span> <span class='ocrx_word' id='word_1_447' title='bbox 306 2397 379 2426; x_wconf 74' lang='lat'>845</span> <span class='ocrx_word' id='word_1_448' title='bbox 397 2407 490 2435; x_wconf 90' lang='lat' dir='ltr'>usque</span> <span class='ocrx_word' id='word_1_449' title='bbox 501 2399 705 2435; x_wconf 82' lang='lat' dir='ltr'>simulacrum,</span> <span class='ocrx_word' id='word_1_450' title='bbox 723 2401 974 2429; x_wconf 84' lang='lat' dir='ltr'>circumscribitur</span> <span class='ocrx_word' id='word_1_451' title='bbox 990 2402 1046 2435; x_wconf 87' lang='lat' dir='ltr'>;si-</span> 
     </span>
    </p>
   </div>
   <div class='ocr_carea' id='block_1_68' title="bbox 223 2441 1043 2478">
    <p class='ocr_par' dir='ltr' id='par_1_68' title="bbox 223 2441 1043 2478">
     <span class='ocr_line' id='line_1_68' title="bbox 223 2441 1043 2478; baseline 0.006 -10"><span class='ocrx_word' id='word_1_452' title='bbox 223 2444 274 2469; x_wconf 84' lang='lat' dir='ltr'>cut</span> <span class='ocrx_word' id='word_1_453' title='bbox 288 2441 366 2469; x_wconf 90' lang='lat' dir='ltr'>haud</span> <span class='ocrx_word' id='word_1_454' title='bbox 379 2451 443 2471; x_wconf 89' lang='lat' dir='ltr'>raro</span> <span class='ocrx_word' id='word_1_455' title='bbox 456 2443 633 2478; x_wconf 86' lang='lat' dir='ltr'>videmus,in</span> <span class='ocrx_word' id='word_1_456' title='bbox 648 2453 715 2472; x_wconf 87' lang='lat' dir='ltr'>eum</span> <span class='ocrx_word' id='word_1_457' title='bbox 726 2445 846 2472; x_wconf 89' lang='lat' dir='ltr'>modum</span> <span class='ocrx_word' id='word_1_458' title='bbox 858 2445 1043 2474; x_wconf 83' lang='lat' dir='ltr'>etI‘ormatum</span> 
     </span>
    </p>
   </div>
   <div class='ocr_carea' id='block_1_69' title="bbox 222 2485 1044 2526">
    <p class='ocr_par' dir='ltr' id='par_1_69' title="bbox 222 2485 1044 2526">
     <span class='ocr_line' id='line_1_69' title="bbox 222 2485 1044 2526; baseline 0.006 -14"><span class='ocrx_word' id='word_1_459' title='bbox 222 2485 328 2521; x_wconf 88' lang='lat' dir='ltr'>virum,</span> <span class='ocrx_word' id='word_1_460' title='bbox 355 2489 386 2514; x_wconf 87' lang='lat' dir='ltr'>ut</span> <span class='ocrx_word' id='word_1_461' title='bbox 400 2489 518 2515; x_wconf 82' lang='lat' dir='ltr'>externa</span> <span class='ocrx_word' id='word_1_462' title='bbox 542 2488 638 2524; x_wconf 86' lang='lat' dir='ltr'>specie</span> <span class='ocrx_word' id='word_1_463' title='bbox 668 2491 754 2524; x_wconf 85' lang='lat' dir='ltr'>atque</span> <span class='ocrx_word' id='word_1_464' title='bbox 769 2489 867 2517; x_wconf 89' lang='lat' dir='ltr'>indole</span> <span class='ocrx_word' id='word_1_465' title='bbox 882 2489 956 2517; x_wconf 89' lang='lat' dir='ltr'>iram</span> <span class='ocrx_word' id='word_1_466' title='bbox 972 2493 1044 2526; x_wconf 86' lang='lat' dir='ltr'>puta</span> 
     </span>
    </p>
   </div>
   <div class='ocr_carea' id='block_1_70' title="bbox 222 2530 1043 2570">
    <p class='ocr_par' dir='ltr' id='par_1_70' title="bbox 222 2530 1043 2570">
     <span class='ocr_line' id='line_1_70' title="bbox 222 2530 1043 2570; baseline 0.005 -12"><span class='ocrx_word' id='word_1_467' title='bbox 222 2538 254 2558; x_wconf 86' lang='lat' dir='ltr'>ac</span> <span class='ocrx_word' id='word_1_468' title='bbox 270 2530 483 2565; x_wconf 87' lang='lat' dir='ltr'>fortitudinem,</span> <span class='ocrx_word' id='word_1_469' title='bbox 501 2541 550 2560; x_wconf 85' lang='lat' dir='ltr'>seu</span> <span class='ocrx_word' id='word_1_470' title='bbox 582 2535 690 2560; x_wconf 88' lang='lat' dir='ltr'>metum</span> <span class='ocrx_word' id='word_1_471' title='bbox 715 2541 747 2560; x_wconf 86' lang='lat' dir='ltr'>ac</span> <span class='ocrx_word' id='word_1_472' title='bbox 767 2533 953 2562; x_wconf 88' lang='lat' dir='ltr'>formidinem</span> <span class='ocrx_word' id='word_1_473' title='bbox 972 2543 1043 2570; x_wconf 78' lang='lat' dir='ltr'>prze-</span> 
     </span>
    </p>
   </div>
   <div class='ocr_carea' id='block_1_71' title="bbox 221 2575 1042 2613">
    <p class='ocr_par' dir='ltr' id='par_1_71' title="bbox 221 2575 1042 2613">
     <span class='ocr_line' id='line_1_71' title="bbox 221 2575 1042 2613; baseline 0.005 -10"><span class='ocrx_word' id='word_1_474' title='bbox 221 2575 304 2610; x_wconf 81' lang='lat' dir='ltr'>l&#39;erat,</span> <span class='ocrx_word' id='word_1_475' title='bbox 320 2584 482 2612; x_wconf 88' lang='lat' dir='ltr'>rursusque</span> <span class='ocrx_word' id='word_1_476' title='bbox 508 2577 672 2612; x_wconf 87' lang='lat' dir='ltr'>mulierem,</span> <span class='ocrx_word' id='word_1_477' title='bbox 704 2586 767 2613; x_wconf 77' lang='lat' dir='ltr'>quae</span> <span class='ocrx_word' id='word_1_478' title='bbox 792 2579 835 2605; x_wconf 88' lang='lat' dir='ltr'>vel</span> <span class='ocrx_word' id='word_1_479' title='bbox 853 2587 950 2607; x_wconf 87' lang='lat' dir='ltr'>amore</span> <span class='ocrx_word' id='word_1_480' title='bbox 963 2579 1042 2607; x_wconf 86' lang='lat' dir='ltr'>insa-</span> 
     </span>
    </p>
   </div>
   <div class='ocr_carea' id='block_1_72' title="bbox 221 2620 1041 2658">
    <p class='ocr_par' dir='ltr' id='par_1_72' title="bbox 221 2620 1041 2658">
     <span class='ocr_line' id='line_1_72' title="bbox 221 2620 1041 2658; baseline 0.005 -11"><span class='ocrx_word' id='word_1_481' title='bbox 221 2620 339 2653; x_wconf 86' lang='lat' dir='ltr'>niat,vel</span> <span class='ocrx_word' id='word_1_482' title='bbox 354 2622 528 2656; x_wconf 88' lang='lat' dir='ltr'>pudibunda</span> <span class='ocrx_word' id='word_1_483' title='bbox 542 2622 729 2656; x_wconf 82' lang='lat' dir='ltr'>exsistat,aut</span> <span class='ocrx_word' id='word_1_484' title='bbox 744 2623 768 2650; x_wconf 86' lang='lat' dir='ltr'>si</span> <span class='ocrx_word' id='word_1_485' title='bbox 784 2623 854 2658; x_wconf 79' lang='lat' dir='ltr'>quid</span> <span class='ocrx_word' id='word_1_486' title='bbox 869 2623 947 2651; x_wconf 83' lang='lat' dir='ltr'>aliud</span> <span class='ocrx_word' id='word_1_487' title='bbox 960 2624 1041 2651; x_wconf 80' lang='lat' dir='ltr'>sexui</span> 
     </span>
    </p>
   </div>
   <div class='ocr_carea' id='block_1_73' title="bbox 222 2666 1042 2701">
    <p class='ocr_par' dir='ltr' id='par_1_73' title="bbox 222 2666 1042 2701">
     <span class='ocr_line' id='line_1_73' title="bbox 222 2666 1042 2701; baseline 0.005 -9"><span class='ocrx_word' id='word_1_488' title='bbox 222 2671 320 2693; x_wconf 87' lang='lat' dir='ltr'>comes</span> <span class='ocrx_word' id='word_1_489' title='bbox 336 2673 369 2692; x_wconf 88' lang='lat' dir='ltr'>ac</span> <span class='ocrx_word' id='word_1_490' title='bbox 384 2668 582 2701; x_wconf 87' lang='lat' dir='ltr'>opportunum</span> <span class='ocrx_word' id='word_1_491' title='bbox 594 2666 624 2693; x_wconf 86' lang='lat' dir='ltr'>in</span> <span class='ocrx_word' id='word_1_492' title='bbox 647 2666 799 2694; x_wconf 74' lang='lat' dir='ltr'>aﬁ‘ectibus</span> <span class='ocrx_word' id='word_1_493' title='bbox 829 2667 920 2695; x_wconf 89' lang='lat' dir='ltr'>animi</span> <span class='ocrx_word' id='word_1_494' title='bbox 950 2668 1042 2697; x_wconf 87' lang='lat' dir='ltr'>solers</span> 
     </span>
    </p>
   </div>
   <div class='ocr_carea' id='block_1_74' title="bbox 221 2708 1043 2748">
    <p class='ocr_par' dir='ltr' id='par_1_74' title="bbox 221 2708 1043 2748">
     <span class='ocr_line' id='line_1_74' title="bbox 221 2708 1043 2748; baseline 0.007 -12"><span class='ocrx_word' id='word_1_495' title='bbox 221 2708 331 2744; x_wconf 85' lang='lat' dir='ltr'>plastes</span> <span class='ocrx_word' id='word_1_496' title='bbox 346 2709 461 2738; x_wconf 70' lang='lat' dir='ltr'>etfacit?</span> <span class='ocrx_word' id='word_1_497' title='bbox 477 2710 560 2738; x_wconf 82' lang='lat' dir='ltr'>Haud</span> <span class='ocrx_word' id='word_1_498' title='bbox 575 2709 654 2739; x_wconf 90' lang='lat' dir='ltr'>enim</span> <span class='ocrx_word' id='word_1_499' title='bbox 669 2719 736 2740; x_wconf 87' lang='lat' dir='ltr'>vero</span> <span class='ocrx_word' id='word_1_500' title='bbox 751 2712 897 2748; x_wconf 85' lang='lat' dir='ltr'>ejusmodi</span> <span class='ocrx_word' id='word_1_501' title='bbox 916 2713 968 2741; x_wconf 90' lang='lat' dir='ltr'>Dei</span> <span class='ocrx_word' id='word_1_502' title='bbox 983 2713 1043 2742; x_wconf 84' lang='lat' dir='ltr'>for-</span> 
     </span>
    </p>
   </div>
   <div class='ocr_carea' id='block_1_75' title="bbox 257 2816 700 2857">
    <p class='ocr_par' dir='ltr' id='par_1_75' title="bbox 257 2816 700 2857">
     <span class='ocr_line' id='line_1_75' title="bbox 257 2816 700 2857; baseline 0.014 -12"><span class='ocrx_word' id='word_1_503' title='bbox 257 2818 299 2857; x_wconf 83' lang='lat' dir='ltr'>(a)</span> <span class='ocrx_word' id='word_1_504' title='bbox 312 2816 413 2848; x_wconf 74' lang='grc' dir='ltr'>Αὐτοῦ.</span> <span class='ocrx_word' id='word_1_505' title='bbox 431 2819 514 2850; x_wconf 81' lang='lat' dir='ltr'>Forte</span> <span class='ocrx_word' id='word_1_506' title='bbox 527 2819 606 2851; x_wconf 74' lang='grc' dir='ltr'>αὐτά.</span> <span class='ocrx_word' id='word_1_507' title='bbox 621 2820 700 2851; x_wconf 74' lang='lat' dir='ltr'>Enn.</span> 
     </span>
    </p>
   </div>
   <div class='ocr_carea' id='block_1_76' title="bbox 1130 1016 1915 1056">
    <p class='ocr_par' dir='ltr' id='par_1_76' title="bbox 1130 1016 1915 1056">
     <span class='ocr_line' id='line_1_76' title="bbox 1130 1016 1915 1056; baseline -0.004 -10"><span class='ocrx_word' id='word_1_508' title='bbox 1130 1020 1173 1047; x_wconf 82' lang='grc'>12.</span> <span class='ocrx_word' id='word_1_509' title='bbox 1198 1018 1315 1047; x_wconf 84' lang='grc' dir='ltr'>Ὀπόταν</span> <span class='ocrx_word' id='word_1_510' title='bbox 1351 1017 1396 1045; x_wconf 76' lang='grc' dir='ltr'>οὖν</span> <span class='ocrx_word' id='word_1_511' title='bbox 1426 1016 1484 1055; x_wconf 54' lang='grc' dir='ltr'>ἴδῃς</span> <span class='ocrx_word' id='word_1_512' title='bbox 1509 1018 1570 1045; x_wconf 79' lang='grc' dir='ltr'>τινὰ</span> <span class='ocrx_word' id='word_1_513' title='bbox 1599 1017 1668 1055; x_wconf 71' lang='grc' dir='ltr'>μέγα</span> <span class='ocrx_word' id='word_1_514' title='bbox 1695 1018 1846 1056; x_wconf 74' lang='grc' dir='ltr'>φρονοῦντα</span> <span class='ocrx_word' id='word_1_515' title='bbox 1874 1016 1915 1053; x_wconf 73' lang='grc' dir='ltr'>ἐφ’</span> 
     </span>
    </p>
   </div>
   <div class='ocr_carea' id='block_1_77' title="bbox 1094 1059 1916 1100">
    <p class='ocr_par' dir='ltr' id='par_1_77' title="bbox 1094 1059 1916 1100">
     <span class='ocr_line' id='line_1_77' title="bbox 1094 1059 1916 1100; baseline -0.001 -11"><span class='ocrx_word' id='word_1_516' title='bbox 1094 1062 1190 1099; x_wconf 74' lang='grc' dir='ltr'>ἑαυτῷ,</span> <span class='ocrx_word' id='word_1_517' title='bbox 1219 1063 1316 1097; x_wconf 77' lang='grc' dir='ltr'>ἐσθῆτα</span> <span class='ocrx_word' id='word_1_518' title='bbox 1346 1062 1462 1099; x_wconf 81' lang='grc' dir='ltr'>ἀνθηρὰν</span> <span class='ocrx_word' id='word_1_519' title='bbox 1502 1059 1749 1100; x_wconf 72' lang='grc' dir='ltr'>περιϐεϐλημένον,</span> <span class='ocrx_word' id='word_1_520' title='bbox 1778 1060 1916 1097; x_wconf 73' lang='grc' dir='ltr'>δακτυλίῳ</span> 
     </span>
    </p>
   </div>
   <div class='ocr_carea' id='block_1_78' title="bbox 1092 1105 1917 1145">
    <p class='ocr_par' dir='ltr' id='par_1_78' title="bbox 1092 1105 1917 1145">
     <span class='ocr_line' id='line_1_78' title="bbox 1092 1105 1917 1145; baseline -0.002 -11"><span class='ocrx_word' id='word_1_521' title='bbox 1092 1107 1141 1141; x_wconf 79' lang='grc' dir='ltr'>τὴν</span> <span class='ocrx_word' id='word_1_522' title='bbox 1159 1110 1239 1145; x_wconf 82' lang='grc' dir='ltr'>χεῖρα</span> <span class='ocrx_word' id='word_1_523' title='bbox 1251 1106 1502 1144; x_wconf 75' lang='grc' dir='ltr'>περιλαμπόμενον,</span> <span class='ocrx_word' id='word_1_524' title='bbox 1519 1105 1664 1145; x_wconf 63' lang='grc' dir='ltr'>σφενδόνην</span> <span class='ocrx_word' id='word_1_525' title='bbox 1684 1106 1734 1140; x_wconf 80' lang='grc' dir='ltr'>τὴν</span> <span class='ocrx_word' id='word_1_526' title='bbox 1757 1108 1810 1133; x_wconf 88' lang='grc' dir='ltr'>τῶν</span> <span class='ocrx_word' id='word_1_527' title='bbox 1830 1112 1917 1133; x_wconf 80' lang='grc' dir='ltr'>πολυ-</span> 
     </span>
    </p>
   </div>
   <div class='ocr_carea' id='block_1_79' title="bbox 1093 1149 1917 1190">
    <p class='ocr_par' dir='ltr' id='par_1_79' title="bbox 1093 1149 1917 1190">
     <span class='ocr_line' id='line_1_79' title="bbox 1093 1149 1917 1190; baseline -0.004 -11"><span class='ocrx_word' id='word_1_528' title='bbox 1093 1151 1181 1188; x_wconf 77' lang='grc' dir='ltr'>τίμων</span> <span class='ocrx_word' id='word_1_529' title='bbox 1212 1152 1358 1190; x_wconf 77' lang='grc' dir='ltr'>-φὲροντα,</span> <span class='ocrx_word' id='word_1_530' title='bbox 1390 1150 1494 1182; x_wconf 67' lang='grc' dir='ltr'>οῗκέτας</span> <span class='ocrx_word' id='word_1_531' title='bbox 1530 1150 1711 1189; x_wconf 68' lang='grc' dir='ltr'>ἐφελκόμενον</span> <span class='ocrx_word' id='word_1_532' title='bbox 1749 1149 1891 1188; x_wconf 78' lang='grc' dir='ltr'>περισσοὺς</span> <span class='ocrx_word' id='word_1_533' title='bbox 1909 1173 1917 1185; x_wconf 85' lang='grc'>,</span> 
     </span>
    </p>
   </div>
   <div class='ocr_carea' id='block_1_80' title="bbox 1093 1193 1918 1234">
    <p class='ocr_par' dir='ltr' id='par_1_80' title="bbox 1093 1193 1918 1234">
     <span class='ocr_line' id='line_1_80' title="bbox 1093 1193 1918 1234; baseline -0.004 -11"><span class='ocrx_word' id='word_1_534' title='bbox 1093 1196 1183 1232; x_wconf 82' lang='grc' dir='ltr'>κόμην</span> <span class='ocrx_word' id='word_1_535' title='bbox 1213 1193 1448 1234; x_wconf 69' lang='grc' dir='ltr'>περιϐεϐλημένον</span> <span class='ocrx_word' id='word_1_536' title='bbox 1477 1195 1610 1232; x_wconf 81' lang='grc' dir='ltr'>μεγαλην,</span> <span class='ocrx_word' id='word_1_537' title='bbox 1626 1195 1670 1222; x_wconf 87' lang='grc' dir='ltr'>καὶ</span> <span class='ocrx_word' id='word_1_538' title='bbox 1701 1195 1856 1231; x_wconf 73' lang='grc' dir='ltr'>ἀνειμένην,</span> <span class='ocrx_word' id='word_1_539' title='bbox 1871 1194 1918 1221; x_wconf 86' lang='grc' dir='ltr'>καὶ</span> 
     </span>
    </p>
   </div>
   <div class='ocr_carea' id='block_1_81' title="bbox 1093 1237 1919 1275">
    <p class='ocr_par' dir='ltr' id='par_1_81' title="bbox 1093 1237 1919 1275">
     <span class='ocr_line' id='line_1_81' title="bbox 1093 1237 1919 1275; baseline -0.002 -8"><span class='ocrx_word' id='word_1_540' title='bbox 1093 1240 1193 1273; x_wconf 78' lang='grc' dir='ltr'>ταύτην</span> <span class='ocrx_word' id='word_1_541' title='bbox 1210 1241 1307 1275; x_wconf 76' lang='grc' dir='ltr'>ξανθήν</span> <span class='ocrx_word' id='word_1_542' title='bbox 1341 1250 1369 1267; x_wconf 87' lang='grc' dir='ltr'>τε</span> <span class='ocrx_word' id='word_1_543' title='bbox 1395 1240 1440 1267; x_wconf 79' lang='grc' dir='ltr'>καὶ</span> <span class='ocrx_word' id='word_1_544' title='bbox 1467 1239 1577 1274; x_wconf 73' lang='grc' dir='ltr'>ἐλικτήν</span> <span class='ocrx_word' id='word_1_545' title='bbox 1593 1261 1600 1274; x_wconf 85' lang='grc'>,</span> <span class='ocrx_word' id='word_1_546' title='bbox 1629 1239 1673 1266; x_wconf 79' lang='grc' dir='ltr'>καὶ</span> <span class='ocrx_word' id='word_1_547' title='bbox 1703 1237 1833 1266; x_wconf 58' lang='grc' dir='ltr'>σοϐοῦντα</span> <span class='ocrx_word' id='word_1_548' title='bbox 1858 1241 1919 1269; x_wconf 82' lang='grc' dir='ltr'>τοῖς</span> 
     </span>
    </p>
   </div>
   <div class='ocr_carea' id='block_1_82' title="bbox 1094 1282 1919 1322">
    <p class='ocr_par' dir='ltr' id='par_1_82' title="bbox 1094 1282 1919 1322">
     <span class='ocr_line' id='line_1_82' title="bbox 1094 1282 1919 1322; baseline -0.002 -10"><span class='ocrx_word' id='word_1_549' title='bbox 1094 1282 1318 1321; x_wconf 72' lang='grc' dir='ltr'>ἐπιτηδεύμασι,</span> <span class='ocrx_word' id='word_1_550' title='bbox 1345 1286 1476 1321; x_wconf 77' lang='grc' dir='ltr'>μανιάκας</span> <span class='ocrx_word' id='word_1_551' title='bbox 1506 1286 1625 1322; x_wconf 78' lang='grc' dir='ltr'>χρυσοῦς</span> <span class='ocrx_word' id='word_1_552' title='bbox 1650 1284 1843 1322; x_wconf 60' lang='grc' dir='ltr'>περιῳέροντα,</span> <span class='ocrx_word' id='word_1_553' title='bbox 1874 1283 1919 1310; x_wconf 70' lang='grc' dir='ltr'>ἰπὶ</span> 
     </span>
    </p>
   </div>
   <div class='ocr_carea' id='block_1_83' title="bbox 1094 1327 1920 1368">
    <p class='ocr_par' dir='ltr' id='par_1_83' title="bbox 1094 1327 1920 1368">
     <span class='ocr_line' id='line_1_83' title="bbox 1094 1327 1920 1368; baseline -0.002 -12"><span class='ocrx_word' id='word_1_554' title='bbox 1094 1333 1199 1368; x_wconf 73' lang='grc' dir='ltr'>χρυσῆς</span> <span class='ocrx_word' id='word_1_555' title='bbox 1228 1328 1359 1367; x_wconf 69' lang='grc' dir='ltr'>καθέδρας</span> <span class='ocrx_word' id='word_1_556' title='bbox 1389 1327 1578 1366; x_wconf 77' lang='grc' dir='ltr'>ἐνιδρυόμενον</span> <span class='ocrx_word' id='word_1_557' title='bbox 1589 1351 1596 1363; x_wconf 87' lang='grc'>,</span> <span class='ocrx_word' id='word_1_558' title='bbox 1612 1330 1894 1366; x_wconf 76' lang='grc' dir='ltr'>σεμνοπροσωποῦντα</span> <span class='ocrx_word' id='word_1_559' title='bbox 1911 1348 1920 1362; x_wconf 83' lang='grc'>,</span> 
     </span>
    </p>
   </div>
   <div class='ocr_carea' id='block_1_84' title="bbox 1096 1370 1918 1412">
    <p class='ocr_par' dir='ltr' id='par_1_84' title="bbox 1096 1370 1918 1412">
     <span class='ocr_line' id='line_1_84' title="bbox 1096 1370 1918 1412; baseline -0.002 -11"><span class='ocrx_word' id='word_1_560' title='bbox 1096 1373 1350 1411; x_wconf 69' lang='grc' dir='ltr'>σεμνολογούμενον</span> <span class='ocrx_word' id='word_1_561' title='bbox 1368 1397 1375 1409; x_wconf 91' lang='grc'>,</span> <span class='ocrx_word' id='word_1_562' title='bbox 1406 1372 1649 1412; x_wconf 74' lang='grc' dir='ltr'>ὑψηλοφρονοῦντα</span> <span class='ocrx_word' id='word_1_563' title='bbox 1666 1395 1674 1409; x_wconf 76' lang='lat'>,</span> <span class='ocrx_word' id='word_1_564' title='bbox 1703 1370 1918 1410; x_wconf 71' lang='grc' dir='ltr'>σοϐαρευόμενον</span> 
     </span>
    </p>
   </div>
   <div class='ocr_carea' id='block_1_85' title="bbox 1095 1417 1920 1455">
    <p class='ocr_par' dir='ltr' id='par_1_85' title="bbox 1095 1417 1920 1455">
     <span class='ocr_line' id='line_1_85' title="bbox 1095 1417 1920 1455; baseline -0.002 -9"><span class='ocrx_word' id='word_1_565' title='bbox 1095 1418 1138 1446; x_wconf 73' lang='grc' dir='ltr'>ἐπὶ</span> <span class='ocrx_word' id='word_1_566' title='bbox 1152 1420 1192 1454; x_wconf 79' lang='grc' dir='ltr'>τῷ</span> <span class='ocrx_word' id='word_1_567' title='bbox 1207 1417 1307 1453; x_wconf 79' lang='grc' dir='ltr'>πλήθει</span> <span class='ocrx_word' id='word_1_568' title='bbox 1323 1420 1376 1445; x_wconf 85' lang='grc' dir='ltr'>τῶν</span> <span class='ocrx_word' id='word_1_569' title='bbox 1393 1421 1579 1455; x_wconf 85' lang='grc' dir='ltr'>προπομπῶν,</span> <span class='ocrx_word' id='word_1_570' title='bbox 1594 1420 1648 1445; x_wconf 82' lang='grc' dir='ltr'>τῶν</span> <span class='ocrx_word' id='word_1_571' title='bbox 1680 1417 1849 1451; x_wconf 80' lang='grc' dir='ltr'>ἀκολούθων,</span> <span class='ocrx_word' id='word_1_572' title='bbox 1865 1419 1920 1444; x_wconf 85' lang='grc' dir='ltr'>τῶν</span> 
     </span>
    </p>
   </div>
   <div class='ocr_carea' id='block_1_86' title="bbox 1095 1462 1920 1500">
    <p class='ocr_par' dir='ltr' id='par_1_86' title="bbox 1095 1462 1920 1500">
     <span class='ocr_line' id='line_1_86' title="bbox 1095 1462 1920 1500; baseline -0.001 -10"><span class='ocrx_word' id='word_1_573' title='bbox 1095 1463 1231 1496; x_wconf 80' lang='grc' dir='ltr'>κολάκων,</span> <span class='ocrx_word' id='word_1_574' title='bbox 1256 1466 1309 1490; x_wconf 88' lang='grc' dir='ltr'>τῶν</span> <span class='ocrx_word' id='word_1_575' title='bbox 1341 1463 1465 1499; x_wconf 74' lang='grc' dir='ltr'>οἰκετῶν,</span> <span class='ocrx_word' id='word_1_576' title='bbox 1495 1463 1541 1494; x_wconf 74' lang='grc' dir='ltr'>οὓς</span> <span class='ocrx_word' id='word_1_577' title='bbox 1569 1462 1752 1500; x_wconf 61' lang='grc' dir='ltr'>ἐπκιιύρονται⁵</span> <span class='ocrx_word' id='word_1_578' title='bbox 1779 1465 1833 1489; x_wconf 83' lang='grc' dir='ltr'>τῶν</span> <span class='ocrx_word' id='word_1_579' title='bbox 1855 1462 1920 1500; x_wconf 80' lang='grc' dir='ltr'>περὶ</span> 
     </span>
    </p>
   </div>
   <div class='ocr_carea' id='block_1_87' title="bbox 1096 1506 1923 1545">
    <p class='ocr_par' dir='ltr' id='par_1_87' title="bbox 1096 1506 1923 1545">
     <span class='ocr_line' id='line_1_87' title="bbox 1096 1506 1923 1545; baseline -0.002 -10"><span class='ocrx_word' id='word_1_580' title='bbox 1096 1508 1154 1539; x_wconf 80' lang='grc' dir='ltr'>τὰις</span> <span class='ocrx_word' id='word_1_581' title='bbox 1171 1507 1334 1539; x_wconf 80' lang='grc' dir='ltr'>πολυτελεῖς</span> <span class='ocrx_word' id='word_1_582' title='bbox 1348 1509 1483 1545; x_wconf 71' lang='grc' dir='ltr'>τραπέζας</span> <span class='ocrx_word' id='word_1_583' title='bbox 1503 1508 1669 1544; x_wconf 80' lang='grc' dir='ltr'>παρασίτων,</span> <span class='ocrx_word' id='word_1_584' title='bbox 1687 1506 1730 1534; x_wconf 78' lang='grc' dir='ltr'>ἐπὶ</span> <span class='ocrx_word' id='word_1_585' title='bbox 1760 1509 1819 1538; x_wconf 83' lang='grc' dir='ltr'>ταῖς</span> <span class='ocrx_word' id='word_1_586' title='bbox 1834 1507 1923 1545; x_wconf 75' lang='grc' dir='ltr'>εὐφη-</span> 
     </span>
    </p>
   </div>
   <div class='ocr_carea' id='block_1_88' title="bbox 1099 1551 1922 1589">
    <p class='ocr_par' dir='ltr' id='par_1_88' title="bbox 1099 1551 1922 1589">
     <span class='ocr_line' id='line_1_88' title="bbox 1099 1551 1922 1589; baseline -0.004 -9"><span class='ocrx_word' id='word_1_587' title='bbox 1099 1553 1161 1588; x_wconf 75' lang='grc' dir='ltr'>μίας</span> <span class='ocrx_word' id='word_1_588' title='bbox 1186 1553 1231 1580; x_wconf 82' lang='grc' dir='ltr'>καὶ</span> <span class='ocrx_word' id='word_1_589' title='bbox 1261 1553 1415 1589; x_wconf 78' lang='grc' dir='ltr'>ἀσπασμοῖς</span> <span class='ocrx_word' id='word_1_590' title='bbox 1445 1552 1492 1584; x_wconf 82' lang='grc' dir='ltr'>οὖς</span> <span class='ocrx_word' id='word_1_591' title='bbox 1521 1552 1617 1583; x_wconf 79' lang='grc' dir='ltr'>πάντες</span> <span class='ocrx_word' id='word_1_592' title='bbox 1651 1552 1725 1587; x_wconf 84' lang='grc' dir='ltr'>αὐτῷ</span> <span class='ocrx_word' id='word_1_593' title='bbox 1754 1551 1922 1589; x_wconf 71' lang='grc' dir='ltr'>προσάγουσι</span> 
     </span>
    </p>
   </div>
   <div class='ocr_carea' id='block_1_89' title="bbox 1097 1595 1923 1634">
    <p class='ocr_par' dir='ltr' id='par_1_89' title="bbox 1097 1595 1923 1634">
     <span class='ocr_line' id='line_1_89' title="bbox 1097 1595 1923 1634; baseline -0.002 -10"><span class='ocrx_word' id='word_1_594' title='bbox 1097 1598 1158 1634; x_wconf 76' lang='grc' dir='ltr'>περὶ</span> <span class='ocrx_word' id='word_1_595' title='bbox 1174 1597 1223 1631; x_wconf 78' lang='grc' dir='ltr'>τήν</span> <span class='ocrx_word' id='word_1_596' title='bbox 1241 1597 1352 1634; x_wconf 80' lang='grc' dir='ltr'>ἀγορὰν,</span> <span class='ocrx_word' id='word_1_597' title='bbox 1370 1598 1396 1623; x_wconf 74' lang='grc' dir='ltr'>οἱ</span> <span class='ocrx_word' id='word_1_598' title='bbox 1419 1597 1466 1633; x_wconf 78' lang='grc' dir='ltr'>μὲν</span> <span class='ocrx_word' id='word_1_599' title='bbox 1495 1595 1695 1632; x_wconf 74' lang='grc' dir='ltr'>ἐξανιστάμενοι</span> <span class='ocrx_word' id='word_1_600' title='bbox 1719 1597 1774 1622; x_wconf 83' lang='grc' dir='ltr'>τῶν</span> <span class='ocrx_word' id='word_1_601' title='bbox 1799 1595 1923 1632; x_wconf 81' lang='grc' dir='ltr'>βάθρων,</span> 
     </span>
    </p>
   </div>
   <div class='ocr_carea' id='block_1_90' title="bbox 1097 1639 1921 1679">
    <p class='ocr_par' dir='ltr' id='par_1_90' title="bbox 1097 1639 1921 1679">
     <span class='ocr_line' id='line_1_90' title="bbox 1097 1639 1921 1679; baseline -0.002 -11"><span class='ocrx_word' id='word_1_602' title='bbox 1097 1642 1123 1668; x_wconf 69' lang='grc' dir='ltr'>οἱ</span> <span class='ocrx_word' id='word_1_603' title='bbox 1151 1640 1180 1668; x_wconf 75' lang='grc' dir='ltr'>δὲ</span> <span class='ocrx_word' id='word_1_604' title='bbox 1204 1644 1436 1679; x_wconf 78' lang='grc' dir='ltr'>προϋπαντῶντες,</span> <span class='ocrx_word' id='word_1_605' title='bbox 1454 1641 1478 1667; x_wconf 77' lang='grc' dir='ltr'>οἱ</span> <span class='ocrx_word' id='word_1_606' title='bbox 1509 1639 1537 1667; x_wconf 71' lang='grc' dir='ltr'>δὲ</span> <span class='ocrx_word' id='word_1_607' title='bbox 1562 1639 1814 1677; x_wconf 77' lang='grc' dir='ltr'>προπομπεύοντες,</span> <span class='ocrx_word' id='word_1_608' title='bbox 1833 1639 1921 1670; x_wconf 74' lang='grc' dir='ltr'>ἄλλος</span> 
     </span>
    </p>
   </div>
   <div class='ocr_carea' id='block_1_91' title="bbox 1098 1682 1921 1721">
    <p class='ocr_par' dir='ltr' id='par_1_91' title="bbox 1098 1682 1921 1721">
     <span class='ocr_line' id='line_1_91' title="bbox 1098 1682 1921 1721; baseline -0.005 -7"><span class='ocrx_word' id='word_1_609' title='bbox 1098 1685 1168 1714; x_wconf 79' lang='grc' dir='ltr'>ἄλλο</span> <span class='ocrx_word' id='word_1_610' title='bbox 1196 1697 1222 1712; x_wconf 89' lang='grc' dir='ltr'>τι</span> <span class='ocrx_word' id='word_1_611' title='bbox 1253 1685 1290 1716; x_wconf 72' lang='grc' dir='ltr'>εἲς</span> <span class='ocrx_word' id='word_1_612' title='bbox 1319 1685 1402 1721; x_wconf 81' lang='grc' dir='ltr'>τιμὴν</span> <span class='ocrx_word' id='word_1_613' title='bbox 1431 1686 1475 1712; x_wconf 85' lang='grc' dir='ltr'>καὶ</span> <span class='ocrx_word' id='word_1_614' title='bbox 1494 1683 1571 1720; x_wconf 81' lang='grc' dir='ltr'>δόξαν</span> <span class='ocrx_word' id='word_1_615' title='bbox 1587 1684 1689 1711; x_wconf 76' lang='grc' dir='ltr'>ἐκείνου</span> <span class='ocrx_word' id='word_1_616' title='bbox 1706 1682 1921 1720; x_wconf 71' lang='grc' dir='ltr'>ἐνδεικνύμενοι,</span> 
     </span>
    </p>
   </div>
   <div class='ocr_carea' id='block_1_92' title="bbox 1096 1727 1923 1767">
    <p class='ocr_par' dir='ltr' id='par_1_92' title="bbox 1096 1727 1923 1767">
     <span class='ocr_line' id='line_1_92' title="bbox 1096 1727 1923 1767; baseline -0.002 -10"><span class='ocrx_word' id='word_1_617' title='bbox 1096 1732 1177 1760; x_wconf 83' lang='grc' dir='ltr'>’Ὀταν</span> <span class='ocrx_word' id='word_1_618' title='bbox 1194 1728 1254 1766; x_wconf 61' lang='grc' dir='ltr'>ἴδῃς</span> <span class='ocrx_word' id='word_1_619' title='bbox 1267 1729 1331 1758; x_wconf 77' lang='grc' dir='ltr'>τοὺς</span> <span class='ocrx_word' id='word_1_620' title='bbox 1354 1729 1488 1767; x_wconf 79' lang='grc' dir='ltr'>ἄρχοντας</span> <span class='ocrx_word' id='word_1_621' title='bbox 1511 1728 1635 1764; x_wconf 75' lang='grc' dir='ltr'>τούτους,</span> <span class='ocrx_word' id='word_1_622' title='bbox 1649 1727 1711 1759; x_wconf 81' lang='grc' dir='ltr'>τοὺς</span> <span class='ocrx_word' id='word_1_623' title='bbox 1743 1728 1794 1755; x_wconf 82' lang='grc' dir='ltr'>ὑπὸ</span> <span class='ocrx_word' id='word_1_624' title='bbox 1821 1729 1923 1766; x_wconf 77' lang='grc' dir='ltr'>κήρυκι</span> 
     </span>
    </p>
   </div>
   <div class='ocr_carea' id='block_1_93' title="bbox 1098 1770 1923 1812">
    <p class='ocr_par' dir='ltr' id='par_1_93' title="bbox 1098 1770 1923 1812">
     <span class='ocr_line' id='line_1_93' title="bbox 1098 1770 1923 1812; baseline -0.005 -9"><span class='ocrx_word' id='word_1_625' title='bbox 1098 1775 1311 1812; x_wconf 66' lang='grc' dir='ltr'>προαγομένους,</span> <span class='ocrx_word' id='word_1_626' title='bbox 1329 1773 1422 1810; x_wconf 78' lang='grc' dir='ltr'>ὑψηλῇ</span> <span class='ocrx_word' id='word_1_627' title='bbox 1437 1784 1466 1801; x_wconf 92' lang='grc' dir='ltr'>τε</span> <span class='ocrx_word' id='word_1_628' title='bbox 1481 1775 1558 1812; x_wconf 76' lang='grc' dir='ltr'>φωνῇ</span> <span class='ocrx_word' id='word_1_629' title='bbox 1572 1774 1618 1800; x_wconf 85' lang='grc' dir='ltr'>τὸν</span> <span class='ocrx_word' id='word_1_630' title='bbox 1635 1771 1709 1800; x_wconf 82' lang='grc' dir='ltr'>δεῖνα</span> <span class='ocrx_word' id='word_1_631' title='bbox 1730 1773 1777 1809; x_wconf 70' lang='grc' dir='ltr'>μὲν</span> <span class='ocrx_word' id='word_1_632' title='bbox 1805 1770 1923 1800; x_wconf 75' lang='grc' dir='ltr'>σοϐοῦν-</span> 
     </span>
    </p>
   </div>
   <div class='ocr_carea' id='block_1_94' title="bbox 1096 1816 1922 1855">
    <p class='ocr_par' dir='ltr' id='par_1_94' title="bbox 1096 1816 1922 1855">
     <span class='ocr_line' id='line_1_94' title="bbox 1096 1816 1922 1855; baseline -0.004 -8"><span class='ocrx_word' id='word_1_633' title='bbox 1096 1831 1155 1855; x_wconf 85' lang='grc' dir='ltr'>τας,</span> <span class='ocrx_word' id='word_1_634' title='bbox 1171 1820 1215 1847; x_wconf 86' lang='grc' dir='ltr'>τὸν</span> <span class='ocrx_word' id='word_1_635' title='bbox 1233 1818 1306 1846; x_wconf 85' lang='grc' dir='ltr'>δεῖνα</span> <span class='ocrx_word' id='word_1_636' title='bbox 1335 1817 1363 1845; x_wconf 78' lang='grc' dir='ltr'>δὲ</span> <span class='ocrx_word' id='word_1_637' title='bbox 1385 1818 1503 1853; x_wconf 80' lang='grc' dir='ltr'>ξέοντας,</span> <span class='ocrx_word' id='word_1_638' title='bbox 1519 1817 1603 1846; x_wconf 79' lang='grc' dir='ltr'>ἄλλον</span> <span class='ocrx_word' id='word_1_639' title='bbox 1633 1816 1812 1854; x_wconf 81' lang='grc' dir='ltr'>δημεύοντας,</span> <span class='ocrx_word' id='word_1_640' title='bbox 1828 1817 1922 1844; x_wconf 81' lang='grc' dir='ltr'>κάκεῖ-</span> 
     </span>
    </p>
   </div>
   <div class='ocr_carea' id='block_1_95' title="bbox 1097 1860 1925 1900">
    <p class='ocr_par' dir='ltr' id='par_1_95' title="bbox 1097 1860 1925 1900">
     <span class='ocr_line' id='line_1_95' title="bbox 1097 1860 1925 1900; baseline -0.007 -8"><span class='ocrx_word' id='word_1_641' title='bbox 1097 1875 1142 1892; x_wconf 85' lang='grc' dir='ltr'>νον</span> <span class='ocrx_word' id='word_1_642' title='bbox 1172 1865 1279 1900; x_wconf 76' lang='grc' dir='ltr'>θανάτῳ</span> <span class='ocrx_word' id='word_1_643' title='bbox 1316 1860 1538 1900; x_wconf 76' lang='grc' dir='ltr'>παραδιδόντας,</span> <span class='ocrx_word' id='word_1_644' title='bbox 1569 1863 1606 1899; x_wconf 78' lang='grc' dir='ltr'>μὴ</span> <span class='ocrx_word' id='word_1_645' title='bbox 1639 1862 1743 1900; x_wconf 74' lang='grc' dir='ltr'>μεγάλα</span> <span class='ocrx_word' id='word_1_646' title='bbox 1771 1863 1863 1899; x_wconf 73' lang='grc' dir='ltr'>ἡγήσῃ</span> <span class='ocrx_word' id='word_1_647' title='bbox 1889 1861 1925 1889; x_wconf 70' lang='grc' dir='ltr'>τὰ</span> 
     </span>
    </p>
   </div>
   <div class='ocr_carea' id='block_1_96' title="bbox 1098 1905 1927 1947">
    <p class='ocr_par' dir='ltr' id='par_1_96' title="bbox 1098 1905 1927 1947">
     <span class='ocr_line' id='line_1_96' title="bbox 1098 1905 1927 1947; baseline -0.004 -11"><span class='ocrx_word' id='word_1_648' title='bbox 1098 1909 1233 1947; x_wconf 81' lang='grc' dir='ltr'>ὁρώμενα,</span> <span class='ocrx_word' id='word_1_649' title='bbox 1250 1909 1288 1944; x_wconf 80' lang='grc' dir='ltr'>μὴ</span> <span class='ocrx_word' id='word_1_650' title='bbox 1303 1908 1456 1944; x_wconf 67' lang='grc' dir='ltr'>καταπέσῃς</span> <span class='ocrx_word' id='word_1_651' title='bbox 1472 1908 1521 1942; x_wconf 79' lang='grc' dir='ltr'>τὴν</span> <span class='ocrx_word' id='word_1_652' title='bbox 1549 1905 1680 1940; x_wconf 81' lang='grc' dir='ltr'>διάνοιαν,</span> <span class='ocrx_word' id='word_1_653' title='bbox 1698 1905 1768 1943; x_wconf 74' lang='grc' dir='ltr'>μηδὲ</span> <span class='ocrx_word' id='word_1_654' title='bbox 1791 1906 1879 1942; x_wconf 75' lang='grc' dir='ltr'>ξενία-η</span> <span class='ocrx_word' id='word_1_655' title='bbox 1895 1917 1927 1933; x_wconf 81' lang='grc' dir='ltr'>σε</span> 
     </span>
    </p>
   </div>
   <div class='ocr_carea' id='block_1_97' title="bbox 1098 1950 1925 1994">
    <p class='ocr_par' dir='ltr' id='par_1_97' title="bbox 1098 1950 1925 1994">
     <span class='ocr_line' id='line_1_97' title="bbox 1098 1950 1925 1994; baseline -0.006 -11"><span class='ocrx_word' id='word_1_656' title='bbox 1098 1957 1114 1990; x_wconf 81' lang='grc' dir='ltr'>ἡ</span> <span class='ocrx_word' id='word_1_657' title='bbox 1150 1955 1297 1994; x_wconf 68' lang='grc' dir='ltr'>φαντασίαε</span> <span class='ocrx_word' id='word_1_658' title='bbox 1329 1954 1497 1991; x_wconf 72' lang='grc' dir='ltr'>ἐνθυμήθητι</span> <span class='ocrx_word' id='word_1_659' title='bbox 1528 1953 1569 1980; x_wconf 78' lang='grc' dir='ltr'>ὅτι</span> <span class='ocrx_word' id='word_1_660' title='bbox 1594 1950 1709 1980; x_wconf 72' lang='grc' dir='ltr'>ἔπλασεν</span> <span class='ocrx_word' id='word_1_661' title='bbox 1742 1953 1755 1980; x_wconf 77' lang='grc' dir='ltr'><strong>ὁ</strong></span> <span class='ocrx_word' id='word_1_662' title='bbox 1785 1953 1848 1980; x_wconf 82' lang='grc' dir='ltr'>Θεὸν</span> <span class='ocrx_word' id='word_1_663' title='bbox 1875 1952 1925 1979; x_wconf 84' lang='grc' dir='ltr'>τὸν</span> 
     </span>
    </p>
   </div>
   <div class='ocr_carea' id='block_1_98' title="bbox 1098 1995 1926 2037">
    <p class='ocr_par' dir='ltr' id='par_1_98' title="bbox 1098 1995 1926 2037">
     <span class='ocr_line' id='line_1_98' title="bbox 1098 1995 1926 2037; baseline -0.004 -10"><span class='ocrx_word' id='word_1_664' title='bbox 1098 1999 1249 2036; x_wconf 77' lang='grc' dir='ltr'>ἄνθρωπον,</span> <span class='ocrx_word' id='word_1_665' title='bbox 1265 2001 1332 2037; x_wconf 84' lang='grc' dir='ltr'>χοῦν</span> <span class='ocrx_word' id='word_1_666' title='bbox 1350 1996 1441 2027; x_wconf 76' lang='grc' dir='ltr'>λαϐὼν</span> <span class='ocrx_word' id='word_1_667' title='bbox 1458 1998 1510 2026; x_wconf 84' lang='grc' dir='ltr'>ἀπὸ</span> <span class='ocrx_word' id='word_1_668' title='bbox 1538 2001 1588 2032; x_wconf 83' lang='grc' dir='ltr'>τῆς</span> <span class='ocrx_word' id='word_1_669' title='bbox 1617 2001 1679 2035; x_wconf 80' lang='grc' dir='ltr'>γῆς.</span> <span class='ocrx_word' id='word_1_670' title='bbox 1697 1996 1748 2025; x_wconf 73' lang='grc' dir='ltr'>Κᾶν</span> <span class='ocrx_word' id='word_1_671' title='bbox 1782 1997 1828 2034; x_wconf 74' lang='grc' dir='ltr'>μὲν</span> <span class='ocrx_word' id='word_1_672' title='bbox 1853 1995 1926 2025; x_wconf 76' lang='grc' dir='ltr'>ἄλλο</span> 
     </span>
    </p>
   </div>
   <div class='ocr_carea' id='block_1_99' title="bbox 1097 2039 1924 2082">
    <p class='ocr_par' dir='ltr' id='par_1_99' title="bbox 1097 2039 1924 2082">
     <span class='ocr_line' id='line_1_99' title="bbox 1097 2039 1924 2082; baseline -0.004 -11"><span class='ocrx_word' id='word_1_673' title='bbox 1097 2044 1123 2072; x_wconf 83' lang='grc' dir='ltr'>τί</span> <span class='ocrx_word' id='word_1_674' title='bbox 1144 2044 1199 2071; x_wconf 78' lang='grc' dir='ltr'>ἐστι</span> <span class='ocrx_word' id='word_1_675' title='bbox 1213 2045 1245 2071; x_wconf 84' lang='grc' dir='ltr'>τὸ</span> <span class='ocrx_word' id='word_1_676' title='bbox 1274 2044 1413 2082; x_wconf 82' lang='grc' dir='ltr'>ὁρώμενον</span> <span class='ocrx_word' id='word_1_677' title='bbox 1441 2043 1503 2080; x_wconf 84' lang='grc' dir='ltr'>περὶ</span> <span class='ocrx_word' id='word_1_678' title='bbox 1532 2043 1577 2070; x_wconf 80' lang='grc' dir='ltr'>τὸν</span> <span class='ocrx_word' id='word_1_679' title='bbox 1605 2042 1757 2080; x_wconf 75' lang='grc' dir='ltr'>ἄνθρωπον,</span> <span class='ocrx_word' id='word_1_680' title='bbox 1775 2039 1924 2081; x_wconf 74' lang='grc' dir='ltr'>φοϐήθητι,</span> 
     </span>
    </p>
   </div>
   <div class='ocr_carea' id='block_1_100' title="bbox 1098 2085 1926 2124">
    <p class='ocr_par' dir='ltr' id='par_1_100' title="bbox 1098 2085 1926 2124">
     <span class='ocr_line' id='line_1_100' title="bbox 1098 2085 1926 2124; baseline -0.004 -8"><span class='ocrx_word' id='word_1_681' title='bbox 1098 2089 1143 2116; x_wconf 83' lang='grc' dir='ltr'>καὶ</span> <span class='ocrx_word' id='word_1_682' title='bbox 1173 2088 1309 2124; x_wconf 74' lang='grc' dir='ltr'>θαύμασον</span> <span class='ocrx_word' id='word_1_683' title='bbox 1344 2087 1378 2114; x_wconf 79' lang='grc' dir='ltr'>τὰ</span> <span class='ocrx_word' id='word_1_684' title='bbox 1419 2087 1614 2124; x_wconf 78' lang='grc' dir='ltr'>πραττόμενα·</span> <span class='ocrx_word' id='word_1_685' title='bbox 1645 2086 1668 2114; x_wconf 74' lang='grc' dir='ltr'>εἰ</span> <span class='ocrx_word' id='word_1_686' title='bbox 1712 2085 1740 2113; x_wconf 72' lang='grc' dir='ltr'>δὲ</span> <span class='ocrx_word' id='word_1_687' title='bbox 1776 2088 1845 2123; x_wconf 79' lang='grc' dir='ltr'>χοῦς</span> <span class='ocrx_word' id='word_1_688' title='bbox 1872 2085 1926 2113; x_wconf 83' lang='grc' dir='ltr'>ἀπὸ</span> 
     </span>
    </p>
   </div>
   <div class='ocr_carea' id='block_1_101' title="bbox 1098 2129 1926 2169">
    <p class='ocr_par' dir='ltr' id='par_1_101' title="bbox 1098 2129 1926 2169">
     <span class='ocr_line' id='line_1_101' title="bbox 1098 2129 1926 2169; baseline -0.004 -9"><span class='ocrx_word' id='word_1_689' title='bbox 1098 2136 1148 2167; x_wconf 86' lang='grc' dir='ltr'>τῆς</span> <span class='ocrx_word' id='word_1_690' title='bbox 1175 2136 1237 2169; x_wconf 79' lang='grc' dir='ltr'>γῆς,</span> <span class='ocrx_word' id='word_1_691' title='bbox 1255 2133 1268 2159; x_wconf 86' lang='grc' dir='ltr'><strong>ὁ</strong></span> <span class='ocrx_word' id='word_1_692' title='bbox 1292 2133 1375 2159; x_wconf 77' lang='grc' dir='ltr'>ταῦτα</span> <span class='ocrx_word' id='word_1_693' title='bbox 1393 2129 1622 2167; x_wconf 77' lang='grc' dir='ltr'>ἐπιδεικνύμενος,</span> <span class='ocrx_word' id='word_1_694' title='bbox 1638 2130 1855 2169; x_wconf 76' lang='grc' dir='ltr'>καταφρόνησον.</span> <span class='ocrx_word' id='word_1_695' title='bbox 1873 2129 1926 2158; x_wconf 84' lang='grc' dir='ltr'>Καὶ</span> 
     </span>
    </p>
   </div>
   <div class='ocr_carea' id='block_1_102' title="bbox 1099 2174 1926 2214">
    <p class='ocr_par' dir='ltr' id='par_1_102' title="bbox 1099 2174 1926 2214">
     <span class='ocr_line' id='line_1_102' title="bbox 1099 2174 1926 2214; baseline -0.002 -11"><span class='ocrx_word' id='word_1_696' title='bbox 1099 2176 1212 2204; x_wconf 72' lang='grc' dir='ltr'>ἔπλασεν</span> <span class='ocrx_word' id='word_1_697' title='bbox 1243 2177 1256 2203; x_wconf 79' lang='grc' dir='ltr'>ὁ</span> <span class='ocrx_word' id='word_1_698' title='bbox 1285 2177 1350 2208; x_wconf 79' lang='grc' dir='ltr'>Θεὸς</span> <span class='ocrx_word' id='word_1_699' title='bbox 1376 2176 1422 2203; x_wconf 82' lang='grc' dir='ltr'>τὸν</span> <span class='ocrx_word' id='word_1_700' title='bbox 1451 2174 1603 2214; x_wconf 73' lang='grc' dir='ltr'>ἄνθρωπον.</span> <span class='ocrx_word' id='word_1_701' title='bbox 1634 2176 1666 2203; x_wconf 88' lang='grc' dir='ltr'>Ἡ</span> <span class='ocrx_word' id='word_1_702' title='bbox 1697 2175 1743 2212; x_wconf 73' lang='grc' dir='ltr'>μὲν</span> <span class='ocrx_word' id='word_1_703' title='bbox 1770 2175 1847 2214; x_wconf 76' lang='grc' dir='ltr'>φωνὴ</span> <span class='ocrx_word' id='word_1_704' title='bbox 1877 2176 1926 2202; x_wconf 80' lang='grc' dir='ltr'>τοῦ</span> 
     </span>
    </p>
   </div>
   <div class='ocr_carea' id='block_1_103' title="bbox 1099 2219 1926 2259">
    <p class='ocr_par' dir='ltr' id='par_1_103' title="bbox 1099 2219 1926 2259">
     <span class='ocr_line' id='line_1_103' title="bbox 1099 2219 1926 2259; baseline -0.004 -11"><span class='ocrx_word' id='word_1_705' title='bbox 1099 2219 1198 2249; x_wconf 76' lang='grc' dir='ltr'>ἔπλασε</span> <span class='ocrx_word' id='word_1_706' title='bbox 1213 2221 1341 2258; x_wconf 82' lang='grc' dir='ltr'>τεχνικήν</span> <span class='ocrx_word' id='word_1_707' title='bbox 1357 2231 1419 2247; x_wconf 80' lang='grc' dir='ltr'>τινα</span> <span class='ocrx_word' id='word_1_708' title='bbox 1434 2219 1576 2259; x_wconf 77' lang='grc' dir='ltr'>ὑποφαίνει</span> <span class='ocrx_word' id='word_1_709' title='bbox 1606 2219 1684 2251; x_wconf 75' lang='grc' dir='ltr'>εὐθὺς</span> <span class='ocrx_word' id='word_1_710' title='bbox 1713 2219 1848 2256; x_wconf 69' lang='grc' dir='ltr'>ἐνέργειαν</span> <span class='ocrx_word' id='word_1_711' title='bbox 1878 2220 1926 2246; x_wconf 83' lang='grc' dir='ltr'>τοῦ</span> 
     </span>
    </p>
   </div>
   <div class='ocr_carea' id='block_1_104' title="bbox 1059 2263 1926 2306">
    <p class='ocr_par' dir='ltr' id='par_1_104' title="bbox 1059 2263 1926 2306">
     <span class='ocr_line' id='line_1_104' title="bbox 1059 2263 1926 2306; baseline -0.003 -13"><span class='ocrx_word' id='word_1_712' title='bbox 1059 2273 1083 2306; x_wconf 82' lang='lat' dir='ltr'>D</span> <span class='ocrx_word' id='word_1_713' title='bbox 1099 2268 1166 2293; x_wconf 83' lang='grc' dir='ltr'>Θεοὖ</span> <span class='ocrx_word' id='word_1_714' title='bbox 1194 2266 1255 2302; x_wconf 86' lang='grc' dir='ltr'>περὶ</span> <span class='ocrx_word' id='word_1_715' title='bbox 1271 2265 1317 2292; x_wconf 89' lang='grc' dir='ltr'>τὸν</span> <span class='ocrx_word' id='word_1_716' title='bbox 1333 2264 1487 2303; x_wconf 74' lang='grc' dir='ltr'>ἄνθρωπον.</span> <span class='ocrx_word' id='word_1_717' title='bbox 1504 2266 1571 2302; x_wconf 77' lang='grc' dir='ltr'>Ἀρα</span> <span class='ocrx_word' id='word_1_718' title='bbox 1586 2263 1615 2291; x_wconf 70' lang='grc' dir='ltr'>δὲ</span> <span class='ocrx_word' id='word_1_719' title='bbox 1636 2264 1707 2291; x_wconf 73' lang='grc' dir='ltr'>οὕτω</span> <span class='ocrx_word' id='word_1_720' title='bbox 1721 2263 1765 2291; x_wconf 77' lang='grc' dir='ltr'>καὶ</span> <span class='ocrx_word' id='word_1_721' title='bbox 1780 2263 1860 2294; x_wconf 80' lang='grc' dir='ltr'>αὐτὸς</span> <span class='ocrx_word' id='word_1_722' title='bbox 1876 2264 1926 2298; x_wconf 81' lang='grc' dir='ltr'>τήν</span> 
     </span>
    </p>
   </div>
   <div class='ocr_carea' id='block_1_105' title="bbox 1100 2307 1928 2348">
    <p class='ocr_par' dir='ltr' id='par_1_105' title="bbox 1100 2307 1928 2348">
     <span class='ocr_line' id='line_1_105' title="bbox 1100 2307 1928 2348; baseline -0.004 -11"><span class='ocrx_word' id='word_1_723' title='bbox 1100 2310 1235 2348; x_wconf 68' lang='grc' dir='ltr'>ἡμετέραν</span> <span class='ocrx_word' id='word_1_724' title='bbox 1249 2309 1415 2348; x_wconf 64' lang='grc' dir='ltr'>ἕτεχυήσατο</span> <span class='ocrx_word' id='word_1_725' title='bbox 1429 2308 1538 2343; x_wconf 85' lang='grc' dir='ltr'>πλάσιν,</span> <span class='ocrx_word' id='word_1_726' title='bbox 1552 2309 1589 2340; x_wconf 83' lang='grc' dir='ltr'>ὡς</span> <span class='ocrx_word' id='word_1_727' title='bbox 1615 2309 1641 2336; x_wconf 70' lang='grc' dir='ltr'>οἱ</span> <span class='ocrx_word' id='word_1_728' title='bbox 1657 2309 1691 2336; x_wconf 83' lang='grc' dir='ltr'>τὰ</span> <span class='ocrx_word' id='word_1_729' title='bbox 1713 2307 1818 2344; x_wconf 77' lang='grc' dir='ltr'>πήλινα</span> <span class='ocrx_word' id='word_1_730' title='bbox 1842 2307 1928 2335; x_wconf 81' lang='grc' dir='ltr'>πλάσ-</span> 
     </span>
    </p>
   </div>
   <div class='ocr_carea' id='block_1_106' title="bbox 1101 2351 1927 2392">
    <p class='ocr_par' dir='ltr' id='par_1_106' title="bbox 1101 2351 1927 2392">
     <span class='ocr_line' id='line_1_106' title="bbox 1101 2351 1927 2392; baseline -0.004 -10"><span class='ocrx_word' id='word_1_731' title='bbox 1101 2365 1201 2389; x_wconf 84' lang='grc' dir='ltr'>σοντες,</span> <span class='ocrx_word' id='word_1_732' title='bbox 1217 2354 1234 2389; x_wconf 74' lang='grc' dir='ltr'><strong>ἥ</strong></span> <span class='ocrx_word' id='word_1_733' title='bbox 1250 2355 1283 2382; x_wconf 76' lang='grc' dir='ltr'>τὰ</span> <span class='ocrx_word' id='word_1_734' title='bbox 1295 2354 1397 2392; x_wconf 75' lang='grc' dir='ltr'>γῦψινα</span> <span class='ocrx_word' id='word_1_735' title='bbox 1426 2353 1653 2388; x_wconf 75' lang='grc' dir='ltr'>διασκευάζοντες,</span> <span class='ocrx_word' id='word_1_736' title='bbox 1667 2353 1685 2388; x_wconf 75' lang='grc' dir='ltr'>ἢ</span> <span class='ocrx_word' id='word_1_737' title='bbox 1710 2352 1773 2384; x_wconf 73' lang='grc' dir='ltr'>τοὺς</span> <span class='ocrx_word' id='word_1_738' title='bbox 1805 2351 1927 2390; x_wconf 80' lang='grc' dir='ltr'>ἀνδριάν-</span> 
     </span>
    </p>
   </div>
   <div class='ocr_carea' id='block_1_107' title="bbox 1098 2397 1925 2438">
    <p class='ocr_par' dir='ltr' id='par_1_107' title="bbox 1098 2397 1925 2438">
     <span class='ocr_line' id='line_1_107' title="bbox 1098 2397 1925 2438; baseline -0.002 -11"><span class='ocrx_word' id='word_1_739' title='bbox 1098 2411 1146 2431; x_wconf 84' lang='grc' dir='ltr'>τας</span> <span class='ocrx_word' id='word_1_740' title='bbox 1164 2399 1353 2438; x_wconf 76' lang='grc' dir='ltr'>χαλκεύοντες,</span> <span class='ocrx_word' id='word_1_741' title='bbox 1361 2400 1378 2434; x_wconf 74' lang='grc' dir='ltr'><strong>ἢ</strong></span> <span class='ocrx_word' id='word_1_742' title='bbox 1389 2399 1460 2427; x_wconf 77' lang='grc' dir='ltr'>ἄλλο</span> <span class='ocrx_word' id='word_1_743' title='bbox 1468 2411 1494 2428; x_wconf 90' lang='grc' dir='ltr'>τι</span> <span class='ocrx_word' id='word_1_744' title='bbox 1505 2402 1557 2426; x_wconf 85' lang='grc' dir='ltr'>τῶν</span> <span class='ocrx_word' id='word_1_745' title='bbox 1568 2401 1700 2437; x_wconf 84' lang='grc' dir='ltr'>τεχνιτῶν</span> <span class='ocrx_word' id='word_1_746' title='bbox 1719 2397 1925 2432; x_wconf 75' lang='grc' dir='ltr'>ἀποτελοῦντες,</span> 
     </span>
    </p>
   </div>
   <div class='ocr_carea' id='block_1_108' title="bbox 1100 2442 1924 2483">
    <p class='ocr_par' dir='ltr' id='par_1_108' title="bbox 1100 2442 1924 2483">
     <span class='ocr_line' id='line_1_108' title="bbox 1100 2442 1924 2483; baseline -0.004 -11"><span class='ocrx_word' id='word_1_747' title='bbox 1100 2445 1140 2475; x_wconf 81' lang='grc' dir='ltr'>οἷς</span> <span class='ocrx_word' id='word_1_748' title='bbox 1157 2443 1222 2483; x_wconf 70' lang='grc' dir='ltr'>ἄχρι</span> <span class='ocrx_word' id='word_1_749' title='bbox 1236 2448 1285 2480; x_wconf 76' lang='grc' dir='ltr'>τῆς</span> <span class='ocrx_word' id='word_1_750' title='bbox 1302 2444 1456 2483; x_wconf 71' lang='grc' dir='ltr'>ἐπιφανείας</span> <span class='ocrx_word' id='word_1_751' title='bbox 1471 2445 1504 2471; x_wconf 73' lang='grc' dir='ltr'>τὰ</span> <span class='ocrx_word' id='word_1_752' title='bbox 1534 2447 1584 2478; x_wconf 79' lang='grc' dir='ltr'>τῆς</span> <span class='ocrx_word' id='word_1_753' title='bbox 1614 2445 1758 2480; x_wconf 77' lang='grc' dir='ltr'>μιμήσεως</span> <span class='ocrx_word' id='word_1_754' title='bbox 1786 2442 1924 2481; x_wconf 71' lang='grc' dir='ltr'>περιΐστα-</span> 
     </span>
    </p>
   </div>
   <div class='ocr_carea' id='block_1_109' title="bbox 1097 2487 1925 2527">
    <p class='ocr_par' dir='ltr' id='par_1_109' title="bbox 1097 2487 1925 2527">
     <span class='ocr_line' id='line_1_109' title="bbox 1097 2487 1925 2527; baseline -0.002 -11"><span class='ocrx_word' id='word_1_755' title='bbox 1097 2500 1151 2524; x_wconf 80' lang='grc' dir='ltr'>ται,</span> <span class='ocrx_word' id='word_1_756' title='bbox 1170 2489 1259 2526; x_wconf 80' lang='grc' dir='ltr'>ὥσπερ</span> <span class='ocrx_word' id='word_1_757' title='bbox 1276 2490 1384 2527; x_wconf 84' lang='grc' dir='ltr'>ὁρῶμεν</span> <span class='ocrx_word' id='word_1_758' title='bbox 1411 2488 1549 2519; x_wconf 77' lang='grc' dir='ltr'>πολλάκις</span> <span class='ocrx_word' id='word_1_759' title='bbox 1572 2487 1656 2525; x_wconf 76' lang='grc' dir='ltr'>ἄνδρα</span> <span class='ocrx_word' id='word_1_760' title='bbox 1687 2489 1733 2525; x_wconf 75' lang='grc' dir='ltr'>μὲν</span> <span class='ocrx_word' id='word_1_761' title='bbox 1763 2487 1925 2524; x_wconf 77' lang='grc' dir='ltr'>πεπλασμὲ-</span> 
     </span>
    </p>
   </div>
   <div class='ocr_carea' id='block_1_110' title="bbox 1098 2530 1925 2570">
    <p class='ocr_par' dir='ltr' id='par_1_110' title="bbox 1098 2530 1925 2570">
     <span class='ocr_line' id='line_1_110' title="bbox 1098 2530 1925 2570; baseline -0.004 -9"><span class='ocrx_word' id='word_1_762' title='bbox 1098 2545 1158 2568; x_wconf 84' lang='lat' dir='ltr'>vov,</span> <span class='ocrx_word' id='word_1_763' title='bbox 1174 2534 1218 2561; x_wconf 90' lang='grc' dir='ltr'>καὶ</span> <span class='ocrx_word' id='word_1_764' title='bbox 1247 2534 1314 2568; x_wconf 77' lang='grc' dir='ltr'>ἦθος</span> <span class='ocrx_word' id='word_1_765' title='bbox 1335 2532 1386 2570; x_wconf 77' lang='grc' dir='ltr'>ἔξω</span> <span class='ocrx_word' id='word_1_766' title='bbox 1416 2533 1626 2570; x_wconf 74' lang='grc' dir='ltr'>ἑμφαίνοντα,ἢ</span> <span class='ocrx_word' id='word_1_767' title='bbox 1653 2533 1740 2569; x_wconf 76' lang='grc' dir='ltr'>θυμοῦ</span> <span class='ocrx_word' id='word_1_768' title='bbox 1768 2532 1852 2570; x_wconf 84' lang='grc' dir='ltr'>τυχὸν</span> <span class='ocrx_word' id='word_1_769' title='bbox 1880 2530 1925 2558; x_wconf 79' lang='grc' dir='ltr'>καὶ</span> 
     </span>
    </p>
   </div>
   <div class='ocr_carea' id='block_1_111' title="bbox 1098 2575 1923 2617">
    <p class='ocr_par' dir='ltr' id='par_1_111' title="bbox 1098 2575 1923 2617">
     <span class='ocr_line' id='line_1_111' title="bbox 1098 2575 1923 2617; baseline -0.004 -12"><span class='ocrx_word' id='word_1_770' title='bbox 1098 2577 1263 2615; x_wconf 72' lang='grc' dir='ltr'>ἀνδρείας,ἣ</span> <span class='ocrx_word' id='word_1_771' title='bbox 1288 2575 1373 2617; x_wconf 72' lang='grc' dir='ltr'>φόϐου</span> <span class='ocrx_word' id='word_1_772' title='bbox 1400 2577 1445 2604; x_wconf 86' lang='grc' dir='ltr'>καὶ</span> <span class='ocrx_word' id='word_1_773' title='bbox 1469 2576 1581 2610; x_wconf 78' lang='grc' dir='ltr'>δειλίας,</span> <span class='ocrx_word' id='word_1_774' title='bbox 1597 2579 1711 2614; x_wconf 82' lang='grc' dir='ltr'>γυναῖκα</span> <span class='ocrx_word' id='word_1_775' title='bbox 1741 2575 1769 2603; x_wconf 76' lang='grc' dir='ltr'>δὲ</span> <span class='ocrx_word' id='word_1_776' title='bbox 1797 2575 1879 2603; x_wconf 85' lang='grc' dir='ltr'>πάλιν</span> <span class='ocrx_word' id='word_1_777' title='bbox 1906 2575 1923 2608; x_wconf 76' lang='grc' dir='ltr'>ἢ</span> 
     </span>
    </p>
   </div>
   <div class='ocr_carea' id='block_1_112' title="bbox 1098 2621 1925 2661">
    <p class='ocr_par' dir='ltr' id='par_1_112' title="bbox 1098 2621 1925 2661">
     <span class='ocr_line' id='line_1_112' title="bbox 1098 2621 1925 2661; baseline -0.004 -11"><span class='ocrx_word' id='word_1_778' title='bbox 1098 2623 1252 2661; x_wconf 76' lang='grc' dir='ltr'>ἑρωτιῶσοιν</span> <span class='ocrx_word' id='word_1_779' title='bbox 1265 2622 1282 2657; x_wconf 76' lang='grc' dir='ltr'>ἢ</span> <span class='ocrx_word' id='word_1_780' title='bbox 1300 2621 1477 2659; x_wconf 77' lang='grc' dir='ltr'>αἰδουμένην,</span> <span class='ocrx_word' id='word_1_781' title='bbox 1494 2621 1512 2656; x_wconf 71' lang='grc' dir='ltr'><strong>ἢ</strong></span> <span class='ocrx_word' id='word_1_782' title='bbox 1528 2621 1598 2648; x_wconf 76' lang='grc' dir='ltr'>ἄλλο</span> <span class='ocrx_word' id='word_1_783' title='bbox 1623 2631 1649 2648; x_wconf 89' lang='grc' dir='ltr'>τι</span> <span class='ocrx_word' id='word_1_784' title='bbox 1674 2621 1864 2659; x_wconf 86' lang='grc' dir='ltr'>παρεπόμενον</span> <span class='ocrx_word' id='word_1_785' title='bbox 1891 2621 1925 2657; x_wconf 78' lang='grc' dir='ltr'>τῇ</span> 
     </span>
    </p>
   </div>
   <div class='ocr_carea' id='block_1_113' title="bbox 1096 2665 1926 2706">
    <p class='ocr_par' dir='ltr' id='par_1_113' title="bbox 1096 2665 1926 2706">
     <span class='ocr_line' id='line_1_113' title="bbox 1096 2665 1926 2706; baseline -0.005 -11"><span class='ocrx_word' id='word_1_786' title='bbox 1096 2667 1196 2703; x_wconf 81' lang='grc' dir='ltr'>ταύτης</span> <span class='ocrx_word' id='word_1_787' title='bbox 1227 2667 1302 2706; x_wconf 72' lang='grc' dir='ltr'>φύσει</span> <span class='ocrx_word' id='word_1_788' title='bbox 1331 2667 1417 2698; x_wconf 86' lang='grc' dir='ltr'>πάθος</span> <span class='ocrx_word' id='word_1_789' title='bbox 1450 2666 1464 2693; x_wconf 85' lang='grc' dir='ltr'>ὁ</span> <span class='ocrx_word' id='word_1_790' title='bbox 1493 2665 1618 2701; x_wconf 86' lang='grc' dir='ltr'>πλάστης</span> <span class='ocrx_word' id='word_1_791' title='bbox 1635 2666 1777 2703; x_wconf 79' lang='grc' dir='ltr'>γνωρίζων</span> <span class='ocrx_word' id='word_1_792' title='bbox 1809 2665 1926 2702; x_wconf 71' lang='grc' dir='ltr'>ἔξειργά·</span> 
     </span>
    </p>
   </div>
   <div class='ocr_carea' id='block_1_114' title="bbox 1096 2709 1923 2748">
    <p class='ocr_par' dir='ltr' id='par_1_114' title="bbox 1096 2709 1923 2748">
     <span class='ocr_line' id='line_1_114' title="bbox 1096 2709 1923 2748; baseline -0.004 -8"><span class='ocrx_word' id='word_1_793' title='bbox 1096 2722 1178 2748; x_wconf 85' lang='grc' dir='ltr'>σατο;</span> <span class='ocrx_word' id='word_1_794' title='bbox 1195 2714 1262 2740; x_wconf 83' lang='grc' dir='ltr'>Θεοῦ</span> <span class='ocrx_word' id='word_1_795' title='bbox 1291 2710 1320 2740; x_wconf 71' lang='grc' dir='ltr'>δὶ</span> <span class='ocrx_word' id='word_1_796' title='bbox 1346 2710 1448 2744; x_wconf 82' lang='grc' dir='ltr'>πλάσις</span> <span class='ocrx_word' id='word_1_797' title='bbox 1476 2709 1507 2738; x_wconf 81' lang='grc' dir='ltr'>οὐ</span> <span class='ocrx_word' id='word_1_798' title='bbox 1539 2710 1665 2746; x_wconf 84' lang='grc' dir='ltr'>τοιαύτη.</span> <span class='ocrx_word' id='word_1_799' title='bbox 1681 2709 1747 2738; x_wconf 82' lang='grc' dir='ltr'>ἀλλ’</span> <span class='ocrx_word' id='word_1_800' title='bbox 1776 2709 1858 2738; x_wconf 76' lang='grc' dir='ltr'>αὐτοῦ</span> <span class='ocrx_word' id='word_1_801' title='bbox 1885 2709 1923 2746; x_wconf 88' lang='grc' dir='ltr'>(α)</span> 
     </span>
    </p>
   </div>
  </div>
