2018 3146
135 149 172 177 5⁵1
626 150 677 180 DE
699 149 861 180 HOMINIS
883 150 1116 182 STRUCTURA
1141 151 1285 181 ORATIO
1307 151 1345 181 ll.
1799 147 1838 177 58

135 214 223 241 ἐκεῖνα
237 214 270 241 τὰ
284 224 450 252 πρωτοτυπα
465 213 518 250 ἤθη
535 217 583 242 τοῦ
605 215 762 254 ἀνθρώπου,
779 217 796 251 ἡ
827 215 960 253 δημιουρ-

1021 217 1123 246 matio:
1140 219 1189 245 sed
1207 218 1302 254 ipsam
1319 218 1441 253 primam
1459 225 1492 244 ac
1503 216 1697 252 exemplarem
1709 214 1838 243 hominis

136 259 200 296 γική
230 259 349 297 ἐνέργεια
379 259 420 286 ἐπὶ
437 260 467 286 τὸ
485 260 566 297 βάθος
583 261 745 298 γωρήσασα,
762 259 837 288 ἔνδον
865 259 964 287 ἕκαστα

137 302 323 341 διωργάνωσε,
339 304 453 332 πολλῶν
479 306 522 332 καὶ
543 305 723 333 παντοδαπῶν
752 306 796 333 καὶ
826 305 962 344 διαφόρων

135 351 229 380 παθῶν
260 350 303 376 καὶ
333 348 451 386 γνωμῶν
478 349 515 380 εἷς
539 350 636 377 ταύτὸν
653 350 723 386 μίξιν
739 351 784 378 καὶ
814 351 962 388 σύγκρασιν

136 393 224 431 ἀκαρῆ
253 393 437 421 ἐκτελέσειν-τα.
465 393 527 422 Eilis
555 405 601 430 μοι
630 397 760 422 roso-310v
782 395 889 432 σχολῆς
908 396 958 431 (ιι),

138 438 208 465 ὥστε
232 439 299 466 κατὰ
327 438 424 466 λεπτὸν
452 439 496 466 καὶ
525 437 811 477 ἀκριῧολογουμὲνως,
824 438 962 474 ὑποδεῖξαί

140 493 183 509 σοι
209 483 259 517 τήν
286 484 334 510 τοῦ
365 483 510 520 ἀνθρώπου
539 485 717 519 κατασκευήν·
734 482 830 520 ἔμαθες
855 484 905 521 γὰρ
933 483 962 510 ἂν

139 526 192 554 ἀπὸ
208 529 320 554 σεαυτοῦ
336 528 386 561 τήν
400 528 462 565 περὶ
480 528 508 555 σὲ
529 528 622 567 σοφίαν
646 530 694 555 τοῦ
725 530 791 556 Θεοῦ
815 529 860 555 καὶ
890 527 963 555 οἶκο-

138 571 245 608 νομίαν.
262 573 306 608 Τῷ
335 569 393 599 ἕντι
416 573 466 610 γὰρ
493 573 588 610 μικρὸς
613 571 761 609 διάκοσμός
784 572 854 600 ἐστιν
879 573 893 600 ὁ
918 571 965 599 ἅν-

137 622 257 653 θρωπος,
273 617 318 643 καὶ
335 616 423 655 ὀρθῶς
460 616 653 655 ἐστοχάσαντο,
671 618 697 644 οἱ
726 617 816 653 τούτῳ
840 620 880 654 τῷ
907 616 966 644 ὀνό-

140 671 203 697 ματι
234 661 317 688 αὐτὸν
345 660 587 698 ἀποσεμνύναντες.
614 663 698 689 Πόσαι
727 662 862 699 γοῦν,καὶ
892 662 964 699 παρὰ

138 705 231 733 πόσων
263 705 294 732 ἐκ
318 704 439 733 παλαιοῦ
465 706 526 743 περῖ
546 706 577 734 τὸ
594 707 745 743 θαυμαστὸν
758 708 838 734 τοῦτο
853 706 966 742 πλάσμα

136 753 326 787 πραγματεῖαι
362 750 612 786 καταναλώθησανί
640 752 668 778 αἱ
697 750 868 790 φυσιολογίαι
910 752 964 778 τῶν

138 794 312 834 φιλοσόφων,
328 795 356 822 αἱ
369 794 548 833 τεχνολογίαι
563 798 617 823 τῶν
643 795 754 834 ἰατρῶν,
784 797 836 823 τῶν
862 805 965 833 γυμνα-

138 841 208 866 στῶν
235 840 263 866 αἱ
291 841 505 877 παρατηρήσεις,
532 841 559 867 αἱ
583 839 645 877 πιρί
674 840 874 878 ἀναλογίας,αἱ
903 839 965 877 περὶ

135 887 187 919 τῆς
215 886 270 911 τῶν
303 883 394 920 μελῶν
422 884 490 920 πρὸς
512 883 624 920 ἄλληλα.
648 885 825 922 συμμετρίας,
847 885 874 911 αἱ
903 884 965 920 περὶ

138 928 268 965 σώματος
297 927 482 965 πολυσαρκίας
499 939 505 944 ·
533 931 616 956 ταῦτα
642 929 728 956 πάντα
754 929 815 964 περὶ
843 929 893 963 τήν
915 931 964 956 τοῦ

140 973 286 1011 ἀνθρώπου
306 971 450 1000 διάπλασιν
477 974 688 1011 συνεισέρχεται,
716 974 765 1002 Καὶ
792 972 874 1006 πὸοεν
901 972 963 1010 ἐμοὶ

139 1017 223 1055 λόγος
251 1020 392 1053 τοσοῦτος,
411 1017 480 1045 ὥστε
500 1017 646 1053 δυνηθῆναι
675 1018 760 1045 εἰπεῖν
791 1018 858 1055 μιτᾶ
887 1018 965 1055 ἀκρι-

141 1060 227 1097 ϐείας,
244 1062 294 1090 ὅσα
308 1063 334 1090 ἐν
362 1066 410 1099 μιᾷ
434 1065 512 1102 φωνῇ
540 1065 588 1091 τοῦ
610 1061 726 1091 ἔπλασεν
756 1064 963 1102 ἐμπεριέχεταη

136 1108 175 1135 Τὰ
204 1107 294 1144 μέντοι
326 1107 472 1145 πρόχειαα,
489 1109 536 1135 κᾶν
568 1108 622 1146 ἐγὼ
653 1109 690 1145 μὴ
717 1108 801 1146 λέγω,
819 1108 849 1135 σὺ
879 1107 963 1139 οἶδας.

138 1151 261 1179 Ἐπλασέ
277 1163 306 1180 σε
320 1152 371 1189 γὰρ
388 1153 402 1180 ὁ
415 1152 490 1185 Θεὸς,
513 1153 550 1184 ὡς
576 1154 649 1190 ὁρᾷς,
666 1151 770 1190 ὄρθιον,
792 1153 835 1180 καὶ
864 1153 964 1187 ταύτην

141 1207 183 1224 σοι
199 1197 249 1231 τήν
267 1195 410 1224 διάπλασιν
428 1197 562 1235 ἐξαίρετον
588 1196 688 1225 δέδωκε
715 1199 789 1235 παρὰ
820 1198 853 1225 τὰ
882 1197 968 1225 λοιπὰ

139 1241 226 1268 πάντα
271 1243 341 1275 ζῶα.
372 1241 420 1268 Διά
462 1241 508 1275 τί;
534 1241 628 1277 ἐπειδή
669 1242 800 1280 ἐξαίρετόν
845 1252 886 1269 σοι
921 1242 966 1269 καὶ

138 1286 187 1320 τὴν
213 1284 397 1324 ὀφειλομένην
426 1286 471 1313 καὶ
501 1286 647 1324 ἀναγκαίαν
675 1286 807 1324 ἐνέργειαν
833 1297 967 1324 προσεπι-

139 1328 232 1357 δοῦναι
249 1329 363 1367 ἔμελλε.

1018 261 1145 290 indolem
1158 263 1274 290 creandi
1286 263 1328 289 vis
1344 262 1379 289 ad
1397 262 1455 288 ima
1467 261 1531 296 ipsa
1547 258 1839 296 pervadens,singuls

1015 306 1095 333 intus
1114 306 1248 334 articulis
1263 307 1438 341 organisque
1455 306 1597 338 distinxit,
1610 305 1717 340 quibus
1729 304 1836 331 multo-

1019 359 1083 378 rum
1109 351 1264 386 omnisque
1288 351 1401 387 generis
1420 359 1451 378 ac
1475 350 1655 378 diversorum
1683 349 1837 376 affectuum

1019 403 1221 430 sensuumque
1230 396 1258 422 in
1267 396 1342 422 idem
1351 395 1448 422 mistio
1457 398 1512 422 tem
1519 394 1684 430 peratioque
1692 395 1838 420 momento

1018 440 1147 468 emersit.
1163 439 1375 475 Atqueutinam
1392 441 1505 466 tantum
1516 438 1587 466 mihi
1601 440 1766 474 suppeteret
1777 437 1839 471 otii,

1019 487 1051 512 ut
1064 484 1166 512 subtili
1182 493 1215 512 ac
1230 487 1366 511 accurata
1382 483 1577 519 disputatione
1594 482 1722 510 hominis
1740 482 1841 509 liceret

1019 529 1158 557 fabricam
1172 529 1454 556 submonstrare.Dei
1467 531 1542 554 certe
1553 536 1621 562 erga
1628 530 1655 554 te
1666 527 1839 560 sapientiam

1019 582 1176 609 rarumque
1189 573 1342 601 consilium
1360 581 1392 600 ex
1408 573 1512 607 teipse
1531 571 1724 599 condisceres.
1750 569 1840 597 Plane

1019 618 1097 645 enim
1113 618 1200 645 homo
1217 618 1312 645 minor
1327 617 1456 644 mundus
1472 625 1504 644 ac
1519 618 1640 643 ornatus
1655 617 1710 646 est,
1745 617 1838 641 recta-

1020 671 1074 698 que
1090 663 1169 690 ducti
1185 663 1351 698 conjectura
1365 664 1445 694 sunt,
1464 661 1511 696 qui
1524 661 1576 688 hoc
1595 660 1694 695 ipsum
1719 659 1837 686 nomine

1019 708 1222 735 honestarum.
1239 707 1328 739 Quam
1351 705 1451 734 multae
1461 706 1569 741 itaque,
1586 707 1640 732 eta
1655 712 1742 740 quam
1764 703 1840 731 mul-

1020 751 1069 784 tis,
1085 753 1153 780 olim
1168 753 1228 786 jam
1247 752 1301 778 hoc
1322 752 1350 778 in
1372 750 1486 787 negotio
1503 750 1696 784 mirandoque
1725 747 1840 784 opiﬁcio

1020 799 1097 824 artes
1114 799 1179 824 tota
1195 804 1311 832 operam
1331 795 1517 831 impendere!
1537 793 1685 821 naturales
1711 792 1842 829 philoso-

1022 842 1146 877 phorum
1162 840 1420 873 eonsiderationes,
1438 840 1616 867 medicorum
1630 838 1702 865 artis
1727 837 1841 873 disqui-

1020 886 1152 921 sitiones,
1182 887 1405 921 gymnastarum
1435 883 1671 915 observationes;
1701 891 1765 918 quae
1804 881 1840 908 ad

1019 931 1183 967 analogiam
1198 931 1350 966 spectant;
1368 929 1402 956 ad
1422 929 1620 956 membrorum
1633 927 1708 954 inter
1719 934 1750 953 se
1762 929 1841 953 certa

1019 974 1132 1001 ratione
1154 974 1273 1001 modum
1297 981 1330 1001 ac
1358 972 1611 1008 compositionem,
1643 971 1678 998 ad
1709 969 1840 1006 corporis

1019 1019 1201 1046 obesitatem.
1218 1019 1326 1045 Cuncta
1342 1016 1414 1049 haec,
1430 1017 1460 1044 in
1487 1016 1602 1044 formati
1632 1015 1759 1043 hominis
1783 1022 1841 1042 uno

1020 1063 1137 1099 agmine
1152 1062 1272 1090 veniunt
1299 1061 1572 1090 considerationem.
1606 1061 1641 1088 Et
1669 1060 1746 1087 unde
1769 1058 1840 1086 mihi

1019 1109 1100 1135 tanta
1115 1107 1227 1135 dicendi
1243 1107 1297 1139 vis,
1313 1108 1346 1133 ut
1370 1108 1506 1134 accurate
1525 1105 1597 1132 satis
1621 1104 1720 1133 omnia
1746 1103 1842 1137 eloqui

1020 1152 1143 1185 valeam,
1155 1160 1218 1187 quas
1234 1151 1288 1178 hac
1304 1160 1362 1178 una
1381 1159 1460 1183 voce,
1488 1149 1626 1186 formavit,
1654 1157 1736 1176 sacer
1764 1156 1842 1176 com-

1021 1196 1157 1232 plectitur
1171 1198 1267 1223 textus
1278 1195 1291 1222 ?
1307 1197 1407 1229 Porro,
1428 1203 1490 1230 qum
1504 1195 1533 1221 in
1550 1196 1685 1229 promptu
1711 1195 1781 1220 sunt
1809 1200 1842 1220 ac

1021 1240 1127 1274 facilia,
1143 1240 1186 1268 vel
1202 1240 1225 1268 si
1243 1248 1295 1276 ego
1310 1248 1369 1268 non
1385 1239 1493 1272 dixero,
1506 1241 1535 1265 tu
1549 1247 1600 1274 per
1613 1241 1641 1265 te
1665 1238 1727 1273 ipse
1752 1237 1840 1264 nosti.

1023 1285 1167 1313 Formavit
1180 1293 1307 1320 namque
1323 1286 1350 1311 te
1369 1285 1454 1316 Deus,
1467 1286 1496 1310 ut
1507 1284 1597 1316 vides,
1610 1284 1722 1310 statura
1752 1284 1840 1315 recte,

1022 1329 1213 1365 bancquelibi
1229 1329 1407 1365 singularem
1422 1337 1481 1364 prae
1497 1327 1617 1363 reliquis
1628 1327 1766 1354 omnibus
1780 1327 1843 1354 ani-

140 1377 290 1404 mantibus
306 1377 430 1412 prebuit
441 1377 576 1405 formam.
594 1377 737 1410 Quidita?
752 1377 830 1413 quod
848 1377 988 1405 nimirum
1000 1375 1180 1411 singularem
1197 1375 1284 1402 etiam
1305 1375 1434 1402 debitam
1450 1373 1703 1408 necessariumque
1726 1373 1843 1400 abunde

138 1423 202 1450 erat
215 1421 273 1449 vim
283 1421 386 1456 agendi
401 1429 605 1450 concessurus.

179 1466 222 1493 13.
239 1465 280 1494 Τὰ
296 1465 343 1501 μὲν
361 1464 450 1502 ἄλογα
465 1465 551 1493 πάντα
567 1468 623 1500 ζῶα
650 1465 810 1503 βοσκήματα
835 1465 889 1492 ἐστι
915 1464 966 1501 μό-

144 1519 201 1544 νον,
217 1509 261 1536 καὶ
277 1509 344 1547 πρὸς
361 1510 375 1536 ’ὀ
391 1510 503 1547 πέφυκε,
516 1510 584 1547 πρὸς
599 1512 679 1537 τοῦτο
701 1509 759 1547 ἔχει
778 1510 822 1536 καὶ
851 1510 900 1543 τὴν
922 1520 968 1536 κα-

143 1555 286 1589 τασκευήν·
302 1554 396 1581 ὁποῖόν
413 1553 467 1581 ἐστι
483 1555 526 1582 καὶ
549 1554 580 1582 τὸ
604 1552 754 1592 πρόϐατον.
774 1552 884 1587 Ἐπειδὴ
914 1554 966 1591 γὰρ

143 1597 274 1635 ίγεννήθη
306 1598 443 1635 νέμεσθαι,
461 1598 534 1626 κάτω
563 1596 620 1636 ἔχει
645 1599 819 1626 συννεύουσαν
844 1599 888 1625 καὶ
916 1599 965 1632 τὴν

140 1641 275 1681 κεφαλὴν,
291 1643 360 1670 ὥστε
388 1645 423 1680 τῇ
447 1643 541 1681 γαστρὶ
568 1642 663 1681 ἐνορᾷν
692 1643 736 1670 καὶ
761 1646 820 1674 τοῖς
849 1643 900 1670 ὑπό
917 1653 965 1680 γα-

141 1687 236 1725 στέρα·
255 1685 335 1718 τέλος
360 1687 410 1725 γὰρ
427 1688 520 1718 αὐτοῖς
549 1687 660 1724 εὐεξίας,
676 1686 819 1725 πλήρωσις
851 1687 966 1725 γαστρὸς

140 1730 185 1758 καὶ
211 1730 361 1762 ἀπόλαυσις
386 1731 500 1768 ἡδονῆς,
522 1732 669 1770 Ἀνθρὼπῳ
691 1730 719 1759 δὲ
743 1733 759 1767 ἠ
791 1731 896 1771 κεφαλή
923 1731 967 1759 ἐπὶ

140 1775 174 1802 τὰ
202 1774 257 1802 ἅνω
287 1775 312 1810 ἐξ
342 1776 425 1811 αὐτῆς
448 1778 499 1811 τῆς
523 1775 649 1807 πλάσεως
677 1775 967 1814 ἀναδεδράμηκεν,’ίνα

140 1820 190 1854 τήν
208 1819 264 1847 έίνω
281 1820 370 1858 βλέπῃ
387 1820 554 1858 συγγένειαν,
570 1821 614 1848 καὶ
631 1820 787 1858 ὑψηλοτέρα
796 1823 850 1848 τῶν
872 1819 966 1848 ἄλλων

143 1863 267 1891 ἁπάντων
292 1867 341 1892 τοῦ
366 1865 493 1901 σώματος
519 1867 608 1903 μερῶν
633 1865 790 1901 καθέστηκε.
806 1866 852 1900 Μή
877 1865 966 1892 τοίνυν

146 1908 287 1944 μιτατιοίει
300 1910 409 1936 σεαυτὸν
424 1909 462 1941 εἷς
476 1910 509 1937 τὰ
524 1910 601 1947 παρὰ.
623 1910 712 1949 φύσιν,
732 1908 801 1946 μηδὲ
826 1910 859 1937 τὰ
886 1911 968 1947 γήϊνα

142 1953 232 1989 κύψας
259 1951 442 1990 περισκόπει·
474 1954 545 1982 ἀλλὰ
583 1955 696 1991 υῦράνια
731 1953 861 1990 διηνεκῶς
902 1965 967 1982 κατ-

141 1996 250 2030 όπτευε,
266 1997 311 2024 καὶ
327 1996 498 2033 ἐνοπτρίζου,
515 1995 578 2030 ἔνθα
605 2009 654 2025 σου
682 1999 726 2026 καὶ
753 1999 785 2026 τὸ
813 1998 968 2035 πολίτευμα

141 2041 389 2079 προηυτρὲπισται.
413 2041 492 2070 Οὕτω
521 2053 562 2069 σοι
590 2043 621 2070 τὸ
651 2045 730 2079 σῶμα
758 2041 967 2077 διαπέπλασθαι,

141 2085 188 2112 καὶ
203 2086 234 2113 τὸ
249 2084 410 2123 διάπλασμα
425 2085 614 2115 διδασκαλεῖόν
631 2086 687 2115 ἐστι
705 2089 753 2114 τοῦ
775 2086 871 2118 τέλους
899 2087 967 2125 πρὸς

141 2130 157 2158 ὂ
173 2131 292 2168 γέγονας.
309 2130 346 2158 Οὗ
362 2131 413 2169 γὰρ
426 2129 472 2159 ⁴ἵνα
497 2131 540 2158 ἐπὶ
563 2132 612 2169 γὴς
635 2131 749 2170 σύρηταί
774 2143 822 2159 σου
850 2133 867 2167 ἡ
899 2132 968 2167 ζωὴ,

142 2175 180 2206 ὡς
207 2177 261 2202 τῶν
287 2176 417 2213 ἑρπετῶν,
445 2177 659 2212 κατεσκεὸάσθης
696 2174 804 2214 ὄρθιος,
834 2175 897 2205 ἀλλ’
922 2175 969 2203 ’ίνα

142 2218 255 2255 οὐρανὸν
288 2219 404 2257 βλέπῃς,
433 2219 478 2246 καὶ
507 2220 552 2247 τὸν
586 2220 612 2247 ἐν
643 2220 716 2256 αὖτῷ
742 2221 817 2248 Θεόν·
835 2219 897 2248 οὐδὲ
922 2219 968 2247 ’ίνα

140 2263 191 2298 τήν
206 2262 332 2299 κτηνώδη
351 2263 521 2302 μεταδιώκῃς
536 2264 769 2300 ἀπόλαυσιν,ἀλλ’
781 2264 828 2292 ἵνα
839 2265 888 2299 τὴν
905 2265 968 2303 οὐρ-

142 2307 229 2342 άνιον,
245 2306 405 2345 ἐνδιδομέλῃ
423 2309 460 2345 (b)
474 2319 516 2336 σοι
533 2308 648 2345 διανοίᾳ,
666 2308 794 2346 ἐπιτελῇς
813 2308 966 2338 πολιτείαν.

143 2352 193 2379 Διὰ
217 2354 310 2386 τοῦτο,
331 2355 385 2380 Τοῦ
411 2355 495 2389 σοφοῦ
525 2353 550 2380 oi.
580 2353 719 2391 ὀφθαλμοὶ
749 2353 775 2382 ἐν
800 2356 835 2391 τῇ
864 2353 970 2392 κεφαλῇ

141 2396 234 2432 αὐτοῦ,
251 2397 265 2424 ὁ
291 2397 374 2434 σοφός
401 2408 482 2436 φησιν
499 2397 725 2434 Ἑκκλησιασιής.
752 2398 832 2430 Τίνος
859 2397 888 2426 δὶ
910 2397 969 2426 ἱένα-

141 2452 196 2477 κεν,
227 2441 258 2468 οὐ
288 2442 350 2479 περί
374 2442 408 2468 τὰ
430 2442 504 2470 κάτω
534 2444 582 2469 τοῦ
611 2443 738 2479 σώματος
767 2443 793 2470 οἱ
817 2442 967 2481 ὀφθαλμοὶ,

142 2485 206 2514 ἀλλ’
223 2485 248 2513 ἐν
264 2488 298 2523 τῇ
314 2485 439 2525 mapali];
463 2488 520 2515 Ἵνα
541 2487 574 2514 τὰ
596 2486 622 2514 ἐν
646 2487 706 2524 ὕψει
726 2490 938 2526 περισκοπῶσιν·
954 2488 968 2515 ὁ

143 2529 172 2557 δὶ
187 2529 226 2562 εἷς
241 2531 274 2558 τὰ
291 2531 384 2567 ὑψηλὰ
400 2532 437 2567 μή
469 2531 590 2569 βλέπων,
605 2531 669 2559 ἀλλ’
694 2531 731 2563 εἷς
753 2535 786 2560 τὰ
806 2533 888 2570 γήϊνα
911 2531 968 2559 ἑπι-

141 2575 263 2609 κύπτων,
279 2577 419 2613 κατήγαγε
434 2575 472 2607 εἰς
488 2576 600 2614 ὶρπιτοῦ
617 2575 693 2615 φύσιν
718 2576 782 2608 τοὺς
799 2576 968 2616 ὀφθαλμοὺς,

142 2619 186 2647 ἐπὶ
202 2623 251 2654 τῆς
267 2624 318 2658 γῆς
334 2621 371 2652 ὡς
385 2620 474 2648 ἐκεῖνα
488 2620 649 2659 συρόμενος.

1058 1465 1102 1492 13.
1118 1464 1191 1492 Nam
1208 1464 1301 1491 bruta:
1315 1463 1432 1499 quidem
1456 1471 1557 1490 omnes
1573 1462 1748 1495 animantes,
1766 1462 1842 1489 dun-

1021 1512 1101 1536 taxat
1116 1508 1258 1544 pecuariaa
1272 1511 1352 1542 sunt,
1367 1511 1396 1535 et
1406 1509 1440 1535 ad
1453 1508 1530 1543 quod
1547 1509 1620 1534 natae
1637 1509 1717 1540 sunt,
1733 1506 1768 1534 ad
1784 1507 1839 1534 hoc

1022 1562 1138 1589 quoque
1152 1553 1281 1589 corporis
1297 1555 1474 1580 structuram
1483 1550 1843 1587 acceperunt;cuiusm0di

1022 1598 1108 1625 etiam
1126 1597 1186 1625 ovis
1203 1605 1235 1625 ac
1245 1605 1344 1633 pecus.
1360 1596 1432 1628 Quia
1451 1596 1529 1624 enim
1545 1596 1574 1623 in
1595 1595 1650 1623 hoc
1666 1595 1782 1623 condita
1798 1597 1843 1622 est

997 1667 1003 1677 ,
1023 1646 1053 1669 ut
1070 1644 1154 1678 pastu
1166 1642 1252 1676 vivat,
1275 1641 1363 1669 etiam
1390 1642 1484 1677 capite
1512 1641 1593 1668 humi
1623 1641 1726 1676 vergit,
1746 1642 1778 1667 ut
1807 1640 1842 1667 ad

1023 1689 1151 1714 ventrem
1169 1695 1201 1714 ac
1214 1694 1336 1714 venerea
1372 1694 1472 1714 versos
1496 1686 1597 1713 oculos
1623 1685 1738 1712 habeat.
1764 1684 1842 1712 Finis

1021 1732 1097 1759 enim
1116 1731 1173 1759 illis
1188 1731 1270 1758 bonae
1286 1731 1479 1763 habitudinis,
1495 1730 1604 1758 ventris
1616 1729 1740 1766 expletio
1751 1732 1796 1757 est
1811 1737 1844 1757 ac

1023 1776 1122 1803 fruitio
1138 1775 1306 1811 voluptatis.
1322 1775 1439 1802 Homini
1454 1784 1521 1803 vero
1536 1777 1623 1810 caput
1639 1783 1672 1802 ex
1688 1774 1754 1810 ipsa
1787 1774 1843 1801 for-

1023 1821 1151 1847 matione
1166 1828 1283 1847 sursum
1301 1820 1473 1853 cxcurrit,ut
1483 1828 1569 1855 quam
1585 1820 1620 1847 ad
1636 1827 1763 1855 superna
1783 1818 1845 1845 affl-

1022 1864 1143 1892 nitatem
1159 1864 1257 1897 habet,
1274 1863 1454 1899 conspiciat;
1470 1863 1673 1900 superiorique
1692 1863 1755 1890 loco
1776 1862 1843 1890 reli-

1023 1909 1088 1945 quis
1099 1908 1236 1936 omnibus
1252 1909 1385 1944 partibus
1399 1908 1528 1943 corporis
1544 1908 1688 1935 consistit.
1707 1907 1769 1935 Noli
1786 1907 1843 1934 ita-

1023 1961 1079 1990 que
1094 1954 1326 1980 tetransmutare
1340 1953 1369 1980 in
1386 1953 1507 1988 id,quod
1518 1955 1561 1980 est
1575 1955 1679 1988 praeter
1694 1953 1842 1987 naturam,

1023 2006 1075 2026 nec
1091 2006 1139 2025 ore
1155 2006 1246 2033 prono
1260 1999 1374 2024 terrena
1389 1997 1613 2032 cirumspicias;
1639 1996 1690 2024 sed
1714 1995 1844 2024 coelestia

1020 2042 1129 2078 iugiter
1147 2045 1294 2075 eontuere,
1311 2050 1343 2069 ac
1358 2041 1437 2069 velut
1453 2042 1479 2069 in
1497 2041 1616 2077 speculo
1630 2041 1744 2077 objecta
1759 2041 1842 2069 habe.

1023 2087 1072 2114 ubi
1088 2089 1115 2114 et
1131 2088 1199 2113 tuus
1215 2086 1267 2113 tibi
1286 2086 1484 2122 municipatus
1500 2086 1568 2114 olim
1587 2088 1707 2122 paratus
1728 2088 1783 2113 est.
1813 2085 1844 2112 ln

1023 2132 1101 2159 hunc
1117 2131 1236 2158 modum
1254 2130 1305 2157 tibi
1326 2139 1441 2167 quoque
1461 2138 1566 2167 corpus
1578 2130 1764 2158 efformatum
1788 2132 1844 2164 est,

1023 2185 1056 2204 ac
1072 2174 1273 2211 quapraeditus
1290 2175 1382 2202 forma
1393 2176 1539 2211 es,§ﬁnem
1560 2178 1588 2203 te
1603 2176 1688 2203 docet
1711 2175 1740 2203 in
1757 2183 1844 2211 quem

1023 2220 1158 2248 conditus
1174 2228 1214 2247 es.
1231 2220 1293 2247 Non
1305 2220 1382 2247 enim
1400 2223 1431 2247 ut
1446 2220 1528 2248 humi
1545 2220 1633 2248 vitam
1649 2219 1764 2254 trahas:
1780 2228 1844 2248 ser-

1023 2267 1143 2301 pentum
1162 2267 1345 2300 more,recta
1369 2267 1482 2292 statura
1508 2265 1643 2293 conditus
1664 2274 1706 2300 es,
1735 2265 1786 2293 sed
1812 2265 1845 2292 ut

1022 2309 1127 2337 coelum
1143 2308 1317 2344 conspicias;
1337 2309 1489 2345 Deumque
1505 2310 1590 2345 cujus
1601 2309 1630 2336 in
1642 2318 1675 2337 eo
1686 2310 1769 2338 sedes
1780 2312 1824 2337 est
1835 2310 1846 2337 ἲ

984 2349 1008 2381 D
1024 2361 1117 2390 neque
1132 2355 1164 2380 ut
1179 2353 1343 2389 pecuariam
1358 2354 1544 2389 persequaris
1554 2353 1797 2390 voluptatem,sed
1814 2355 1846 2381 ut

1023 2399 1181 2432 caelestem,
1196 2398 1310 2426 indulta
1325 2399 1492 2433 tibimente,
1509 2400 1572 2427 vitae
1588 2399 1730 2428 rationem
1751 2400 1842 2427 ineas.

1022 2445 1093 2472 Eam
1109 2444 1145 2471 ob
1161 2451 1232 2470 rem.
1244 2444 1326 2472 Oculi
1339 2444 1471 2480 sapientis
1486 2445 1514 2472 in
1525 2446 1618 2478 capite
1632 2445 1701 2481 ejus,
1731 2444 1771 2472 ait
1797 2452 1844 2472 sa-

1024 2489 1107 2525 piens
1123 2486 1312 2515 Ecclesiastes
1324 2488 1356 2515 3‘.
1373 2489 1517 2521 Quorsum
1537 2497 1603 2517 vero
1632 2497 1688 2516 non
1715 2489 1743 2516 in
1771 2489 1845 2516 infe-

1025 2533 1098 2560 riore
1114 2531 1175 2559 ulla
1189 2533 1318 2567 corporis
1335 2536 1425 2568 parte,
1443 2534 1492 2562 sed
1509 2534 1537 2561 in
1554 2533 1648 2570 capite
1660 2536 1729 2561 sunt
1744 2532 1819 2561 oculi
1831 2533 1845 2560 Τ

1024 2577 1168 2605 Nimirum
1184 2581 1216 2606 ut
1230 2586 1264 2605 ea
1274 2577 1399 2606 lustrent
1409 2578 1508 2614 quain
1520 2578 1638 2606 sublimi
1654 2578 1748 2614 posits
1759 2579 1840 2605 sunt.

1026 2623 1078 2655 Qui
1096 2626 1193 2652 autem
1210 2633 1266 2652 non
1283 2624 1318 2651 ad
1335 2623 1448 2651 excelsa
1464 2623 1592 2659 respicit,
1608 2623 1658 2650 sed
1675 2623 1709 2649 ad
1730 2624 1847 2649 terrena

141 2665 319 2701 procumbit,
345 2666 381 2694 ad
411 2666 488 2694 340
509 2669 677 2702 serpentum
709 2666 838 2695 indolem
867 2666 968 2695 oculos
992 2667 1103 2703 dejicit,
1135 2667 1185 2704 qui
1209 2677 1310 2697 eorum
1333 2668 1427 2696 instar
1456 2673 1586 2696 ventrem
1615 2666 1713 2694 trahat
1749 2665 1844 2694 humi.

178 2741 201 2764 θ’
223 2741 316 2770 Eccls.
332 2749 364 2776 ιι,
380 2741 425 2770 14.

178 2816 216 2852 (a)
232 2817 420 2847 Desiderato:
436 2814 477 2853 ιῗη
493 2816 538 2847 vel
548 2816 665 2856 περιείη.
682 2818 760 2847 Enn.

1057 2820 1096 2858 (ὸ)
1110 2817 1290 2858 Ενδιδομινῃ.
1305 2819 1381 2850 Editi
1397 2817 1573 2857 δνδιχομινῃ.
1589 2821 1669 2849 Enn.
