2018 3146
180 151 220 180 59
653 151 851 181 APPENDlX
873 152 1034 183 OPERUM
1058 152 1091 182 S.
1114 151 1255 182 BASILII
1279 150 1416 181 MAGNI.
1845 151 1884 182 60

217 217 258 244 14.
275 217 475 252 Caputitaque
503 217 555 244 toti
571 217 684 252 corpori
698 217 846 252 eminens,
872 217 1005 246 humeris

1099 218 1142 246 14.
1157 217 1190 245 Ἡ
1207 216 1255 254 μὶν
1285 216 1332 244 οὖν
1347 215 1452 256 κιφαλή
1474 218 1522 244 τοῦ
1549 215 1617 244 δλου
1646 215 1771 252 σώματος
1802 216 1884 252 ὑπερ-

180 260 344 295 incumbit;
360 270 417 289 non
435 261 492 289 illis
509 262 693 295 immersum,
711 270 747 290 ne
762 263 923 297 obtegatur,
953 263 1003 290 sed

180 305 363 333 convenienti
376 305 545 333 fulcimento
561 314 594 333 ac
608 306 688 334 velut
700 307 769 334 sede
786 307 913 342 quadam
935 315 1004 343 gra-

180 351 278 385 duque
292 349 322 376 in
338 352 470 378 exstante
491 350 600 378 cervice
619 350 758 378 locatum.
780 351 812 378 In
837 351 887 379 illo
915 352 1005 379 inﬁxa

180 393 332 421 oculorum
347 394 465 430 gemina
476 394 806 431 luminaradiique.Non
822 396 899 424 enirn
912 405 1004 424 unum

180 438 253 465 satis
268 441 346 472 erat;
365 442 395 466 ut
406 438 430 466 si
446 439 519 466 forte
535 448 603 467 casu
621 439 745 467 alterum
762 440 1004 476 concideret,ejus

180 483 258 518 quod
275 483 406 510 immuue
422 493 437 511 ιι
453 484 518 511 labe
532 487 620 518 esset,
638 484 775 512 solatium
801 494 859 513 non
879 485 1003 513 deesset.

181 528 323 555 Praeterea
334 536 400 556 vero
416 529 515 562 etiam,
534 529 569 556 ab
585 538 643 556 uno
658 530 762 557 borum
778 531 924 566 profectus
953 531 1004 557 ob-

181 574 272 605 tutus,
289 581 409 607 prorsus
425 573 668 608 imbecilliorest;
685 583 718 602 ex
734 575 916 610 duplicivero
927 575 1004 602 fonte

183 617 333 644 conﬂueus
349 618 440 650 rivus,
452 617 595 646 valentior
610 619 677 647 exit.
694 619 856 647 Procedens
879 628 1005 655 namque

183 661 321 697 utrinque
335 670 367 688 ex
377 662 466 689 altera
482 662 632 698 alteraque
648 672 717 691 nare
728 663 866 691 obtuendi
885 664 1002 697 vis,tum

182 705 222 733 ibi
238 707 428 742 conquiescit,
445 710 566 743 tumque
583 717 640 735 una
656 708 692 735 ad
709 709 855 736 anteriora
881 709 1005 736 tendens

182 750 278 786 iisque
294 750 479 784 incumbens,
496 761 573 779 unus
590 752 672 780 alteri
701 753 856 789 copulatur
879 753 1005 781 visorius

182 795 294 828 radius,
311 795 389 823 velut
405 804 438 823 ex
452 796 512 823 rivo
541 796 663 832 duplici,
687 805 721 824 ex
750 800 872 832 utraque
899 798 1005 826 visoria

183 839 332 873 facultate,
349 841 434 875 quasi
456 849 490 868 ex
509 841 619 876 duplici
633 842 794 877 prodeunte
818 843 908 877 fonte,
930 845 1006 869 tum-

184 893 241 920 que
256 884 333 912 brevi
345 893 437 920 aquas
453 886 672 918 commiscente,
686 895 763 914 unus
778 887 924 922 quispiam
936 887 1005 915 vali-

183 928 248 956 dior
261 929 390 956 el‘ﬁcitur
404 930 530 963 ﬂuvius;
549 931 633 966 cujus
646 931 758 959 scilicet
786 933 880 967 major
907 931 950 959 vis
972 940 1005 960 ac

183 973 330 1001 efﬁcacior
344 973 392 1001 sit.
409 974 539 1010 Rsmque
556 978 633 1002 certo
650 975 774 1011 probant
789 976 841 1003 viri
861 985 957 1004 senes.
984 976 1006 1003 Ii

184 1026 322 1053 namque,
338 1026 402 1054 qua
417 1021 487 1046 sunt
499 1019 582 1047 valde
597 1020 930 1057 prope,baudquaquam
945 1030 1006 1049 cer-

185 1065 354 1098 nunt;quaa
369 1071 435 1091 vero
452 1063 537 1099 paulo
554 1065 590 1092 ab
616 1065 708 1093 oculis
738 1066 894 1093 remotiora
926 1068 1006 1101 sunt,

184 1106 293 1134 clarius
309 1110 497 1135 contueutur.
511 1109 621 1136 Idcirco
638 1109 778 1137 nimirum
806 1111 883 1146 quod
902 1112 1007 1139 visorio

185 1151 266 1178 radio
277 1151 410 1179 disseclis
426 1153 559 1188 partibus
575 1162 591 1181 a
607 1154 749 1190 principio
771 1163 937 1190 progresso,
953 1156 1008 1183 im-

185 1195 314 1223 becillior
329 1196 366 1224 ab
381 1199 504 1233 utroque
520 1198 642 1225 obtutus
657 1198 695 1226 sit
707 1207 714 1227 :
728 1199 775 1226 ubi
801 1202 898 1227 autem
924 1201 1010 1228 ambo

185 1240 380 1268 conﬂuxerint
391 1249 423 1268 ac
438 1241 698 1275 coaluerint,velut
713 1243 868 1278 multiplici
884 1245 1011 1280 quadam

186 1284 364 1312 exundantis.
382 1288 467 1321 atque
479 1286 573 1322 copia,
585 1286 728 1315 valentior
742 1288 946 1324 eflicaciorque
975 1290 1011 1317 ad

187 1329 398 1365 perspicienda,
416 1338 479 1366 quas
495 1330 525 1357 in
542 1334 694 1367 aspectum
706 1333 824 1366 cadunt,
849 1334 1010 1370 consurgit.

186 1372 249 1400 Non
273 1381 365 1409 pauca
387 1382 453 1401 vero
477 1377 557 1408 sunt,
581 1375 687 1409 quibus
714 1377 789 1404 oculi
818 1378 1011 1406 incolumitati

190 1418 376 1453 prospicitur.
394 1419 646 1454 Tunicainterior,
665 1429 727 1452 quas
743 1430 796 1450 nec
807 1422 870 1458 ipsa
891 1423 1010 1450 sufficit.

189 1461 251 1489 Non
267 1462 343 1490 enim
362 1471 408 1490 res
425 1464 535 1491 ferebat
547 1467 579 1491 ut
594 1466 722 1493 crassior
738 1469 918 1502 strueretur;
940 1468 1012 1496 alio-

188 1506 236 1542 qui
252 1506 327 1534 visui
344 1507 610 1543 incommodascet;
629 1518 746 1538 necesse
761 1514 860 1539 autem
880 1515 951 1547 erat,
982 1515 1013 1540 ut

190 1551 381 1586 perspicuum
397 1552 516 1588 leveque
530 1557 618 1589 esset,
635 1556 712 1590 quod
730 1556 893 1592 obtegebat.
913 1557 1012 1585 Altera

189 1595 288 1631 itaque
313 1586 476 1631 pellucida;
499 1597 590 1626 altera
611 1586 735 1627 tenuior
762 1586 931 1637 rai-iorque;
961 1601 1011 1629 illa
1026 1586 1048 1619 ϐ

187 1639 306 1676 quidem
319 1641 572 1677 crystallina,baac
592 1651 709 1671 cornea.
736 1643 897 1680 Obtegendi
922 1654 1011 1673 causa

188 1684 306 1712 obtenta
322 1685 422 1713 tunica
434 1694 467 1713 ac
483 1686 617 1720 exterior,
632 1687 743 1716 ﬁrmior
764 1692 809 1717 est
840 1691 928 1725 atque
956 1691 1011 1718 du-

189 1729 265 1762 rior;
292 1729 423 1762 interior,
454 1730 547 1758 rarior
566 1733 595 1758 et
618 1732 745 1766 tenuior,
772 1742 809 1761 ne
842 1734 1012 1763 immeantia

190 1773 345 1809 prohibeat
357 1782 363 1801 :
374 1774 461 1802 tertia
476 1783 580 1803 rursus
596 1776 766 1812 crystallum
779 1778 918 1812 referens,
935 1782 967 1807 ut
982 1780 1010 1807 in

1058 262 1202 300 ανέχουσα,
1218 264 1276 292 τοῖς
1291 260 1379 298 ὤμοις
1405 260 1548 288 ἐπίκειται·
1566 261 1617 288 οὐκ
1644 259 1798 288 ἐνδεδυκυῖα
1825 259 1884 287 τού-

1057 317 1128 343 τοις,
1141 305 1186 334 ’ίνα
1203 307 1241 343 μή
1258 305 1421 344 κρύπτηταί,
1438 305 1501 334 ἀλλ’
1516 305 1655 344 ἐρείσματι
1677 304 1824 343 ἀξιολόγῳ,
1839 305 1882 332 καὶ

1059 352 1116 378 οἷον
1134 348 1274 389 ὑποϐάθρᾳ
1297 350 1351 378 τινὶ
1377 353 1418 386 τῷ
1443 353 1491 378 τοῦ
1514 350 1628 388 αὐχένος
1652 350 1820 385 ἀνεστηκότι,
1837 349 1882 376 ἑπ-

1060 395 1263 432 αναπαυομένη.
1280 396 1322 423 Ἐν
1347 395 1432 432 ταύτῃ
1457 394 1486 423 δὲ
1508 397 1562 423 τῶν
1584 393 1733 434 ὀφθαλμῶν
1759 393 1882 430 ἐμπεπη-

1059 451 1122 478 γασι
1138 439 1247 477 δίδυμοι
1267 439 1359 478 βολαί.
1375 440 1433 469 Οὐκ
1459 439 1538 477 ἤρκει
1561 439 1611 477 γὰρ
1639 439 1653 466 ὁ
1673 440 1721 473 εἷς,
1738 437 1811 466 ἀλλὰ
1834 437 1882 465 δύο

1059 484 1212 522 ἐγενέσθην,
1238 484 1374 520 ἀλλήλοις
1407 485 1512 521 βοηθώ·
1531 483 1578 511 1ἶνοι
1606 484 1623 518 ἡ
1652 485 1701 511 τοῦ
1729 483 1789 513 ἑνὸς
1815 482 1882 510 κατά

1058 529 1147 567 τύχην
1175 528 1310 563 διάλυσις,
1325 530 1373 564 τήν
1398 531 1447 556 τοῦ
1468 526 1606 559 ἀϐλαϐοῦς
1635 528 1727 564 ἑτέρου
1754 537 1881 565 παραμυ-

1059 574 1116 601 θίαν
1133 572 1196 612 ἔχῃ.
1213 574 1262 601 Καὶ
1278 573 1371 605 ἄλλως
1388 572 1417 601 δὲ
1432 573 1484 600 ἀπὸ
1500 574 1558 604 ἑνὸς
1581 572 1684 600 τούτων
1708 572 1880 610 προερχόμε-

1059 629 1104 646 νον
1130 619 1161 646 τὸ
1190 619 1327 656 ὁρατικὸν,
1348 618 1533 656 ἀσθενέστερον
1562 617 1689 648 πάντως·
1723 617 1752 644 ὲκ
1775 615 1804 643 δὶ
1833 614 1881 643 δύο

1059 665 1156 701 πηγῶν
1173 661 1400 700 συμϐαλλόμενος
1417 663 1430 690 ὁ
1457 662 1538 693 ὁλκὸς
1569 662 1747 699 εὐτονώτερος
1769 660 1880 699 γίνεται.

1059 710 1196 746 Προϊοῦσα
1220 708 1270 746 γὰρ
1298 708 1459 746 ἑκατέρωθεν
1487 710 1538 742 τῆς
1564 707 1637 745 ῥινὸς
1662 708 1680 741 ἡ
1709 704 1781 743 ὄψις,
1811 705 1881 741 ὁμοῦ

1061 753 1109 789 μὶν
1133 752 1381 790 προσαναπαύεταις
1411 753 1481 788 ὁμοῦ
1511 751 1539 779 δὶ
1561 751 1755 790 προκύπτουσα
1780 749 1824 777 ἐπὶ
1849 749 1880 776 τὸ

1059 795 1222 834 ἔμπροσθεν,
1239 798 1342 824 ἑνοῦται
1357 798 1374 831 ἡ
1392 797 1440 834 μία
1465 799 1499 834 τῇ
1529 796 1616 834 ἑτέρᾳ,
1633 797 1690 823 οἷον
1718 795 1747 822 ἐκ
1775 793 1823 822 ’δύο
1837 805 1880 821 τι-

1059 844 1112 869 νῶν
1129 842 1233 880 ὀχετῶν
1247 842 1291 881 ἀφ’
1308 843 1433 879 ἑκατέρας
1447 839 1536 878 ὅψεως
1564 841 1653 878 ὥσπερ
1678 841 1769 878 πηγῆς
1797 838 1880 874 ἐξιόν-

1058 897 1123 920 των,
1140 886 1184 914 καὶ
1202 887 1270 923 μετὰ
1291 885 1380 924 βραχὺ
1398 884 1581 924 μιγνυμένων,
1597 887 1637 916 εἷς
1662 883 1882 920 ἀποτελούμενος

1060 931 1195 967 ποταμὸς,
1212 931 1293 958 ὁπότε.
1322 929 1355 965 δὴ
1384 930 1428 958 καὶ
1458 930 1634 968 ἰσχυρότερος
1658 929 1769 967 γίνεται,
1792 926 1879 955 εἷεεουν

1061 976 1255 1014 ἓνεργέστερος,
1276 975 1325 1003 Καὶ
1347 975 1444 1002 τούτοτ
1471 974 1618 1011 ἀπόδειξις,
1635 974 1660 1002 ei.
1684 974 1806 1012 γέροντες
1829 975 1883 1000 τῶν

1062 1020 1222 1059 ἀνθρώπων
1240 1021 1265 1047 οἳ
1281 1020 1315 1047 τὰ
1342 1021 1389 1056 μὲν
1414 1019 1494 1058 ἐγγὺς
1519 1021 1598 1054 πάνυ,
1614 1019 1713 1054 ἥκιστα
1740 1018 1882 1056 βλέπουσι,

1061 1065 1095 1092 τὰ
1125 1063 1153 1092 δὲ
1184 1064 1358 1102 πορρώτερον
1386 1063 1599 1100 ἀποδιϊστάμινα
1639 1065 1692 1090 τῶν
1735 1061 1884 1100 ὀφθαλμῶν

1063 1109 1253 1146 ἐναργέστερον
1282 1109 1433 1146 καθορῶσιν
1451 1118 1458 1124 ·
1488 1106 1582 1142 ἐπειδὴ
1625 1105 1797 1144 διηρημένως
1836 1105 1884 1142 μὲν

1062 1156 1111 1181 τοῦ
1140 1154 1267 1191 ὁρατικοῦ
1294 1153 1438 1190 προϊόντος
1453 1152 1479 1188 ἐξ
1493 1152 1591 1190 ἐργῆς,
1607 1151 1719 1186 ἀσθενὴς
1748 1152 1765 1186 ἡ
1795 1149 1885 1177 ἑκατέ-

1066 1209 1113 1236 ρου
1143 1197 1225 1235 ὄψιν
1257 1198 1324 1234 μετά
1351 1197 1379 1225 δὲ
1407 1200 1457 1232 τήν
1480 1194 1624 1233 συμϐολὴν
1652 1196 1812 1235 ἀμφοτέρων
1843 1194 1887 1222 καὶ

1063 1241 1172 1279 ἕνωσιν,
1188 1244 1245 1270 οἷον
1262 1242 1306 1270 ἐπὶ
1330 1241 1501 1279 πλημμύρας
1527 1241 1600 1273 τινὸς
1628 1239 1888 1276 πολυπλασιαζομὲ-

1064 1299 1110 1323 νη,
1127 1287 1294 1324 εὐτονωτὲρα
1317 1286 1418 1324 γίνεται
1446 1287 1490 1314 καὶ
1520 1285 1719 1323 δραστικωτὶρα
1747 1285 1808 1322 περὶ
1837 1284 1886 1318 τήν

1064 1335 1118 1359 τῶν
1136 1333 1239 1370 ὁρατῶν
1253 1330 1399 1368 ἀνάληψιν.
1417 1331 1542 1359 Φυλακαὶ
1558 1329 1587 1358 δὲ
1602 1331 1663 1368 περὶ
1682 1330 1728 1358 τὸν
1746 1328 1888 1368 ὀφθαλμὸν

1067 1377 1118 1404 οὐκ
1145 1376 1250 1414 ὀλίγαι.
1275 1376 1361 1404 χιτὼν
1387 1375 1523 1412 ἐντεῦοιν,
1545 1376 1590 1403 καὶ
1619 1375 1669 1402 οὐκ
1695 1376 1773 1412 ἀρκεῖ
1799 1372 1888 1403 οὗτος·

1067 1421 1097 1448 οὐ
1126 1421 1176 1459 γὰρ
1209 1419 1346 1458 ἐνεδέχετο
1374 1420 1464 1458 παχὺς
1492 1420 1761 1454 κατασκευασθῆναι·
1789 1418 1806 1452 ἦ
1838 1417 1890 1454 γάρ

1067 1464 1226 1502 ἐμπόδισμα
1240 1466 1411 1500 καθειστήκει
1430 1468 1480 1499 τῆς
1510 1463 1608 1501 ὅψεως·
1623 1462 1678 1491 ἔδει
1707 1462 1736 1490 Si:
1764 1461 1891 1501 διαφανὲς

1068 1511 1193 1538 εἶναικαὶ
1218 1509 1334 1548 ἐλαφρὸν
1361 1510 1392 1537 τὸ
1421 1509 1620 1547 προκάλυμμα.
1638 1508 1742 1537 Οὐκοῦν
1773 1508 1813 1538 ιῖς
1843 1506 1889 1542 μὶν

1069 1554 1194 1592 διαυγὴς,
1212 1555 1249 1586 εἷς
1266 1553 1294 1582 δὲ
1322 1553 1426 1591 ἀραιάς·
1444 1555 1458 1582 ὁ
1489 1554 1535 1590 μὶν
1560 1550 1803 1591 κρυπαλλοειδῆς,
1820 1551 1834 1578 ὁ
1865 1549 1894 1577 at

1066 1598 1241 1636 κερατοειδής
1259 1609 1265 1615 ·
1293 1599 1306 1626 ὁ
1335 1597 1616 1637 προκεκαλυμμένος,
1646 1597 1824 1632 στιρεώτερος
1841 1605 1848 1611 ·
1881 1595 1894 1622 ὁ

1067 1643 1185 1680 ἔνδοθεν,
1200 1643 1368 1681 ἀραιότερος,
1383 1642 1429 1670 ἵνα
1460 1643 1497 1679 μὴ
1528 1641 1623 1678 κωλύῃ
1650 1641 1699 1674 τὴν
1729 1638 1894 1677 πάροδον-δ

1065 1688 1157 1727 τρίτος
1173 1688 1256 1716 πάλιν
1269 1685 1564 1726 κρυσταλλοειδής,⁹ἰνα
1579 1686 1604 1714 ἐν
1621 1685 1694 1722 αὖτῷ
1708 1686 1758 1720 τὴν
1775 1683 1892 1722 ἔμφασιν

1066 1733 1111 1760 καὶ
1126 1734 1176 1768 τὴν
1192 1731 1328 1772 διαύγειαν
1344 1732 1454 1769 ἑκάτερα
1468 1728 1533 1769 ἔχῃ.

189 1826 224 1846 ea
239 1819 331 1846 amba:
346 1819 466 1854 reliquas
480 1822 706 1855 reprzesentandi
722 1822 780 1850 vim
797 1832 830 1851 ae
841 1825 1076 1860 perspicuitatem
1091 1825 1251 1852 obtineant.

227 1863 271 1890 15.
298 1863 444 1899 Palpebra:
471 1865 637 1900 projectura
666 1869 746 1901 sunt,
773 1868 849 1895 oculi
875 1869 1016 1897 uimirum

191 1907 405 1943 operimentum
414 1916 446 1935 ac
456 1909 813 1948 umbraculum,velutque
822 1913 1015 1941 domicilium.

194 1952 308 1979 Poterat
321 1952 439 1988 quidem
456 1956 483 1980 et
498 1956 618 1987 fmanus
646 1956 799 1992 obtegere;
825 1958 876 1985 sed
899 1958 1016 1985 interim

194 1996 266 2024 dum
290 2005 323 2024 ea
347 1997 560 2034 admoveretur,
590 1999 667 2027 haud
695 2009 761 2028 raro
787 2001 869 2037 prius
898 2003 1016 2030 oculum

195 2041 297 2068 oblacdi
313 2042 504 2078 contingeret.
516 2043 600 2071 Nunc
614 2052 680 2071 vero
696 2053 786 2081 prope
805 2047 918 2082 adjacet
939 2048 1017 2083 quod

193 2087 317 2113 tueatur.
333 2088 397 2114 Mox
413 2087 491 2114 enim
514 2095 547 2115 ac
575 2092 783 2118 nocumentum
813 2092 1017 2126 praesentiunt,

195 2130 410 2166 operimentum
421 2131 594 2159 obtendunt.
612 2133 643 2160 Id
660 2142 787 2170 namque
803 2135 831 2162 in
849 2144 938 2163 causa
962 2140 1016 2170 est,

196 2177 229 2202 ut
243 2174 414 2210 plerumque
430 2175 540 2211 pupula
555 2177 641 2211 oculi,
658 2178 774 2214 iis,quaa
790 2180 917 2207 exterius
928 2188 1018 2208 nocu-

198 2221 330 2246 mentum
346 2219 478 2253 afferant,
495 2220 671 2250 inviolabilis
687 2223 735 2256 sit,
753 2226 784 2251 ut
798 2232 862 2259 quae
881 2225 936 2252 sub
956 2225 1021 2261 pal-

197 2263 355 2299 pebrarum
368 2266 536 2300 tegumento
552 2265 694 2295 desideat.
708 2267 827 2304 Unaque
844 2269 902 2296 fere
912 2278 946 2297 ex
960 2278 1021 2296 om-

199 2307 286 2335 nibus
302 2308 431 2344 oorporis
447 2310 588 2338 membris
602 2310 644 2339 ita
654 2314 794 2347 servatur,
807 2314 840 2340 ut
854 2316 1022 2341 contactum

198 2360 315 2380 omnem
325 2356 455 2389 respuat.
469 2353 647 2385 :Prominent
665 2356 813 2392 palpebris
836 2360 865 2385 et
893 2357 1020 2394 pilorum

197 2396 343 2432 cuspides.
360 2397 434 2431 Quid
451 2398 516 2426 ita?
530 2401 562 2427 ut
575 2400 716 2428 nimirum
731 2401 896 2430 accuratior
917 2402 1021 2430 barum

197 2441 383 2478 oomplicatio
395 2443 444 2477 sit,
461 2444 532 2472 dum
547 2445 681 2480 superior
708 2446 856 2482 palpebra,
886 2447 1017 2475 inferiori

197 2493 250 2522 per
264 2487 410 2521 ejusmodi
426 2487 500 2523 pilos
516 2491 667 2524 coaptatur
682 2498 715 2517 ac
730 2490 933 2519 committitur.
947 2492 1021 2519 Sunt

199 2530 277 2558 enim
294 2530 345 2566 pili
361 2531 439 2559 velut
455 2532 580 2567 vincula,
596 2533 673 2561 inter
687 2542 717 2562 se
732 2535 857 2562 conserti
885 2544 918 2562 ac
942 2544 1020 2564 com-

197 2575 307 2611 plicati.
323 2577 440 2604 Accedit
456 2578 534 2613 quod
556 2581 584 2605 et
613 2578 778 2606 minuscula
807 2580 945 2607 animalia
973 2590 1021 2608 ar-

199 2623 294 2656 ceant,
311 2628 363 2648 nec
375 2621 528 2657 lanugines
541 2621 657 2657 pupilla
687 2623 884 2659 propinquare
912 2625 1023 2661 sinant,

199 2673 262 2700 qua:
279 2665 361 2694 facile
376 2665 489 2701 injuria:
501 2665 626 2694 obnoxia
640 2667 689 2701 sit,
706 2675 740 2695 ac
751 2667 798 2696 cui
827 2669 950 2704 quodvis
973 2670 1022 2698 ob-

200 2708 280 2738 vium
288 2709 385 2739 labem
401 2710 504 2739 aﬂ‘erro
517 2712 617 2747 queat.

235 2818 275 2855 (a)
289 2820 418 2848 Σκοπιῖν.
439 2819 515 2856 Lege
526 2818 644 2849 extmw.
657 2819 736 2850 Eorr.

1108 1871 1149 1896 15.
1167 1865 1296 1905 Προϐολή
1311 1866 1342 1893 τὸ
1361 1865 1508 1905 βλέφαρονο
1524 1867 1605 1893 τοῦτο
1620 1865 1672 1903 γὰρ
1702 1861 1893 1902 προκάλυμμα

1069 1915 1117 1941 τοῦ
1146 1911 1290 1948 ὀφθαλμοῦ
1318 1911 1362 1939 καὶ
1392 1911 1543 1947 σκέπασμα,
1571 1909 1614 1937 καὶ
1645 1909 1701 1936 οἷον
1732 1907 1891 1944 οῗκητήριόν

1070 1956 1152 1985 ἐστιν.
1168 1955 1301 1984 Ἦδύνατο
1332 1956 1379 1992 μὶν
1409 1955 1460 1993 γὰρ
1486 1957 1595 1982 σκοπεῖν
1625 1954 1664 1991 (α)
1679 1953 1724 1981 καὶ
1740 1952 1812 1990 χείρ·
1830 1951 1894 1979 ἀλλ’

1069 2000 1122 2032 ’ἕως
1138 2001 1224 2036 ἐκείνη
1251 2002 1398 2038 ἆνήρχετο,
1415 1999 1511 2039 ἔφθανε
1534 1998 1669 2029 πολλάκις
1697 1997 1894 2034 ἀμαυρωοῆναι

1072 2047 1085 2074 ὁ
1107 2045 1258 2084 ὀφθαλμός.
1275 2047 1330 2074 Νῦν
1358 2044 1386 2072 δὲ
1410 2044 1508 2076 ἐκεῖθεν
1533 2043 1692 2080 παράκειται
1719 2040 1893 2084 προφυλακή-

1073 2091 1142 2128 ὁμοῦ
1156 2102 1185 2118 τε
1201 2092 1253 2128 γὰρ
1269 2088 1365 2127 ᾔσθετο
1389 2092 1439 2123 τῆς
1465 2085 1581 2126 βλάϐης,
1596 2087 1640 2114 καὶ
1669 2083 1837 2124 προεϐάλετο
1868 2084 1896 2112 τὸ

1072 2135 1269 2173 προκάλυμμα.
1288 2134 1336 2161 Διά
1352 2134 1403 2170 γὰρ
1427 2134 1509 2159 τοῦτο
1537 2131 1581 2159 καὶ
1597 2133 1613 2166 ἡ
1629 2131 1698 2168 κόρη
1724 2132 1771 2158 τοῦ
1796 2128 1896 2168 ὀφθαλ-

1076 2181 1128 2215 μοῦ
1145 2176 1404 2214 ἀνεπιχείρητοςὼς
1418 2176 1450 2203 τά
1471 2175 1564 2204 πολλά
1586 2178 1645 2207 ταῖς
1667 2173 1762 2210 ἔξωθεν
1785 2174 1898 2210 ἐπερχο-

1077 2223 1170 2260 μέναις
1187 2219 1312 2260 βλάϐαις,
1330 2223 1374 2248 ἅτε
1401 2221 1452 2248 ὑπὸ
1477 2221 1702 2256 παραπετάσμασι
1730 2219 1897 2254 καθεζομένη

1074 2270 1114 2304 τῷ
1132 2267 1271 2305 βλεφάρῳ,
1286 2266 1330 2294 καὶ
1349 2265 1416 2302 μόνη
1438 2263 1535 2303 σχεδὸν
1559 2267 1613 2293 τῶν
1637 2264 1662 2292 ἐν
1692 2265 1759 2301 ἡμῖν
1789 2262 1897 2290 πάντων

1079 2314 1170 2348 μελῶν
1187 2310 1385 2349 διατηρουμὲνη
1403 2309 1548 2349 άνὲπαφος.
1564 2306 1770 2347 Ηροόἑϐληνται
1798 2306 1827 2335 δὲ
1841 2309 1898 2338 τοῖς

1079 2356 1226 2396 βλεφάροις
1253 2355 1298 2383 καὶ
1328 2354 1417 2387 ἀκίδές
1446 2357 1562 2394 τριχῶν.
1579 2353 1628 2382 Διὰ
1654 2351 1760 2388 dflch
1788 2349 1897 2390 ἀκριϐε-

1077 2401 1158 2438 στέρα
1181 2401 1290 2438 γένηται
1314 2400 1332 2435 ἠ
1357 2399 1460 2428 τούτων
1489 2398 1656 2436 περιπλοκὴ,
1672 2399 1720 2426 τοῦ
1747 2396 1803 2424 ἄνω
1831 2396 1899 2434 πρὸς

1076 2446 1107 2474 τὸ
1122 2444 1196 2473 κάτω
1210 2443 1254 2473 διὰ
1267 2447 1321 2473 τῶν
1339 2444 1471 2472 τοιούτων
1496 2442 1759 2482 προσαρμοζομὲνου
1781 2443 1896 2480 τριχῶν.

1077 2492 1143 2520 Οἴον
1159 2490 1210 2528 γὰρ
1227 2489 1373 2527 σύνδεσμοι
1397 2490 1554 2517 καθεστᾶσιν
1583 2488 1611 2516 αἱ
1639 2487 1733 2526 τρίχες
1760 2485 1897 2521 ἀλλήλαις

1077 2533 1325 2573 περιπλεκόμεναι·
1343 2534 1410 2567 εἶτα,
1426 2533 1470 2561 καὶ
1485 2533 1518 2561 τὰ
1542 2532 1628 2562 λεπτὰ
1650 2534 1705 2560 τῶν
1730 2531 1807 2566 ζώων
1831 2529 1897 2568 πόῤ-

1077 2579 1162 2617 ῥωοεν
1178 2579 1346 2617 ἀπείργουσι,
1362 2577 1407 2606 καί
1421 2579 1454 2605 τὰ
1469 2576 1580 2616 χνοώδη
1597 2577 1648 2604 οὐκ
1662 2576 1726 2604 ἐῶσι
1750 2574 1898 2610 πλησιάσαι

1075 2626 1110 2662 τῇ
1126 2625 1206 2662 κόρῃ,
1236 2623 1352 2661 ἐμπαθεῖ
1376 2621 1451 2660 οὔσῃ,
1467 2622 1513 2650 καὶ
1536 2624 1576 2658 τῷ
1601 2620 1786 2659 παρατυχόντι
1810 2619 1896 2657 ἀμαυ-

1077 2669 1187 2707 ροῦσθαι
1203 2667 1347 2706 δυνομᾶνῃ.
