2018 3146
144 193 178 221 61
728 193 778 223 DE
800 194 1010 229 PARADISO,
1033 194 1178 224 ORATIO
1200 193 1253 224 IIl.
1813 194 1852 223 62

181 258 224 286 16.
255 257 351 295 Ἐτέρα
380 257 409 285 δὲ
444 257 525 285 πάλιν
565 257 620 285 ἐστί
657 269 698 289 τις
733 258 840 297 φυλακὴ
871 257 1012 293 ἅνωθενΑ

146 301 304 339 ἐπικειμένη
343 302 461 340 ἑκατέρῳ
496 304 549 329 τῶν
580 303 731 341 ὀφθαλμῶν
760 302 804 330 διὰ
832 305 884 331 τῶν
913 314 971 341 τρι-

146 348 207 384 χῶν
226 368 233 381 ,
272 347 341 383 ὁμοῦ
379 347 426 383 μὲν
455 349 491 384 τῇ
519 349 673 386 περιγραφῇ
703 347 862 384 εὐπρέπειαν
893 357 972 386 χαρι-

148 391 262 428 ζομένη,
292 391 360 427 ὁμοῦ
391 390 420 418 δὲ
448 392 493 419 καὶ
520 392 571 426 τήν
602 391 746 431 ἀσφαλειαν
776 393 970 430 παροιχομένη-

147 436 209 470 ἥτις
239 435 308 463 ἐστιν
336 437 353 470 ἡ
385 435 471 474 δορὸς
489 457 496 471 ,
526 436 625 464 ἄνωθεν
660 434 875 475 προϐεϐλημένη
894 459 901 471 ,
928 435 972 464 ’ίνα

148 479 297 517 κατευθῦνῃ
326 480 357 507 τὸ
387 480 524 518 ὁρατικόν.
555 481 602 508 Καὶ
619 481 716 508 τούτου
745 481 892 517 ἀπόδειξις,
909 480 970 508 ὅταν

151 523 291 562 βουληθῇς
306 524 446 563 πόρῥωθέν
470 536 497 552 τι
525 528 749 562 κατασκοπεῦσαι,
773 526 817 553 καὶ
844 525 973 558 κοιλάνας

148 570 196 603 τήν
214 571 304 607 χεῖρα,
321 569 480 607 ὑπερτείνῃς
502 572 555 597 τῶν
580 570 700 608 ὀφρύων,
726 570 772 601 Εἰς
787 571 813 598 τί
825 571 875 608 γὰρ
892 570 972 597 τοῦτο

148 617 235 644 ποιεῖς
249 623 256 648 ;
271 613 317 641 ’ἕνα
332 614 364 641 τὸ
389 613 432 641 ἐπὶ
456 614 488 642 τὸ
512 613 566 642 ἅνω
592 613 804 654 διαφορούμενον
819 617 868 647 τῆς
883 613 972 652 ὅψεως

151 659 188 695 μή
214 658 273 693 εἶκῆ
290 657 473 695 σκεδάννυται,
488 661 528 695 τῷ
542 658 638 686 πλάτει
653 661 702 687 τοῦ
718 659 795 696 ἀέρος
811 656 973 697 ἐγκαταχεὸ-

151 712 240 739 μενον·
267 701 331 730 ἀλλ’
357 702 387 730 ἔκ
400 714 430 730 τε
447 707 498 739 τῆς
523 702 623 736 ἄνωθεν
640 704 741 742 ἀνοχῆς
757 708 806 739 τῆς
823 704 927 742 χειρὸς,
944 704 973 731 ἐκ

147 757 176 774 τε
195 751 245 782 τῆς
273 746 371 775 ἔνωῧεν
395 746 539 785 προϐολῆς
562 751 616 775 τῶν
648 748 754 787 ὀφρύων
782 749 974 784 κατευθυνόμε-

149 803 205 826 νον,
230 790 418 830 ἀκριϐέστερον
435 793 517 830 σχοίη
540 795 588 820 τοῦ
614 793 712 831 ὁρατοῦ
740 793 789 827 τήν
809 792 972 830 μετάληψιν.

149 837 198 864 Διὰ
225 839 306 863 τοῦτο
336 837 444 875 ὀφρύες,
472 837 542 874 ὁμοῦ
569 837 616 873 μὲν
631 838 662 865 τὸ
678 838 789 865 ὀπτικὸν
805 840 857 865 τῶν
874 836 975 875 ὀφθαλ-

122 905 128 908 .
152 884 209 918 μῶν
221 881 442 916 κατευθύνουσαι,
468 882 538 918 ί)μοῦ
554 881 582 909 δὲ
608 882 653 909 καὶ
678 883 724 909 τὸν
750 880 850 914 ἄνωθεν
878 881 975 919 καταρ-

151 925 244 963 ρέοντα
259 924 362 963 ἱδρῶτα
375 924 535 964 ἐπέχουσαι,
560 926 604 953 καὶ
627 927 678 954 οὐκ
698 926 779 954 ἐῶσαι
795 927 972 964 καταχεῖσθαι
990 943 1013 974 Β

150 971 204 996 τῶν
227 969 410 1007 αἲσθητηρίων
435 969 480 997 καί
496 969 652 1006 ἐμποδίζειν
667 974 727 1002 ταῖς
753 969 857 1008 ὄψεσιν,
874 970 931 998 οἷόν
947 981 974 997 τι

152 1012 326 1051 διατείχισμα
354 1015 445 1042 ἱκανὸν
472 1016 540 1053 πρὸς
573 1016 623 1051 τήν
651 1019 701 1051 τῆς
729 1015 825 1052 ἔξωθεν
843 1015 973 1050 ἐπιούσης

152 1057 258 1097 βλάϐης
273 1059 443 1095 ἀποτροπήν.

186 1105 230 1131 17.
248 1106 331 1135 1Ιοῖος
350 1103 540 1142 ἀμπελουργὸς
569 1103 640 1131 οὕτω
657 1103 766 1132 δύναται
781 1103 910 1143 ἀσφαλῶς
923 1105 972 1140 τὴν

150 1147 250 1175 οἲκείαν
278 1147 401 1184 ἄμπελον
417 1148 598 1184 περικλεῖσαι,
613 1149 658 1175 καὶ
675 1149 784 1186 θριγκὸν
801 1149 869 1186 αὐτῇ
884 1151 975 1176 τοιοῦ-

148 1203 195 1220 τον
224 1190 396 1230 περιϐαλεῖν,
426 1193 463 1224 ὡς
491 1190 651 1220 ἀνεπίϐατον
679 1194 787 1224 πάντως
815 1194 974 1225 καθεστάναι

148 1237 195 1264 τὸν
222 1239 327 1274 χῶρον,
345 1237 381 1268 ὡς
398 1237 412 1264 ὂ
427 1238 492 1268 Θεὸς
508 1236 676 1274 ἐξειργάσατο
688 1238 739 1272 τήν
753 1240 808 1265 τῶν
824 1237 974 1275 ὀφθαλμῶν

150 1279 314 1319 περιϐολὴν,
340 1282 390 1316 τήν
418 1283 471 1308 τῶν
500 1281 607 1320 ὀρρύων
637 1279 788 1319 περιϐολὴν
805 1281 842 1314 εἷς
856 1283 905 1317 τήν
920 1285 973 1309 τῶν

152 1325 302 1365 ὀφθαλμῶν
319 1325 455 1363 φυλακὴν,
473 1325 626 1362 μηνοειδῶς
652 1327 719 1362 ἡμῖν
744 1327 825 1358 αὐτὰς
841 1328 975 1365 περιγρά-

150 1370 282 1407 ψας,ἀπὸ
310 1373 372 1406 μιᾶς
402 1367 545 1406 συμϐολῆς
568 1374 618 1404 τῆς
657 1371 725 1398 κατὰ
752 1371 802 1404 τήν
833 1371 901 1408 ῥῖνα,
936 1371 976 1410 ἐφ’

151 1414 264 1452 ἑκάτερα
288 1415 321 1441 τὰ
352 1414 421 1452 μέρη
448 1413 661 1451 διατεινομένας·
689 1414 735 1442 ’ίνα
762 1415 775 1442 ὁ
804 1413 888 1452 ἱδρὼς
911 1415 977 1452 τῇδε

151 1459 259 1486 κάκεῖσε
282 1458 444 1497 περιρρέων,
478 1458 614 1496 μηδεμίαν
643 1458 776 1497 ἀσχολίαν
805 1459 912 1498 παρέχῃ
937 1463 978 1496 τῷ

153 1507 279 1532 πονοῦντι
308 1505 443 1542 ἀνθρώπῳ
467 1505 528 1542 περί
557 1506 588 1532 τὸ
616 1505 795 1542 προκείμενον
817 1504 907 1542 ἔργον,
932 1504 977 1532 καὶ

153 1551 189 1586 τῇ
209 1549 305 1577 τούτου
330 1549 404 1587 χειρὶ
428 1549 541 1586 ἀνιούαῃ
569 1551 690 1587 συνεχῶς
721 1549 764 1576 ἐπὶ
788 1549 852 1581 τοὺς
873 1549 978 1589 ὀφθαλ-

156 1593 236 1630 μοὺς,
265 1593 309 1621 καὶ
346 1593 394 1624 τὰς
431 1594 651 1633 καταφερομένας
685 1592 792 1625 νοτίδας
819 1594 978 1631 ἀπομασσο-

156 1638 232 1675 μένῃ·
263 1637 327 1666 ἀλλ’
356 1639 426 1675 ὁμοῦ
466 1638 512 1674 μὶν
555 1637 664 1677 διαρῥέῃ
694 1637 854 1675 αὐτομάτως
881 1638 925 1666 ἐπὶ
946 1638 979 1666 τὰ

153 1683 316 1719 ἑκατέρωθεν
346 1683 468 1720 πλάγια,
500 1683 718 1722 μεταφερόμενος
748 1681 793 1710 διὰ
820 1686 874 1710 τῶν
904 1681 981 1711 ΐδίων

156 1727 262 1765 ὀχετῶν
288 1727 388 1754 ἄνωθεν
407 1729 461 1754 τῶν
479 1727 598 1766 ὀφρύων,
616 1727 687 1764 ὁμοῦ
701 1738 731 1755 τε
747 1729 785 1764 (a)
801 1728 827 1755 οὶ
844 1726 983 1766 dependian

156 1771 354 1809 ἆνενοχλήτως
368 1773 418 1806 τὴν
436 1770 506 1798 ἰδίαν
532 1771 683 1799 ἐπιτελοῖεν
705 1771 857 1809 ἐνέργειαν;
874 1771 906 1800 Εἰ
935 1772 982 1808 μὶν

156 1815 205 1844 οὖν
230 1816 298 1844 κατὰ
325 1817 405 1854 μέρος
421 1815 466 1843 καὶ
489 1815 551 1854 περὶ
565 1818 618 1843 τῶν
640 1814 746 1843 λοιπῶν
764 1815 854 1853 μελῶν
869 1818 918 1843 τοῦ
935 1817 984 1843 σώ-

158 1871 244 1898 ματος
263 1860 465 1898 βουληθείημεν
484 1859 654 1898 λογίσασθαι,
679 1860 723 1888 καὶ
746 1862 796 1895 τήν
817 1860 856 1899 ἐφ’
880 1861 983 1897 ἑκάστῳ

156 1905 253 1944 σοφίαν
276 1907 323 1932 τοῦ
339 1907 405 1933 Θεοῦ
422 1904 600 1942 διατρανῶσαι
625 1905 669 1932 καὶ
694 1904 849 1942 ἐξυμνῆσαι,
879 1904 984 1933 ἐπιλεί-

154 1952 202 1986 ψει
231 1949 339 1980 πάντως
368 1950 441 1985 ἡμᾶς
469 1950 487 1983 ἠ
514 1949 614 1987 ἡμέρα.
645 1949 735 1985 Ὑμεῖς
761 1947 789 1976 δὲ
815 1949 859 1976 καὶ
876 1949 900 1986 ἐξ
926 1949 983 1980 ἑνὸς

158 1993 245 2031 μόνου
263 1993 359 2029 μορίου
374 1994 557 2028 κατανοήσατε
580 1993 686 2024 πάντως
709 1993 739 2020 τὸ
763 1995 811 2027 τῆς
828 1993 900 2025 θείας
915 2004 985 2031 προ-

153 2038 233 2069 νοίας
258 2038 321 2074 περὶ
344 2037 389 2064 τὸν
418 2036 560 2074 ἄνθρωπον
596 2037 640 2064 καὶ
671 2040 801 2074 τεχνικῆς
827 2037 985 2074 οἰκονομίας

156 2081 387 2119 ἁπείροόύναμον·
413 2083 488 2118 ἡμᾶς
514 2080 537 2109 δ’
564 2080 754 2119 ἐπειγομένους
780 2080 824 2109 ἐπί
847 2092 908 2110 τινα
922 2081 983 2110 ὁδὸν

157 2127 319 2165 ἀναγκαίαι,
347 2127 405 2163 μετ’
429 2126 518 2164 εὐχῶν
546 2126 746 2163 προπέμψατε,
777 2125 818 2153 ’L'va
852 2126 877 2153 ἐν
906 2127 985 2165 τάχει

156 2171 341 2203 ἀποσωθέντες
359 2194 366 2206 ,
390 2171 436 2198 καὶ
458 2173 512 2199 τῶν
538 2169 708 2208 λειπομένων
738 2170 926 2208 ἀποδώσωμεν
953 2172 985 2199 τὸ

157 2217 250 2254 χρέος·
279 2217 372 2254 χάριτι
396 2217 445 2243 τοῦ
472 2215 558 2243 πάντα
582 2215 815 2252 οἴκονομήσαντος
828 2215 890 2253 περὶ
910 2217 984 2252 ἡμᾶς

1064 261 1106 288 16.
1124 260 1220 289 Altera
1233 269 1301 289 vero
1316 269 1420 289 rursus
1444 260 1580 296 superius
1605 260 1765 288 imminens
1779 260 1854 288 utri-

1027 313 1083 340 que
1099 305 1192 336 oculo,
1219 306 1345 341 pilorum
1371 305 1484 333 exsistit
1509 305 1689 340 tuitio;quaa
1715 307 1778 333 tum
1804 305 1854 332 de-

1026 357 1123 377 corem
1154 349 1266 377 ambitu
1291 350 1436 383 conciliet,
1468 352 1529 377 tum
1560 357 1627 376 vero
1653 349 1741 376 etiam
1768 357 1854 377 secu-

1028 393 1144 421 ritatem
1161 396 1296 430 prestet;
1314 393 1505 430 supercilium
1521 393 1629 421 scilicet
1645 401 1772 429 superne
1786 401 1853 429 pro-

1027 437 1148 466 ductum
1182 441 1212 466 ut
1248 438 1401 466 oculorum
1438 438 1529 466 aciem
1569 438 1685 473 dirigat.
1723 437 1855 473 Huicque

1027 482 1101 509 341
1121 482 1161 510 rei
1177 485 1350 519 argumento
1366 485 1420 516 est,
1438 483 1515 518 quod
1539 491 1606 510 cum
1632 481 1730 509 animo
1746 481 1856 509 consti-

1027 529 1125 554 tutum
1141 527 1191 560 sit,
1209 529 1241 555 ut
1252 537 1313 556 rem
1330 528 1415 564 longe
1430 528 1590 555 distantem
1602 526 1773 563 speculeris,
1789 534 1855 553 cur-

1027 573 1123 599 vatam
1135 581 1255 599 manum
1265 572 1431 608 superciliis
1441 571 1664 604 obtendis.Quid
1674 571 1752 598 enim
1760 579 1854 598 causae

1028 619 1060 643 ut
1075 616 1103 643 id
1120 616 1209 644 facias
1221 617 1234 644 ?
1251 617 1285 644 Ut
1301 616 1442 644 nimirum
1454 616 1531 652 quod
1544 616 1659 643 videndi
1676 615 1720 643 vis
1733 623 1853 643 sursum

1027 669 1129 688 versus
1144 661 1301 696 disjicitur,
1317 661 1395 688 haud
1409 662 1517 688 frustra
1533 660 1701 696 dissipetur,
1714 662 1855 695 vastoque

1028 714 1093 733 aere
1109 705 1291 733 dilfundatur
1305 719 1311 739 ;
1328 705 1377 733 sed
1395 708 1476 733 tanta
1491 705 1626 740 superius
1642 713 1742 740 manu,
1765 705 1856 731 desu-

1028 759 1136 786 perque
1153 750 1296 785 protensis
1320 749 1486 785 superciliis
1502 749 1622 784 directa,
1639 757 1700 776 rem
1725 749 1753 776 in
1770 757 1855 784 aspe-

1029 797 1107 822 ctum
1124 795 1277 822 cadentem
1302 794 1468 822 accuratius
1493 793 1645 829 percipiat.
1675 794 1737 820 llaec
1754 801 1856 828 super-

1029 839 1162 866 ciliorum
1180 839 1266 873 ratio,
1282 847 1345 874 quae
1370 842 1432 866 tum
1462 838 1614 866 oculorum
1643 837 1783 865 obtuendi
1797 837 1855 865 vim

1029 883 1168 919 dirigant,
1183 886 1304 919 tumque
1320 883 1408 910 etiam
1428 883 1554 918 desuper
1575 882 1751 910 deﬂuentem
1768 882 1856 909 sudo-

1029 937 1089 956 rem
1106 928 1261 962 retineant,
1279 936 1332 955 nec
1353 928 1446 955 oculis
1470 927 1581 955 oﬂ'undi
1610 927 1708 955 sinant
1723 926 1857 963 visuique

1028 973 1155 1006 ofﬁcere,
1171 973 1249 1000 velut
1263 973 1411 1008 quoddam
1422 972 1703 1007 intersepimentum,
1721 980 1737 998 a
1752 979 1783 999 se
1795 971 1857 998 ido-

1029 1026 1116 1044 neum
1133 1017 1344 1053 sufﬁciensque
1360 1017 1396 1044 ad
1409 1017 1576 1051 arcendam,
1594 1025 1657 1053 qua
1671 1016 1706 1043 ab
1722 1015 1857 1044 exteriori

1029 1064 1085 1096 est,
1102 1062 1252 1097 injuriam.

1066 1107 1108 1134 17.
1126 1106 1195 1140 Quis
1211 1114 1281 1142 rogo
1296 1106 1405 1133 vinitor
1416 1106 1457 1133 sic
1474 1108 1536 1133 tuto
1547 1105 1662 1133 vineam
1675 1113 1760 1133 suam
1771 1106 1860 1140 queat

1030 1150 1194 1184 occludere,
1212 1151 1458 1186 circumjectaque
1472 1150 1655 1177 communire
1671 1150 1807 1183 maceria,
1825 1151 1858 1176 ut

1029 1194 1111 1223 locus
1127 1203 1247 1231 prorsus
1262 1194 1431 1222 inaccessas
1451 1194 1584 1229 exsistat,
1608 1194 1858 1230 quemadmodum

1030 1240 1108 1267 Deus
1123 1239 1274 1267 oculorum
1298 1239 1383 1267 nobis
1406 1239 1551 1267 ambitum
1572 1239 1677 1272 eﬂ'ecit,
1703 1239 1811 1274 quibus
1827 1240 1860 1265 ut

1030 1286 1166 1311 caveatur
1180 1283 1405 1319 superciliorum
1421 1283 1520 1311 orbem
1543 1282 1754 1310 semicirculari
1769 1283 1859 1310 ductu

1030 1336 1089 1355 uno
1105 1329 1139 1355 ad
1163 1336 1268 1355 nasum
1293 1328 1430 1355 conﬂuxu
1456 1327 1592 1362 utrinque
1617 1330 1754 1363 protensa
1769 1326 1857 1359 linea,

1031 1373 1152 1406 efﬂuxit,
1169 1381 1227 1408 quo
1243 1373 1343 1405 sudor,
1360 1372 1427 1400 hinc
1443 1373 1511 1400 inde
1527 1372 1669 1405 deﬂuens,
1688 1371 1760 1399 nihil
1776 1371 1856 1399 labo-

1031 1417 1106 1446 ranti
1121 1418 1234 1445 homini
1249 1417 1356 1453 negotii
1370 1417 1466 1450 faciat,
1479 1418 1506 1444 in
1524 1417 1646 1453 quodvis
1659 1425 1733 1452 opus
1745 1417 1856 1451 impen-

1032 1463 1122 1494 ditur,
1139 1471 1302 1496 manusque
1316 1461 1409 1489 libera.
1424 1462 1473 1494 sit,
1489 1470 1542 1489 nec
1554 1462 1589 1488 ad
1605 1461 1705 1488 oculos
1721 1460 1858 1488 continue

1033 1506 1133 1539 levari,
1149 1509 1237 1541 atque
1252 1506 1321 1534 inde
1336 1505 1511 1534 deﬂuentem
1524 1505 1677 1533 humorem
1692 1506 1861 1540 abstergere

1034 1550 1148 1578 debeat.
1176 1551 1230 1578 Sed
1257 1550 1344 1578 simul
1373 1551 1491 1586 quidem
1517 1550 1552 1578 ad
1579 1553 1738 1585 utrumque
1759 1552 1865 1585 sponte

1034 1595 1113 1623 latus
1137 1603 1187 1630 per
1212 1603 1282 1622 suos
1307 1594 1424 1622 canales
1452 1603 1542 1630 super
1571 1594 1729 1630 supercilia
1744 1594 1864 1627 deﬂuat,

1037 1639 1186 1675 simulque
1201 1638 1277 1666 oculi
1304 1639 1386 1666 nulla
1402 1638 1536 1667 molestia
1560 1647 1643 1667 suam
1665 1638 1864 1674 operationem

1038 1683 1201 1720 perﬁciant.
1213 1684 1289 1711 Sane
1304 1683 1403 1719 igitur,
1420 1683 1444 1711 si
1461 1683 1579 1719 quidem
1596 1683 1747 1719 sigillatim
1763 1691 1866 1718 corpo-

1038 1728 1077 1755 ris
1093 1728 1225 1756 membra
1240 1727 1352 1763 reliqua
1377 1727 1501 1755 rationis
1516 1727 1591 1755 libra
1614 1727 1740 1755 velimus
1756 1735 1863 1763 expen-

1038 1773 1116 1806 dere,
1144 1773 1250 1808 Deique
1275 1772 1304 1799 in
1332 1772 1459 1808 singulis
1483 1772 1658 1808 sapientiam
1683 1771 1866 1799 enucleatius

1044 1817 1160 1844 tradere
1171 1825 1203 1844 ac
1226 1816 1388 1852 dilaudare,
1401 1816 1520 1844 omnino
1531 1816 1647 1844 deﬁciet
1662 1824 1715 1844 nos
1735 1819 1864 1851 tempus.

1041 1861 1095 1889 Vos
1111 1861 1209 1896 itaque
1224 1860 1267 1888 vel
1284 1869 1318 1888 ex
1335 1869 1392 1888 uno
1408 1861 1551 1896 membro,
1567 1864 1596 1888 et
1611 1860 1729 1896 quidem
1746 1860 1863 1896 exiguo,

1038 1914 1159 1941 prorsus
1174 1908 1294 1941 pensate
1307 1905 1412 1933 divina:
1428 1914 1496 1941 erga
1512 1905 1660 1932 hominem
1678 1903 1866 1940 providentia:

1039 1951 1170 1986 artisque
1185 1950 1390 1986 dispositionis
1405 1950 1464 1977 vim
1478 1949 1623 1977 inlicitam
1637 1961 1644 1983 ;
1658 1957 1770 1984 nosque
1782 1949 1865 1983 adeo,

1039 1995 1089 2030 qui
1105 1995 1140 2022 ad
1152 1994 1352 2022 necessarium
1363 1994 1511 2029 quoddam
1525 1994 1579 2021 iter
1594 2001 1793 2030 properemus,
1804 2001 1868 2028 pre-

1039 2039 1122 2068 cibus
1138 2039 1284 2073 deducite,
1299 2041 1331 2066 ut
1342 2047 1376 2066 ex
1391 2038 1440 2066 illo
1452 2046 1540 2073 quam
1552 2038 1608 2066 cito
1623 2038 1867 2073 incolumes,qusa

1039 2086 1109 2111 sunt
1133 2083 1247 2119 reliqua
1271 2083 1361 2110 debiti
1387 2082 1592 2116 exsolvamus;
1618 2082 1736 2110 Domini
1760 2082 1867 2117 gratia,

1040 2129 1090 2164 qui
1108 2136 1176 2164 erga
1192 2136 1242 2155 nos
1259 2127 1395 2163 prudenti
1411 2127 1533 2154 consilio
1550 2127 1681 2163 disponit
1690 2126 1801 2160 omnia,
1817 2125 1868 2162 qui

1040 2181 1093 2200 nos
1109 2172 1216 2200 creavit
1228 2180 1279 2199 sua
1289 2172 1383 2206 gratia
1396 2180 1402 2205 ;
1417 2172 1463 2199 cui
1476 2171 1569 2208 gloria
1582 2174 1611 2200 et
1625 2173 1755 2208 potestas
1768 2171 1798 2198 in
1813 2179 1868 2198 sa-

1040 2218 1107 2244 cula
1122 2216 1307 2245 saeculorum.
1323 2218 1428 2244 Amen.

158 2261 268 2299 Κυρίου,
298 2263 347 2288 τοῦ
374 2260 515 2292 κτίσαντος
541 2261 616 2297 ἡμᾶς
629 2262 664 2298 τῇ
694 2259 776 2288 αὐτοῦ
794 2261 898 2299 χάριτι·
929 2261 971 2288 ὅτι
1000 2260 1073 2297 αὐτῷ
1085 2261 1103 2296 ἠ
1120 2260 1183 2296 δόξα
1207 2260 1251 2288 καὶ
1267 2260 1297 2287 τὸ
1321 2261 1420 2298 κράτος
1436 2259 1473 2292 εἷς
1487 2260 1551 2292 τοὺς
1565 2259 1665 2292 αἰῶνας
1681 2262 1735 2288 τῶν
1751 2259 1869 2289 αἰώνων.

155 2306 261 2343 Ἀμήν.

365 2424 423 2452 Τοῦ
437 2421 519 2450 αὐτοῦ
538 2421 600 2460 περὶ
615 2421 778 2460 παραδείσου

489 2477 602 2504 ΛΟΓΟΣ
621 2478 658 2503 Γ¹.

199 2532 225 2559 1.
249 2530 299 2558 Καὶ
338 2529 479 2567 ἐφύτευσεν
513 2529 528 2557 ὁ
564 2529 629 2561 Θεὸς
663 2527 827 2566 παράδεισον
853 2527 878 2556 ἐν
906 2526 990 2565 Ἐδὶμ

161 2576 230 2603 κατὶ
259 2574 392 2605 ἂνατοΛὰς
409 2595 416 2608 ,
443 2573 488 2601 καὶ
518 2572 592 2605 ἔθετο
622 2573 678 2601 ἐκεῖ
702 2574 747 2601 τὸν
773 2572 928 2611 ἄνθρωπον,
958 2573 987 2600 ’ὀν

164 2619 274 2647 ἔπλασε.
302 2619 451 2654 Νοήσωμεν
471 2641 478 2651 ,
509 2618 638 2655 ἀκροαταὶ
669 2617 741 2653 ἀξίαν
772 2620 839 2645 Θεοῦ
868 2617 988 2655 φυτείαν,

164 2664 208 2692 καὶ
237 2662 399 2701 παράδεισον
427 2662 564 2700 πρέποντα
587 2662 622 2700 τῇ
638 2661 789 2701 φιλοκαλίᾴ
800 2664 849 2689 τοῦ
863 2662 988 2689 τοιούτου

165 2708 210 2736 καὶ
237 2707 404 2743 τηλικούτου
434 2705 615 2745 δημιουργοῦ.
646 2707 688 2735 Ἐν
720 2707 767 2745 μὲν
791 2709 851 2739 τοῖς
875 2706 988 2735 κατόπιν

204 2781 227 2799 ’⁸
242 2781 316 2809 Gen.
332 2788 364 2815 ιι,
380 2779 408 2808 8.

204 2852 244 2890 (α)
256 2851 300 2880 τι.
316 2852 402 2881 Forte
416 2848 455 2880 δι.
471 2851 550 2880 Eon.

1286 2423 1416 2459 Ejusdem
1431 2423 1467 2452 de
1479 2423 1620 2459 paradiso.

1354 2476 1490 2504 ORATIO
1509 2477 1560 2505 ill.

1081 2529 1105 2557 1.
1134 2531 1167 2558 Εἰ
1194 2529 1329 2565 plantavit
1362 2531 1435 2558 Deus
1462 2530 1632 2566 paradisum
1661 2531 1691 2558 in
1720 2530 1804 2558 Edem
1836 2530 1872 2558 ad

1044 2574 1191 2602 orientales
1203 2574 1310 2610 plagas,
1322 2576 1348 2602 ei
1361 2575 1451 2609 posuit
1466 2575 1507 2602 ibi
1517 2575 1659 2603 hominem
1672 2582 1750 2610 quem
1763 2575 1871 2609 [orma-

1043 2618 1161 2646 veral“.
1188 2619 1230 2646 Ad
1259 2621 1385 2646 mentem
1411 2627 1591 2653 revocamus,
1617 2619 1776 2650 auditores,
1791 2619 1871 2654 ejus-

1045 2664 1123 2692 modi
1137 2663 1348 2699 plantationem
1373 2672 1436 2700 quae
1452 2667 1508 2692 Deo
1532 2665 1622 2700 digna
1637 2665 1684 2698 sit,
1707 2671 1741 2690 ac
1757 2663 1871 2698 paradi-

1044 2716 1123 2744 sum,
1139 2708 1189 2745 qui
1202 2708 1271 2737 talis
1286 2708 1419 2745 tantique
1434 2708 1548 2744 opiﬁcis
1562 2707 1634 2736 artis
1647 2707 1797 2736 solertiam
1812 2706 1871 2736 elo-
