2018 3146
192 149 232 180 6⁵1
681 146 878 177 APPENDIX
899 144 1064 178 OPERUM
1085 144 1119 176 8.
1141 144 1285 176 BASILII
1307 145 1444 176 MAGNI.
1855 149 1896 180 68

227 214 254 242 7.
271 213 313 242 Ibi
328 215 358 242 et
373 212 552 241 avicularum
581 211 771 248 omnigenum
802 218 919 248 genera,
948 212 1007 239 tum

1087 210 1132 237 .7.
1160 209 1234 236 Ἐκεῖ
1261 209 1306 236 καὶ
1334 209 1449 248 ὀρνίθων
1477 210 1657 240 παντοδαπῶν
1699 213 1774 251 γένη,
1799 215 1840 250 τῷ
1864 225 1895 242 τε

193 266 355 295 pennarum
368 257 448 291 ﬂore,
459 260 523 285 tum
535 257 633 285 nativo
644 258 786 284 concentu
796 258 884 292 atque
891 255 1014 292 garritu,

193 303 298 331 miram
314 303 473 339 quamdam
489 310 506 329 a
520 310 551 329 se
569 301 787 336 jucunditatem
814 300 1015 336 spectantibus

191 348 359 381 otferentia;
376 349 408 374 ut
423 346 504 375 nullo
520 355 576 374 non
593 354 682 374 sensu
698 346 786 374 homo
810 344 1015 373 liberalissime

191 394 337 428 acceptus,
354 400 413 428 qua
426 391 504 424 visu,
520 400 579 427 qua
595 391 707 422 auditu.
721 399 780 426 qua
795 392 886 424 tactu,
899 398 958 425 qua
973 389 1014 417 ol-

190 438 268 465 factu
285 444 317 464 ac
328 439 424 472 gestu,
438 436 547 464 atl'atim
559 435 756 463 deliciaretur.
767 437 837 462 Cum
846 433 1014 462 volucribus

191 483 275 509 erant.
290 483 317 509 et
332 480 515 509 terrestrium
534 480 706 508 animalium
724 479 880 516 omnigena
901 481 1014 515 specta-

191 526 267 560 cula,
279 526 378 554 cicura
388 525 486 553 omnia
498 527 705 559 etmansueta;
719 524 902 560 paricunctis
914 531 1013 551 secum

191 569 289 598 indole
305 579 337 597 ac
352 570 524 605 ingenio,sic
535 569 683 597 audientis
694 577 727 596 ac
738 569 898 605 loquentia,
910 567 1014 595 utnul-

190 615 218 642 lo
230 615 344 649 negotio
361 614 603 650 iutelligercntur.
618 613 694 641 Nihil
707 616 769 640 tum
782 621 902 649 serpens
914 613 1014 640 horro-

191 659 231 687 ris
247 659 380 693 faciebat,
397 659 448 686 sed
474 658 551 686 mitis
583 667 616 685 ac
646 660 821 686 mansuetus
851 661 930 690 eral;
956 666 1013 684 non

190 704 297 739 agresti
309 711 444 739 szcvoque
460 703 546 730 modo
562 703 674 730 undose
690 702 719 730 in
735 704 819 729 terrze
836 702 938 730 faciem
953 710 1014 737 rep-

188 750 255 775 tans
271 750 458 782 ventremque
473 747 604 780 trahens,
621 747 671 774 sed
688 749 802 774 erectus
814 746 968 782 celsusque
984 746 1014 773 in

190 793 276 828 pedes
292 791 442 819 incedens.
460 791 507 818 Sic
523 794 551 818 et
574 794 682 818 czetera':
707 791 805 818 bestia:
831 798 1014 826 quaecunque

191 845 269 864 nunc
280 836 430 863 indomita:
442 838 470 863 et
486 836 550 863 ferae
562 837 641 869 sunt,
659 838 728 863 tunc
743 837 903 862 mansuete:
920 837 1010 863 erant.

189 881 252 909 Illic
263 881 361 916 itaque
374 880 450 908 Deus
459 880 608 908 hominem
620 880 818 916 posuit,quem
830 880 1012 908 formaverat.
1029 899 1052 932 B

188 925 262 954 Alibi
271 924 511 958 iormatum,illuc
523 925 647 952 induxit.
664 924 916 956 Quemadmodum
932 925 1010 952 enim

189 971 265 998 Deus
278 969 437 997 luminaria
454 969 581 1004 primum
598 969 769 1003 condidit,et
781 969 810 996 in
824 969 1010 996 firmamento

188 1014 287 1050 posuit
298 1015 339 1047 ‘0;
356 1014 395 1041 ita
408 1016 435 1041 et
444 1014 593 1041 hominem
607 1014 740 1041 formavit
751 1014 869 1048 quidem
879 1013 982 1041 limum
995 1022 1010 1041 e

187 1061 275 1092 terra,
288 1061 411 1094 tumque
425 1059 523 1093 posuit
535 1058 562 1085 in
575 1058 710 1094 paradiso
720 1059 752 1085 ιι.
765 1058 890 1086 Observa
900 1061 1008 1093 autem,

189 1104 267 1131 haud
281 1103 393 1130 dictum
404 1110 479 1136 esse,
490 1104 580 1134 Quem
596 1103 713 1137 fecerat,
727 1103 790 1136 sed,
807 1103 890 1137 Quem
903 1104 1008 1138 [orma-

188 1152 272 1176 vcral.
289 1149 404 1175 Fecerat
421 1155 559 1183 namque,
576 1147 606 1174 id
623 1149 676 1182 est,
693 1148 770 1183 quod
787 1149 832 1174 est
851 1147 886 1174 ad
903 1147 1006 1183 imagi-

188 1201 266 1225 nem,
282 1191 355 1219 illud
370 1199 437 1219 vero
452 1191 654 1227 incorporeum
672 1194 732 1225 est;
750 1193 824 1227 quod
841 1200 907 1219 vero
927 1194 1010 1219 vacat

187 1244 316 1273 corpere,
332 1244 384 1264 nec
401 1236 463 1263 loco
480 1235 736 1271 circumscriptum
753 1238 807 1263 est.
826 1235 875 1263 Est
889 1236 1007 1271 quidem

187 1281 265 1318 quod
281 1281 390 1308 factum
403 1280 599 1316 esl,ﬁgmento
611 1280 775 1308 necessario
787 1289 885 1308 comes
895 1281 1009 1314 ;anima

186 1325 298 1354 scilicet
313 1325 439 1361 corpori.
455 1324 579 1352 Necesse
595 1325 672 1352 enim
689 1328 734 1352 est
750 1333 815 1352 esse
829 1325 916 1353 simul
931 1326 1007 1361 quod

187 1370 382 1406 compositum
399 1371 453 1397 est.
469 1369 623 1396 Enimvero
639 1369 780 1405 primaria
795 1370 905 1398 ratione
927 1370 1009 1398 locus

187 1415 317 1451 corporis
329 1416 383 1447 est,
395 1414 493 1441 anima
506 1422 570 1442 vero
587 1422 622 1441 ex
645 1414 836 1450 consequenti
853 1415 930 1443 350
946 1414 1008 1443 loco

186 1459 379 1492 concluditur,
394 1467 453 1494 qua
464 1458 636 1486 habitudine
644 1467 676 1486 se
687 1459 722 1486 ad
735 1467 841 1494 corpus
853 1459 1008 1493 habet,illi-

187 1512 245 1540 que
259 1503 479 1531 commiscetur:
497 1503 575 1531 haud
591 1505 690 1531 tamen
707 1512 740 1531 ex
755 1512 809 1531 sua
824 1503 1007 1540 ipsaindole,

186 1548 215 1576 id
233 1550 350 1583 est,qua
357 1550 439 1583 parte
451 1547 617 1575 substantia
626 1549 723 1576 mente
733 1548 852 1584 prmdita
862 1548 1006 1583 est.Num,

185 1601 294 1629 quaaso,
311 1594 338 1620 te
352 1591 522 1625 exhilaravi,
537 1593 683 1620 narrando
706 1593 834 1628 paradisi
858 1593 1008 1620 amaanita-
1022 1580 1043 1614 Ο

186 1636 308 1670 tem,vel
320 1637 440 1671 majoris
452 1636 601 1672 quidpiam
619 1636 737 1670 doloris,
753 1645 853 1665 eorum
864 1646 928 1673 quas
943 1646 1006 1665 cor-

185 1682 320 1717 ruptione
330 1681 479 1708 intereunt
490 1681 707 1716 comparatione
723 1681 871 1709 conscivi?
882 1681 1006 1709 Omnino

186 1729 285 1754 autem
301 1733 383 1754 mens
399 1728 450 1753 tua
475 1727 504 1753 et
525 1725 652 1760 animus,
683 1734 746 1761 quas
775 1726 888 1754 excelsa
912 1726 1007 1762 sapiat

185 1771 355 1806 mundoque
370 1769 530 1806 superiora,
548 1773 579 1797 ut
595 1770 679 1806 cujus
696 1770 724 1797 in
734 1769 814 1797 caelis
825 1771 1006 1799 conversatio

183 1815 222 1843 sit
237 1815 269 1849 ",
289 1818 377 1851 atque
392 1823 426 1842 ea
441 1823 505 1850 quae.
521 1823 639 1842 sursum
655 1815 767 1842 lumina
782 1817 878 1843 erecta
890 1815 1004 1849 habeat,

183 1868 248 1895 qua:
264 1859 469 1895 promissionis
488 1861 557 1887 sunt
572 1859 728 1895 cogitabat,
745 1867 905 1895 eorumque
918 1860 1005 1888 bono-

181 1912 248 1932 rum
265 1912 328 1937 quin
344 1907 414 1932 sunt
424 1903 509 1931 nobis
519 1903 828 1939 promissa,quidpiam
843 1905 942 1932 audire
953 1905 1004 1932 ob-

180 1948 334 1976 servabat:
352 1949 418 1982 Quae
432 1947 555 1976 videlicet
570 1956 619 1975 nec
633 1948 727 1975 oculus
748 1948 826 1980 vidit,
850 1956 899 1976 nec
926 1949 1005 1976 auris

179 1993 301 2027 audivit,
317 2001 366 2020 nec
379 1993 410 2020 in
434 2000 483 2020 car
505 1992 626 2020 hominis
648 1992 792 2021 ascendere
806 1993 837 2021 ⁸³.
862 1994 1003 2026 Quisnam

178 2037 270 2075 igitur
283 2040 326 2064 est
342 2036 393 2072 qui
408 2038 532 2071 enarret,
549 2037 574 2064 si
590 2036 692 2065 oculus
707 2046 762 2065 non
776 2037 870 2065 vidit?
882 2038 910 2066 Si
923 2039 1003 2066 auris

180 2090 238 2110 non
253 2081 373 2116 audivit,
392 2082 438 2117 qui
457 2081 507 2109 ﬁat
523 2083 555 2109 ut
579 2084 629 2109 tua
655 2081 821 2118 suscipiat?
847 2082 875 2110 Si
902 2083 929 2110 in
955 2091 1004 2111 cor

180 2126 308 2154 hominis
325 2134 382 2154 non
399 2126 606 2161 ascenderunt,
623 2127 769 2162 quomodo
786 2129 885 2155 noster
909 2129 1004 2163 capiet

178 2171 297 2198 animus
307 2171 321 2198 ‘I
337 2171 436 2206 Neque
450 2170 543 2206 igitur
551 2171 713 2206 corporalia
722 2171 934 2207 respuimus,ct
943 2172 1002 2208 spi-

178 2214 275 2243 ritalia
284 2214 472 2250 requirimus.
488 2215 560 2242 Nam
573 2216 821 2250 quemadmodum
831 2216 860 2243 in
870 2216 932 2252 lege
941 2219 1003 2244 erat

1069 255 1122 281 τῶν
1152 255 1258 292 πτερῶν
1283 252 1351 281 ἔνθει
1378 254 1423 282 καὶ
1451 258 1491 292 τῷ
1518 259 1568 290 τῆς
1597 260 1689 295 φωνῆς
1704 256 1810 295 λιγυρῷ
1826 259 1894 287 ἀπό-

1070 298 1165 326 λαυσίν
1179 309 1240 326 τινα
1263 299 1418 335 Θαυμαστὴν
1441 301 1602 336 προτιοέ-ιτα
1629 305 1688 333 τοῖς
1717 303 1867 340 ὁρωμένοις
1885 314 1892 319 ·

1070 341 1138 369 ὥστε
1167 341 1212 370 διὰ
1237 346 1328 370 πασῶν
1357 345 1409 371 τῶν
1436 344 1588 380 αἲσθήσεων
1615 345 1821 384 εὐωχεῖθαιτὸν
1847 348 1892 375 ἃν-

1070 392 1190 425 θρωπον,
1219 387 1252 414 τὰ
1281 388 1329 424 μὲν
1360 389 1476 425 ὁρῶντα,
1506 389 1539 417 τὰ
1566 388 1595 417 δὲ
1623 391 1779 418 ἀκούοντα⁹
1801 392 1893 420 ἄλλων

1070 431 1222 468 ἁπτόμενον
1240 453 1247 466 ,
1272 431 1365 460 ἄλλων
1399 433 1620 472 ὀσφραινόμενον,
1650 435 1747 473 ἐτέρων
1775 436 1892 474 ἀπογευ-

1069 476 1179 512 όμενον.
1197 475 1249 503 Σὺν
1263 480 1322 508 τοῖς
1337 475 1428 516 ὅρνισε
1442 476 1471 505 δὲ
1485 479 1529 505 καὶ
1554 479 1691 517 χερσαίων
1720 481 1796 515 ζώων
1823 492 1892 509 παν-

1068 519 1194 548 τοδαπῶν
1221 521 1352 558 οεάματα,
1367 524 1475 550 πάντων
1499 523 1621 562 ἡμέρων,
1637 523 1743 553 πάντων
1768 527 1892 561 συνήθως

1069 564 1206 600 ἀλλήλοις
1220 565 1265 593 καὶ
1281 566 1434 594 ἀκουόντων
1451 568 1495 594 καὶ
1516 570 1707 607 φθεγγομένων
1733 570 1891 599 εὐσύνοπτοι.

1069 610 1107 639 Οὐ
1124 610 1237 648 φρικτὸς
1267 609 1328 650 ὄφις
1355 613 1426 647 τότε,
1444 612 1517 641 ἀλλᾶ
1531 616 1671 651 προσηνὴς
1703 616 1747 643 καὶ
1777 616 1890 653 ἥμερος·

1070 655 1119 682 οὐκ
1134 656 1228 693 ἄγριον
1245 656 1427 693 ἐπικυμαίνων
1456 658 1499 685 καὶ
1529 658 1618 696 ’ἐρπων
1648 661 1715 687 κατὰ
1743 660 1891 699 προσώπου

1067 703 1118 734 τῆς
1133 703 1194 737 γῆς,
1213 699 1277 727 ἀλλ’
1299 701 1403 738 ὑψηλὸς
1426 701 1469 729 ἐπὶ
1499 701 1590 730 ποδῶν
1620 701 1756 741 βεϐηκώς.
1774 706 1909 734 Τοιαῦταὶ

1071 743 1197 782 μειλίχια
1222 745 1267 772 καὶ
1295 746 1329 772 τὰ
1358 745 1443 774 λοιπὰ
1472 748 1559 774 πάντα
1587 747 1674 786 ἄλογα
1701 751 1767 784 ζῶα,
1783 749 1832 776 ὅσα
1845 742 1908 777 νῦνὃ

1069 789 1199 821 ἀτίθασσα
1228 789 1369 822 παντελῶς
1397 791 1441 818 καὶ
1467 791 1622 828 ἀμείλικτα.
1639 794 1712 821 Ἐκεῖ
1726 792 1771 821 οὗν
1787 792 1861 825 ἔθετο
1877 795 1890 821 ὁ

1069 834 1134 864 Θεὸς
1162 834 1207 861 τὸν
1238 833 1377 872 ἄνθρωπον
1408 836 1436 863 ’ὸν
1461 835 1576 864 ἔπλασεν
1592 847 1598 853 ·
1627 836 1753 875 ἀλλαχου
1780 837 1889 873 ἔπλασε,

1067 877 1145 906 κάκεῖ
1173 878 1326 916 εἰσήγαγεν.
1347 881 1448 917 ’Ὠσπερ
1477 881 1527 919 γὰρ
1556 881 1619 913 τοὺς
1644 885 1787 921 φωστῆρας
1815 885 1888 920 ττρῶ-

1066 932 1111 949 τον
1141 922 1188 958 μὶν
1221 922 1522 958 ἷποίησενὸΘεὸς,καὶ
1552 923 1625 952 ἔθετο
1652 926 1678 953 iv
1707 929 1748 963 τῷ
1773 927 1887 965 στερεώ-

1068 976 1142 1003 ματι-
1159 965 1233 994 οὕτω
1248 966 1350 995 καὶτὸν
1373 967 1515 1005 ἄνθρωπον
1539 966 1639 997 ἔπλασε
1664 971 1711 1006 μὲν
1740 970 1807 1009 χοῦν
1836 972 1887 999 ἀπὸ

1065 1014 1126 1048 γῆς,
1143 1009 1236 1038 ἔπειτα
1262 1010 1291 1038 δὲ
1320 1010 1394 1044 ἔθετο
1424 1012 1450 1039 ἐν
1480 1013 1518 1050 τῷ
1546 1013 1710 1052 παραδείσῳ.
1729 1016 1887 1051 Σημείωσαι

1065 1053 1103 1088 δὲ,
1121 1056 1162 1082 ὅτι
1178 1056 1229 1083 οὐκ
1244 1055 1361 1093 εἷ’ρηταιτ
1375 1058 1423 1085 "Ov
1449 1057 1586 1094 ἐποίησεν,
1602 1058 1675 1094 ἀλλ’,
1690 1060 1739 1088 “Ov
1759 1057 1883 1089 ἔπλασεν.

1063 1100 1096 1127 Ὃ
1113 1100 1164 1138 γὰρ
1187 1099 1308 1135 ἐποίησε,
1325 1101 1355 1128 τὸ
1379 1102 1438 1128 κατ’
1453 1101 1543 1130 εἰκόνα
1568 1102 1634 1130 ἐστί·
1650 1105 1729 1131 τοῦτο
1757 1103 1785 1132 δὲ
1813 1104 1883 1132 ἀσώ-

1066 1154 1162 1180 ματον*
1179 1144 1209 1171 τὸ
1239 1143 1268 1172 δὲ
1296 1145 1450 1182 ἀσώματον,
1467 1147 1542 1183 τόπῳ
1560 1147 1770 1186 ἀπερίγραπτον.
1791 1150 1886 1185 Ὅμως

1066 1188 1157 1224 μέντοι
1174 1188 1346 1224 ἐξακολουθεῖ
1364 1190 1389 1225 ἐξ
1413 1191 1532 1228 ἀνάγκης
1558 1194 1598 1228 τῷ
1612 1192 1752 1229 πλάσματι
1774 1193 1806 1220 τὸ
1826 1194 1885 1221 ποί-

1064 1243 1134 1269 ημα,
1149 1236 1271 1261 τουτέστι
1300 1236 1337 1270 νῷ
1366 1235 1471 1271 σώματι
1501 1236 1622 1274 ἠψυχή’
1640 1237 1709 1274 ὁμοῦ
1738 1237 1789 1275 γὰρ
1819 1239 1885 1266 εἶναι

1064 1275 1104 1304 δεῖ
1118 1278 1148 1305 τὸ
1173 1278 1309 1310 σύνθετον.
1327 1277 1414 1307 Ἀλλά
1439 1281 1655 1317 προηγουμένως
1687 1282 1732 1318 μὲν
1760 1285 1809 1309 τοῦ
1837 1284 1887 1310 σώ-

1065 1332 1150 1358 ματος
1165 1322 1179 1349 ὀ
1192 1322 1288 1359 τόπος,
1304 1324 1322 1358 ἡ
1338 1324 1414 1361 ψυχή
1441 1322 1470 1351 δὲ
1490 1325 1548 1352 κατ’
1569 1324 1786 1361 ἐπακολούθησιν
1810 1338 1885 1364 περι-

1063 1366 1180 1394 κλείεται
1195 1367 1272 1404 τόπῳ
1284 1366 1328 1394 διὰ
1341 1371 1390 1402 τῆς
1405 1369 1472 1406 πρὸς
1485 1369 1516 1396 τὸ
1532 1371 1611 1406 σῶμα
1633 1370 1751 1408 σχέσεως
1775 1371 1792 1406 ἢ
1822 1371 1885 1399 ἀνα-

1063 1411 1196 1448 κράσεως,
1220 1411 1284 1439 ἀλλ’
1312 1411 1361 1439 οὐκ
1386 1411 1416 1439 ἐκ
1443 1416 1493 1448 τῆς
1523 1412 1624 1444 οἷ’κείας
1653 1414 1768 1452 φύσεως,
1796 1414 1884 1443 εἶτουν

1061 1459 1112 1490 τῆς
1141 1458 1235 1494 νοερᾶς
1266 1456 1368 1487 οὐσίας.
1398 1457 1468 1494 Ἀρά
1496 1467 1523 1484 σε
1553 1456 1669 1496 εὔφρανα
1694 1461 1728 1496 τῇ
1758 1458 1884 1497 διηγήσει

1061 1503 1179 1528 τῶντοῦ
1203 1499 1367 1539 παραδείσου
1389 1503 1524 1539 τερπνῶν,
1541 1502 1559 1537 ἢ
1584 1502 1667 1530 πλέον
1697 1503 1821 1539 ἐλύπησα
1849 1507 1883 1542 τῇ

1062 1547 1115 1572 τῶν
1132 1548 1256 1584 φθαρτῶν
1271 1545 1416 1583 παραθέσει
1430 1555 1436 1581 ;
1453 1545 1564 1578 Πάντως
1586 1547 1636 1585 γάρ
1660 1557 1708 1575 σου
1732 1549 1750 1582 ἡ
1767 1546 1883 1584 διάνοια,

1063 1588 1158 1626 ὑψηλὰ
1182 1589 1227 1616 καὶ
1259 1590 1428 1626 ὑπερκόσμια
1455 1593 1600 1629 φρονοῦσα,
1616 1592 1661 1618 οἷα
1683 1590 1716 1626 δὴ
1745 1592 1776 1619 τὸ
1801 1592 1884 1620 πολί-

1061 1643 1147 1670 τευμα
1171 1631 1273 1671 ἔχουσα
1297 1633 1323 1661 ἐν
1347 1633 1470 1671 οὐρανοῖς
1494 1635 1539 1662 καὶ
1562 1636 1629 1671 πρὸς
1658 1636 1708 1670 τήν
1734 1637 1789 1664 ἄνω
1811 1637 1884 1673 ἀξίαν

1062 1678 1201 1715 ἆφορῶσα,
1218 1678 1251 1705 τὰ
1277 1682 1327 1713 τῆς
1356 1678 1519 1716 ἐπαγγελίας
1545 1678 1654 1716 ἐνενόει,
1670 1680 1714 1708 καὶ
1743 1682 1883 1719 περιεσκό-

1061 1733 1105 1750 πει
1132 1722 1293 1749 ἆκούσασθαί
1322 1733 1346 1749 τι
1374 1725 1427 1750 τῶν
1444 1723 1655 1761 ἐπηγγελμένων
1672 1726 1739 1761 ἡμῖν
1765 1726 1883 1763 ἀγαθῶν,

1059 1769 1093 1796 ⁴Α
1119 1766 1180 1794 οὔτε
1209 1766 1352 1803 ὀφθαλμὸς
1376 1766 1444 1795 εἶδεν
1460 1791 1467 1804 ,
1497 1766 1558 1796 οὔτε
1581 1769 1628 1801 οὖς
1650 1768 1788 1805 ἤκουσεν,
1823 1770 1885 1798 οὔτε

1060 1811 1104 1838 ἐπὶ
1129 1810 1240 1848 καρδίαν
1280 1811 1425 1849 ἀνθρώπου
1454 1810 1557 1847 ἀνέϐη.
1582 1813 1631 1844 Τίς
1658 1813 1703 1840 οὖν
1732 1814 1745 1841 ὁ
1775 1813 1885 1852 διηγού-

1061 1866 1151 1892 μενος,
1169 1855 1191 1883 εἰ
1209 1857 1222 1883 ὁ
1239 1855 1380 1895 ὀφθαλμὸς
1398 1856 1447 1884 οὐκ
1472 1855 1559 1892 εἶδεν;
1581 1857 1615 1886 Ei’
1630 1858 1676 1889 οὖς
1692 1858 1741 1886 οὺχ
1755 1858 1882 1894 ἤκουσεν,

1058 1903 1116 1932 πῶς
1143 1901 1174 1928 τὸ
1204 1901 1248 1928 σὸν
1273 1899 1446 1936 ὑποδέξεται;
1465 1901 1495 1930 El
1525 1902 1569 1929 ἐπὶ
1597 1901 1708 1941 καρδίαν
1738 1903 1882 1940 ἀνθρώπου

1059 1945 1108 1973 οὐκ
1138 1943 1232 1981 ἀνέϐη,
1248 1948 1307 1976 πῶς
1337 1947 1353 1980 ἡ
1385 1947 1504 1984 ἡμετέρα
1520 1948 1643 1984 χωρήσει
1672 1946 1796 1983 διάνοιας
1814 1947 1883 1976 Οὔτε

1059 1989 1104 2017 οὖν
1130 1990 1162 2017 τὰ
1191 1990 1333 2026 σωματικὰ
1368 1987 1550 2027 ἐκϐάλλομεν,
1580 1992 1622 2018 καὶ
1653 1991 1686 2018 τὰ
1714 1993 1883 2029 πνευματικὰ

1058 2034 1309 2071 ἑπιζητοῦμεν.Ὠς
1339 2034 1391 2073 γὰρ
1421 2034 1464 2062 ἐπὶ
1487 2037 1536 2062 τοῦ
1563 2035 1650 2072 νόμου
1679 2036 1712 2070 ἦν
1729 2036 1775 2073 μὶν
1792 2037 1882 2065 καὶτὸ

1059 2079 1198 2115 αἰσθητὸν,
1217 2078 1289 2106 ἀλλὰ
1318 2079 1361 2106 καὶ
1390 2079 1473 2107 τύπον
1506 2079 1591 2107 ἐποίει
1616 2083 1664 2107 τοῦ
1680 2083 1796 2116 νοητοῦ·
1811 2081 1883 2110 οὕτω

1057 2125 1102 2151 καὶ
1133 2124 1178 2151 τὸν
1216 2123 1378 2161 παράδεισον
1410 2126 1522 2160 νοοῦμεν
1555 2124 1602 2161 μὶν
1633 2125 1677 2152 καὶ
1707 2127 1883 2162 σωματικῶς,

1058 2168 1272 2205 ἁλληγοροῦμεν
1315 2166 1344 2195 δὶ
1385 2168 1430 2195 καὶ
1474 2171 1686 2205 πνευματικῶς.
1725 2169 1883 2209 Ἐφύτευσεν

1058 2212 1103 2240 οὖν
1134 2213 1147 2239 ὁ
1177 2212 1240 2243 Θεὸς
1281 2211 1443 2250 παράδεισον
1480 2212 1506 2240 ἒν
1535 2213 1617 2249 Ἐδὲμ
1649 2215 1715 2241 κατὰ
1740 2215 1882 2246 ἀνατολάς.

177 2259 256 2295 quod
274 2261 302 2286 et
313 2259 341 2286 in
352 2267 472 2287 sensum
488 2259 614 2292 caderet,
629 2267 696 2287 cum
708 2262 736 2287 et
746 2260 809 2295 ejus
821 2260 897 2295 quod
907 2264 1004 2289 mente

1063 2257 1101 2286 Τὰ
1117 2258 1164 2294 μὲν
1182 2256 1302 2293 ὀνόματα
1316 2259 1370 2284 τῶν
1387 2259 1476 2296 φυτῶν
1493 2257 1671 2292 σεσιώπηται·
1689 2258 1702 2286 ὁ
1732 2257 1761 2286 δὲ
1786 2259 1882 2295 τόπος,

178 2302 352 2339 intelligitur
367 2303 561 2331 nihilominus
576 2303 701 2339 ﬁguram
718 2307 887 2339 praestaret;
911 2306 953 2333 sic
975 2309 1004 2334 et

178 2348 361 2383 paradisum,
378 2350 438 2376 tum
456 2348 598 2384 corporali
611 2349 722 2376 ratione
733 2348 1001 2385 intelligimus,tum

1060 2303 1086 2331 ἐν
1111 2303 1133 2339 ᾧ
1155 2302 1291 2342 ἐφύτευσε,
1317 2302 1471 2338 δεδήλωται
1485 2312 1491 2320 ·
1507 2304 1658 2338 τουτέστιν,
1672 2303 1698 2331 ἐν
1721 2307 1756 2342 τῇ
1780 2307 1881 2343 τρυφῇ·

1059 2348 1141 2386 Ἐδὲμ
1156 2349 1208 2386 γὰρ
1223 2349 1312 2388 τρυφή
1329 2349 1519 2386 ἑρμηνεύεται.

178 2394 206 2420 et
221 2392 346 2428 spiritali
363 2400 480 2428 quoque
495 2400 545 2428 per
560 2392 730 2428 allegoriam
747 2394 932 2428 exponimus.
950 2396 1093 2424 Ριαηιαιιίι
1117 2395 1208 2431 igitur
1231 2395 1300 2422 Deus
1322 2395 1484 2430 paradisum
1510 2395 1540 2422 in
1564 2395 1646 2423 Edam
1675 2396 1710 2424 ad
1733 2397 1884 2425 orientales

177 2437 281 2472 plagas.
300 2436 469 2464 Plantarum
487 2436 604 2472 quidem
622 2436 817 2472 stirpiumque
833 2438 952 2466 nomina
967 2447 1069 2475 pressa
1083 2439 1199 2467 silentio
1216 2441 1306 2472 sunt;
1325 2438 1407 2466 locus
1422 2447 1500 2474 vero,
1517 2439 1546 2466 in
1570 2448 1626 2475 quo
1654 2439 1806 2476 plantavit,
1832 2441 1883 2469 de-

177 2480 308 2510 claratus
323 2482 387 2515 est;
404 2481 459 2510 hoc
473 2483 526 2516 est,
543 2481 571 2508 in
588 2481 746 2517 voluptate.
763 2482 850 2509 Edem
872 2483 949 2510 enim
967 2484 1096 2512 nominis
1112 2486 1207 2519 etymo
1220 2482 1356 2519 voluptas
1372 2482 1542 2520 deliciaeque
1556 2485 1720 2520 exponitur.

212 2526 239 2554 8.
255 2526 332 2554 Num
347 2526 438 2563 igitur
453 2534 502 2554 eas
518 2529 602 2554 vocat
617 2525 746 2560 delicias,
764 2535 827 2563 quae
843 2535 893 2563 per
909 2536 941 2556 os
969 2528 999 2556 in

176 2573 308 2600 ventrem
318 2571 538 2607 immigrant,ac
549 2579 674 2606 quarum
684 2570 752 2598 ﬁnis
763 2571 949 2607 secessus?ej
956 2581 1001 2600 us-

179 2615 386 2646 moditradidit
401 2615 532 2648 delicias,
544 2623 608 2652 quae
619 2616 785 2644 intereunt?
796 2617 826 2644 in
842 2624 934 2653 eoque
949 2617 1001 2644 Dei

177 2668 247 2697 erga
262 2659 410 2688 hominem
425 2659 601 2688 beneﬁcium
618 2660 747 2697 positum
763 2663 818 2696 est,
845 2663 878 2689 ut
900 2663 1002 2689 venter

178 2705 375 2741 suﬂarciatur,
391 2704 526 2742 bonaque
542 2705 581 2733 sit
595 2705 725 2742 corporis
739 2704 896 2740 habitudo,
906 2713 940 2734 ac
950 2713 1001 2734 cu~

215 2814 238 2836 ιο
251 2815 322 2843 Gen.
339 2823 360 2850 ι,
375 2813 419 2844 46.
457 2815 479 2833 ⁴¹¹
494 2814 566 2844 Gen.
580 2823 613 2851 ιι,
630 2815 674 2843 15.

1091 2529 1117 2556 8.
1132 2528 1200 2564 Ἀρα
1227 2526 1273 2554 οὖν
1295 2527 1399 2565 τρυφὴν
1425 2528 1474 2561 τὴν
1504 2525 1549 2555 διὰ
1579 2527 1715 2565 στόματος
1738 2528 1882 2565 ὀνομάζει,

1054 2572 1104 2607 τήν
1125 2574 1159 2609 τῇ
1183 2570 1277 2607 κοιλίᾳ
1304 2570 1536 2610 παραδιδομένην,
1553 2573 1597 2600 καὶ
1621 2574 1654 2607 ἧς
1676 2572 1755 2605 τᾶλος
1781 2574 1795 2602 ὁ
1822 2574 1882 2613 ἀφε-

1057 2615 1127 2654 δρών
1141 2625 1148 2650 ;
1165 2615 1210 2643 καὶ
1236 2616 1342 2653 τρυφὴν
1370 2614 1513 2654 παρέδωκι
1532 2618 1582 2652 τὴν
1607 2616 1820 2655 ἁπολλυμὲνην;
1837 2618 1883 2646 καὶ

1055 2659 1135 2688 τοῦτό
1151 2659 1223 2688 ἐστιν
1239 2659 1256 2695 ἦ
1273 2660 1346 2698 παρᾶ
1372 2662 1438 2688 Θεοῦ
1465 2661 1547 2699 χάρις
1575 2662 1638 2700 περὶ
1666 2661 1711 2690 τὸν
1728 2661 1883 2700 ἄνθρωπον,

1056 2704 1174 2743 γαστρὸς
1190 2703 1344 2742 πλήρωσις,
1359 2703 1405 2732 καὶ
1426 2705 1525 2744 σαρκὸς
1551 2705 1689 2741 εὐπάθεια,
1709 2706 1754 2735 καὶ
1783 2705 1883 2745 διάχυ-

713 2814 736 2833 ι²
752 2813 879 2851 Philipp.
895 2822 938 2849 ιιι,
954 2815 999 2842 20.
1038 2815 1061 2833 “
1075 2816 1088 2842 Ι
1103 2815 1166 2843 Cor.
1182 2822 1214 2849 ιι,
1229 2814 1257 2842 9.
