2018 3146
134 163 174 194 θο
722 160 773 191 ne
799 161 846 191 PA
854 161 957 192 aAou

1030 166 1177 198 ORATIO
1200 169 1254 199 ΙΙΙ,
1802 171 1843 201 70

133 241 176 262 σις
186 228 289 265 ἡδονὴν
313 226 467 263 ὶμποιοῦσα
481 235 489 261 ;
505 227 540 255 Ἣ
559 228 639 254 τοῦτο
663 227 711 263 μὲν
736 226 819 254 εἰπεῖν
836 226 898 256 οὖόὶ
913 228 957 256 εὖ·

1016 231 1106 261 ticula
1121 237 1249 269 curetur,
1269 244 1362 272 eaque
1377 237 1495 265 diffusio
1511 238 1559 272 sit,
1576 247 1636 274 qua
1658 239 1792 274 voluptas
1807 247 1840 267 ac

133 272 219 304 σεϐἐς.
243 271 407 302 Ἀκολασίας
430 271 482 308 γάρ
506 282 558 298 που
579 270 624 299 καὶ
648 269 762 309 ὕϐρεως,
778 272 823 299 καί
849 272 957 300 πάντων

134 319 206 355 ὁμοῦ
229 319 282 345 τῶν
309 316 538 354 ἀπηγορευμένων
562 314 669 353 ἐφόδιον
689 339 696 351 ,
722 316 904 353 ὑπερ-πιαίνειν
931 318 962 346 τὸ

136 365 228 399 σῶμα,
244 361 288 389 καὶ
312 357 520 394 καταϐαπτίζειν
545 362 585 396 τῷ
610 360 710 396 πλήθει
733 362 786 388 τῶν
807 361 961 399 βρωμάτων

134 408 186 442 τὴν
217 406 369 435 ἐνοικοῦσαν
397 405 501 443 ψυχὴν,
531 404 712 444 εὐκατάφορον
739 407 870 433 ποιοῦντα
895 407 963 444 πρὸς

136 454 224 480 πᾶσαν
239 450 382 488 ἁμαρτίαν.

171 551 198 578 9.
215 548 318 578 Οὐκοῦν
335 547 424 583 ἄλλην
449 548 506 586 χρὴ
530 550 626 582 νοῆσαι
648 548 764 587 τρυφὴν,
788 548 862 584 ἀξίαν
881 551 962 585 Θεοῦ,

132 594 178 622 ’ίνα
196 594 240 622 καὶ
269 595 286 628 ἡ
318 592 412 632 φυτεία
435 592 577 629 πρέπουσα
601 594 636 629 τῇ
664 593 788 630 γεωργίᾳ
815 596 865 621 τοῦ
896 596 963 622 Θεοῦ

135 639 251 677 λογισθῇ
271 661 277 667 .
306 638 353 669 Τίς
381 636 427 664 οῦν
460 635 570 664 δύναται
598 636 720 674 γενέσθαι
749 639 838 677 τρυφή
871 639 962 676 ἁγίοις

133 683 332 722 ἆρμὸττουσα;
357 682 490 710 ¹’Λκουσον
515 683 562 709 τοῦ
587 681 723 720 λὲγοντος·
749 683 961 722 Κατατρύφησον

133 731 182 756 τοῦ
198 726 371 765 Κυρίοο,καὶ
393 724 474 754 δώσει
496 736 538 754 σοι
562 726 597 754 τὰ
612 726 752 763 αἰτήματα
776 731 826 762 τῆς
849 727 962 767 καρδίας

133 783 194 801 σου.

170 819 213 845 10.
231 816 306 845 Ἐπεὶ
322 815 367 843 οῦν
384 815 496 854 ἄπειρον
522 815 553 842 τὸ
568 815 694 843 ποικίλον
718 819 770 851 τῆς
792 817 900 854 ἀρετῆς,
917 817 962 845 καὶ

133 862 166 889 τὸ
178 860 283 892 κάλλος
299 861 455 898 ἀμήχανον,
472 860 525 887 ἀπὸ
540 863 589 894 τῆς
605 859 782 897 πολυτρόπου
797 861 892 900 σοφίας
914 863 963 889 τοῦ

137 908 205 934 Θεοῦ
219 906 268 940 τὴν
283 905 372 942 ἀρχὴν
397 904 541 943 εἰληφότα,
569 903 614 932 διὰ
634 907 714 932 τοῦτο
740 906 900 943 γέγραπται,
921 905 962 934 ὅτι

137 951 296 990 Ἐφύτευσεν
333 950 346 976 ὁ
376 949 441 980 Θεὸς
479 947 662 986 παράδεισον,
691 949 754 987 οὐχὶ
796 950 864 978 κατὰ
901 951 963 978 ἀνα-

136 995 224 1030 τολήν
243 1015 250 1029 ,
279 993 352 1022 ἀλλὰ
380 993 453 1021 Κατὰ
481 992 614 1024 ἀνατολάς
631 1016 637 1022 .
666 994 798 1022 “Exue-mu
828 995 879 1032 γὰρ
909 998 961 1022 τῶν

135 1039 342 1078 πεφυτευμένων
371 1037 445 1075 παρὰ
474 1038 576 1076 Κυρίου
604 1040 715 1076 φυτῶν,
747 1037 772 1065 ἐν
802 1037 864 1075 ἷόίῳ
893 1039 962 1078 φωτὶ

134 1085 234 1121 ἀρετῆς
249 1082 508 1119 κεκαλλωπισμένον
536 1082 729 1120 ἰξήστραπτεν.
746 1083 821 1111 Ἐκεῖ
834 1086 887 1111 Τοῦ
910 1095 962 1112 πο-

133 1129 223 1165 ταμοῦ
251 1129 285 1155 τὰ
314 1129 485 1165 ὁρμήμπτα⁷
525 1129 574 1154 τοῦ
614 1127 803 1166 εὐφραίνοντος
831 1129 881 1162 τὴν
912 1129 962 1156 πό-

136 1174 180 1202 λιν
206 1175 256 1201 τοῦ
285 1171 361 1200 Θεοῦ.
390 1171 532 1210 Ἀλλαχοῦ
561 1170 591 1199 δὲ
619 1171 791 1210 Χειμάρῥους
816 1176 866 1207 τῆς
895 1183 961 1211 τρυυ

136 1222 191 1256 φῆς
221 1217 383 1254 ὀνομάζεται
401 1238 407 1247 .
434 1217 539 1254 τρέφων
569 1216 614 1243 καὶ
650 1215 735 1251 αῧξων
774 1219 827 1244 τῶν
856 1220 962 1253 νοητῶν

134 1263 243 1290 ἐκείνων
273 1264 363 1300 φυτῶν
390 1261 423 1288 τὰ
451 1259 555 1295 κάλλη·
584 1260 657 1291 ὅστις
684 1260 729 1288 καὶ
758 1260 784 1288 ἐν
812 1265 870 1293 τοῖς
899 1261 961 1297 ἑξῆς

134 1311 186 1342 τῆς
209 1307 394 1345 προκειμένης
416 1309 524 1344 Γραφῆς
549 1304 655 1343 λέγεται
683 1307 808 1342 ποταμὸς
833 1307 847 1334 ὁ
862 1317 960 1344 πορευ-

137 1352 237 1388 όμενος
259 1351 285 1386 ἐξ
310 1349 395 1387 Ἐὂὲμ
421 1350 540 1384 ποτίζειν
565 1350 610 1377 τὸν
635 1349 816 1388 παράδεισον.
843 1351 886 1379 Ἐν
912 1352 960 1388 μὲν

134 1395 181 1423 οὖν
194 1398 253 1427 τοῖς
279 1392 392 1422 κατόπιν
415 1394 578 1432 ἐγέγραπτο,
594 1394 636 1422 δτι
651 1394 782 1432 πρότερον
809 1396 858 1430 τήν
875 1396 961 1423 κτίσιν

133 1440 295 1477 πληρώσας,
319 1439 404 1470 οὕτως
427 1438 600 1476 ἐπεισήγαγεν
627 1439 664 1470 εἰς
694 1439 783 1477 ἀρχὴν
814 1440 895 1467 οἱονεὶ
915 1441 960 1468 καὶ

131 1485 281 1520 κυριότητα
294 1483 396 1519 ταύτην
410 1484 450 1520 (α)
464 1483 510 1510 τὸν
528 1483 679 1518 ἄνθρωπονι
697 1486 743 1510 νῦν
760 1482 798 1519 δὲ,
813 1485 845 1511 τὸ
860 1484 961 1512 ἀνάπα-

133 1528 191 1564 λιν,
218 1528 348 1566 πρότερον
372 1527 476 1556 ἓπλασε
501 1527 546 1555 τὸν
575 1528 730 1565 ἄνθρωπον,
754 1528 798 1555 καὶ
820 1528 882 1556 τότε
897 1529 959 1568 ἐφύ-

131 1584 210 1601 τευσε
235 1574 280 1601 τὸν
309 1572 484 1611 παράδεισον.
505 1572 538 1599 Ἡ
565 1570 593 1599 δὶ
622 1571 709 1606 αἰτία,
740 1572 782 1600 ὅτι
811 1572 867 1600 ἐκεῖ
897 1573 955 1610 μὲν,

128 1617 175 1645 ἵνα
202 1617 337 1655 πληρώσῃ
364 1618 410 1645 τὸν
441 1617 514 1644 οἶκον
533 1638 540 1651 ,
568 1616 615 1644 τὸν
654 1615 849 1653 οἰκοδεσπότην
879 1618 957 1650 εὐθὺς

127 1662 300 1700 ἐπεισήγαγε·
325 1662 370 1689 καὶ
393 1660 438 1688 ’ἕνα
464 1661 502 1698 μή
528 1663 631 1696 πὲνητα
652 1662 756 1696 κτίσας,
772 1661 883 1699 ὕστερον
906 1662 955 1697 τὴν

124 1706 252 1744 εὐπορίαν
280 1706 354 1743 αὐτῷ
380 1706 540 1744 χαρίσηται.
567 1706 698 1737 Ἐνταῦθα
724 1704 762 1741 δὲ,
778 1707 828 1740 τήν
845 1706 874 1733 ἐκ
887 1717 955 1744 προ-

121 1754 211 1785 κοπῆς
239 1749 384 1778 τελείωσιν
415 1749 611 1788 χαρισάμενος,
643 1749 769 1788 ἀλλαχοῦ
798 1747 896 1786 ἔκτισε,
910 1751 956 1778 καὶ

129 1795 240 1834 ὕστερον
265 1795 445 1833 ἆγκατοικίζει
469 1796 509 1831 τῷ
533 1793 698 1832 παραδείσῳ·
713 1793 758 1822 νίνα
778 1795 808 1822 τὸ
826 1794 954 1833 διάφορον

128 1840 291 1876 καταμαθὼν
307 1843 356 1874 τῆς
385 1849 415 1866 τε
439 1836 489 1875 ἔξω
515 1842 586 1874 ζωῆς
613 1839 722 1874 καὶτῆς
748 1838 776 1866 ἐν
800 1838 956 1877 παραδείσῳ

129 1883 278 1923 διαγωγῆς,
305 1884 336 1912 ἐκ
360 1887 410 1918 τῆς
435 1883 598 1922 συγκρίσεως
624 1883 768 1920 ἑκατέρων,
799 1883 843 1911 καὶ
871 1883 954 1918 αὐτῆς

125 1933 178 1964 ⁴τῆς
194 1929 302 1966 πείρας,
316 1928 437 1967 γνωρίσῃ
453 1929 500 1964 μὶν
525 1929 574 1963 τὴν
602 1929 742 1966 ὑπεροχὴν
770 1931 820 1956 τοῦ
841 1928 867 1956 ἐν
882 1929 955 1965 αὐτῴ

125 1973 261 2008 κάλλους,
291 1970 401 2012 φοϐηθῇ
428 1971 457 1999 δὶ
488 1972 532 1999 καὶ
558 1975 609 2007 τῆς
638 1972 799 2004 ἐκπτώσεως
825 1974 874 2007 τήν
906 1975 954 2008 ζη-

126 2018 207 2055 μίαν.

167 2108 208 2135 11.
224 2107 281 2134 Ἵνα
306 2104 336 2133 δὶ
357 2105 460 2143 νοήσῃς
485 2104 594 2144 φυτείαν
613 2104 688 2141 ἀξίαν
712 2103 784 2136 θείας
801 2105 894 2143 χειρὸς
909 2105 953 2133 καί

126 2151 267 2190 ἰργασίας,
294 2151 430 2187 μνήσθητι
453 2152 506 2177 τῶν
534 2149 559 2177 ἐν
575 2152 614 2186 τῷ
640 2149 802 2187 ΕὖαγγεΑίῳ
822 2150 893 2185 παρὰ
905 2153 953 2178 τοῦ

127 2195 231 2233 Κυρίου
256 2196 324 2233 πρὸς
351 2194 416 2226 τοὺς
440 2195 562 2231 μαθητὰς
587 2194 748 2232 εἰρημένων,
779 2194 830 2228 ὅτι,
861 2195 952 2232 Ὑμεῖς

125 2241 185 2269 ἐστε
210 2241 243 2268 τὰ
271 2240 400 2277 κλήματα
417 2261 424 2274 ,
454 2240 497 2266 καὶ
526 2240 540 2266 ὁ
569 2239 661 2276 Πατήρ
704 2249 755 2276 μου
785 2239 799 2266 ὁ
831 2239 952 2277 γεωργός

1017 276 1107 306 libido
1123 282 1256 308 creatur?
1271 283 1309 308 At
1324 281 1378 309 hoc
1403 290 1438 309 ne
1453 281 1531 309 dictu
1549 282 1666 317 quidem
1688 283 1769 319 pium
1785 285 1840 311 est.

1017 322 1128 358 Corpus
1144 324 1220 352 enim
1238 325 1354 353 abunde
1370 327 1517 362 saginare,
1534 326 1623 362 inque
1639 335 1671 355 eo
1687 328 1840 364 degentem

1018 367 1149 396 animum
1162 369 1292 398 ciborum
1305 371 1387 406 copia
1401 372 1533 404 obruere,
1544 371 1682 399 viaticum
1694 372 1841 407 quoddam

1017 413 1112 440 estad
1129 413 1278 443 lasciviam
1303 418 1499 452 stuprumque
1522 425 1555 444 ac
1579 417 1798 452 procacitatem,
1815 419 1843 444 et

1018 457 1042 484 si
1059 458 1127 493 quid
1155 459 1234 487 aliud
1251 460 1280 487 in
1295 461 1393 488 vetitis
1409 463 1463 495 est,
1480 463 1567 496 atque
1582 461 1612 488 in
1628 469 1714 488 omne
1738 469 1839 497 pecca~

1018 504 1082 529 tum
1099 511 1223 538 pronum
1244 505 1339 532 reddit
1355 513 1387 532 ac
1402 504 1590 541 praecipitem.

1052 547 1079 574 9.
1097 547 1165 575 Aliae
1188 548 1279 584 igitur
1301 549 1496 585 intelligendas
1521 549 1630 578 delicias
1656 552 1736 583 sunt,
1754 552 1787 578 ut
1814 553 1843 578 et

1018 591 1170 627 plantatio,
1187 601 1252 628 qua:
1267 593 1317 621 Dei
1338 593 1484 621 culturam
1500 594 1610 627 deceat,
1623 597 1720 622 mente
1745 594 1840 630 perci-

1018 636 1124 671 piatur.
1142 637 1279 669 Quanam
1306 638 1394 674 igitur
1409 638 1554 674 voluptas,
1571 647 1637 674 qua
1651 639 1762 667 delicia.-
1777 646 1841 666 esse

1019 681 1140 716 possint,
1157 689 1221 717 quae
1237 682 1347 710 sanctis
1366 683 1546 719 congruant?
1570 684 1707 712 Delectare
1731 685 1761 711 in
1786 686 1841 712 Do-

1019 726 1104 759 mino,
1120 728 1147 753 et
1161 727 1238 754 dabit
1252 727 1305 754 tibi
1318 728 1464 763 petitiones
1478 728 1566 756 cordis
1580 729 1624 756 tui
1634 729 1668 755 ⁸⁸.

1054 815 1096 842 10.
1114 815 1257 848 Quoniam
1273 816 1362 852 igitur
1382 816 1497 844 infinita
1513 819 1556 845 est
1571 817 1686 845 virtutis
1701 817 1839 855 varietas,

1019 867 1051 886 ac
1063 868 1151 895 quam
1162 869 1247 888 nemo
1257 861 1330 888 satis
1339 861 1443 897 sapiat,
1453 861 1650 898 pulchritudo,
1658 871 1674 890 a
1687 862 1841 898 multiplici

1019 904 1069 931 Dei
1085 904 1228 940 sapientia
1243 905 1348 933 horum
1365 907 1452 934 ducta
1468 906 1590 942 origine,
1604 909 1754 942 propterea
1767 907 1840 935 scri-

1019 951 1101 983 ptum
1120 951 1175 982 est,
1188 949 1327 978 Plantavit
1343 953 1413 978 Deus
1434 951 1605 986 paradisum,
1620 960 1676 978 non
1693 951 1729 979 ad
1745 952 1841 979 orien-

1018 995 1088 1026 tem,
1101 994 1151 1020 sed
1166 993 1201 1021 ad
1213 994 1326 1022 orientis
1338 995 1444 1030 plagas.
1458 996 1584 1031 Quaeque
1598 995 1675 1023 enim
1685 1004 1702 1023 ξι
1717 995 1840 1024 Domino

1019 1039 1149 1065 saturum
1179 1038 1326 1074 stirpium,
1342 1038 1371 1066 in
1399 1040 1517 1076 propria
1542 1039 1606 1067 luce
1630 1040 1735 1067 eximio
1760 1040 1840 1068 cultu

1018 1084 1105 1118 atque
1118 1085 1222 1110 ornatu
1239 1083 1472 1119 persplendebat.
1487 1084 1548 1112 lllic
1564 1085 1699 1112 Fluminis
1713 1086 1839 1121 impetus,

1018 1128 1076 1162 ejus
1091 1127 1162 1162 quod
1176 1127 1300 1163 laliﬁcat
1319 1128 1457 1156 civitatem
1472 1129 1518 1156 Dei
1531 1129 1562 1157 ⁸⁸.
1586 1129 1649 1156 ΑΙὶο
1666 1132 1762 1157 autem
1778 1130 1841 1158 loco

1019 1171 1168 1207 Voluptatis
1194 1173 1332 1200 torrens“
1359 1176 1555 1209 nuncupatur,
1572 1173 1664 1208 alens,
1682 1176 1710 1202 et
1733 1175 1769 1202 ad
1791 1175 1840 1211 ju-

1017 1217 1096 1243 stum
1110 1221 1290 1244 crementum
1304 1217 1424 1245 trahens
1435 1218 1634 1254 spiritualium
1646 1218 1762 1246 illarum
1775 1219 1844 1247 stir-

1017 1261 1099 1296 pium
1113 1263 1295 1289 venustatem
1321 1265 1410 1298 atque
1433 1263 1578 1290 decorem.
1599 1264 1634 1296 Is,
1652 1263 1680 1290 in
1706 1264 1841 1300 sequenti

1016 1305 1172 1341 Scriptura:
1188 1306 1392 1342 textu,lluvius
1405 1307 1558 1335 diciturex
1572 1308 1660 1335 Exlem
1676 1309 1840 1344 egrediens,

1016 1350 1051 1377 ad
1070 1350 1252 1386 irrigandum
1277 1351 1456 1386 paradisum.
1473 1354 1548 1380 Sane
1563 1353 1682 1388 quidem
1705 1353 1734 1380 in
1751 1361 1840 1388 supe-

1016 1394 1140 1422 rioribus
1156 1395 1267 1423 dictum
1285 1398 1338 1429 est,
1355 1397 1431 1432 quod
1448 1396 1583 1425 absoluta
1600 1397 1679 1432 prius
1695 1398 1841 1437 creatione

1016 1439 1186 1474 mundoque
1201 1440 1372 1471 constituto,
1388 1440 1430 1468 sic
1450 1441 1598 1469 induxerit
1613 1441 1774 1476 hominem,
1789 1442 1839 1478 qui

1016 1486 1152 1517 prtecssct
1167 1483 1289 1519 imperio
1305 1492 1336 1511 ac
1353 1484 1482 1512 dominio
1499 1485 1629 1520 polleret.
1643 1485 1694 1513 Hic
1709 1488 1806 1514 autem
1824 1494 1839 1514 ο

1015 1535 1167 1562 converso,
1186 1528 1267 1563 prius
1293 1528 1427 1556 formavit
1447 1529 1608 1563 hominem,
1625 1530 1730 1557 deinde
1751 1538 1840 1566 para-

1015 1571 1113 1598 Ilisum
1130 1571 1280 1607 plantavit.
1301 1573 1392 1607 Hujus
1418 1582 1502 1609 porro
1517 1574 1591 1601 ratio
1607 1577 1662 1607 est,
1677 1575 1753 1610 quod
1778 1574 1839 1603 illic

1015 1616 1134 1651 quidem
1151 1616 1228 1644 istud
1245 1617 1360 1644 consilii
1378 1618 1475 1651 fuerit,
1489 1621 1523 1646 ut
1538 1619 1566 1646 in
1585 1619 1698 1654 plenam
1715 1619 1836 1647 domum

1013 1660 1255 1695 patremfamilias
1276 1662 1375 1689 statim
1402 1662 1571 1696 induceret;
1588 1671 1641 1690 nec
1655 1664 1729 1691 351
1748 1672 1836 1699 quem

1011 1712 1170 1740 pauperem
1186 1708 1324 1741 creasset,
1339 1707 1528 1742 postmodum
1544 1715 1641 1734 rerum
1658 1708 1742 1743 copia
1758 1707 1836 1736 Iocu-

1012 1747 1144 1784 pletaret.
1161 1749 1213 1777 Hic
1227 1759 1305 1783 vero,
1317 1751 1365 1786 qui
1392 1759 1456 1778 eam
1483 1751 1700 1787 perfectionem,
1718 1760 1783 1788 quae
1802 1761 1836 1780 ex

1012 1794 1142 1829 profectu
1167 1797 1222 1826 est,
1235 1794 1386 1830 tribueret,
1399 1795 1467 1823 alibi
1484 1798 1628 1829 creatum,
1647 1795 1676 1823 in
1699 1797 1835 1832 paradiso

1011 1839 1199 1873 postmodum
1216 1839 1351 1866 colonum
1368 1840 1536 1872 collocavit;
1555 1843 1587 1868 ut
1601 1840 1749 1876 explorato
1765 1841 1834 1877 quid

1011 1882 1166 1911 interesset
1185 1884 1261 1911 inter
1275 1883 1363 1911 vitam
1381 1892 1469 1920 quam
1493 1885 1560 1912 foris
1586 1887 1726 1919 gesserat,
1742 1887 1770 1912 et
1785 1893 1835 1921 pa-

1010 1928 1101 1955 radisi
1118 1928 1335 1956 institutionem
1360 1937 1394 1956 ac
1416 1928 1615 1964 disciplinam,
1632 1937 1666 1956 ex
1682 1929 1836 1965 utriusque

1009 1972 1174 2005 collatione,
1190 1975 1253 2000 tum
1270 1973 1500 2008 pulchritudinis
1516 1973 1717 2001 excellentiam
1733 1974 1836 2001 condi-

1010 2019 1113 2050 sceret,
1130 2018 1193 2044 tum
1209 2025 1298 2052 quam
1315 2017 1447 2046 facturus
1462 2021 1541 2045 esset
1552 2018 1710 2053 jacturam,
1727 2017 1752 2046 si
1767 2018 1836 2046 inde

1010 2061 1165 2095 excideret,
1183 2063 1336 2089 metueret.

1046 2106 1088 2133 11.
1102 2105 1138 2133 Ut
1148 2113 1214 2133 vero
1227 2105 1438 2142 plantatioaem
1453 2106 1498 2133 Dei
1514 2115 1602 2134 manu
1615 2106 1734 2142 dignam
1749 2107 1835 2135 intel-

1009 2150 1095 2186 ligas,
1111 2150 1138 2177 in
1161 2150 1331 2178 memoriam
1348 2151 1444 2178 veniat
1458 2159 1558 2178 eorum
1585 2159 1647 2186 qua:
1669 2159 1685 2178 a
1711 2151 1834 2181 Domino

1008 2195 1086 2222 dicta
1100 2197 1171 2222 sunt
1193 2195 1229 2222 ad
1246 2195 1426 2231 discipulos:
1445 2196 1492 2223 Vos
1507 2196 1572 2223 einx'
1587 2196 1724 2232 palmites,
1740 2201 1766 2224 et
1781 2199 1834 2224 Pa-

1007 2243 1048 2267 ter
1063 2248 1137 2268 meus
1156 2241 1280 2275 agricola
1296 2245 1334 2268 est
1344 2241 1376 2274 ⁸⁷,
1393 2242 1426 2267 ut
1441 2241 1490 2276 qui
1514 2240 1654 2268 nimirum
1679 2240 1732 2268 sali
1749 2241 1784 2268 ab
1801 2249 1834 2269 eo

125 2286 192 2314 ιστιι
211 2284 351 2320 δηλονότι,
376 2284 415 2316 ὡς
439 2285 502 2321 παρ’
526 2283 608 2311 αὐτοῦ
634 2283 815 2322 φυτευθέντες.
841 2283 950 2319 Ταύτης

1015 2287 1115 2312 essent.
1131 2285 1170 2312 Ex
1193 2284 1244 2312 illa
1259 2287 1329 2312 sunt
1355 2284 1545 2320 plantatione,
1562 2288 1590 2312 et
1615 2285 1665 2320 qui
1691 2285 1721 2312 iu
1747 2285 1833 2313 domo

125 2329 240 2364 εἰσὶτῆς
255 2329 361 2368 φυτείας
376 2329 420 2356 καὶ
447 2329 473 2356 οἱ
498 2328 524 2356 ἐν
549 2330 588 2364 τῷ
612 2327 680 2364 οἷ’κῳ
697 2327 794 2366 Κυρίου
819 2338 953 2366 πεφυτευ-

127 2375 216 2412 μὲνοι,
242 2375 279 2406 ὡς
300 2374 457 2412 γέγραπται,
482 2373 526 2400 καὶ
540 2372 566 2400 ἐν
595 2375 653 2404 ταῖς
679 2371 776 2403 αὐλαῖς
805 2374 854 2400 τοῦ
883 2375 949 2400 Θεοῦ

124 2421 206 2456 ἡμῶν
235 2418 414 2454 ἐξανθουντες.
443 2417 480 2444 Τὸ
509 2415 532 2444 δ’
547 2417 612 2444 αὐτὸ
636 2417 682 2444 καὶ
706 2416 733 2444 ἐν
755 2419 795 2453 τῷ
810 2418 948 2454 προφήτῃ·

125 2463 195 2501 Ἐγὼ
244 2462 376 2500 ἐφύτευσα
426 2461 549 2498 ἂμπελον
599 2461 773 2500 καρποφόρον
814 2485 821 2497 ,
864 2465 951 2489 πᾶσαν

123 2507 270 2543 ἀληθινήν.
299 2508 330 2536 Ὁ
359 2505 388 2535 δὲ
417 2507 544 2544 μιμητὴς
559 2509 606 2534 τοῦ
622 2507 740 2543 Χριστοῦ
756 2506 863 2537 Παῦλος
878 2506 949 2534 ἀπο-

121 2552 217 2589 τολμᾷ
242 2551 287 2579 καὶ
317 2551 391 2590 λέγει
421 2551 475 2586 ὅτι,
503 2549 570 2579 Θεοῦ
604 2550 729 2587 συνεργοὶ
761 2550 851 2587 ἐσμεν-
882 2553 950 2578 Θεοῦ

121 2596 257 2636 γεώργιόν
287 2596 368 2624 lca-re.
398 2596 470 2634 Ἐγὼ
496 2595 626 2635 ἐφύτευσα
643 2616 650 2630 ,
679 2594 825 2627 Ἀπολλὼς
859 2595 949 2623 ἐπότι-

1011 2329 1124 2356 l)omini
1142 2329 1266 2364 plantati
1291 2329 1402 2357 sunt“.
1421 2329 1455 2356 Et
1480 2337 1583 2357 rursus
1609 2329 1638 2356 in
1664 2329 1831 2365 propheta:

1003 2373 1058 2408 Ego
1072 2374 1197 2409 plantan
1222 2375 1331 2401 vineam
1353 2374 1537 2409 fructi/eram,
1563 2382 1671 2401 omnem
1694 2382 1787 2402 veram
1798 2374 1829 2401 ⁸⁰.

1006 2418 1160 2453 Audetque
1171 2419 1199 2445 et
1210 2418 1250 2445 ait
1258 2418 1363 2445 Christi
1373 2418 1497 2445 aemulus
1510 2418 1625 2452 Paulus,
1636 2419 1685 2446 Dei
1695 2419 1832 2455 adjutores

1003 2470 1115 2493 sumus;
1140 2463 1191 2490 Dei
1209 2463 1382 2498 agricultura
1405 2463 1478 2490 estis.
1497 2463 1549 2498 Ego
1573 2463 1712 2498 plantavi,
1738 2464 1831 2499 Apollo

1004 2508 1116 2543 rigavit.
1142 2507 1211 2534 Deus
1233 2511 1323 2535 autem
1347 2508 1547 2535 incrementum
1575 2507 1654 2536 dedit
1665 2508 1696 2535 ³ο.
1726 2508 1830 2536 Justus

1005 2560 1121 2588 quoque
1135 2551 1166 2578 in
1182 2551 1289 2579 Davide
1305 2551 1412 2580 similis
1427 2552 1524 2580 dictus
1539 2554 1584 2580 est
1598 2552 1695 2580 arbori
1712 2553 1829 2581 consitis

1004 2603 1091 2624 secus
1106 2596 1249 2624 decursus
1269 2604 1424 2633 aquarum,
1440 2598 1506 2632 Qus
1520 2598 1642 2633 fructum
1658 2604 1738 2624 suum
1754 2597 1831 2624 dabit

155 2703 180 2721 ⁸⁸
204 2701 281 2731 Psal.
297 2709 394 2734 xxxvx,
411 2700 436 2730 4.
475 2701 498 2720 ⁸⁸
511 2700 588 2730 Psal.
603 2709 668 2736 xcv,
678 2700 706 2729 5.
744 2701 767 2720 ⁸⁸
781 2700 858 2730 Psal.
873 2708 956 2736 xxxv,

1036 2701 1058 2719 ⁸⁷
1073 2700 1158 2730 Joan.
1174 2709 1220 2736 xv,
1238 2701 1263 2730 1.
1301 2701 1323 2720 ⁸⁸
1338 2700 1415 2730 Psal.
1430 2709 1486 2736 χοι,
1500 2701 1543 2730 Ui.
1580 2700 1604 2718 ⁸⁹
1616 2699 1766 2736 Jerem.u,
1778 2701 1825 2732 21.

120 2739 144 2758 ⁸ο
158 2739 171 2767 Ι
185 2738 250 2768 Cor.
266 2746 308 2772 ιιι,
324 2737 352 2771 9,
367 2737 395 2765 6.

156 2845 193 2883 (α)
207 2842 323 2879 ταύτην.
339 2843 424 2874 Forte
438 2841 594 2880 legendum
609 2850 720 2877 ταυτης,
736 2849 842 2879 nempe
857 2840 955 2869 κτίσεω

1015 2842 1076 2870 :nrr.
