2018 3146
200 147 240 177 ’15
671 145 869 176 ΑΡΡΕΝΒῘΧ
890 146 1020 177 OPERU

1077 147 1109 178 Β.
1131 147 1275 179 BASILII
1297 146 1435 179 MAGNI.
1868 150 1906 181 ἰθ

200 214 276 243 859
293 213 440 251 dirigitur,
451 212 610 249 perveniat.
620 212 684 240 Vox
693 220 758 240 vero
772 211 890 240 Domini
905 211 1020 240 alteriui

1083 210 1279 246 ἰπιϐάλλοντες
1302 214 1385 251 αὐτῷ,
1401 215 1503 248 ὠθοῦσι
1527 214 1573 243 διὰ
1592 217 1641 243 τοῦ
1665 215 1820 252 πνεύματος
1840 216 1906 254 πρὸς

199 262 245 289 est
259 260 388 296 generis,
400 259 458 287 Deo
473 258 716 294 imaginationem
731 265 832 286 eorum
849 266 924 293 quos
939 266 1028 286 suam

199 313 299 333 vocem
316 303 418 332 audire
432 303 495 331 vult
519 305 730 334 commovente.
751 305 839 337 atque
863 303 1026 336 excitante;

200 350 273 378 adeo
285 351 318 377 ut
329 348 500 384 imaginatio
512 348 614 376 isthmc
625 355 692 375 cum
703 355 738 376 ea
749 355 814 383 quae
830 347 858 374 in
871 347 985 375 somnis
997 347 1029 375 ﬁt

200 394 308 422 habeat
332 393 548 430 cognationem.
564 392 626 420 Non
642 393 720 420 enim
736 391 807 424 illic,
821 394 939 420 externo
963 400 1028 420 aere

200 447 351 476 percusso,
363 439 511 474 perceptio
527 446 628 466 eorum
643 446 707 473 quae
718 437 867 471 dicuntur,
882 445 933 473 per
943 445 1028 465 aures

199 483 354 512 illabitur:
381 483 431 511 sed
454 491 497 517 ea,
523 482 589 518 ipsa
615 484 713 510 mente
736 482 927 517 cogitationes
951 481 1026 509 exci-

199 528 307 565 piente,
319 528 349 556 in
364 527 506 556 memorie
518 535 618 555 eorum
631 527 681 563 qui
693 526 841 562 viderunt,
855 533 1027 562 permanere

198 573 282 602 solet.
295 573 381 601 Facta
391 574 437 600 est
448 572 548 608 itaque
559 579 614 599 vox
624 571 660 598 ad
671 570 831 605 Abraham,
845 570 923 606 quod
940 578 1026 598 aures

198 626 262 654 quis
277 617 329 646 Dei
343 617 483 645 mandata
503 616 606 644 audire
629 617 761 651 possent,
777 615 911 649 haberet,
927 614 1028 642 divina

195 663 261 699 ipsa
284 662 432 691 voluntate
447 661 473 689 ei
489 661 613 689 latenter
638 660 805 688 insonante.
817 660 879 687 Vox
893 667 960 687 vero
976 659 1027 688 illa

196 715 260 742 quis
276 707 311 734 ad
337 705 480 742 populum
505 705 604 737 fiebat,
620 706 684 732 erat
706 703 874 738 visibilis“,
890 704 945 731 hoc
971 706 1025 738 est,

196 751 315 787 cognitu
331 750 434 785 facilis,
454 758 487 777 ae
502 749 642 778 omnibus
659 747 946 784 comprehensibilis.
961 748 1025 777 Non

196 796 274 823 enim
297 795 426 832 profecto
441 794 536 822 colore
562 793 658 829 aliquo
687 793 816 821 colorata
843 795 906 821 erat
921 801 955 820 ac
969 792 1025 820 cir-

196 841 386 876 cumscripta,
403 840 446 868 sic
465 841 498 867 ut
522 838 636 875 prolata
650 846 699 866 ore
725 846 782 865 vox
805 837 916 874 percipi
932 837 1025 866 oculis

196 887 320 921 posset:
342 885 392 912 sed
421 884 538 912 videbat
570 882 698 919 populus
730 890 840 917 vocem,
870 884 1025 918 propterea

195 930 273 965 quod
301 929 423 957 lucidum
446 933 487 956 eu
514 929 628 956 Domini
652 929 831 964 praeceptum,
851 926 1023 955 illuminant

194 974 328 1007 oculos",
344 973 464 1001 exclusa
483 981 500 1000 a
523 972 610 1000 dictis
634 972 814 1000 obscuritate
838 971 928 1000 omni.
945 972 1021 1003 Quin

194 1021 223 1047 et
238 1019 273 1046 ad
290 1018 397 1046 Isaiam
413 1018 501 1045 ﬁebat
515 1025 577 1051 vox,
593 1017 776 1053 praecipiens,
789 1016 905 1047 Clama;
920 1015 950 1043 id
965 1018 1021 1049 est,

194 1071 278 1092 mens
295 1062 441 1098 prophetas
458 1063 493 1090 ab
508 1062 603 1090 indita
617 1061 674 1089 sibi
687 1070 704 1089 a
717 1061 774 1089 Deo
790 1061 920 1097 potentia
930 1061 1020 1088 infor-

193 1109 341 1136 mabatur.
357 1108 411 1136 Vox
424 1107 538 1135 Domini
561 1115 644 1143 super
667 1114 763 1142 aquas.
780 1107 847 1139 Quae
863 1107 940 1133 vox?
963 1106 1020 1133 Su-

192 1161 244 1189 per
259 1161 333 1188 quas
348 1160 441 1188 aquas
451 1151 465 1179 ?
489 1151 618 1185 Dictum,
633 1153 666 1179 ut
681 1150 865 1187 prophetiam
891 1150 1019 1186 accipia-

193 1206 272 1226 mus.
289 1197 458 1225 Memineris
473 1196 606 1229 Joannis,
619 1196 669 1232 qui
683 1204 751 1224 cum
762 1196 994 1231 interrogaretur
1004 1202 1021 1223 a

192 1242 301 1271 Iudaeis
319 1251 326 1270 :
343 1243 410 1277 Qui:
433 1250 460 1270 es
482 1243 536 1269 tu?
557 1241 634 1277 quod
658 1249 817 1276 responsum
840 1239 970 1268 dabimus
985 1239 1020 1267 iis

193 1288 242 1324 qui
255 1287 392 1315 miserunt
406 1287 473 1314 nos?
488 1285 640 1322 respondit
656 1294 662 1314 :
679 1286 733 1321 Ego
756 1292 807 1313 vox
829 1285 976 1312 clamantis
990 1284 1020 1311 in

192 1332 296 1360 deserto
308 1331 341 1359 ⁵⁸.
366 1331 495 1359 Joannes
517 1329 586 1366 ergo
607 1338 661 1357 vox
684 1332 729 1357 est
751 1329 878 1364 Domini,
895 1328 1019 1365 angelus

193 1379 260 1406 ante
276 1376 380 1404 faciem
396 1375 513 1404 Domini
529 1384 546 1403 α
558 1375 616 1402 Deo
632 1375 753 1409 missus,
765 1374 815 1409 qui
831 1373 955 1401 Domino
970 1381 1020 1409 po-

192 1421 295 1457 pulum
309 1419 476 1456 expeditum
501 1421 618 1455 pararet
627 1419 659 1446 ⁶⁰.
678 1419 741 1447 Hac
755 1418 846 1454 igitur
861 1426 915 1446 vox
930 1425 1019 1454 super

193 1474 286 1501 aquas
300 1467 374 1498 erat,
390 1465 420 1492 in
444 1464 582 1497 Jordsne,
599 1463 628 1491 in
645 1472 701 1499 quo
726 1463 903 1500 baptizabat,
920 1463 1017 1498 bapti-

193 1518 292 1539 smum
308 1509 471 1546 praedicans
487 1508 664 1544 paenitentiae
676 1518 682 1537 :
696 1516 749 1537 nec
764 1508 793 1536 in
803 1508 932 1536 Jordane
943 1507 1016 1542 solo,

192 1555 240 1583 sed
252 1556 281 1582 et
295 1554 325 1582 in
337 1554 420 1582 Enon
433 1561 522 1589 prope
533 1553 641 1587 Salem,
652 1553 728 1588 quod
745 1552 805 1580 illic
815 1552 942 1581 multum
952 1554 1015 1581 erat

192 1606 335 1635 aquarum
343 1597 439 1626 7".ch
449 1597 541 1634 igitur
551 1597 668 1626 Domini
679 1606 769 1633 super
778 1605 882 1633 aquas,
890 1597 1018 1625 Joannes
1034 1591 1055 1624 (ἶ

192 1646 247 1677 est,
259 1643 310 1679 qui
325 1643 436 1670 confert
451 1642 642 1678 baptismum.
654 1641 716 1669 Illic
727 1644 757 1669 et
766 1642 844 1669 Deus
856 1641 1019 1676 majestatis

193 1687 333 1716 intonuit.
349 1686 437 1715 Venit
457 1685 536 1714 enim
557 1695 611 1714 vox
625 1694 641 1714 e
656 1686 739 1719 caelo,
755 1686 856 1714 dii-ens
873 1693 880 1713 :
907 1686 957 1713 Hic
981 1688 1020 1714 est

193 1733 285 1763 Filius
297 1739 374 1760 meus
389 1731 516 1765 dilectus,
527 1732 557 1758 in
573 1739 625 1766 quo
638 1731 709 1758 mihi
723 1729 880 1766 compiacui
889 1730 921 1758 ⁷³.
938 1731 1020 1758 Tunc

193 1778 283 1806 etiam
299 1777 443 1805 Dominus
458 1784 547 1812 super
562 1784 655 1812 aquas
679 1775 787 1803 multas
803 1777 876 1810 erat,
891 1783 970 1809 cum,
987 1777 1022 1804 ut

196 1830 313 1851 omnem
343 1821 416 1858 legis
440 1821 589 1857 justitiam
619 1819 809 1856 adimpleret,
834 1820 871 1847 ad
899 1820 1020 1848 Joannis

195 1867 377 1903 baptismum
395 1866 572 1894 descendere
586 1865 724 1901 dignatus
739 1867 795 1892 est.

1083 257 1114 284 τὸ
1128 258 1236 297 φθάνειν
1263 259 1345 297 μέχρι
1369 263 1420 295 τῆς
1445 259 1530 294 ἀκοῆς
1554 263 1602 288 τοῦ
1626 260 1694 298 πρὸς
1717 260 1747 288 ὃν
1762 260 1872 298 γίνεται·
1888 261 1906 296 ἡ

1084 301 1113 329 δὲ
1140 305 1188 331 τοῦ
1218 303 1316 341 Κυρίου
1346 305 1434 342 φωνὴ,
1463 305 1619 343 ἑτερογινής
1646 305 1687 337 τίς
1713 305 1777 339 ἐστι,
1809 316 1906 344 φαντα-

1083 350 1205 379 σιοῦντος
1220 351 1269 376 τοῦ
1285 351 1351 376 Θεοῦ
1365 351 1406 380 οἷς
1421 349 1526 377 ἀκούειν
1545 349 1672 387 βούλεται
1687 351 1736 382 τῆς
1752 351 1845 389 φωνῆς
1860 349 1906 377 αὖ·

1081 395 1141 426 τοῦ,
1158 392 1226 420 ὥστε
1242 393 1388 432 ἀναλογίαν
1416 392 1473 432 ἔχει
1497 395 1545 429 τὴν
1562 394 1703 434 φαντασίαν
1723 394 1824 430 ταύτην
1839 395 1905 432 πρὸς

1081 437 1132 471 τήν
1148 437 1173 464 ὲν
1201 440 1260 468 τοῖς
1285 438 1402 477 ὀνείροις
1423 439 1581 476 γινομένην.
1611 438 1662 467 Καὶ
1677 438 1727 476 γὰρ
1752 438 1817 472 ἐκεῖ,
1843 439 1906 476 οὐχὶ

1081 483 1130 508 τοῦ
1145 481 1241 518 ἔξωθεν
1259 483 1336 521 ἀέρος
1359 483 1523 521 πληγέντος,
1549 483 1667 511 εἰσέπεσε
1692 482 1737 510 διὰ
1755 487 1807 518 τῆς
1822 483 1905 518 ἀκοῆς

1081 528 1134 553 τῶν
1150 525 1335 566 λεγομένων-ἦ
1352 527 1485 564 αἴσθησις,
1512 527 1574 556 ἀλλ’
1600 527 1680 555 αὑτοῦ
1704 530 1752 555 τοῦ
1776 529 1906 566 ἡγεμονι-

1081 573 1131 598 κοῦ
1169 570 1390 610 παραδεξαμένου
1417 573 1451 600 τὰ
1477 574 1602 609 νοήματα
1619 595 1626 608 ,
1656 574 1690 610 τῇ
1724 573 1820 610 μνήμῃ
1854 575 1906 601 τῶν

1082 616 1253 652 θεασαμένων
1283 618 1385 656 πέφυκε
1410 617 1581 654 παραμένειν.
1613 617 1733 654 Ἐγένετο
1763 617 1808 645 οὖν
1838 618 1905 655 πρὸς

1081 661 1127 687 τὸν
1154 658 1281 698 Ἀϐραὰμ
1304 662 1393 700 φωνὴ,
1426 660 1495 689 διόνι
1519 662 1592 700 εἶχεν
1620 662 1676 689 ὦτα
1700 661 1805 689 ἀκούειν
1827 660 1906 689 δυνά-

1084 715 1150 740 μενα
1175 707 1227 732 τῶν
1255 705 1370 734 ἐντολῶν
1400 709 1448 734 τοῦ
1477 708 1554 743 Θεοῦ,
1583 706 1652 734 κατὰ
1677 707 1708 733 τὸ
1735 706 1833 744 ἀφανὶς
1862 706 1905 734 έν-

1081 752 1216 787 ηχοῠντος
1239 751 1314 787 αὐτῷ
1331 753 1380 779 τοῦ
1405 751 1479 779 θείου
1506 752 1691 789 βουΛήματος.
1717 751 1788 790 Πρὸς
1816 750 1845 779 δὲ
1859 752 1903 779 τὸν

1081 792 1147 821 λαὸν
1171 796 1189 830 ἡ
1213 796 1289 831 φωνή
1316 796 1446 834 γινομένη
1463 797 1546 833 ὁρατὴ
1574 796 1618 831 ἦν·
1638 796 1775 824 τουτέστιν
1802 795 1904 834 εὔγνω-

1080 849 1153 875 στος,
1171 840 1266 874 συνετὴ
1292 843 1380 869 πᾶσιν.
1406 841 1445 869 Οὐ
1468 841 1520 878 γὰρ
1536 840 1569 876 δὴ
1586 841 1637 868 ὑπὸ
1663 841 1812 879 χρώματός
1831 851 1905 873 τινος

1079 883 1235 921 ἐχρώννυτο
1257 884 1303 912 καὶ
1326 884 1520 924 περιεγράφετο
1538 907 1545 919 ,
1568 885 1637 912 ὥστε
1661 885 1777 920 αἰσθητή
1801 885 1904 924 ὀφθαλ-

1079 931 1141 964 μοῖς
1156 929 1277 967 γενέσθαι
1294 930 1311 964 ἡ
1330 928 1488 966 λαλουμένη
1515 931 1603 968 φωνὴ,
1628 929 1692 958 ἀλλ’
1713 930 1785 968 ἑώρα
1805 931 1819 957 ὁ
1835 929 1902 962 λαὸς

1075 973 1125 1007 τήν
1155 975 1259 1012 φωνήν·
1288 972 1357 1001 διότι
1382 974 1399 1009 ἡ
1426 973 1525 1008 ἐντολὴ
1558 976 1606 1002 τοῦ
1631 974 1731 1010 Κυρίου
1757 974 1900 1012 τηλαυγὴς

1076 1018 1230 1055 φωτίζουσα
1253 1017 1434 1057 ὀφθαλμοὺς,
1461 1017 1590 1055 οὐδεμιᾶς
1617 1019 1745 1058 ἀσαφείας
1775 1029 1901 1057 περικει-

1077 1063 1160 1099 μένης
1174 1066 1232 1093 τοῖς
1247 1062 1440 1099 λαλουμένοις.
1459 1063 1507 1090 Καὶ
1531 1065 1570 1099 τῷ
1593 1063 1690 1099 Ἡσαΐᾳ
1705 1062 1733 1091 δὲ
1755 1065 1832 1103 φωνή
1849 1063 1903 1101 ἐγί-

1074 1117 1135 1135 νετο
1151 1109 1207 1144 (11)
1228 1108 1441 1143 προστάσσουσα·
1465 1108 1583 1142 Βόησον·
1608 1108 1665 1135 ἀντὶ
1689 1111 1748 1143 τοῦ,
1776 1109 1806 1136 τὸ
1834 1110 1900 1146 ἡγε-

1077 1152 1187 1188 μονικὸν
1216 1155 1264 1180 τοῦ
1290 1154 1433 1192 προφήτου
1466 1153 1519 1180 ἀπὸ
1543 1156 1593 1188 τῆς
1617 1152 1795 1190 ἐγγινομένης
1826 1153 1900 1189 αὖτῷ

1074 1196 1147 1234 παρὰ
1171 1198 1238 1224 Θεοῦ
1267 1195 1407 1233 δυνάμεως
1434 1196 1585 1225 ἐτυποῦτο.
1613 1197 1694 1231 Φωνή
1723 1197 1823 1233 Κυρίου
1854 1196 1898 1225 ἐπὶ

1073 1243 1128 1268 τῶν
1154 1239 1269 1270 ὑδάτων.
1299 1241 1367 1269 Ποία
1396 1242 1496 1280 φωνής
1521 1240 1565 1269 ἐπὶ
1595 1241 1680 1269 ποίων
1707 1239 1810 1269 ὑδάτων
1829 1251 1836 1270 :
1853 1242 1898 1273 Ὧς

1073 1285 1240 1325 προφητείαν
1258 1283 1386 1322 λάϐωμεν
1405 1286 1436 1313 τὸ
1462 1283 1555 1324 ῥητόν.
1574 1286 1718 1321 Μνήσθητι
1741 1288 1789 1313 τοῦ
1808 1287 1900 1314 Ἰωάν-

1073 1340 1132 1364 νου,
1147 1330 1187 1365 ὓς,
1214 1330 1362 1368 ἐρωτηθεὶς
1384 1330 1458 1368 παρὰ
1481 1333 1535 1358 τῶν
1561 1329 1711 1365 Ἰουδαίων,
1737 1330 1782 1362 Τίς
1809 1331 1833 1358 εἴ
1848 1331 1879 1358 σύ

1072 1373 1132 1401 τίνα
1181 1374 1322 1412 ἀπόκρισιν
1365 1373 1456 1411 δῶμεν
1495 1377 1554 1405 τοῖς
1600 1374 1789 1402 ἀποστείλασιν
1832 1376 1902 1412 (12),

1073 1419 1147 1455 ἡμᾶς
1164 1428 1170 1453 ;
1187 1418 1358 1457 ἀπεκρίνατο*
1389 1419 1458 1457 Ἐγὼ
1488 1420 1564 1458 φωνή
1592 1418 1695 1457 Κυρίου
1721 1420 1838 1457 βοῶντος
1867 1420 1896 1448 tv

1072 1465 1106 1500 τῇ
1131 1462 1237 1500 ἐρήμῳ.
1255 1463 1361 1492 Οὐκοῦν
1379 1463 1455 1502 φωνή
1479 1463 1580 1500 Κυρίου
1595 1463 1610 1490 ὁ
1625 1463 1763 1499 Ἰωάννης,
1778 1462 1895 1502 ἅγγελος

1073 1507 1125 1536 ἀπὸ
1141 1510 1208 1535 Θεοῦ
1226 1507 1430 1544 ἀπεσταλμένος
1460 1508 1513 1545 πρὸ
1542 1507 1690 1546 προσώπου
1709 1508 1821 1545 Κυρίου,
1847 1512 1896 1536 τοῦ

1074 1552 1217 1589 ἑτοιμάσαι
1239 1552 1328 1590 Κυρίῳ
1349 1551 1414 1580 λαὸν
1439 1553 1695 1589 κατεσκευασμένον.
1718 1551 1791 1588 Αὕτη
1818 1553 1864 1581 οὖν
1878 1554 1897 1589 ἠ

1075 1598 1151 1636 φωνὴ
1182 1597 1225 1624 ἐπὶ
1254 1599 1307 1624 τῶν
1336 1595 1439 1624 ὑδάτων
1461 1597 1506 1631 ἦν,
1530 1596 1575 1624 ἰπὶ
1597 1599 1637 1632 τῷ
1667 1595 1799 1635 Ἰορδάνῃ,
1823 1597 1851 1625 tv
1875 1598 1899 1634 ᾦ

1075 1640 1202 1670 έϐαπτισε
1227 1641 1369 1678 κηρύσσων
1393 1641 1424 1669 τὸ
1449 1645 1499 1677 τῆς
1523 1641 1665 1678 μετανοίας
1684 1642 1834 1679 βάπτισμα·
1852 1643 1898 1670 καὶ

1076 1685 1125 1713 οὑκ
1141 1685 1166 1713 tv
1179 1685 1218 1722 τῷ
1244 1684 1367 1723 Ἰορδάνῃ
1391 1685 1468 1722 μόνῳ
1493 1687 1557 1722 (13),
1574 1684 1647 1713 ἀλλὰ
1660 1686 1705 1713 καὶ
1720 1685 1746 1713 tv
1760 1688 1800 1723 τῷ
1813 1687 1898 1715 Ἑνὼν

1075 1729 1151 1769 ἐγγὺς
1166 1732 1214 1757 τοῦ
1239 1729 1351 1767 Σαλήμ,
1378 1730 1418 1757 δνι
1443 1729 1526 1758 ὕδατα
1544 1729 1637 1758 πολλὰ
1661 1731 1693 1764 ἦν
1710 1730 1774 1758 ἐκεῖ.
1791 1730 1898 1759 Οὐκοῦν

1075 1775 1153 1814 φωνὴ
1170 1775 1271 1813 Κυρίου
1292 1774 1336 1803 ἐπὶ
1355 1777 1408 1803 τῶν
1433 1773 1548 1809 ὑδάτων,
1569 1775 1583 1802 δ
1611 1775 1738 1811 Ἰωάννης
1761 1775 1833 1803 ἰστὶν
1855 1775 1900 1803 ἐπὶ

1075 1822 1123 1847 τοῦ
1141 1820 1338 1858 βαπτίσματος.
1360 1821 1433 1847 Ἐκεῖ
1453 1819 1496 1847 καὶ
1519 1820 1533 1847 ό
1555 1819 1618 1850 Θεὸς
1641 1822 1691 1854 τῆς
1712 1818 1791 1856 δόξης
1808 1817 1901 1858 £696».-

1076 1875 1167 1900 τησεν.
1187 1864 1273 1896 Ἦλθε
1301 1865 1350 1902 γὰρ
1381 1864 1455 1903 φωνὴ
1482 1863 1508 1898 ἐξ
1533 1863 1648 1901 οὐρανοῦ
1672 1863 1798 1902 λέγουσα¹
1815 1863 1901 1896 Οὗτός

193 1910 265 1939 ἔστιν
291 1911 305 1938 δ
315 1910 377 1941 Υἱός
396 1921 448 1947 μου
463 1910 477 1937 ὁ
489 1909 638 1948 ἀγαπητὸς,
651 1909 677 1936 tv
691 1909 714 1945 ᾧ
728 1907 872 1944 εὐδόκησα.
889 1909 955 1936 Τότε
968 1909 1013 1936 καὶ
1026 1909 1040 1936 ὃ
1056 1909 1154 1947 Κύριος
1171 1908 1216 1937 ἐπὶ
1230 1910 1284 1936 τῶν
1303 1907 1406 1936 ὑδάτων
1422 1906 1547 1943 πολλῶν,
1563 1908 1730 1944 καταξιώσας
1748 1905 1902 1944 καταϐῆναι

193 1955 238 1983 ἐπὶ
253 1956 284 1983 τὸ
298 1955 426 1983 Ἰωάννου
443 1955 592 1993 βάπτισμα,
606 1953 652 1981 ἵνα
667 1952 804 1992 πληρώσῃ
820 1956 905 1981 πᾶσαν
918 1952 1089 1990 δικαιοσύνην
1106 1954 1155 1988 τὴν
1172 1953 1197 1981 tv
1209 1955 1249 1990 τῷ
1263 1953 1352 1989 νόμῳ.

229 2002 255 2029 3.
273 2001 358 2030 Vana.
375 2001 402 2028 4.
420 2001 475 2029 Vox
493 2000 609 2029 Domini
632 2000 662 2027 in
686 2001 797 2027 virtute.
815 2000 917 2027 Aufert
941 1999 1020 2028 enim

193 2046 382 2074 inﬁrmitates
397 2044 497 2082 populi
522 2053 573 2081 per
596 2043 771 2081 poanitentiae
795 2044 952 2080 baptisma,
969 2052 1022 2080 per

193 2091 291 2127 ipsum
307 2090 460 2126 baptizans
483 2089 512 2117 in
537 2098 615 2126 aqua
641 2089 678 2117 ad
702 2089 916 2125 panitentiam.
933 2088 1018 2123 Illud,

193 2137 225 2164 In
240 2137 354 2168 virtute,
369 2143 423 2162 vox
445 2136 490 2162 est
515 2135 615 2162 dicens
631 2142 638 2162 :
656 2135 851 2162 Paenitentiam
875 2134 959 2168 agite,
970 2142 1019 2169 ap-

191 2180 391 2216 pmpinquavit
404 2180 479 2207 enim
493 2187 608 2214 regnum
622 2179 754 2207 caelorum
764 2179 802 2213 7’;
818 2178 888 2206 item
905 2186 912 2205 :
930 2179 1021 2206 Facite

192 2226 299 2260 fructus
309 2224 410 2260 digno:
420 2224 589 2258 paenitentia
597 2223 631 2251 ⁷³.
643 2225 701 2251 Aut
712 2223 785 2251 forte
795 2231 850 2251 vox
863 2224 893 2250 in
907 2223 1019 2258 virtute,

194 2269 264 2305 quia
279 2269 402 2296 Domino
418 2276 485 2296 vere
506 2268 571 2296 forti
587 2268 715 2296 Joannes
731 2268 780 2296 dat
803 2267 1018 2301 testimonium,

193 2314 294 2341 dicens
311 2321 318 2341 :
336 2313 389 2349 Ego
414 2313 520 2348 baptizc
543 2314 572 2340 in
596 2320 669 2349 aqua
684 2322 693 2340 :
709 2313 757 2349 qui
771 2315 868 2340 autem
891 2314 954 2348 post
977 2320 1020 2340 me

192 2362 323 2386 venturus
337 2362 388 2391 est,
400 2359 500 2393 [crtior
513 2365 556 2385 me
571 2360 611 2385 est
621 2357 653 2385 ⁷⁵.
667 2357 731 2385 Haec
747 2358 838 2394 igitur
852 2366 906 2386 vox
920 2357 1019 2384 virtuti

1110 2000 1137 2027 3.
1155 1999 1238 2033 Φωνὴ
1264 1997 1361 2036 Κυρίου
1391 1997 1416 2024 tv
1445 1997 1531 2035 ἰσχύϊ.
1552 1997 1678 2036 Ἀφαιρεῖ
1691 1996 1740 2035 γὰρ
1753 1996 1801 2028 τὰς
1818 1997 1902 2030 ἀσθε-

1073 2044 1145 2074 νείας
1162 2045 1210 2071 τοῦ
1232 2042 1301 2071 λαοῦ
1328 2041 1372 2069 διὰ
1394 2044 1442 2069 τοῦ
1470 2042 1656 2080 βαπτίσματος
1675 2043 1724 2076 τῆς
1742 2042 1900 2078 μετανοίας,

1075 2087 1110 2116 δι’
1125 2088 1206 2116 αὑτοῦ
1233 2087 1368 2126 βαπτίζων
1395 2086 1420 2114 tv
1445 2085 1522 2114 ὕδατι
1547 2086 1586 2118 εἷς
1611 2086 1763 2123 μετάνοιαν.
1780 2087 1826 2121 Τὸ,
1855 2087 1899 2116 Ἐν

1075 2132 1161 2170 ίονχύϊ,
1187 2132 1204 2167 ἡ
1229 2132 1306 2170 φωνὴ
1330 2132 1347 2166 ἡ
1374 2131 1498 2168 λέγουσα·
1524 2133 1685 2159 Μετανοεῖτε
1702 2153 1708 2166 ,
1725 2130 1823 2169 ἤγγικε
1847 2132 1900 2169 γὰρ

1074 2178 1091 2212 ἠ
1123 2176 1245 2215 βασιλεία
1273 2178 1325 2203 τῶν
1355 2175 1486 2212 οὐρανῶν·
1515 2176 1584 2212 καὶ,
1612 2177 1748 2211 Ποιήσατε
1776 2175 1902 2213 καρποὺς

1074 2221 1164 2257 ἀξίους
1179 2223 1228 2253 τῆς
1253 2220 1406 2258 μετανοίας.
1433 2221 1466 2248 Ἢ
1494 2221 1601 2257 μήποτε
1624 2219 1650 2247 ἐν
1672 2219 1750 2258 ίσχύϊ
1774 2220 1791 2255 ἠ
1808 2221 1901 2259 φωνὴ,

1075 2265 1145 2294 διότι
1161 2268 1293 2303 μαρτυρεῖ
1304 2268 1343 2302 τῷ
1359 2262 1415 2292 ὄντι
1432 2267 1471 2301 τῷ
1494 2263 1600 2302 ἴσχυρῷ
1619 2264 1710 2301 Κυρίῳ
1727 2264 1741 2291 ὁ
1757 2264 1902 2300 Ἰωάννης,

1075 2310 1170 2348 λέγων·
1201 2309 1271 2348 Ἐγὼ
1302 2309 1424 2347 βαπτίζω
1453 2308 1479 2336 tv
1510 2307 1596 2336 ὕδατι·
1627 2308 1642 2336 ὁ
1671 2307 1700 2336 δέ
1730 2308 1818 2336 ὀπίσω
1847 2320 1903 2345 μου

1074 2355 1226 2393 ἐρχόμενος
1260 2354 1438 2392 ἰσχυρότερός
1475 2353 1527 2390 μού
1557 2352 1628 2380 έστιν
1647 2373 1653 2381 .
1683 2353 1714 2380 Ἡ
1742 2353 1820 2390 φωνὴ
1851 2353 1901 2381 οὖν

192 2383 512 2431 testimonium'dabat.
532 2403 585 2431 νοτε
608 2403 719 2430 Domini
743 2383 775 2430 i1:
796 2402 1018 2437 magniﬁcentia.

1077 2383 1151 2435 πίῦζιζηι
1167 2383 1312 2437 ἐμαρτύρὲ
1327 2383 1373 2435 Ιτῇ
1392 2383 1491 2435 lio-xiii.
1521 2398 1604 2432 Φωνή
1633 2397 1732 2435 Κυρίου
1748 2383 1787 2424 ,έν
1815 2383 1904 2435 μεγα-

192 2447 340 2477 Nimirum
356 2455 423 2476 cum
448 2447 588 2484 mysteria
609 2455 718 2484 magna
734 2448 770 2475 de
793 2447 864 2476 Jesu
888 2447 1020 2475 narraret

1077 2443 1234 2482 λοπρεπείᾳ·
1259 2443 1293 2471 τὰ
1318 2442 1424 2480 μεγάλα
1447 2443 1508 2480 ’περὶ
1528 2441 1576 2470 τοῦ
1592 2442 1684 2478 Ἰησοῦ
1699 2440 1902 2480 διαλεγομένου

226 2533 250 2552 ⁸⁸
265 2533 353 2562 Exod.
369 2541 416 2569 xx,
433 2533 476 2562 18.
514 2533 536 2551 ⁸⁷
551 2532 629 2561 Psal.
641 2541 722 2568 xvm,
737 2533 765 2560 9.
803 2532 825 2550 ⁸⁸
839 2532 923 2561 Joan.
940 2539 963 2569 ι,
977 2531 1020 2566 22,

1077 2552 1083 2558 .
1120 2530 1143 2549 °°
1158 2532 1226 2559 Luc.
1243 2538 1262 2566 ι,
1276 2529 1318 2558 17.
1356 2529 1379 2547 ἰθ
1393 2529 1478 2558 Joan.
1496 2537 1536 2564 ui,
1553 2529 1598 2557 23.
1636 2530 1658 2547 ¹¹¹
1675 2528 1777 2558 Matth.
1795 2537 1838 2566 ιιι,
1852 2530 1902 2560 17.

191 2570 214 2590 ⁷³
229 2570 334 2600 Matth.
350 2578 393 2607 ιιι,
408 2568 434 2598 2.
473 2569 497 2588 ⁷³
511 2569 578 2597 Luc.
592 2577 635 2605 ιιι,
652 2570 679 2598 8.
717 2568 739 2587 ⁷⁸
754 2568 859 2597 Matth.
876 2577 920 2603 ιιι,
935 2568 981 2596 11.

1069 2653 1235 2682 venientem
1251 2652 1408 2680 Dominum
1432 2653 1567 2688 prompto
1583 2652 1682 2680 animo
1697 2654 1726 2680 et
1738 2651 1828 2681 alacri
1845 2660 1901 2680 su-

1071 2689 1186 2726 scipiat.
1197 2689 1260 2726 _Nec
1274 2688 1355 2726 enim
1369 2687 1444 2716 alius
1464 2687 1528 2724 ejus
1548 2688 1604 2716 loci
1619 2689 1733 2717 videtur
1748 2696 1813 2717 esse
1828 2696 1901 2716 sen-

1071 2724 1133 2754 sus.
1150 2724 1285 2761 Vulgata,
1297 2724 1407 2761 plebem
1421 2725 1581 2761 perfectam.

1107 2762 1160 2797 (13)
1178 2758 1238 2789 Duo
1265 2758 1336 2788 mes.
1355 2759 1447 2796 μόνον.
1463 2758 1519 2788 Alii
1534 2761 1591 2789 duo
1611 2769 1676 2789 cum
1695 2760 1782 2789 editis
1808 2758 1904 2796 μόνῳ.

1070 2798 1159 2827 Paulo
1175 2800 1242 2834 post
1258 2797 1326 2833 Reg.
1343 2799 1467 2833 quartus
1481 2796 1499 2831 ἡ
1514 2796 1603 2834 φωνή.

225 2659 281 2695 (11)
295 2659 338 2687 Ita
353 2660 413 2686 tres
427 2665 500 2695 mss.
510 2657 547 2695 _At
563 2656 651 2695 editio
668 2656 834 2695 Parislcum
847 2655 918 2695 Reg.
929 2654 1016 2695 quin:

191 2697 220 2723 to
230 2689 349 2731 Ἐγένετο.
366 2693 647 2731 MoxeditioHParis.
664 2700 732 2720 cum
748 2692 818 2728 Reg.
835 2689 946 2727 quarto
956 2689 1015 2716 ἀντὶ

189 2732 238 2758 τοῦ
252 2728 294 2758 τό.
312 2733 396 2758 Deest
409 2728 441 2756 τύ
456 2729 486 2757 in
503 2728 569 2757 aliis
585 2737 641 2756 ms.

225 2767 282 2802 (12)
298 2767 367 2802 Reg.
384 2765 489 2794 tertius
513 2764 661 2802 πέμψασιν.
678 2762 852 2802 Iilud_quod
878 2769 945 2802 mox
970 2769 1014 2789 se-

191 2798 302 2838 quitur,
327 2798 393 2829 λᾶὸν
416 2798 673 2838 κατεσκευασμένον,
690 2799 732 2827 sic
755 2798 940 2838 interpretati
965 2806 1014 2838 su:

191 2834 269 2874 mus,
282 2834 415 2874 populum
442 2835 613 2872 expeditum,
629 2836 659 2864 id
683 2837 737 2871 est,
754 2835 795 2864 ita
819 2834 966 2869 effectum,
984 2835 1016 2862 ut
