2018 3146
109 150 150 180 ’Π

665 145 834 177 HOMILIA
856 146 898 176 IN
917 145 1111 177 PSALMUM
1132 146 1272 177 XXVIII.
1295 167 1298 169 λ

1781 149 1824 179 78

115 216 253 254 μυστήρια
267 217 316 244 τοῦ
332 215 470 250 Ἰωάννου,
500 214 637 253 λεγοντος·
665 212 746 243 Εἶδον
769 213 802 241 τὸ
830 214 939 250 Πνεῦμα

1004 213 1136 248 Ioannes,
1152 213 1272 241 dicens:
1304 212 1365 241 Vidi
1387 212 1522 248 Spiritum
1544 217 1670 242 sanctum
1683 214 1754 242 sicut
1775 222 1821 243 co-

112 260 143 288 τὸ
172 261 250 299 ἅγιον
281 261 318 291 ὡς
358 260 413 297 (14)
442 259 601 298 περιστερὰν
631 256 793 286 καταϐαῖνον
819 269 864 296 καί
896 259 942 294 μὲ-

114 316 158 333 νον
189 305 233 333 ἐπ’
259 305 351 333 αὐτόν·
381 304 426 332 καὶ
450 303 545 332 πάλιν·
576 305 637 332 Ὀτι
665 303 695 331 ἐκ
709 306 756 331 τοῦ
786 303 942 340 πληρώμα-

113 360 160 382 τος
192 349 277 378 αὐτοῦ
303 351 385 386 ἡμεῖς
412 348 509 380 πάντες
540 346 685 385 ἐλάϐομεν,
715 348 759 376 καὶ
788 348 869 386 χάριν
884 347 941 375 ἀντὶ

114 395 240 433 χάριτος.
271 394 377 431 ’Υψηλὰ
404 403 456 431 γαρ
471 394 505 421 τὰ
519 392 603 421 ὕδατα
617 393 662 421 καὶ
685 391 734 420 τοῦ
752 392 878 430 μεγέθους
893 395 943 427 τῆς

115 439 198 474 δόξης
213 440 262 473 τῆς
279 438 340 476 περὶ
355 439 401 466 τὸν
416 441 559 475 Μονογενῆ
575 437 768 475 παραστατικά.
789 437 835 464 Διὸ
860 437 941 471 Φωνή

114 483 219 522 Κυρίου
258 483 284 511 ἐν
323 482 553 521 μεγαλοπρεπείᾳ.
587 482 802 520 Μεγαλοπρεπὲς
840 480 869 509 δὲ
897 481 942 508 καὶ

113 528 147 556 τὸ
175 528 285 566 λέγειν’
324 528 388 556 Θεὸν
420 527 508 559 οὐδεὶς
536 527 640 563 ἑώρακε
666 527 788 554 πώποτε’
818 527 832 554 ὁ
861 536 942 562 μονο-

112 573 194 610 γενής
220 572 282 604 Υἱὸς
299 594 306 607 ,
332 572 347 599 ὁ
376 571 414 599 ὢν
443 571 467 599 ἐν
498 574 556 602 τοῖς
585 571 702 602 κόλποις
730 573 779 598 τοῦ
814 570 918 608 Πατρὸς
936 593 943 604 ,

114 617 220 648 ἐκεῖνος
239 617 390 655 ἐξηγήσατο
407 639 414 646 .
454 616 506 644 Καὶ
540 615 633 644 πολλὰ
668 615 884 653 μεγαλοπρεπῶς
910 615 943 641 τὰ

114 661 178 698 περὶ
204 664 252 689 τοῦ
267 661 506 699 Κυρίου-φαίνεται
524 659 704 698 διηγούμενος
719 660 745 688 ἐν
775 662 814 696 τῷ
843 659 941 697 λέγειν·

115 706 154 735 υῦ
172 705 284 734 δύναται
313 705 454 743 ἅνθρωπος
484 702 633 742 λαμϐάνειν
664 703 752 740 οὐδὲν,
781 703 826 731 ἐὰν
858 704 896 740 μὴ

115 749 265 787 δεδομένον
298 750 370 786 αὖτῷ
398 749 428 777 ἐκ
457 752 504 777 τοῦ
532 750 660 786 οὐρανοῦ,
687 748 900 786 Μεγαλοπρεπὲς
915 747 944 776 δὲ

114 796 159 823 καὶ
191 795 234 830 τὸ,
261 795 292 824 Ὁ
318 794 418 826 ἄνωθεν
444 794 596 832 ἐρχόμενος
624 793 713 821 ἐπάνω
743 793 850 821 πάντων
873 792 942 821 ἐστί.

117 840 169 868 Καὶ
198 841 241 875 τὸ,
270 840 301 869 Ὀ
327 837 419 866 λαϐὼν
448 839 530 866 αὐτοῦ
557 840 607 873 τὴν
634 837 790 876 μαρτυρίαν,
815 837 943 875 ἐσφράγι-

117 895 174 922 σεγ,
214 884 256 912 δτι
295 885 309 912 6
349 884 412 915 Θεὸς
451 883 583 918 ἀληθινός
621 883 700 910 ἐστιν.
734 883 783 910 ’Όν
811 883 862 920 γὰρ
892 883 944 910 ἀπ-

117 928 236 956 ίστειλςν
265 929 279 955 ὁ
308 928 383 962 Θεὸς,
412 928 445 955 τὰ
475 927 584 966 ῥήματα
606 929 654 954 τοῦ
683 928 750 954 Θεοῦ
779 925 868 954 λαλεῖ.
895 927 944 954 Καὶ

117 973 162 1008 τὰ,
189 974 219 1001 '0
251 972 387 1000 πιστεύων
416 972 454 1004 εἰς
479 972 526 999 τὸν
556 971 628 1005 Υἱὸν,
660 969 719 1009 ἔχει
737 971 809 1006 ζωήν
824 971 946 998 αἲώνιονί

116 1019 161 1045 καὶ
194 1016 244 1045 ὅσα
268 1019 394 1045 τοιαῦτα·
424 1015 508 1046 Οὐδὲν
539 1017 584 1044 οὗν
608 1016 743 1051 ταπεινὸν,
772 1014 833 1043 οὐδὲ
851 1026 947 1054 μικρο-

115 1062 231 1101 πριπὶς,
261 1061 335 1090 ἀλλὰ.
363 1062 450 1089 πάντα
479 1060 659 1099 μεγαλοφυῶς
676 1060 743 1097 μετὰ
770 1062 818 1088 τοῦ
834 1059 947 1089 ἐπιϐάλ-

1000 257 1124 286 lumbam
1138 257 1347 286 descendentem
1359 265 1392 285 ac
1404 259 1561 286 manentem
1570 266 1654 294 super
1666 266 1730 287 eum
1739 259 1761 276 ⁷⁵
1775 268 1781 294 ;
1794 261 1823 288 et

998 302 1124 330 iterum:
1141 303 1178 330 De
1195 303 1371 338 plenitudine
1389 302 1449 337 ejus
1472 311 1522 331 nos
1536 310 1628 331 omnes
1653 305 1822 340 accepimus,

998 349 1022 375 et
1033 348 1158 383 gratiam
1166 355 1217 383 pro
1227 348 1356 382 gratia“.
1365 347 1511 375 Sublimes
1523 351 1727 384 namquesunt
1737 357 1820 385 aquai

997 392 1071 426 istae,
1088 395 1117 420 et
1131 391 1229 428 glorias
1245 392 1393 428 Unigeniti
1409 391 1642 427 magnitudinem
1657 393 1818 422 declarant.

998 436 1065 464 Ideo
1083 437 1140 464 Vox
1153 437 1266 465 Domini
1287 438 1317 464 in
1335 437 1549 472 magniﬁcentia.
1562 436 1637 470 Quin
1653 437 1742 466 etiam
1757 441 1820 467 erat

998 481 1188 517 magniﬁcum
1204 481 1300 509 dicere
1312 491 1319 510 ε
1330 484 1418 509 Deum
1432 489 1510 509 nemo
1519 481 1589 509 vidit
1601 490 1726 518 unquam
1734 491 1746 514 ;
1757 484 1820 511 uni-

995 527 1105 561 genilus
1119 527 1217 561 Filius,
1241 527 1290 562 qui
1311 527 1395 554 estin
1418 527 1482 554 sinu
1506 527 1613 560 Patris,
1642 527 1691 555 ille
1701 536 1822 557 enarra-

997 572 1038 599 vit
1048 571 1080 598 ".
1091 571 1185 606 Atque
1195 571 1280 607 plura
1291 570 1446 607 magniﬁce
1456 571 1492 598 de
1503 571 1627 599 Domino
1635 571 1715 608 loqui
1724 573 1825 610 depre-

999 615 1147 648 henditur,
1164 616 1242 643 860
1264 615 1313 643 ubi
1338 615 1396 643 ait:
1422 615 1480 643 Non
1502 619 1590 650 potest
1603 617 1685 645 homo
1699 619 1824 654 accipere

999 660 1160 695 quidquam,
1176 661 1232 688 nisi
1241 660 1331 697 fuerit
1345 661 1372 687 ci
1390 659 1483 687 datum
1506 660 1539 688 de
1554 660 1618 689 calo
1627 660 1659 689 ⁷³.
1685 661 1824 699 Magniﬁ-

998 713 1065 732 cum
1081 713 1197 740 quoque
1220 706 1249 732 et
1276 704 1368 732 illud:
1397 705 1450 738 Qui
1477 704 1621 733 desursum
1641 707 1726 742 venit,
1742 715 1825 744 super

999 757 1090 777 omnes
1104 751 1145 776 cst
1152 749 1185 776 τα.
1203 749 1237 776 Et
1250 749 1330 776 istud
1347 757 1353 776 :
1371 749 1425 783 Qui
1438 750 1542 785 accepit
1551 750 1609 785 ejus
1623 752 1824 789 testimonium,

998 795 1118 829 signavit
1132 794 1198 829 quia
1213 794 1284 821 Deus
1297 801 1384 821 veras:
1398 798 1445 822 est.
1459 795 1542 828 Quem
1559 796 1634 823 enim
1649 796 1726 824 misit
1740 798 1821 832 Deus,

999 838 1083 865 verba
1098 839 1151 866 Dei
1167 838 1291 875 loquitur
1300 838 1332 865 ⁸ο.
1360 838 1433 866 Illud
1458 847 1575 876 quoque
1592 848 1599 867 :
1617 840 1671 874 Qui
1692 842 1778 871 credit
1791 844 1822 871 in

1001 884 1116 916 Filium,
1130 883 1209 911 habet
1218 884 1303 911 vitam
1313 887 1450 912 acernam
1459 884 1481 902 ⁸³
1495 897 1503 918 ;
1516 886 1545 912 et
1559 884 1673 921 reliqua
1688 884 1822 922 ejusdem

1001 928 1127 965 generis.
1142 927 1221 955 Nihil
1241 928 1331 964 igitur
1353 928 1475 962 humile,
1498 929 1644 965 abiectum
1661 930 1754 961 nihil:
1770 933 1822 961 sed

1003 973 1103 1000 omnia
1118 972 1273 1008 magniﬁce
1290 981 1356 1001 cum
1371 973 1553 1002 convenienti
1569 975 1773 1011 magnitudine
1788 978 1824 1006 de

1003 1017 1127 1045 Domino
1143 1017 1221 1045 dicta
1231 1019 1312 1051 sunt,
1325 1020 1424 1054 utpote
1434 1027 1452 1046 a
1460 1018 1573 1047 Joanne
1584 1020 1720 1049 decenter
1734 1029 1826 1050 enun-

1002 1062 1084 1090 tiata.
1101 1062 1212 1090 Idcirco
1229 1065 1290 1090 Vox
1304 1063 1416 1091 Domini
1428 1064 1460 1090 in
1474 1063 1695 1099 magniﬁcentia.

118 1107 219 1138 λοντος
238 1106 367 1144 μεγέθους
383 1106 542 1144 πρεπόντως
559 1104 744 1142 ἀποδιδόμενα
757 1106 832 1143 παρὰ
846 1107 894 1133 τοῦ
911 1107 1036 1135 Ἰωάννου
1050 1107 1116 1144 (15),
1132 1106 1194 1144 περὶ
1208 1108 1256 1134 τοῦ
1272 1106 1373 1145 Κυρίου
1388 1106 1550 1143 λελάληται.
1562 1108 1612 1136 Διὰ
1629 1111 1726 1138 τοῦτο·
1744 1112 1827 1148 Φωνή

118 1153 222 1190 Κυρίου
238 1151 265 1179 ἐν
284 1150 513 1189 μεγαλοπρεπείᾳ.

156 1199 184 1225 4.
216 1196 300 1230 Φωνή
328 1195 428 1233 Κυρίου
470 1192 660 1231 συντρίϐοντος
695 1194 831 1233 κέδρους.
867 1199 950 1224 Δυνα-

117 1242 165 1269 seu
182 1240 280 1275 εἲπεῖν,
311 1240 353 1268 ὅτι
376 1240 528 1277 ἑτοιμάζων
546 1240 635 1278 Κυρίῳ
653 1239 718 1268 λαὸν
735 1241 950 1278 κατεσκευασμὲ-

120 1296 181 1322 νον,
205 1285 254 1316 τὰς
279 1284 463 1323 ἐπαιρομένας
482 1283 604 1316 ἀσεϐείας
628 1285 671 1312 καὶ
702 1285 854 1322 ὑψουμένας
883 1285 951 1313 κατὰ

117 1333 171 1366 τῆς
210 1330 336 1366 γνώσεως
371 1331 419 1357 τοῦ
457 1331 523 1357 Θεοῦ
555 1327 704 1367 συντρίϐων
728 1330 772 1357 καὶ
801 1332 948 1367 καθαιρῶν,

119 1374 209 1403 ἐποίει
237 1374 270 1401 τὰ
287 1373 385 1401 σκολια
413 1373 452 1404 εἷς
479 1373 594 1406 εὐθεῖαν.
624 1374 655 1402 Ὁ
683 1374 734 1412 γὰρ
750 1374 837 1401 παντὰ
854 1374 947 1412 βουνὸν

120 1420 167 1447 καὶ
190 1422 242 1446 πᾶν
267 1418 331 1456 ὅρος
350 1420 493 1452 ταπεινῶν,
520 1417 599 1450 οὗτος
622 1418 655 1453 ἦν
684 1419 698 1446 ὁ
726 1417 876 1456 συντρίϐων
899 1419 948 1450 τὰς

1040 1189 1067 1216 4.
1084 1187 1172 1216 Vane.
1188 1188 1216 1216 5.
1234 1188 1290 1216 Vox
1303 1189 1415 1217 Domini
1435 1191 1638 1226 confringentis
1656 1193 1758 1222 cedrus.
1775 1194 1829 1223 Po-

1005 1234 1062 1260 test
1070 1232 1138 1266 dici,
1152 1233 1230 1268 quod
1241 1241 1349 1269 parans
1360 1234 1483 1263 Domino
1493 1235 1635 1271 populum
1646 1238 1827 1274 expeditum,

1005 1277 1170 1314 impietates
1185 1278 1325 1307 adversus
1341 1279 1392 1307 Dei
1405 1279 1602 1315 cognitionem
1613 1281 1704 1310 elatas
1716 1291 1749 1312 ao
1763 1292 1827 1312 eve-

1005 1324 1067 1350 ctas
1096 1325 1265 1359 conterens,
1295 1326 1486 1360 evertensque
1515 1325 1634 1361 obliqua
1661 1327 1690 1354 in
1719 1330 1827 1358 rectam

1004 1367 1081 1395 viam
1097 1369 1318 1396 transmutaret.
1334 1368 1388 1401 Qui
1404 1377 1529 1404 namque
1542 1369 1645 1398 collem
1657 1379 1788 1406 omnem,
1799 1375 1828 1401 et

1004 1414 1134 1440 montem
1150 1420 1268 1440 omnem
1293 1413 1473 1449 deprimit”,
1489 1413 1514 1441 is
1538 1416 1610 1449 erat,
1627 1415 1677 1451 qui
1697 1417 1826 1446 confrin-

122 1462 246 1500 κέδρους,
275 1463 320 1491 καὶ
346 1462 515 1499 ἓξομαλίζων
539 1463 589 1496 τήν
621 1461 766 1499 ἐπιδημίαν
783 1465 822 1498 τῷ
846 1462 947 1500 Κυρίῳ,

1005 1457 1092 1493 gebat
1106 1457 1220 1490 cedros,
1232 1465 1265 1484 ac
1280 1457 1404 1485 Domino
1428 1458 1584 1486 adventum
1599 1460 1827 1498 complanabat;

121 1507 167 1535 διὰ
190 1509 240 1535 τοῦ
264 1507 363 1544 ἐνάγειν
387 1507 426 1538 εἷς
451 1507 594 1544 μετάνοιαν
609 1508 659 1542 τὴν
683 1507 792 1544 ὑψηλὴν
807 1508 852 1535 καὶ
867 1507 953 1545 ἐπηρ-

125 1553 210 1589 μένην
237 1551 284 1579 καὶ
308 1551 490 1579 ἀταπείνωτον
512 1550 623 1589 καρδίαν
639 1554 687 1580 τοῦ
704 1551 780 1580 λαοῦ.
797 1553 876 1584 Ὅθεν
891 1551 953 1580 δια-

121 1596 274 1635 δεχόμενος
305 1595 387 1623 αὸτοῦ
401 1596 450 1630 τὴν
477 1596 643 1633 ἕτοιμασίαν,
660 1594 793 1635 συντρίϐει
810 1598 824 1625 ὁ
841 1597 951 1634 Κύριος,

121 1639 169 1668 διὰ
196 1642 246 1675 τῆς
273 1641 371 1668 ἑαυτοῦ
398 1639 559 1678 ἐπιδημίας,
585 1641 632 1672 τὰς
661 1641 846 1678 ἀντικειμένας
871 1640 951 1669 δυνά-

121 1696 194 1722 μεις,
224 1684 338 1721 κέρδους
366 1687 414 1712 τοῦ
440 1682 557 1712 Λιϐάνου
572 1687 711 1722 τροπικῶς
735 1685 948 1722 ὀνομαζομένας.

120 1732 169 1758 Δεῖ
183 1730 235 1767 γὰρ
251 1729 298 1756 τὸν
315 1730 413 1765 Κύριον
431 1728 593 1766 βασιλεύειν,
624 1730 704 1767 ἄχρις
727 1730 758 1757 οὗ
774 1731 807 1767 θῇ
822 1730 885 1761 τοὺς
901 1730 949 1768 ἰχ-

121 1774 205 1812 οροὺς
236 1773 289 1801 ὐπὸ
317 1772 383 1804 τοὺς
413 1773 498 1805 πόδας
514 1773 605 1802 αὐτοῦ.
637 1774 685 1801 Καὶ
713 1774 812 1806 ταύτας
839 1774 886 1806 τὰς
904 1774 948 1802 κέ-

119 1818 203 1856 δρους
229 1818 357 1846 λεπτυνεῖ
370 1819 438 1854 (16)⁷
470 1818 508 1848 ὡς
535 1818 581 1845 τὸν
611 1819 716 1856 μόσχον
744 1819 790 1846 τὸν
814 1816 945 1848 Λίϐανον.

119 1864 156 1892 Τί
186 1863 233 1891 οὖν
245 1862 315 1890 ἔστιν
332 1863 346 1890 ὁ
364 1862 470 1900 μόσχος
481 1860 597 1894 Λίϐανος
610 1876 616 1896 ;
639 1863 735 1898 Φασίν,
753 1862 794 1890 ὅτι
809 1864 866 1901 (17)
881 1864 949 1891 κατὰ

119 1905 234 1941 πολλὴν
252 1905 407 1944 περιεργίαν
435 1906 461 1933 οἱ
484 1908 543 1937 τοῖς
556 1905 684 1937 εἰδώλοις
701 1906 887 1944 λατρεύοντες,
905 1907 950 1936 διὰ

117 1954 171 1979 τοῦ
185 1948 305 1980 Λιϐάνου
333 1952 502 1988 μορφοῦντες
529 1951 642 1988 μόσχων
659 1951 880 1988 ἀπεικονίσματα,
898 1952 948 1979 οὕ-

118 2006 176 2026 τως
205 1997 290 2022 ταῦτα
317 1995 480 2032 κατήγγιζον
509 1993 553 2022 ἐπὶ
578 1997 627 2022 τοῦ
653 1996 750 2033 πυρός.
783 1995 876 2027 Οὕτως
904 1996 949 2024 οὗν

119 2051 189 2078 φησι
203 2040 252 2070 τὰς
279 2038 463 2076 ἀντικειμένας
487 2037 614 2075 δυνάμεις
637 2039 675 2071 εἷς
701 2039 853 2079 ἀφανισμὸν
869 2040 948 2076 ἀξίως

118 2084 334 2120 ἰξαφανίσεσθαι.
351 2084 385 2112 Ἤ
412 2084 517 2121 μόσχος
533 2084 547 2111 ὁ
562 2082 607 2112 διὰ
620 2086 668 2112 τοῦ
683 2082 804 2112 Λιϐάνου
821 2085 873 2112 ὑπὸ
900 2088 948 2113 τοῦ

119 2130 206 2167 πυρὸς
236 2129 436 2165 συντηκόμενος
464 2130 532 2156 κατὰ
559 2129 590 2156 τὸ
614 2129 764 2166 εἷρημέννν·
795 2130 839 2161 Ὠς
864 2131 948 2166 τήκε-

118 2185 163 2203 ται
190 2175 276 2211 κηρὸς
304 2174 358 2201 ἀπὸ
385 2173 533 2211 προσώπου
557 2175 660 2212 πυρὸς),
699 2175 784 2206 οὕτως
815 2175 949 2204 ἀπολοῦν-

158 2252 180 2269 ⁷⁸
195 2251 282 2279 Joan.
303 2260 323 2285 ι,
339 2252 375 2279 32

118 2287 144 2305 ⁸⁸
161 2288 217 2316 lsa.
235 2295 279 2320 XL,
295 2287 322 2315 4.
360 2287 382 2305 ⁵³
397 2286 473 2315 Psal.
492 2296 576 2322 vau,
594 2288 619 2315 3.

170 2362 214 2398 lli)
232 2362 303 2398 Reg.
321 2364 444 2398 quartus
459 2361 534 2398 ὡσεί.

172 2399 216 2433 15)
234 2397 411 2436 Ι-Ιὶιὶᾶίπαρᾶ
423 2397 471 2425 τοῦ
488 2398 627 2436 Ἰωάννου,
643 2400 724 2428 deest
737 2400 766 2428 in
781 2401 852 2436 Reg.
866 2409 953 2435 quar-

123 2437 167 2472 to.
180 2434 272 2472 Paulo
287 2436 356 2472 post
369 2434 445 2462 idem
454 2435 552 2472 codex
568 2435 719 2471 ὲτοιμάζων
736 2438 804 2472 Θεῷ.
821 2434 952 2466 Subinde

122 2471 213 2498 editio
231 2471 322 2499 Paris.
348 2479 416 2498 cum
445 2471 561 2498 duobus
591 2479 664 2499 mss.
693 2471 842 2505 καθαίρων,
866 2473 951 2502 male.

122 2506 325 2544 Editioﬁasil.
343 2509 372 2534 et
386 2508 454 2542 Reg.
472 2509 597 2544 quartus
611 2508 762 2544 καθαιρῶν,
776 2506 862 2537 bene.

160 2542 217 2578 (16)
231 2541 274 2578 Ita
288 2544 358 2577 Reg.
379 2541 514 2578 quartus.
539 2542 636 2571 Editio
652 2541 719 2571 vero
745 2544 836 2572 Paris.
854 2543 952 2571 λεπτύ-

123 2586 190 2605 νειν.
206 2577 288 2606 Colb.
304 2578 449 2614 septimus
464 2577 600 2614 λεπτύνει.

160 2614 216 2657 (ΓΖ)
232 2614 281 2657 Sic
294 2611 384 2657 editis
400 2613 433 2641 Τί
449 2612 495 2655 οὗν
512 2613 582 2657 ἆσςειν
595 2613 609 2640 ὁ
622 2613 747 2657 μόσχοςλ
766 2611 894 2657 λείξανος,
907 2625 954 2654 φα-

124 2648 178 2686 ριν,
195 2649 226 2676 ὃν
243 2649 433 2686 etc.,rquibus
447 2650 476 2677 in
490 2650 587 2678 verbis
601 2648 667 2678 cum
678 2648 751 2678 insit
761 2651 875 2686 vitium,
887 2648 953 2679 etim

125 2685 225 2713 locum
239 2685 292 2712 viri
307 2685 470 2713 doctissimi
482 2686 676 2714 Combeﬂsius
686 2689 714 2714 et
726 2689 848 2715 Ducieus
859 2696 956 2716 emen-

128 2720 201 2759 dare
212 2721 380 2759 voluerunt,
398 2721 480 2749 docte
504 2722 623 2758 quidem
638 2726 773 2759 uterque,
797 2724 847 2750 sed
863 2724 955 2752 diver-

130 2765 172 2795 se.
192 2757 237 2795 ᾼὶι
253 2757 629 2795 igitur‘Duca‘usLlOrtqsse
655 2757 809 2794 legendum
831 2767 905 2795 esse,
921 2759 955 2788 Τί

133 2792 179 2830 οὖν
195 2790 307 2830 lanio
325 2791 430 2830 p.qu
443 2791 469 2819 τί
482 2790 508 2820 ⁷ὁ
520 2790 650 2830 λΛίϐανος
663 2803 670 2828 ;
682 2790 772 2830 έριιίἁ
786 2803 849 2830 ergo
864 2790 904 2824 est
916 2796 957 2823 vi-

129 2828 229 2858 tulus!
240 2828 308 2866 quid
323 2828 466 2857 Libanus?
485 2828 530 2857 vel
545 2832 634 2864 certe,
662 2829 692 2857 Τί
710 2828 760 2857 οὖν
789 2828 860 2858 ἐστιν
875 2831 890 2858 ὁ
905 2830 954 2868 μό-

411 2252 433 2269 ⁷⁶
455 2251 526 2279 ibid.
544 2252 586 2279 16.
625 2253 646 2270 “¹¹¹
663 2252 735 2281 ibid.
763 2253 807 2282 18.
846 2254 869 2272 ⁷⁸
894 2254 980 2283 Joan.

1009 1509 1076 1529 cum
1100 1501 1204 1536 altum,
1228 1501 1409 1537 elatumque,
1431 1504 1460 1530 et
1471 1502 1648 1533 humilitatis
1671 1505 1830 1542 impatiens

1008 1553 1057 1574 cor
1072 1546 1172 1582 populi
1188 1546 1344 1574 deduceret
1359 1547 1394 1574 ad
1407 1547 1620 1583 paenitentiam.
1638 1549 1720 1578 Unde
1734 1551 1832 1580 Domi-

1007 1599 1064 1618 nus
1080 1591 1284 1627 prznparationi
1299 1591 1394 1627 ipsius
1417 1593 1587 1629 succedens,
1606 1595 1766 1630 potestates
1781 1596 1833 1624 ad-

1005 1644 1116 1670 versas,
1129 1636 1230 1664 cedros
1242 1636 1346 1664 Libani
1361 1644 1412 1672 per
1427 1638 1631 1674 metaphoram
1646 1642 1765 1668 vocatas
1780 1642 1834 1670 ad-

1005 1684 1093 1710 ventu
1110 1690 1164 1709 suo
1180 1681 1347 1717 confringit.
1364 1681 1483 1718 Oportet
1498 1691 1626 1720 namque
1643 1693 1766 1721 regnare
1779 1686 1833 1714 Do-

1006 1726 1131 1761 minum,
1156 1727 1248 1754 donec
1277 1726 1332 1754 sub
1361 1735 1431 1755 suos
1458 1727 1546 1763 pedes
1574 1731 1664 1764 ponat
1682 1730 1829 1759 inimicos.

1005 1771 1091 1799 νεεδ.
1108 1772 1135 1798 6.
1152 1772 1190 1798 Et
1199 1774 1248 1799 has
1261 1771 1363 1799 oedros
1372 1772 1547 1806 comminuet,
1558 1777 1691 1810 tanquam
1705 1775 1829 1803 vitulum

1004 1816 1228 1849 Libanum.Quid
1236 1816 1376 1851 igiturest
1382 1816 1492 1845 vitulus
1499 1818 1627 1846 Libanus
1634 1818 1645 1846 Ρ
1652 1819 1827 1848 Feruntido-

1004 1861 1099 1889 lorum
1113 1861 1240 1889 cultores
1255 1861 1349 1889 multa
1363 1861 1482 1890 solertia
1497 1862 1654 1891 simulacra
1665 1863 1825 1892 vitulorum

1004 1914 1039 1934 ex
1053 1906 1140 1934 thure
1154 1906 1303 1942 efﬁngere,
1319 1913 1412 1942 eaque
1426 1908 1491 1934 tum
1514 1907 1633 1935 domum
1647 1907 1707 1944 igni
1724 1909 1825 1937 admo-

1003 1958 1079 1979 vere.
1097 1951 1197 1986 Itaque
1220 1951 1357 1978 eumdem
1386 1951 1422 1978 ad
1448 1951 1569 1979 modum
1599 1953 1742 1988 propheta
1756 1953 1828 1982 dicit

1004 1995 1187 2023 adversariae
1201 1997 1359 2030 potestates
1373 2003 1389 2023 ο
1403 1996 1499 2023 medio
1513 2004 1575 2024 esse
1586 1997 1654 2032 jure
1668 1997 1826 2027 tollendas.

1005 2042 1062 2068 Aut
1076 2038 1185 2067 vitulus
1200 2038 1259 2073 ille,
1278 2039 1328 2075 qui
1343 2048 1377 2067 ex
1398 2040 1484 2068 thure
1509 2041 1640 2075 etl‘ectus,
1655 2041 1722 2077 igne
1736 2042 1828 2078 lique-

1004 2085 1069 2118 scit,
1084 2085 1169 2119 juxta
1183 2083 1211 2111 id
1227 2084 1305 2119 quod
1322 2084 1433 2112 dictum
1445 2086 1508 2112 est:
1524 2084 1601 2112 Sicut
1617 2085 1724 2121 tiqueﬁl
1736 2095 1828 2115 cerua

1003 2129 1074 2166 facie
1088 2129 1172 2163 ignis,
1197 2128 1238 2156 sic
1253 2128 1386 2164 peribunt
1402 2131 1558 2164 peccatores
1568 2129 1600 2158 ⁸³,
1626 2130 1829 2167 Similiterque

1007 2173 1131 2210 intelligi
1147 2175 1253 2209 potest,
1270 2173 1372 2201 cedros
1382 2175 1411 2201 et
1425 2173 1524 2209 ipsum
1535 2173 1679 2203 Libanum
1693 2175 1830 2204 elationis

1010 2261 1053 2287 ιιι,
1069 2253 1114 2280 27,
1153 2251 1176 2268 ⁷⁸
1191 2250 1262 2279 ibid.
1290 2251 1335 2280 31.
1374 2251 1397 2270 ³ο
1411 2251 1482 2280 ibid.
1513 2252 1558 2287 33,
1574 2252 1619 2281 34.
1657 2254 1679 2272 ⁰¹
1695 2253 1767 2282 ibid.
1784 2254 1830 2283 36.

1009 2373 1078 2401 σχος
1087 2362 1136 2390 τοῦ
1147 2360 1265 2391 Λιϐάνου
1277 2376 1285 2398 ;
1297 2364 1372 2401 Quid
1381 2372 1445 2399 ergo
1453 2368 1494 2393 cst
1504 2365 1607 2394 vitulus
1618 2366 1739 2395 Libani?
1748 2366 1832 2395 Gom-

1009 2400 1130 2440 beﬁsius
1145 2400 1308 2440 ver_o'alit_er
1318 2401 1474 2440 emendare
1484 2403 1670 2440 aggreditur;
1687 2406 1832 2440 putatque

1007 2436 1176 2475 legendum,
1237 2473 1242 2475 _
1255 2435 1300 2475 οῦν
1326 2435 1395 2475 ὶστιν
1413 2436 1426 2463 ὁ
1445 2435 1560 2475 induviis:
1587 2435 1721 2473 manu};
1746 2435 1831 2466 Φᾶσὶν

1007 2472 1061 2506 ὅτι,
1078 2475 1134 2500 etc.
1152 2472 1222 2507 Quid
1233 2473 1319 2506 igitur
1328 2473 1430 2500 vitulus
1440 2472 1581 2502 Liban'us?
1595 2475 1680 2503 Aiunt
1694 2472 1833 2503 idolorum

1007 2509 1134 2545 cultores,
1161 2511 1218 2545 etc.
1235 2510 1292 2535 Nec
1319 2508 1439 2536 dubium
1457 2510 1527 2545 quin
1553 2510 1608 2539 hoc
1632 2520 1685 2539 suo
1714 2512 1832 2539 invento

1009 2544 1135 2572 multum
1152 2544 1311 2572 delectatus
1327 2544 1374 2576 sit,
1392 2544 1654 2575 cum’conﬁdenter
1668 2547 1756 2575 addat
1768 2555 1774 2574 :
1786 2548 1834 2575 Sic

1010 2580 1088 2624 lqgit,
1102 2581 1267 2624 scripsitque
1277 2581 1408 2624 Basilius.
1421 2581 1482 2613 Quo
1498 2582 1617 2624 quidem
1629 2583 1715 2611 modo
1731 2584 1833 2624 auctor

1010 2617 1074 2652 ejus
1090 2616 1223 2651 opusculi
1239 2616 1397 2652 scripserit,
1418 2625 1473 2644 non
1491 2616 1585 2646 dicam
1601 2621 1666 2652 (nec
1680 2626 1746 2646 vero
1756 2618 1832 2645 tanti

1010 2651 1096 2689 nobis
1106 2651 1315 2689 videturscire)
1329 2661 1335 2680 :
1349 2652 1523 2688 quintamen
1535 2655 1701 2689 conjecture
1712 2653 1833 2681 Combe-

1010 2688 1066 2716 ﬂsii
1083 2688 1157 2725 nihil
1169 2688 1273 2725 melius
1284 2689 1421 2723 occurrit,
1433 2697 1496 2717 eam
1507 2688 1738 2725 amplectendam
1751 2689 1832 2717 duxi-

1011 2733 1089 2767 mus.
1106 2724 1251 2767 Nec-illud
1267 2725 1474 2767 pmittendum,
1491 2725 1546 2760 legi
1558 2724 1595 2767 in.
1616 2725 1685 2767 Reg.
1702 2725 1795 2767 tertio_
1804 2727 1832 2753 et

1011 2760 1091 2788 Colb.
1109 2763 1194 2797 sexto
1206 2759 1290 2797 φασίν
1314 2760 1328 2786 ὁ
1343 2760 1410 2787 κατά
1433 2763 1499 2788 etc..
1520 2759 1597 2796 quod
1623 2759 1693 2797 quin
1711 2761 1833 2788 mendo-

1012 2805 1078 2825 sum
1095 2797 1133 2825 sit
1148 2796 1277 2825 dubitari
1291 2803 1347 2824 non
1363 2797 1469 2832 potest.
