  <div class='ocr_page' id='page_1' title='image "/cluster/home/n/w/nwhite01/storage/ocr_20150623/30/njp.32101013202591/056.png"; bbox 0 0 2018 3146; ppageno 0'>
   <div class='ocr_carea' id='block_1_1' title="bbox 115 190 1289 227">
    <p class='ocr_par' dir='ltr' id='par_1_1' title="bbox 115 190 1289 227">
     <span class='ocr_line' id='line_1_1' title="bbox 115 190 1289 227; baseline -0.005 -1"><span class='ocrx_word' id='word_1_1' title='bbox 115 193 154 222; x_wconf 74' lang='grc'><strong>85</strong></span> <span class='ocrx_word' id='word_1_2' title='bbox 671 193 836 223; x_wconf 82' lang='lat' dir='ltr'><strong>HOMILIA</strong></span> <span class='ocrx_word' id='word_1_3' title='bbox 859 192 896 222; x_wconf 81' lang='grc' dir='ltr'><strong>ΙΝ</strong></span> <span class='ocrx_word' id='word_1_4' title='bbox 920 190 1113 223; x_wconf 84' lang='lat' dir='ltr'><strong>PSALMUM</strong></span> <span class='ocrx_word' id='word_1_5' title='bbox 1136 190 1289 227; x_wconf 81' lang='lat' dir='ltr'><strong>XXXVII,</strong></span> 
     </span>
    </p>
   </div>
   <div class='ocr_carea' id='block_1_2' title="bbox 116 252 941 296">
    <p class='ocr_par' dir='ltr' id='par_1_2' title="bbox 116 255 941 296">
     <span class='ocr_line' id='line_1_2' title="bbox 116 255 941 296; baseline 0 -12"><span class='ocrx_word' id='word_1_6' title='bbox 116 255 145 284; x_wconf 72' lang='grc' dir='ltr'>δὶ</span> <span class='ocrx_word' id='word_1_7' title='bbox 175 257 266 295; x_wconf 72' lang='grc' dir='ltr'>ὀργῆς</span> <span class='ocrx_word' id='word_1_8' title='bbox 294 260 344 293; x_wconf 80' lang='grc' dir='ltr'><strong>τῆς</strong></span> <span class='ocrx_word' id='word_1_9' title='bbox 367 257 490 289; x_wconf 82' lang='grc' dir='ltr'>παιδείας</span> <span class='ocrx_word' id='word_1_10' title='bbox 505 260 600 296; x_wconf 85' lang='grc' dir='ltr'>τυχεῖν</span> <span class='ocrx_word' id='word_1_11' title='bbox 617 258 698 295; x_wconf 56' lang='lat' dir='ltr'><strong>lieno?</strong></span> <span class='ocrx_word' id='word_1_12' title='bbox 715 259 753 290; x_wconf 84' lang='grc' dir='ltr'>ὡς</span> <span class='ocrx_word' id='word_1_13' title='bbox 765 258 788 286; x_wconf 76' lang='grc' dir='ltr'>εἰ</span> <span class='ocrx_word' id='word_1_14' title='bbox 803 258 848 285; x_wconf 81' lang='grc' dir='ltr'><strong>καὶ</strong></span> <span class='ocrx_word' id='word_1_15' title='bbox 864 256 941 295; x_wconf 72' lang='grc' dir='ltr'>ῗατριῖ</span> 
     </span>
    </p>
   </div>
   <div class='ocr_carea' id='block_1_3' title="bbox 997 252 1829 296">
    <p class='ocr_par' dir='ltr' id='par_1_3' title="bbox 1006 252 1829 294">
     <span class='ocr_line' id='line_1_3' title="bbox 1006 252 1829 294; baseline -0.006 -9"><span class='ocrx_word' id='word_1_16' title='bbox 1006 258 1084 294; x_wconf 88' lang='lat' dir='ltr'><strong>piam</strong></span> <span class='ocrx_word' id='word_1_17' title='bbox 1100 257 1237 285; x_wconf 82' lang='lat' dir='ltr'><strong>morbum</strong></span> <span class='ocrx_word' id='word_1_18' title='bbox 1253 256 1414 284; x_wconf 83' lang='lat' dir='ltr'><strong>curandum</strong></span> <span class='ocrx_word' id='word_1_19' title='bbox 1428 254 1561 284; x_wconf 82' lang='lat' dir='ltr'><strong>oil’erenti</strong></span> <span class='ocrx_word' id='word_1_20' title='bbox 1579 254 1674 282; x_wconf 87' lang='lat' dir='ltr'><strong>dicat:</strong></span> <span class='ocrx_word' id='word_1_21' title='bbox 1697 253 1739 282; x_wconf 87' lang='lat' dir='ltr'><strong>Ne</strong></span> <span class='ocrx_word' id='word_1_22' title='bbox 1754 252 1829 281; x_wconf 88' lang='lat' dir='ltr'><strong>mihi</strong></span> 
     </span>
    </p>
   </div>
   <div class='ocr_carea' id='block_1_4' title="bbox 113 302 949 342">
    <p class='ocr_par' dir='ltr' id='par_1_4' title="bbox 113 302 949 342">
     <span class='ocr_line' id='line_1_4' title="bbox 113 302 949 342; baseline -0.002 -12"><span class='ocrx_word' id='word_1_23' title='bbox 113 313 166 336; x_wconf 87' lang='grc' dir='ltr'>τις,</span> <span class='ocrx_word' id='word_1_24' title='bbox 183 303 219 330; x_wconf 76' lang='grc' dir='ltr'>τὰ</span> <span class='ocrx_word' id='word_1_25' title='bbox 252 302 299 330; x_wconf 77' lang='grc' dir='ltr'><strong>διὰ</strong></span> <span class='ocrx_word' id='word_1_26' title='bbox 325 307 459 342; x_wconf 79' lang='grc' dir='ltr'><strong>καυτῆρος</strong></span> <span class='ocrx_word' id='word_1_27' title='bbox 483 303 528 331; x_wconf 79' lang='grc' dir='ltr'><strong>καὶ</strong></span> <span class='ocrx_word' id='word_1_28' title='bbox 553 302 668 341; x_wconf 84' lang='grc' dir='ltr'>σιδήρου</span> <span class='ocrx_word' id='word_1_29' title='bbox 691 303 737 330; x_wconf 90' lang='grc' dir='ltr'><strong>καὶ</strong></span> <span class='ocrx_word' id='word_1_30' title='bbox 756 305 860 341; x_wconf 77' lang='grc' dir='ltr'>πικρῶν</span> <span class='ocrx_word' id='word_1_31' title='bbox 877 302 949 330; x_wconf 85' lang='grc' dir='ltr'>ἀντι-</span> 
     </span>
    </p>
   </div>
   <div class='ocr_carea' id='block_1_5' title="bbox 115 346 949 386">
    <p class='ocr_par' dir='ltr' id='par_1_5' title="bbox 115 346 949 386">
     <span class='ocr_line' id='line_1_5' title="bbox 115 346 949 386; baseline -0.001 -12"><span class='ocrx_word' id='word_1_32' title='bbox 115 346 204 374; x_wconf 83' lang='grc' dir='ltr'>δότων</span> <span class='ocrx_word' id='word_1_33' title='bbox 221 347 405 386; x_wconf 69' lang='grc' dir='ltr'>προσφέροντι</span> <span class='ocrx_word' id='word_1_34' title='bbox 429 349 594 386; x_wconf 76' lang='grc' dir='ltr'><strong>βοηθήματα</strong></span> <span class='ocrx_word' id='word_1_35' title='bbox 614 347 658 375; x_wconf 77' lang='grc' dir='ltr'><strong>ἐπὶ</strong></span> <span class='ocrx_word' id='word_1_36' title='bbox 688 348 817 386; x_wconf 80' lang='grc' dir='ltr'><strong>θεραπείᾳ</strong></span> <span class='ocrx_word' id='word_1_37' title='bbox 845 347 949 379; x_wconf 83' lang='grc' dir='ltr'><strong>πάθους</strong></span> 
     </span>
    </p>
   </div>
   <div class='ocr_carea' id='block_1_6' title="bbox 116 391 946 430">
    <p class='ocr_par' dir='ltr' id='par_1_6' title="bbox 116 391 946 430">
     <span class='ocr_line' id='line_1_6' title="bbox 116 391 946 430; baseline 0 -11"><span class='ocrx_word' id='word_1_38' title='bbox 116 391 316 429; x_wconf 70' lang='grc' dir='ltr'>ὑποκειμένου,</span> <span class='ocrx_word' id='word_1_39' title='bbox 332 391 424 430; x_wconf 75' lang='grc' dir='ltr'>λέγοι·</span> <span class='ocrx_word' id='word_1_40' title='bbox 443 393 489 427; x_wconf 81' lang='grc' dir='ltr'><strong>Μὴ</strong></span> <span class='ocrx_word' id='word_1_41' title='bbox 521 392 565 420; x_wconf 81' lang='grc' dir='ltr'><strong>διὰ</strong></span> <span class='ocrx_word' id='word_1_42' title='bbox 592 393 677 430; x_wconf 83' lang='grc' dir='ltr'>πυρός</span> <span class='ocrx_word' id='word_1_43' title='bbox 709 403 742 429; x_wconf 84' lang='grc' dir='ltr'><strong>με</strong></span> <span class='ocrx_word' id='word_1_44' title='bbox 769 392 946 430; x_wconf 74' lang='grc' dir='ltr'>θεραπεύσῃς,</span> 
     </span>
    </p>
   </div>
   <div class='ocr_carea' id='block_1_7' title="bbox 118 435 947 475">
    <p class='ocr_par' dir='ltr' id='par_1_7' title="bbox 118 435 947 475">
     <span class='ocr_line' id='line_1_7' title="bbox 118 435 947 475; baseline -0.001 -11"><span class='ocrx_word' id='word_1_45' title='bbox 118 435 188 473; x_wconf 59' lang='grc' dir='ltr'>μηδι</span> <span class='ocrx_word' id='word_1_46' title='bbox 205 435 254 464; x_wconf 79' lang='grc' dir='ltr'><strong>διὰ</strong></span> <span class='ocrx_word' id='word_1_47' title='bbox 268 435 382 475; x_wconf 85' lang='grc' dir='ltr'>σιδήρου</span> <span class='ocrx_word' id='word_1_48' title='bbox 397 437 442 464; x_wconf 83' lang='grc' dir='ltr'><strong>καὶ</strong></span> <span class='ocrx_word' id='word_1_49' title='bbox 457 439 562 473; x_wconf 81' lang='grc' dir='ltr'><strong>τομῶν,</strong></span> <span class='ocrx_word' id='word_1_50' title='bbox 580 436 624 464; x_wconf 86' lang='grc' dir='ltr'><strong>διὰ</strong></span> <span class='ocrx_word' id='word_1_51' title='bbox 639 436 667 464; x_wconf 76' lang='grc' dir='ltr'>δὲ</span> <span class='ocrx_word' id='word_1_52' title='bbox 682 435 772 472; x_wconf 83' lang='grc' dir='ltr'>ἠπίων</span> <span class='ocrx_word' id='word_1_53' title='bbox 792 437 837 464; x_wconf 88' lang='grc' dir='ltr'><strong>καὶ</strong></span> <span class='ocrx_word' id='word_1_54' title='bbox 862 446 947 473; x_wconf 86' lang='grc' dir='ltr'>πραο-</span> 
     </span>
    </p>
   </div>
   <div class='ocr_carea' id='block_1_8' title="bbox 115 480 946 520">
    <p class='ocr_par' dir='ltr' id='par_1_8' title="bbox 115 480 946 520">
     <span class='ocr_line' id='line_1_8' title="bbox 115 480 946 520; baseline 0 -12"><span class='ocrx_word' id='word_1_55' title='bbox 115 480 202 519; x_wconf 75' lang='grc' dir='ltr'>τὲρων</span> <span class='ocrx_word' id='word_1_56' title='bbox 218 482 384 520; x_wconf 63' lang='grc' dir='ltr'>φαρμάκων</span> <span class='ocrx_word' id='word_1_57' title='bbox 401 482 415 509; x_wconf 80' lang='grc' dir='ltr'><strong>ὁ</strong></span> <span class='ocrx_word' id='word_1_58' title='bbox 440 482 492 520; x_wconf 82' lang='grc' dir='ltr'><strong>γὰρ</strong></span> <span class='ocrx_word' id='word_1_59' title='bbox 518 484 643 513; x_wconf 73' lang='grc' dir='ltr'>τοιοῦτος</span> <span class='ocrx_word' id='word_1_60' title='bbox 668 481 699 509; x_wconf 79' lang='grc' dir='ltr'>οὐ</span> <span class='ocrx_word' id='word_1_61' title='bbox 725 482 775 516; x_wconf 82' lang='grc' dir='ltr'><strong>τήν</strong></span> <span class='ocrx_word' id='word_1_62' title='bbox 805 480 946 519; x_wconf 76' lang='grc' dir='ltr'><strong>θεραπείαν</strong></span> 
     </span>
    </p>
   </div>
   <div class='ocr_carea' id='block_1_9' title="bbox 118 525 945 564">
    <p class='ocr_par' dir='ltr' id='par_1_9' title="bbox 118 525 945 564">
     <span class='ocr_line' id='line_1_9' title="bbox 118 525 945 564; baseline 0 -11"><span class='ocrx_word' id='word_1_63' title='bbox 118 526 248 564; x_wconf 80' lang='grc' dir='ltr'>ἀρνεῖται,</span> <span class='ocrx_word' id='word_1_64' title='bbox 268 526 343 554; x_wconf 73' lang='grc' dir='ltr'>ἀλλὰ</span> <span class='ocrx_word' id='word_1_65' title='bbox 363 527 395 554; x_wconf 82' lang='grc' dir='ltr'><strong>τὸ</strong></span> <span class='ocrx_word' id='word_1_66' title='bbox 421 526 551 554; x_wconf 64' lang='grc' dir='ltr'>ὖπίπονον</span> <span class='ocrx_word' id='word_1_67' title='bbox 576 529 628 554; x_wconf 79' lang='grc' dir='ltr'>τῶν</span> <span class='ocrx_word' id='word_1_68' title='bbox 656 526 853 564; x_wconf 79' lang='grc' dir='ltr'><strong>βοηθημάτων.</strong></span> <span class='ocrx_word' id='word_1_69' title='bbox 873 525 945 553; x_wconf 90' lang='grc' dir='ltr'>Πολ-</span> 
     </span>
    </p>
   </div>
   <div class='ocr_carea' id='block_1_10' title="bbox 118 567 947 609">
    <p class='ocr_par' dir='ltr' id='par_1_10' title="bbox 118 567 947 609">
     <span class='ocr_line' id='line_1_10' title="bbox 118 567 947 609; baseline -0.001 -11"><span class='ocrx_word' id='word_1_70' title='bbox 118 569 197 602; x_wconf 81' lang='grc' dir='ltr'>λάκις</span> <span class='ocrx_word' id='word_1_71' title='bbox 212 569 243 598; x_wconf 82' lang='grc' dir='ltr'>δὲ</span> <span class='ocrx_word' id='word_1_72' title='bbox 260 569 379 609; x_wconf 68' lang='grc' dir='ltr'>εἴρηται,</span> <span class='ocrx_word' id='word_1_73' title='bbox 397 571 434 602; x_wconf 73' lang='grc' dir='ltr'>ὡς</span> <span class='ocrx_word' id='word_1_74' title='bbox 449 571 519 609; x_wconf 85' lang='grc' dir='ltr'><strong>ὀργή</strong></span> <span class='ocrx_word' id='word_1_75' title='bbox 533 571 577 598; x_wconf 85' lang='grc' dir='ltr'><strong>καὶ</strong></span> <span class='ocrx_word' id='word_1_76' title='bbox 601 572 688 608; x_wconf 85' lang='grc' dir='ltr'>θυμὸς</span> <span class='ocrx_word' id='word_1_77' title='bbox 712 573 759 598; x_wconf 76' lang='grc' dir='ltr'>τοῦ</span> <span class='ocrx_word' id='word_1_78' title='bbox 782 573 848 599; x_wconf 79' lang='grc' dir='ltr'>Θεοῦ</span> <span class='ocrx_word' id='word_1_79' title='bbox 864 567 947 609; x_wconf 85' lang='grc' dir='ltr'>λεγό-</span> 
     </span>
    </p>
   </div>
   <div class='ocr_carea' id='block_1_11' title="bbox 119 615 944 655">
    <p class='ocr_par' dir='ltr' id='par_1_11' title="bbox 119 615 944 655">
     <span class='ocr_line' id='line_1_11' title="bbox 119 615 944 655; baseline 0.001 -13"><span class='ocrx_word' id='word_1_80' title='bbox 119 625 185 651; x_wconf 84' lang='grc' dir='ltr'>μενα</span> <span class='ocrx_word' id='word_1_81' title='bbox 210 617 269 652; x_wconf 81' lang='lat'><strong>(37)</strong></span> <span class='ocrx_word' id='word_1_82' title='bbox 299 616 325 643; x_wconf 77' lang='grc' dir='ltr'>ἒν</span> <span class='ocrx_word' id='word_1_83' title='bbox 354 619 414 647; x_wconf 84' lang='grc' dir='ltr'>ταῖς</span> <span class='ocrx_word' id='word_1_84' title='bbox 443 615 631 648; x_wconf 79' lang='grc' dir='ltr'>θεοπνεύστοις</span> <span class='ocrx_word' id='word_1_85' title='bbox 658 618 789 655; x_wconf 79' lang='grc' dir='ltr'>Γραφαῖς,</span> <span class='ocrx_word' id='word_1_86' title='bbox 811 616 842 643; x_wconf 82' lang='grc' dir='ltr'>οὐ</span> <span class='ocrx_word' id='word_1_87' title='bbox 871 615 944 650; x_wconf 85' lang='grc' dir='ltr'>πάθη</span> 
     </span>
    </p>
   </div>
   <div class='ocr_carea' id='block_1_12' title="bbox 117 659 944 699">
    <p class='ocr_par' dir='ltr' id='par_1_12' title="bbox 117 659 944 699">
     <span class='ocr_line' id='line_1_12' title="bbox 117 659 944 699; baseline 0 -12"><span class='ocrx_word' id='word_1_88' title='bbox 117 661 267 696; x_wconf 73' lang='grc' dir='ltr'>σημαίνει·</span> <span class='ocrx_word' id='word_1_89' title='bbox 291 661 391 691; x_wconf 79' lang='grc' dir='ltr'>παντὸς</span> <span class='ocrx_word' id='word_1_90' title='bbox 414 661 467 698; x_wconf 78' lang='grc' dir='ltr'><strong>γὰρ</strong></span> <span class='ocrx_word' id='word_1_91' title='bbox 495 660 595 692; x_wconf 80' lang='grc' dir='ltr'>πάθους</span> <span class='ocrx_word' id='word_1_92' title='bbox 625 659 774 699; x_wconf 82' lang='grc' dir='ltr'>ἀλλότριον</span> <span class='ocrx_word' id='word_1_93' title='bbox 802 661 832 687; x_wconf 78' lang='grc' dir='ltr'><strong>τὸ</strong></span> <span class='ocrx_word' id='word_1_94' title='bbox 862 663 944 692; x_wconf 80' lang='grc' dir='ltr'>θεῖον·</span> 
     </span>
    </p>
   </div>
   <div class='ocr_carea' id='block_1_13' title="bbox 116 704 946 744">
    <p class='ocr_par' dir='ltr' id='par_1_13' title="bbox 116 704 946 744">
     <span class='ocr_line' id='line_1_13' title="bbox 116 704 946 744; baseline 0.001 -14"><span class='ocrx_word' id='word_1_95' title='bbox 116 705 183 731; x_wconf 76' lang='grc' dir='ltr'>κατὰ</span> <span class='ocrx_word' id='word_1_96' title='bbox 212 706 369 744; x_wconf 76' lang='grc' dir='ltr'>μεταφορὰν</span> <span class='ocrx_word' id='word_1_97' title='bbox 399 704 428 732; x_wconf 75' lang='grc' dir='ltr'>δὲ</span> <span class='ocrx_word' id='word_1_98' title='bbox 452 705 486 732; x_wconf 80' lang='grc' dir='ltr'>τὰ</span> <span class='ocrx_word' id='word_1_99' title='bbox 512 707 623 733; x_wconf 83' lang='grc' dir='ltr'>τοιαῦτα</span> <span class='ocrx_word' id='word_1_100' title='bbox 649 704 742 732; x_wconf 73' lang='grc' dir='ltr'>εἷ’ωθεν</span> <span class='ocrx_word' id='word_1_101' title='bbox 772 704 913 742; x_wconf 81' lang='grc' dir='ltr'>ὀνομάζειν</span> <span class='ocrx_word' id='word_1_102' title='bbox 932 705 946 732; x_wconf 82' lang='grc' dir='ltr'><strong>ὁ</strong></span> 
     </span>
    </p>
   </div>
   <div class='ocr_carea' id='block_1_14' title="bbox 117 748 945 789">
    <p class='ocr_par' dir='ltr' id='par_1_14' title="bbox 117 748 945 789">
     <span class='ocr_line' id='line_1_14' title="bbox 117 748 945 789; baseline 0 -12"><span class='ocrx_word' id='word_1_103' title='bbox 117 752 165 783; x_wconf 81' lang='grc' dir='ltr'><strong>τῆς</strong></span> <span class='ocrx_word' id='word_1_104' title='bbox 182 752 295 788; x_wconf 75' lang='grc' dir='ltr'>Γραφῆς</span> <span class='ocrx_word' id='word_1_105' title='bbox 312 748 407 788; x_wconf 85' lang='grc' dir='ltr'>λόγος,</span> <span class='ocrx_word' id='word_1_106' title='bbox 424 750 461 781; x_wconf 82' lang='grc' dir='ltr'><strong>ὡς</strong></span> <span class='ocrx_word' id='word_1_107' title='bbox 475 749 520 777; x_wconf 86' lang='grc' dir='ltr'><strong>καὶ</strong></span> <span class='ocrx_word' id='word_1_108' title='bbox 537 749 697 789; x_wconf 79' lang='grc' dir='ltr'>ὀφθαλμοὺς</span> <span class='ocrx_word' id='word_1_109' title='bbox 712 752 788 785; x_wconf 78' lang='grc' dir='ltr'>Θεοῦ,</span> <span class='ocrx_word' id='word_1_110' title='bbox 804 750 847 776; x_wconf 86' lang='grc' dir='ltr'><strong>καὶ</strong></span> <span class='ocrx_word' id='word_1_111' title='bbox 878 750 945 785; x_wconf 82' lang='grc' dir='ltr'>ὦτα,</span> 
     </span>
    </p>
   </div>
   <div class='ocr_carea' id='block_1_15' title="bbox 119 793 946 832">
    <p class='ocr_par' dir='ltr' id='par_1_15' title="bbox 119 793 946 832">
     <span class='ocr_line' id='line_1_15' title="bbox 119 793 946 832; baseline 0.002 -12"><span class='ocrx_word' id='word_1_112' title='bbox 119 793 162 820; x_wconf 88' lang='grc' dir='ltr'><strong>καὶ</strong></span> <span class='ocrx_word' id='word_1_113' title='bbox 184 796 295 832; x_wconf 83' lang='grc' dir='ltr'>χεῖρας,</span> <span class='ocrx_word' id='word_1_114' title='bbox 311 795 356 822; x_wconf 80' lang='grc' dir='ltr'><strong>καὶ</strong></span> <span class='ocrx_word' id='word_1_115' title='bbox 380 793 540 830; x_wconf 80' lang='grc' dir='ltr'>δακτύλους,</span> <span class='ocrx_word' id='word_1_116' title='bbox 556 795 600 822; x_wconf 89' lang='grc' dir='ltr'><strong>καὶ</strong></span> <span class='ocrx_word' id='word_1_117' title='bbox 619 793 717 828; x_wconf 83' lang='grc' dir='ltr'>πόδας,</span> <span class='ocrx_word' id='word_1_118' title='bbox 732 794 777 822; x_wconf 85' lang='grc' dir='ltr'><strong>καὶ</strong></span> <span class='ocrx_word' id='word_1_119' title='bbox 804 795 838 821; x_wconf 78' lang='grc' dir='ltr'>τὰ</span> <span class='ocrx_word' id='word_1_120' title='bbox 862 793 946 822; x_wconf 80' lang='grc' dir='ltr'>λοιπὰ</span> 
     </span>
    </p>
   </div>
   <div class='ocr_carea' id='block_1_16' title="bbox 121 837 945 877">
    <p class='ocr_par' dir='ltr' id='par_1_16' title="bbox 121 837 945 877">
     <span class='ocr_line' id='line_1_16' title="bbox 121 837 945 877; baseline 0 -11"><span class='ocrx_word' id='word_1_121' title='bbox 121 837 203 874; x_wconf 65' lang='grc' dir='ltr'>μέλη·</span> <span class='ocrx_word' id='word_1_122' title='bbox 220 839 291 876; x_wconf 74' lang='grc' dir='ltr'>ἅπερ</span> <span class='ocrx_word' id='word_1_123' title='bbox 318 839 355 870; x_wconf 83' lang='grc' dir='ltr'>ὡς</span> <span class='ocrx_word' id='word_1_124' title='bbox 381 841 450 876; x_wconf 87' lang='grc' dir='ltr'>πρὸς</span> <span class='ocrx_word' id='word_1_125' title='bbox 478 839 638 877; x_wconf 80' lang='grc' dir='ltr'>ἀνθρώπους</span> <span class='ocrx_word' id='word_1_126' title='bbox 667 838 813 877; x_wconf 83' lang='grc' dir='ltr'>χρησίμως</span> <span class='ocrx_word' id='word_1_127' title='bbox 839 839 945 866; x_wconf 86' lang='grc' dir='ltr'>οἰκονο-</span> 
     </span>
    </p>
   </div>
   <div class='ocr_carea' id='block_1_17' title="bbox 119 883 943 922">
    <p class='ocr_par' dir='ltr' id='par_1_17' title="bbox 119 883 943 922">
     <span class='ocr_line' id='line_1_17' title="bbox 119 883 943 922; baseline 0.002 -12"><span class='ocrx_word' id='word_1_128' title='bbox 119 886 219 920; x_wconf 81' lang='grc' dir='ltr'>μεῖται,</span> <span class='ocrx_word' id='word_1_129' title='bbox 234 884 390 921; x_wconf 83' lang='grc' dir='ltr'>συγκατιὼν</span> <span class='ocrx_word' id='word_1_130' title='bbox 405 886 440 921; x_wconf 75' lang='grc' dir='ltr'><strong>τῇ</strong></span> <span class='ocrx_word' id='word_1_131' title='bbox 453 886 508 911; x_wconf 84' lang='grc' dir='ltr'><strong>τῶν</strong></span> <span class='ocrx_word' id='word_1_132' title='bbox 525 884 706 922; x_wconf 72' lang='grc' dir='ltr'>ἀκροωμένων</span> <span class='ocrx_word' id='word_1_133' title='bbox 726 883 852 919; x_wconf 85' lang='grc' dir='ltr'>ποιότητι</span> <span class='ocrx_word' id='word_1_134' title='bbox 874 884 943 920; x_wconf 80' lang='grc'>(38).</span> 
     </span>
    </p>
   </div>
   <div class='ocr_carea' id='block_1_18' title="bbox 117 926 983 982">
    <p class='ocr_par' dir='ltr' id='par_1_18' title="bbox 117 926 983 982">
     <span class='ocr_line' id='line_1_18' title="bbox 117 926 983 982; baseline 0.001 -28"><span class='ocrx_word' id='word_1_135' title='bbox 117 926 205 959; x_wconf 70' lang='grc' dir='ltr'>Οῗπως</span> <span class='ocrx_word' id='word_1_136' title='bbox 222 928 271 956; x_wconf 70' lang='grc' dir='ltr'>οὖν</span> <span class='ocrx_word' id='word_1_137' title='bbox 288 928 332 956; x_wconf 86' lang='grc' dir='ltr'><strong>καὶ</strong></span> <span class='ocrx_word' id='word_1_138' title='bbox 348 928 395 959; x_wconf 73' lang='grc' dir='ltr'><strong>τὰς</strong></span> <span class='ocrx_word' id='word_1_139' title='bbox 418 928 586 966; x_wconf 72' lang='grc' dir='ltr'>ἐπαγομένας</span> <span class='ocrx_word' id='word_1_140' title='bbox 611 928 746 966; x_wconf 86' lang='grc' dir='ltr'>τιμωρίας</span> <span class='ocrx_word' id='word_1_141' title='bbox 774 931 832 959; x_wconf 81' lang='grc' dir='ltr'>τοῖς</span> <span class='ocrx_word' id='word_1_142' title='bbox 855 929 944 965; x_wconf 84' lang='grc' dir='ltr'>ἀμαρ-</span> <span class='ocrx_word' id='word_1_143' title='bbox 960 949 983 982; x_wconf 81' lang='grc' dir='ltr'>Β</span> 
     </span>
    </p>
   </div>
   <div class='ocr_carea' id='block_1_19' title="bbox 116 972 940 1010">
    <p class='ocr_par' dir='ltr' id='par_1_19' title="bbox 116 972 940 1010">
     <span class='ocr_line' id='line_1_19' title="bbox 116 972 940 1010; baseline 0.001 -12"><span class='ocrx_word' id='word_1_144' title='bbox 116 972 221 1000; x_wconf 75' lang='grc' dir='ltr'>τάνουσι</span> <span class='ocrx_word' id='word_1_145' title='bbox 261 973 330 1000; x_wconf 80' lang='grc' dir='ltr'>κατὰ</span> <span class='ocrx_word' id='word_1_146' title='bbox 367 975 434 1001; x_wconf 81' lang='grc' dir='ltr'>Θεοῦ</span> <span class='ocrx_word' id='word_1_147' title='bbox 468 972 567 1010; x_wconf 87' lang='grc' dir='ltr'>κρίσιν,</span> <span class='ocrx_word' id='word_1_148' title='bbox 597 973 759 1010; x_wconf 76' lang='grc' dir='ltr'>σκυθρωπὰς</span> <span class='ocrx_word' id='word_1_149' title='bbox 791 972 870 1003; x_wconf 78' lang='grc' dir='ltr'>οῧσας</span> <span class='ocrx_word' id='word_1_150' title='bbox 895 972 940 1000; x_wconf 92' lang='grc' dir='ltr'><strong>καὶ</strong></span> 
     </span>
    </p>
   </div>
   <div class='ocr_carea' id='block_1_20' title="bbox 115 1014 941 1054">
    <p class='ocr_par' dir='ltr' id='par_1_20' title="bbox 115 1014 941 1054">
     <span class='ocr_line' id='line_1_20' title="bbox 115 1014 941 1054; baseline 0.002 -12"><span class='ocrx_word' id='word_1_151' title='bbox 115 1014 242 1053; x_wconf 68' lang='grc' dir='ltr'>ἀλγεινὰς</span> <span class='ocrx_word' id='word_1_152' title='bbox 255 1019 315 1048; x_wconf 81' lang='grc' dir='ltr'>τοῖς</span> <span class='ocrx_word' id='word_1_153' title='bbox 334 1016 495 1054; x_wconf 81' lang='grc' dir='ltr'>πάσχουσιν,</span> <span class='ocrx_word' id='word_1_154' title='bbox 510 1016 607 1044; x_wconf 84' lang='grc' dir='ltr'>ὡσανεὶ</span> <span class='ocrx_word' id='word_1_155' title='bbox 626 1017 651 1053; x_wconf 76' lang='grc' dir='ltr'><strong>ἐξ</strong></span> <span class='ocrx_word' id='word_1_156' title='bbox 676 1017 762 1054; x_wconf 84' lang='grc' dir='ltr'>ὀργῆς</span> <span class='ocrx_word' id='word_1_157' title='bbox 784 1017 829 1044; x_wconf 86' lang='grc' dir='ltr'><strong>καὶ</strong></span> <span class='ocrx_word' id='word_1_158' title='bbox 853 1017 941 1053; x_wconf 76' lang='grc' dir='ltr'>θυμοῦ</span> 
     </span>
    </p>
   </div>
   <div class='ocr_carea' id='block_1_21' title="bbox 115 1059 940 1098">
    <p class='ocr_par' dir='ltr' id='par_1_21' title="bbox 115 1059 940 1098">
     <span class='ocr_line' id='line_1_21' title="bbox 115 1059 940 1098; baseline 0.001 -11"><span class='ocrx_word' id='word_1_159' title='bbox 115 1059 286 1098; x_wconf 68' lang='grc' dir='ltr'>ἇπαγομὲνας</span> <span class='ocrx_word' id='word_1_160' title='bbox 314 1062 508 1090; x_wconf 80' lang='grc' dir='ltr'>ὗποτυποῦται.</span> <span class='ocrx_word' id='word_1_161' title='bbox 535 1063 624 1090; x_wconf 79' lang='grc' dir='ltr'>Τοῦτο</span> <span class='ocrx_word' id='word_1_162' title='bbox 653 1060 682 1088; x_wconf 74' lang='grc' dir='ltr'>δὲ</span> <span class='ocrx_word' id='word_1_163' title='bbox 710 1059 829 1088; x_wconf 80' lang='grc' dir='ltr'>διδάσκει</span> <span class='ocrx_word' id='word_1_164' title='bbox 855 1060 901 1088; x_wconf 82' lang='grc' dir='ltr'><strong>καὶ</strong></span> <span class='ocrx_word' id='word_1_165' title='bbox 926 1061 940 1088; x_wconf 87' lang='grc' dir='ltr'><strong>ό</strong></span> 
     </span>
    </p>
   </div>
   <div class='ocr_carea' id='block_1_22' title="bbox 114 1103 940 1144">
    <p class='ocr_par' dir='ltr' id='par_1_22' title="bbox 114 1103 940 1144">
     <span class='ocr_line' id='line_1_22' title="bbox 114 1103 940 1144; baseline 0.002 -13"><span class='ocrx_word' id='word_1_166' title='bbox 114 1105 183 1142; x_wconf 71' lang='grc' dir='ltr'>ἱερὸς</span> <span class='ocrx_word' id='word_1_167' title='bbox 198 1104 382 1140; x_wconf 83' lang='grc' dir='ltr'>Ἀπόστολος,</span> <span class='ocrx_word' id='word_1_168' title='bbox 400 1104 486 1144; x_wconf 76' lang='grc' dir='ltr'>λέγων</span> <span class='ocrx_word' id='word_1_169' title='bbox 501 1114 510 1124; x_wconf 78' lang='grc'><strong>⁸</strong></span> <span class='ocrx_word' id='word_1_170' title='bbox 528 1106 603 1134; x_wconf 76' lang='grc' dir='ltr'>Κατὰ</span> <span class='ocrx_word' id='word_1_171' title='bbox 632 1104 661 1133; x_wconf 74' lang='grc' dir='ltr'>δὲ</span> <span class='ocrx_word' id='word_1_172' title='bbox 688 1106 738 1140; x_wconf 83' lang='grc' dir='ltr'><strong>τήν</strong></span> <span class='ocrx_word' id='word_1_173' title='bbox 762 1103 940 1144; x_wconf 71' lang='grc' dir='ltr'>σκληρότητὰ</span> 
     </span>
    </p>
   </div>
   <div class='ocr_carea' id='block_1_23' title="bbox 113 1149 941 1189">
    <p class='ocr_par' dir='ltr' id='par_1_23' title="bbox 113 1149 941 1189">
     <span class='ocr_line' id='line_1_23' title="bbox 113 1149 941 1189; baseline 0.002 -13"><span class='ocrx_word' id='word_1_174' title='bbox 113 1160 160 1177; x_wconf 82' lang='grc' dir='ltr'><strong>σου</strong></span> <span class='ocrx_word' id='word_1_175' title='bbox 189 1150 240 1177; x_wconf 78' lang='grc' dir='ltr'><strong>καὶ</strong></span> <span class='ocrx_word' id='word_1_176' title='bbox 271 1150 455 1186; x_wconf 76' lang='grc' dir='ltr'>ἀμετανόητον</span> <span class='ocrx_word' id='word_1_177' title='bbox 484 1149 594 1189; x_wconf 83' lang='grc' dir='ltr'>καρδίαν</span> <span class='ocrx_word' id='word_1_178' title='bbox 631 1150 800 1189; x_wconf 77' lang='grc' dir='ltr'>θησαυρίζεις</span> <span class='ocrx_word' id='word_1_179' title='bbox 838 1153 941 1187; x_wconf 79' lang='grc' dir='ltr'>σεαυτῷ</span> 
     </span>
    </p>
   </div>
   <div class='ocr_carea' id='block_1_24' title="bbox 113 1194 940 1235">
    <p class='ocr_par' dir='ltr' id='par_1_24' title="bbox 113 1194 940 1235">
     <span class='ocr_line' id='line_1_24' title="bbox 113 1194 940 1235; baseline 0.001 -14"><span class='ocrx_word' id='word_1_180' title='bbox 113 1194 195 1233; x_wconf 76' lang='grc' dir='ltr'>ὀργὴν</span> <span class='ocrx_word' id='word_1_181' title='bbox 243 1195 270 1223; x_wconf 76' lang='grc' dir='ltr'>ἐν</span> <span class='ocrx_word' id='word_1_182' title='bbox 313 1196 404 1233; x_wconf 69' lang='grc' dir='ltr'>ἡμέρᾳ</span> <span class='ocrx_word' id='word_1_183' title='bbox 447 1195 555 1233; x_wconf 86' lang='grc' dir='ltr'>ὀργῆς,</span> <span class='ocrx_word' id='word_1_184' title='bbox 582 1196 626 1223; x_wconf 83' lang='grc' dir='ltr'><strong>καὶ</strong></span> <span class='ocrx_word' id='word_1_185' title='bbox 661 1194 858 1235; x_wconf 78' lang='grc' dir='ltr'>ἀποκαλύψεως</span> <span class='ocrx_word' id='word_1_186' title='bbox 895 1195 940 1222; x_wconf 85' lang='grc' dir='ltr'><strong>καὶ</strong></span> 
     </span>
    </p>
   </div>
   <div class='ocr_carea' id='block_1_25' title="bbox 113 1238 941 1277">
    <p class='ocr_par' dir='ltr' id='par_1_25' title="bbox 113 1238 941 1277">
     <span class='ocr_line' id='line_1_25' title="bbox 113 1238 941 1277; baseline 0.002 -11"><span class='ocrx_word' id='word_1_187' title='bbox 113 1238 314 1277; x_wconf 80' lang='grc' dir='ltr'>δικαιοκρισίας</span> <span class='ocrx_word' id='word_1_188' title='bbox 355 1242 403 1267; x_wconf 84' lang='grc' dir='ltr'>τοῦ</span> <span class='ocrx_word' id='word_1_189' title='bbox 450 1242 541 1274; x_wconf 75' lang='grc' dir='ltr'>Θεοῦ,</span> <span class='ocrx_word' id='word_1_190' title='bbox 584 1240 614 1272; x_wconf 76' lang='grc' dir='ltr'>ὃς</span> <span class='ocrx_word' id='word_1_191' title='bbox 652 1239 788 1268; x_wconf 76' lang='grc' dir='ltr'>ἀποδώσει</span> <span class='ocrx_word' id='word_1_192' title='bbox 838 1239 941 1277; x_wconf 71' lang='grc' dir='ltr'>ἑκάστῳ</span> 
     </span>
    </p>
   </div>
   <div class='ocr_carea' id='block_1_26' title="bbox 113 1283 940 1323">
    <p class='ocr_par' dir='ltr' id='par_1_26' title="bbox 113 1283 940 1323">
     <span class='ocr_line' id='line_1_26' title="bbox 113 1283 940 1323; baseline 0.001 -12"><span class='ocrx_word' id='word_1_193' title='bbox 113 1284 180 1312; x_wconf 79' lang='grc' dir='ltr'>κατὰ</span> <span class='ocrx_word' id='word_1_194' title='bbox 210 1285 246 1312; x_wconf 75' lang='grc' dir='ltr'><strong>τὰ</strong></span> <span class='ocrx_word' id='word_1_195' title='bbox 259 1283 324 1323; x_wconf 79' lang='grc' dir='ltr'>ἔργα</span> <span class='ocrx_word' id='word_1_196' title='bbox 339 1285 433 1313; x_wconf 79' lang='grc' dir='ltr'>αὐτοῦ.</span> <span class='ocrx_word' id='word_1_197' title='bbox 449 1285 495 1317; x_wconf 85' lang='grc' dir='ltr'>Ὦς</span> <span class='ocrx_word' id='word_1_198' title='bbox 507 1283 535 1312; x_wconf 79' lang='grc' dir='ltr'><strong>εἷ’</strong></span> <span class='ocrx_word' id='word_1_199' title='bbox 545 1295 585 1316; x_wconf 87' lang='grc' dir='ltr'><strong>τις</strong></span> <span class='ocrx_word' id='word_1_200' title='bbox 601 1285 646 1312; x_wconf 81' lang='grc' dir='ltr'><strong>καὶ</strong></span> <span class='ocrx_word' id='word_1_201' title='bbox 661 1285 708 1317; x_wconf 79' lang='grc' dir='ltr'><strong>τὰς</strong></span> <span class='ocrx_word' id='word_1_202' title='bbox 734 1285 764 1313; x_wconf 70' lang='grc' dir='ltr'>ἐκ</span> <span class='ocrx_word' id='word_1_203' title='bbox 781 1287 829 1313; x_wconf 77' lang='grc' dir='ltr'><strong>τοῦ</strong></span> <span class='ocrx_word' id='word_1_204' title='bbox 853 1285 940 1322; x_wconf 88' lang='grc' dir='ltr'>νόμου</span> 
     </span>
    </p>
   </div>
   <div class='ocr_carea' id='block_1_27' title="bbox 114 1328 941 1368">
    <p class='ocr_par' dir='ltr' id='par_1_27' title="bbox 114 1328 941 1368">
     <span class='ocr_line' id='line_1_27' title="bbox 114 1328 941 1368; baseline 0.001 -12"><span class='ocrx_word' id='word_1_205' title='bbox 114 1331 151 1365; x_wconf 81' lang='grc' dir='ltr'>τῷ</span> <span class='ocrx_word' id='word_1_206' title='bbox 166 1328 330 1368; x_wconf 79' lang='grc' dir='ltr'>ἀνδροφόνῳ</span> <span class='ocrx_word' id='word_1_207' title='bbox 348 1328 540 1368; x_wconf 80' lang='grc' dir='ltr'>ἐπηρτημένας</span> <span class='ocrx_word' id='word_1_208' title='bbox 558 1329 694 1365; x_wconf 85' lang='grc' dir='ltr'>κυλάσιις,</span> <span class='ocrx_word' id='word_1_209' title='bbox 713 1330 798 1368; x_wconf 82' lang='grc' dir='ltr'>ὀργὴν</span> <span class='ocrx_word' id='word_1_210' title='bbox 821 1330 866 1358; x_wconf 86' lang='grc' dir='ltr'><strong>καὶ</strong></span> <span class='ocrx_word' id='word_1_211' title='bbox 895 1331 941 1358; x_wconf 91' lang='grc' dir='ltr'>θυ-</span> 
     </span>
    </p>
   </div>
   <div class='ocr_carea' id='block_1_28' title="bbox 116 1373 939 1411">
    <p class='ocr_par' dir='ltr' id='par_1_28' title="bbox 116 1373 939 1411">
     <span class='ocr_line' id='line_1_28' title="bbox 116 1373 939 1411; baseline 0.002 -11"><span class='ocrx_word' id='word_1_212' title='bbox 116 1373 163 1410; x_wconf 80' lang='grc' dir='ltr'><strong>μὸν</strong></span> <span class='ocrx_word' id='word_1_213' title='bbox 181 1373 329 1410; x_wconf 81' lang='grc' dir='ltr'>ὀνομάζοι,</span> <span class='ocrx_word' id='word_1_214' title='bbox 347 1373 396 1401; x_wconf 79' lang='grc' dir='ltr'><strong>οὐκ</strong></span> <span class='ocrx_word' id='word_1_215' title='bbox 411 1373 521 1410; x_wconf 80' lang='grc' dir='ltr'>ἀληθῶς</span> <span class='ocrx_word' id='word_1_216' title='bbox 531 1377 580 1402; x_wconf 79' lang='grc' dir='ltr'><strong>τοῦ</strong></span> <span class='ocrx_word' id='word_1_217' title='bbox 592 1373 679 1411; x_wconf 88' lang='grc' dir='ltr'>νόμου</span> <span class='ocrx_word' id='word_1_218' title='bbox 699 1375 872 1411; x_wconf 69' lang='grc' dir='ltr'>θυμουμένου</span> <span class='ocrx_word' id='word_1_219' title='bbox 895 1375 939 1402; x_wconf 79' lang='grc' dir='ltr'><strong>καὶ</strong></span> 
     </span>
    </p>
   </div>
   <div class='ocr_carea' id='block_1_29' title="bbox 116 1417 941 1457">
    <p class='ocr_par' dir='ltr' id='par_1_29' title="bbox 116 1417 941 1457">
     <span class='ocr_line' id='line_1_29' title="bbox 116 1417 941 1457; baseline 0.001 -12"><span class='ocrx_word' id='word_1_220' title='bbox 116 1417 311 1455; x_wconf 69' lang='grc' dir='ltr'>ὀργιζομένου,</span> <span class='ocrx_word' id='word_1_221' title='bbox 324 1418 374 1446; x_wconf 84' lang='grc' dir='ltr'>τοῦ</span> <span class='ocrx_word' id='word_1_222' title='bbox 402 1417 431 1446; x_wconf 75' lang='grc' dir='ltr'>δὲ</span> <span class='ocrx_word' id='word_1_223' title='bbox 461 1418 651 1455; x_wconf 68' lang='grc' dir='ltr'>κολαζομένου</span> <span class='ocrx_word' id='word_1_224' title='bbox 677 1419 761 1457; x_wconf 80' lang='grc' dir='ltr'>ἀργὴν</span> <span class='ocrx_word' id='word_1_225' title='bbox 779 1421 827 1446; x_wconf 77' lang='grc' dir='ltr'>τοῦ</span> <span class='ocrx_word' id='word_1_226' title='bbox 854 1419 941 1456; x_wconf 84' lang='grc' dir='ltr'>νόμου</span> 
     </span>
    </p>
   </div>
   <div class='ocr_carea' id='block_1_30' title="bbox 115 1462 939 1502">
    <p class='ocr_par' dir='ltr' id='par_1_30' title="bbox 115 1462 939 1502">
     <span class='ocr_line' id='line_1_30' title="bbox 115 1462 939 1502; baseline 0.001 -12"><span class='ocrx_word' id='word_1_227' title='bbox 115 1463 163 1496; x_wconf 84' lang='grc' dir='ltr'><strong>τήν</strong></span> <span class='ocrx_word' id='word_1_228' title='bbox 177 1463 321 1500; x_wconf 82' lang='grc' dir='ltr'>τιμωρίαν</span> <span class='ocrx_word' id='word_1_229' title='bbox 338 1463 530 1502; x_wconf 76' lang='grc' dir='ltr'>ὑπειληφότας.</span> <span class='ocrx_word' id='word_1_230' title='bbox 547 1462 617 1499; x_wconf 82' lang='grc' dir='ltr'><strong>Ἤδη</strong></span> <span class='ocrx_word' id='word_1_231' title='bbox 635 1463 663 1491; x_wconf 74' lang='grc' dir='ltr'>δὲ</span> <span class='ocrx_word' id='word_1_232' title='bbox 677 1464 722 1491; x_wconf 86' lang='grc' dir='ltr'><strong>καὶ</strong></span> <span class='ocrx_word' id='word_1_233' title='bbox 739 1464 765 1490; x_wconf 76' lang='grc' dir='ltr'>οἳ</span> <span class='ocrx_word' id='word_1_234' title='bbox 786 1464 834 1494; x_wconf 80' lang='grc' dir='ltr'><strong>τὰς</strong></span> <span class='ocrx_word' id='word_1_235' title='bbox 855 1462 939 1491; x_wconf 86' lang='grc' dir='ltr'>κολά-</span> 
     </span>
    </p>
   </div>
   <div class='ocr_carea' id='block_1_31' title="bbox 114 1506 939 1546">
    <p class='ocr_par' dir='ltr' id='par_1_31' title="bbox 114 1506 939 1546">
     <span class='ocr_line' id='line_1_31' title="bbox 114 1506 939 1546; baseline 0.001 -12"><span class='ocrx_word' id='word_1_236' title='bbox 114 1518 166 1538; x_wconf 83' lang='grc' dir='ltr'>σεις</span> <span class='ocrx_word' id='word_1_237' title='bbox 189 1506 378 1539; x_wconf 72' lang='grc' dir='ltr'>διακονοῦντες</span> <span class='ocrx_word' id='word_1_238' title='bbox 403 1508 470 1536; x_wconf 81' lang='grc' dir='ltr'>κατὰ</span> <span class='ocrx_word' id='word_1_239' title='bbox 489 1510 544 1536; x_wconf 83' lang='grc' dir='ltr'><strong>τῶν</strong></span> <span class='ocrx_word' id='word_1_240' title='bbox 568 1506 671 1536; x_wconf 75' lang='grc' dir='ltr'>ἀσεϐῶν</span> <span class='ocrx_word' id='word_1_241' title='bbox 696 1509 812 1546; x_wconf 76' lang='grc' dir='ltr'>πονηροὶ</span> <span class='ocrx_word' id='word_1_242' title='bbox 843 1507 939 1545; x_wconf 85' lang='grc' dir='ltr'>δαίμο-</span> 
     </span>
    </p>
   </div>
   <div class='ocr_carea' id='block_1_32' title="bbox 117 1551 941 1590">
    <p class='ocr_par' dir='ltr' id='par_1_32' title="bbox 117 1551 941 1590">
     <span class='ocr_line' id='line_1_32' title="bbox 117 1551 941 1590; baseline 0.002 -12"><span class='ocrx_word' id='word_1_243' title='bbox 117 1563 169 1587; x_wconf 81' lang='grc' dir='ltr'>νις,</span> <span class='ocrx_word' id='word_1_244' title='bbox 187 1551 218 1579; x_wconf 65' lang='lat' dir='ltr'><strong>ait</strong></span> <span class='ocrx_word' id='word_1_245' title='bbox 231 1563 261 1580; x_wconf 87' lang='grc' dir='ltr'><strong>τε</strong></span> <span class='ocrx_word' id='word_1_246' title='bbox 276 1553 332 1589; x_wconf 84' lang='grc'><strong>(39)</strong></span> <span class='ocrx_word' id='word_1_247' title='bbox 351 1553 511 1590; x_wconf 77' lang='grc' dir='ltr'>ὑπηρετικαὶ</span> <span class='ocrx_word' id='word_1_248' title='bbox 528 1552 654 1590; x_wconf 81' lang='grc' dir='ltr'>δυνάμεις</span> <span class='ocrx_word' id='word_1_249' title='bbox 675 1555 723 1580; x_wconf 79' lang='grc' dir='ltr'><strong>τοῦ</strong></span> <span class='ocrx_word' id='word_1_250' title='bbox 739 1555 814 1589; x_wconf 79' lang='grc' dir='ltr'>Θεοῦ,</span> <span class='ocrx_word' id='word_1_251' title='bbox 832 1553 860 1580; x_wconf 72' lang='grc' dir='ltr'>αἱ</span> <span class='ocrx_word' id='word_1_252' title='bbox 880 1563 941 1580; x_wconf 80' lang='grc' dir='ltr'>τοι-</span> 
     </span>
    </p>
   </div>
   <div class='ocr_carea' id='block_1_33' title="bbox 112 1596 939 1636">
    <p class='ocr_par' dir='ltr' id='par_1_33' title="bbox 112 1596 939 1636">
     <span class='ocr_line' id='line_1_33' title="bbox 112 1596 939 1636; baseline 0.002 -12"><span class='ocrx_word' id='word_1_253' title='bbox 112 1596 192 1624; x_wconf 78' lang='grc' dir='ltr'>αὗται</span> <span class='ocrx_word' id='word_1_254' title='bbox 205 1597 250 1624; x_wconf 76' lang='grc' dir='ltr'><strong>καὶ</strong></span> <span class='ocrx_word' id='word_1_255' title='bbox 269 1597 336 1635; x_wconf 78' lang='grc' dir='ltr'>ὀργῆ</span> <span class='ocrx_word' id='word_1_256' title='bbox 361 1598 405 1625; x_wconf 81' lang='grc' dir='ltr'>καὶ</span> <span class='ocrx_word' id='word_1_257' title='bbox 431 1598 517 1635; x_wconf 87' lang='grc' dir='ltr'>θυμὸς</span> <span class='ocrx_word' id='word_1_258' title='bbox 545 1598 750 1635; x_wconf 73' lang='grc' dir='ltr'>ὠνομάσθησαν.</span> <span class='ocrx_word' id='word_1_259' title='bbox 766 1597 845 1627; x_wconf 69' lang='grc' dir='ltr'>Οὕτω</span> <span class='ocrx_word' id='word_1_260' title='bbox 873 1600 939 1636; x_wconf 78' lang='grc' dir='ltr'>γοῦν</span> 
     </span>
    </p>
   </div>
   <div class='ocr_carea' id='block_1_34' title="bbox 113 1633 977 1680">
    <p class='ocr_par' dir='ltr' id='par_1_34' title="bbox 113 1633 977 1680">
     <span class='ocr_line' id='line_1_34' title="bbox 113 1633 977 1680; baseline 0.002 -12"><span class='ocrx_word' id='word_1_261' title='bbox 113 1640 222 1680; x_wconf 68' lang='grc' dir='ltr'>εἴρηται</span> <span class='ocrx_word' id='word_1_262' title='bbox 239 1641 265 1669; x_wconf 65' lang='grc' dir='ltr'>ἂν</span> <span class='ocrx_word' id='word_1_263' title='bbox 285 1633 332 1678; x_wconf 62' lang='grc' dir='ltr'><strong>⁷τῷ</strong></span> <span class='ocrx_word' id='word_1_264' title='bbox 360 1642 422 1680; x_wconf 85' lang='grc' dir='ltr'>περὶ</span> <span class='ocrx_word' id='word_1_265' title='bbox 447 1633 498 1677; x_wconf 83' lang='grc' dir='ltr'><strong>τῆς</strong></span> <span class='ocrx_word' id='word_1_266' title='bbox 532 1633 706 1680; x_wconf 82' lang='grc' dir='ltr'>δεκαπλήγου</span> <span class='ocrx_word' id='word_1_267' title='bbox 734 1644 788 1679; x_wconf 75' lang='grc'><strong>(40)</strong></span> <span class='ocrx_word' id='word_1_268' title='bbox 803 1646 853 1678; x_wconf 89' lang='grc' dir='ltr'><strong>τῆς</strong></span> <span class='ocrx_word' id='word_1_269' title='bbox 881 1633 940 1670; x_wconf 73' lang='grc' dir='ltr'>κατ’</span> <span class='ocrx_word' id='word_1_270' title='bbox 955 1633 977 1666; x_wconf 78' lang='lat' dir='ltr'><strong>C</strong></span> 
     </span>
    </p>
   </div>
   <div class='ocr_carea' id='block_1_35' title="bbox 113 1685 941 1724">
    <p class='ocr_par' dir='ltr' id='par_1_35' title="bbox 113 1685 941 1724">
     <span class='ocr_line' id='line_1_35' title="bbox 113 1685 941 1724; baseline 0.002 -11"><span class='ocrx_word' id='word_1_271' title='bbox 113 1685 274 1724; x_wconf 75' lang='grc' dir='ltr'>Δίγυπτίων</span> <span class='ocrx_word' id='word_1_272' title='bbox 315 1685 479 1724; x_wconf 73' lang='grc' dir='ltr'>ἐπαχθείσης</span> <span class='ocrx_word' id='word_1_273' title='bbox 513 1686 589 1724; x_wconf 87' lang='grc' dir='ltr'>λόγῳ</span> <span class='ocrx_word' id='word_1_274' title='bbox 630 1687 672 1722; x_wconf 80' lang='grc' dir='ltr'>τὸ,</span> <span class='ocrx_word' id='word_1_275' title='bbox 702 1687 874 1716; x_wconf 67' lang='grc' dir='ltr'>Ἀπέστειλεν</span> <span class='ocrx_word' id='word_1_276' title='bbox 900 1687 941 1715; x_wconf 61' lang='grc' dir='ltr'><strong>ἔπ’</strong></span> 
     </span>
    </p>
   </div>
   <div class='ocr_carea' id='block_1_36' title="bbox 113 1731 940 1771">
    <p class='ocr_par' dir='ltr' id='par_1_36' title="bbox 113 1731 940 1771">
     <span class='ocr_line' id='line_1_36' title="bbox 113 1731 940 1771; baseline 0.002 -13"><span class='ocrx_word' id='word_1_277' title='bbox 113 1731 215 1762; x_wconf 74' lang='grc' dir='ltr'>αὐτοὺς</span> <span class='ocrx_word' id='word_1_278' title='bbox 248 1731 332 1768; x_wconf 76' lang='grc' dir='ltr'>ὀργὴν</span> <span class='ocrx_word' id='word_1_279' title='bbox 362 1732 405 1758; x_wconf 82' lang='grc' dir='ltr'><strong>καὶ</strong></span> <span class='ocrx_word' id='word_1_280' title='bbox 445 1732 543 1768; x_wconf 87' lang='grc' dir='ltr'>θυμὸν,</span> <span class='ocrx_word' id='word_1_281' title='bbox 569 1731 724 1767; x_wconf 74' lang='grc' dir='ltr'>ἀποστολὴν</span> <span class='ocrx_word' id='word_1_282' title='bbox 754 1731 788 1759; x_wconf 86' lang='grc' dir='ltr'>δι’</span> <span class='ocrx_word' id='word_1_283' title='bbox 817 1732 940 1771; x_wconf 69' lang='grc' dir='ltr'>ἀγγέλων</span> 
     </span>
    </p>
   </div>
   <div class='ocr_carea' id='block_1_37' title="bbox 115 1774 940 1812">
    <p class='ocr_par' dir='ltr' id='par_1_37' title="bbox 115 1774 940 1812">
     <span class='ocr_line' id='line_1_37' title="bbox 115 1774 940 1812; baseline 0.002 -9"><span class='ocrx_word' id='word_1_284' title='bbox 115 1778 261 1812; x_wconf 77' lang='grc' dir='ltr'>πονηρῶν.</span> <span class='ocrx_word' id='word_1_285' title='bbox 289 1775 380 1808; x_wconf 68' lang='grc' dir='ltr'>Οὕτως</span> <span class='ocrx_word' id='word_1_286' title='bbox 407 1774 479 1812; x_wconf 77' lang='grc' dir='ltr'>δεξιὰ</span> <span class='ocrx_word' id='word_1_287' title='bbox 504 1775 629 1804; x_wconf 77' lang='grc' dir='ltr'>λέλεκται</span> <span class='ocrx_word' id='word_1_288' title='bbox 656 1779 704 1804; x_wconf 80' lang='grc' dir='ltr'><strong>τοῦ</strong></span> <span class='ocrx_word' id='word_1_289' title='bbox 732 1779 809 1812; x_wconf 76' lang='grc' dir='ltr'>Θεοῦ,</span> <span class='ocrx_word' id='word_1_290' title='bbox 837 1778 870 1804; x_wconf 72' lang='grc' dir='ltr'>τὰ</span> <span class='ocrx_word' id='word_1_291' title='bbox 896 1776 940 1805; x_wconf 82' lang='grc' dir='ltr'><strong>διὰ</strong></span> 
     </span>
    </p>
   </div>
   <div class='ocr_carea' id='block_1_38' title="bbox 112 1819 938 1860">
    <p class='ocr_par' dir='ltr' id='par_1_38' title="bbox 112 1819 938 1860">
     <span class='ocr_line' id='line_1_38' title="bbox 112 1819 938 1860; baseline 0.001 -12"><span class='ocrx_word' id='word_1_292' title='bbox 112 1823 166 1848; x_wconf 75' lang='grc' dir='ltr'><strong>τῶν</strong></span> <span class='ocrx_word' id='word_1_293' title='bbox 183 1819 278 1855; x_wconf 81' lang='grc' dir='ltr'>δεξιῶν</span> <span class='ocrx_word' id='word_1_294' title='bbox 294 1820 339 1847; x_wconf 84' lang='grc' dir='ltr'><strong>καὶ</strong></span> <span class='ocrx_word' id='word_1_295' title='bbox 356 1820 461 1858; x_wconf 78' lang='grc' dir='ltr'>ἀγαθῶν</span> <span class='ocrx_word' id='word_1_296' title='bbox 489 1819 629 1858; x_wconf 75' lang='grc' dir='ltr'>δυνάμεων</span> <span class='ocrx_word' id='word_1_297' title='bbox 657 1824 716 1853; x_wconf 84' lang='grc' dir='ltr'>τοῖς</span> <span class='ocrx_word' id='word_1_298' title='bbox 742 1822 825 1857; x_wconf 79' lang='grc' dir='ltr'>ἀξίοις</span> <span class='ocrx_word' id='word_1_299' title='bbox 850 1832 938 1860; x_wconf 85' lang='grc' dir='ltr'>χορη-</span> 
     </span>
    </p>
   </div>
   <div class='ocr_carea' id='block_1_39' title="bbox 110 1863 937 1905">
    <p class='ocr_par' dir='ltr' id='par_1_39' title="bbox 110 1863 937 1905">
     <span class='ocr_line' id='line_1_39' title="bbox 110 1863 937 1905; baseline 0.004 -13"><span class='ocrx_word' id='word_1_300' title='bbox 110 1864 242 1902; x_wconf 72' lang='grc' dir='ltr'>γούμενα.</span> <span class='ocrx_word' id='word_1_301' title='bbox 261 1864 383 1893; x_wconf 75' lang='grc' dir='ltr'>’Ῑκετεύει</span> <span class='ocrx_word' id='word_1_302' title='bbox 412 1865 500 1893; x_wconf 85' lang='grc' dir='ltr'>τοίνυν</span> <span class='ocrx_word' id='word_1_303' title='bbox 526 1866 540 1893; x_wconf 82' lang='grc' dir='ltr'>ὁ</span> <span class='ocrx_word' id='word_1_304' title='bbox 569 1863 652 1893; x_wconf 75' lang='grc' dir='ltr'>Δαϐὶδ</span> <span class='ocrx_word' id='word_1_305' title='bbox 683 1867 721 1903; x_wconf 78' lang='grc' dir='ltr'>μὴ</span> <span class='ocrx_word' id='word_1_306' title='bbox 738 1865 782 1894; x_wconf 75' lang='grc' dir='ltr'><strong>διὰ</strong></span> <span class='ocrx_word' id='word_1_307' title='bbox 808 1869 937 1905; x_wconf 86' lang='grc' dir='ltr'>πονηρῶν</span> 
     </span>
    </p>
   </div>
   <div class='ocr_carea' id='block_1_40' title="bbox 111 1908 937 1949">
    <p class='ocr_par' dir='ltr' id='par_1_40' title="bbox 111 1908 937 1949">
     <span class='ocr_line' id='line_1_40' title="bbox 111 1908 937 1949; baseline 0.004 -13"><span class='ocrx_word' id='word_1_308' title='bbox 111 1908 252 1946; x_wconf 72' lang='grc' dir='ltr'>δυνάμεων</span> <span class='ocrx_word' id='word_1_309' title='bbox 282 1909 457 1948; x_wconf 66' lang='grc' dir='ltr'>ἐλεγχθῆναι,</span> <span class='ocrx_word' id='word_1_310' title='bbox 476 1908 546 1947; x_wconf 82' lang='grc' dir='ltr'>μηδέ</span> <span class='ocrx_word' id='word_1_311' title='bbox 573 1908 608 1937; x_wconf 91' lang='grc' dir='ltr'>δι’</span> <span class='ocrx_word' id='word_1_312' title='bbox 633 1909 789 1946; x_wconf 68' lang='grc' dir='ltr'>ἀποστολῆς</span> <span class='ocrx_word' id='word_1_313' title='bbox 811 1910 937 1949; x_wconf 71' lang='grc' dir='ltr'>ἀγγέλων</span> 
     </span>
    </p>
   </div>
   <div class='ocr_carea' id='block_1_41' title="bbox 111 1953 938 1993">
    <p class='ocr_par' dir='ltr' id='par_1_41' title="bbox 111 1953 938 1993">
     <span class='ocr_line' id='line_1_41' title="bbox 111 1953 938 1993; baseline 0.004 -12"><span class='ocrx_word' id='word_1_314' title='bbox 111 1957 242 1992; x_wconf 78' lang='grc' dir='ltr'>πονηρῶν</span> <span class='ocrx_word' id='word_1_315' title='bbox 270 1953 460 1990; x_wconf 83' lang='grc' dir='ltr'>παιδευθῆναι,</span> <span class='ocrx_word' id='word_1_316' title='bbox 477 1954 521 1982; x_wconf 78' lang='grc' dir='ltr'><strong>διὰ</strong></span> <span class='ocrx_word' id='word_1_317' title='bbox 545 1953 637 1992; x_wconf 88' lang='grc' dir='ltr'>λόγων</span> <span class='ocrx_word' id='word_1_318' title='bbox 667 1954 695 1982; x_wconf 75' lang='grc' dir='ltr'>δὶ</span> <span class='ocrx_word' id='word_1_319' title='bbox 724 1955 866 1993; x_wconf 77' lang='grc' dir='ltr'>σωτηρίων</span> <span class='ocrx_word' id='word_1_320' title='bbox 893 1957 938 1984; x_wconf 81' lang='grc' dir='ltr'><strong>καὶ</strong></span> 
     </span>
    </p>
   </div>
   <div class='ocr_carea' id='block_1_42' title="bbox 113 1998 937 2037">
    <p class='ocr_par' dir='ltr' id='par_1_42' title="bbox 113 1998 937 2037">
     <span class='ocr_line' id='line_1_42' title="bbox 113 1998 937 2037; baseline 0.002 -11"><span class='ocrx_word' id='word_1_321' title='bbox 113 2000 284 2036; x_wconf 78' lang='grc' dir='ltr'>μαθημάτων</span> <span class='ocrx_word' id='word_1_322' title='bbox 307 1998 466 2036; x_wconf 80' lang='grc' dir='ltr'>ὠφελίμων.</span> <span class='ocrx_word' id='word_1_323' title='bbox 490 1999 542 2028; x_wconf 83' lang='grc' dir='ltr'><strong>Καὶ</strong></span> <span class='ocrx_word' id='word_1_324' title='bbox 570 1998 664 2031; x_wconf 67' lang='grc' dir='ltr'>ἄλλως</span> <span class='ocrx_word' id='word_1_325' title='bbox 683 1998 712 2027; x_wconf 74' lang='grc' dir='ltr'>δὶ</span> <span class='ocrx_word' id='word_1_326' title='bbox 732 1998 868 2028; x_wconf 75' lang='grc' dir='ltr'>ἀντιϐολεῖ</span> <span class='ocrx_word' id='word_1_327' title='bbox 899 2002 937 2037; x_wconf 80' lang='grc' dir='ltr'>μὴ</span> 
     </span>
    </p>
   </div>
   <div class='ocr_carea' id='block_1_43' title="bbox 1002 298 1827 339">
    <p class='ocr_par' dir='ltr' id='par_1_43' title="bbox 1002 298 1827 339">
     <span class='ocr_line' id='line_1_43' title="bbox 1002 298 1827 339; baseline -0.007 -8"><span class='ocrx_word' id='word_1_328' title='bbox 1002 303 1112 339; x_wconf 85' lang='lat' dir='ltr'><strong>ignem,</strong></span> <span class='ocrx_word' id='word_1_329' title='bbox 1130 311 1166 330; x_wconf 88' lang='lat' dir='ltr'><strong>ue</strong></span> <span class='ocrx_word' id='word_1_330' title='bbox 1180 302 1300 335; x_wconf 82' lang='lat' dir='ltr'><strong>ferrum,</strong></span> <span class='ocrx_word' id='word_1_331' title='bbox 1317 309 1353 329; x_wconf 93' lang='lat' dir='ltr'><strong>ne</strong></span> <span class='ocrx_word' id='word_1_332' title='bbox 1364 300 1508 329; x_wconf 86' lang='lat' dir='ltr'><strong>sectiones</strong></span> <span class='ocrx_word' id='word_1_333' title='bbox 1520 300 1556 328; x_wconf 90' lang='lat' dir='ltr'><strong>ad</strong></span> <span class='ocrx_word' id='word_1_334' title='bbox 1570 298 1714 327; x_wconf 81' lang='lat' dir='ltr'><strong>medelam</strong></span> <span class='ocrx_word' id='word_1_335' title='bbox 1725 298 1827 326; x_wconf 91' lang='lat' dir='ltr'><strong>admo-</strong></span> 
     </span>
    </p>
   </div>
   <div class='ocr_carea' id='block_1_44' title="bbox 1001 342 1826 383">
    <p class='ocr_par' dir='ltr' id='par_1_44' title="bbox 1001 342 1826 383">
     <span class='ocr_line' id='line_1_44' title="bbox 1001 342 1826 383; baseline -0.008 -7"><span class='ocrx_word' id='word_1_336' title='bbox 1001 356 1080 383; x_wconf 84' lang='lat' dir='ltr'><strong>veas,</strong></span> <span class='ocrx_word' id='word_1_337' title='bbox 1099 348 1149 375; x_wconf 84' lang='lat' dir='ltr'><strong>sed</strong></span> <span class='ocrx_word' id='word_1_338' title='bbox 1166 346 1264 375; x_wconf 88' lang='lat' dir='ltr'><strong>dulcia</strong></span> <span class='ocrx_word' id='word_1_339' title='bbox 1281 346 1459 382; x_wconf 90' lang='lat' dir='ltr'><strong>mitioraque</strong></span> <span class='ocrx_word' id='word_1_340' title='bbox 1483 344 1621 374; x_wconf 89' lang='lat' dir='ltr'><strong>remedia.</strong></span> <span class='ocrx_word' id='word_1_341' title='bbox 1646 343 1724 371; x_wconf 88' lang='lat' dir='ltr'><strong>Talis</strong></span> <span class='ocrx_word' id='word_1_342' title='bbox 1747 342 1826 371; x_wconf 87' lang='lat' dir='ltr'><strong>enim</strong></span> 
     </span>
    </p>
   </div>
   <div class='ocr_carea' id='block_1_45' title="bbox 1003 387 1825 427">
    <p class='ocr_par' dir='ltr' id='par_1_45' title="bbox 1003 387 1825 427">
     <span class='ocr_line' id='line_1_45' title="bbox 1003 387 1825 427; baseline -0.006 -7"><span class='ocrx_word' id='word_1_343' title='bbox 1003 401 1061 420; x_wconf 91' lang='lat' dir='ltr'><strong>non</strong></span> <span class='ocrx_word' id='word_1_344' title='bbox 1076 391 1220 420; x_wconf 81' lang='lat' dir='ltr'><strong>medelam</strong></span> <span class='ocrx_word' id='word_1_345' title='bbox 1237 391 1349 427; x_wconf 86' lang='lat' dir='ltr'><strong>abnuit,</strong></span> <span class='ocrx_word' id='word_1_346' title='bbox 1365 391 1416 419; x_wconf 87' lang='lat' dir='ltr'><strong>sed</strong></span> <span class='ocrx_word' id='word_1_347' title='bbox 1441 389 1601 419; x_wconf 80' lang='lat' dir='ltr'><strong>curationis</strong></span> <span class='ocrx_word' id='word_1_348' title='bbox 1625 387 1825 417; x_wconf 76' lang='lat' dir='ltr'><strong>acerbitatem.</strong></span> 
     </span>
    </p>
   </div>
   <div class='ocr_carea' id='block_1_46' title="bbox 1001 432 1826 474">
    <p class='ocr_par' dir='ltr' id='par_1_46' title="bbox 1001 432 1826 474">
     <span class='ocr_line' id='line_1_46' title="bbox 1001 432 1826 474; baseline -0.008 -8"><span class='ocrx_word' id='word_1_349' title='bbox 1001 440 1082 474; x_wconf 80' lang='lat' dir='ltr'><strong>Saepe</strong></span> <span class='ocrx_word' id='word_1_350' title='bbox 1096 439 1194 466; x_wconf 86' lang='lat' dir='ltr'><strong>autem</strong></span> <span class='ocrx_word' id='word_1_351' title='bbox 1211 437 1353 470; x_wconf 76' lang='lat' dir='ltr'><strong>diximus,</strong></span> <span class='ocrx_word' id='word_1_352' title='bbox 1369 436 1444 464; x_wconf 83' lang='lat' dir='ltr'><strong>iram</strong></span> <span class='ocrx_word' id='word_1_353' title='bbox 1459 437 1488 464; x_wconf 88' lang='lat' dir='ltr'><strong>et</strong></span> <span class='ocrx_word' id='word_1_354' title='bbox 1503 435 1631 463; x_wconf 84' lang='lat' dir='ltr'><strong>furorem</strong></span> <span class='ocrx_word' id='word_1_355' title='bbox 1647 432 1698 461; x_wconf 93' lang='lat' dir='ltr'><strong>Dei</strong></span> <span class='ocrx_word' id='word_1_356' title='bbox 1712 432 1742 460; x_wconf 89' lang='lat' dir='ltr'><strong>in</strong></span> <span class='ocrx_word' id='word_1_357' title='bbox 1753 432 1826 460; x_wconf 90' lang='lat' dir='ltr'><strong>divi-</strong></span> 
     </span>
    </p>
   </div>
   <div class='ocr_carea' id='block_1_47' title="bbox 1001 477 1827 518">
    <p class='ocr_par' dir='ltr' id='par_1_47' title="bbox 1001 477 1827 518">
     <span class='ocr_line' id='line_1_47' title="bbox 1001 477 1827 518; baseline -0.007 -7"><span class='ocrx_word' id='word_1_358' title='bbox 1001 483 1082 511; x_wconf 87' lang='lat' dir='ltr'><strong>nitus</strong></span> <span class='ocrx_word' id='word_1_359' title='bbox 1096 482 1214 510; x_wconf 84' lang='lat' dir='ltr'><strong>traditis</strong></span> <span class='ocrx_word' id='word_1_360' title='bbox 1228 481 1385 518; x_wconf 83' lang='lat' dir='ltr'><strong>Bcripturis</strong></span> <span class='ocrx_word' id='word_1_361' title='bbox 1399 489 1458 509; x_wconf 91' lang='lat' dir='ltr'><strong>non</strong></span> <span class='ocrx_word' id='word_1_362' title='bbox 1473 479 1563 508; x_wconf 88' lang='lat' dir='ltr'><strong>animi</strong></span> <span class='ocrx_word' id='word_1_363' title='bbox 1589 481 1687 507; x_wconf 87' lang='lat' dir='ltr'><strong>motus</strong></span> <span class='ocrx_word' id='word_1_364' title='bbox 1712 477 1827 514; x_wconf 79' lang='lat' dir='ltr'><strong>signiti-</strong></span> 
     </span>
    </p>
   </div>
   <div class='ocr_carea' id='block_1_48' title="bbox 1001 524 1826 563">
    <p class='ocr_par' dir='ltr' id='par_1_48' title="bbox 1001 524 1826 563">
     <span class='ocr_line' id='line_1_48' title="bbox 1001 524 1826 563; baseline -0.007 -7"><span class='ocrx_word' id='word_1_365' title='bbox 1001 536 1088 562; x_wconf 86' lang='lat' dir='ltr'><strong>care;</strong></span> <span class='ocrx_word' id='word_1_366' title='bbox 1105 536 1173 556; x_wconf 88' lang='lat' dir='ltr'><strong>nam</strong></span> <span class='ocrx_word' id='word_1_367' title='bbox 1190 528 1226 555; x_wconf 85' lang='lat' dir='ltr'><strong>ab</strong></span> <span class='ocrx_word' id='word_1_368' title='bbox 1242 527 1323 555; x_wconf 90' lang='lat' dir='ltr'><strong>omni</strong></span> <span class='ocrx_word' id='word_1_369' title='bbox 1339 525 1558 563; x_wconf 78' lang='lat' dir='ltr'><strong>perturbatione</strong></span> <span class='ocrx_word' id='word_1_370' title='bbox 1573 524 1701 552; x_wconf 88' lang='lat' dir='ltr'><strong>alienum</strong></span> <span class='ocrx_word' id='word_1_371' title='bbox 1714 530 1826 551; x_wconf 87' lang='lat' dir='ltr'><strong>numen</strong></span> 
     </span>
    </p>
   </div>
   <div class='ocr_carea' id='block_1_49' title="bbox 1001 568 1826 609">
    <p class='ocr_par' dir='ltr' id='par_1_49' title="bbox 1001 568 1826 609">
     <span class='ocr_line' id='line_1_49' title="bbox 1001 568 1826 609; baseline -0.008 -8"><span class='ocrx_word' id='word_1_372' title='bbox 1001 575 1046 601; x_wconf 89' lang='lat' dir='ltr'><strong>est</strong></span> <span class='ocrx_word' id='word_1_373' title='bbox 1058 582 1064 608; x_wconf 85' lang='lat'><strong>;</strong></span> <span class='ocrx_word' id='word_1_374' title='bbox 1081 573 1131 601; x_wconf 87' lang='lat' dir='ltr'><strong>sed</strong></span> <span class='ocrx_word' id='word_1_375' title='bbox 1147 581 1198 609; x_wconf 87' lang='lat' dir='ltr'><strong>per</strong></span> <span class='ocrx_word' id='word_1_376' title='bbox 1212 571 1436 600; x_wconf 88' lang='lat' dir='ltr'><strong>translationem</strong></span> <span class='ocrx_word' id='word_1_377' title='bbox 1453 571 1512 599; x_wconf 70' lang='lat' dir='ltr'><strong>haec</strong></span> <span class='ocrx_word' id='word_1_378' title='bbox 1526 570 1622 598; x_wconf 85' lang='lat' dir='ltr'><strong>solent</strong></span> <span class='ocrx_word' id='word_1_379' title='bbox 1633 569 1663 597; x_wconf 91' lang='lat' dir='ltr'><strong>in</strong></span> <span class='ocrx_word' id='word_1_380' title='bbox 1674 568 1826 604; x_wconf 84' lang='lat' dir='ltr'><strong>Scriptura</strong></span> 
     </span>
    </p>
   </div>
   <div class='ocr_carea' id='block_1_50' title="bbox 1002 614 1824 653">
    <p class='ocr_par' dir='ltr' id='par_1_50' title="bbox 1002 614 1824 653">
     <span class='ocr_line' id='line_1_50' title="bbox 1002 614 1824 653; baseline -0.009 -7"><span class='ocrx_word' id='word_1_381' title='bbox 1002 618 1161 652; x_wconf 84' lang='lat' dir='ltr'><strong>nominari,</strong></span> <span class='ocrx_word' id='word_1_382' title='bbox 1176 617 1427 653; x_wconf 80' lang='lat' dir='ltr'><strong>quemadmodum</strong></span> <span class='ocrx_word' id='word_1_383' title='bbox 1439 615 1515 644; x_wconf 88' lang='lat' dir='ltr'><strong>oculi</strong></span> <span class='ocrx_word' id='word_1_384' title='bbox 1527 614 1586 648; x_wconf 87' lang='lat' dir='ltr'><strong>Dei,</strong></span> <span class='ocrx_word' id='word_1_385' title='bbox 1597 621 1694 646; x_wconf 86' lang='lat' dir='ltr'><strong>aures,</strong></span> <span class='ocrx_word' id='word_1_386' title='bbox 1706 620 1824 646; x_wconf 82' lang='lat' dir='ltr'><strong>manus,</strong></span> 
     </span>
    </p>
   </div>
   <div class='ocr_carea' id='block_1_51' title="bbox 1002 657 1824 698">
    <p class='ocr_par' dir='ltr' id='par_1_51' title="bbox 1002 657 1824 698">
     <span class='ocr_line' id='line_1_51' title="bbox 1002 657 1824 698; baseline -0.009 -8"><span class='ocrx_word' id='word_1_387' title='bbox 1002 663 1094 698; x_wconf 84' lang='lat' dir='ltr'><strong>digiti,</strong></span> <span class='ocrx_word' id='word_1_388' title='bbox 1107 663 1195 698; x_wconf 85' lang='lat' dir='ltr'><strong>pedes</strong></span> <span class='ocrx_word' id='word_1_389' title='bbox 1202 665 1231 690; x_wconf 89' lang='lat' dir='ltr'><strong>et</strong></span> <span class='ocrx_word' id='word_1_390' title='bbox 1237 662 1350 698; x_wconf 88' lang='lat' dir='ltr'><strong>reliqua</strong></span> <span class='ocrx_word' id='word_1_391' title='bbox 1359 661 1505 689; x_wconf 86' lang='lat' dir='ltr'><strong>membra:</strong></span> <span class='ocrx_word' id='word_1_392' title='bbox 1515 657 1824 695; x_wconf 71' lang='lat' dir='ltr'><strong>quaipsehominibus</strong></span> 
     </span>
    </p>
   </div>
   <div class='ocr_carea' id='block_1_52' title="bbox 1001 703 1824 743">
    <p class='ocr_par' dir='ltr' id='par_1_52' title="bbox 1001 703 1824 743">
     <span class='ocr_line' id='line_1_52' title="bbox 1001 703 1824 743; baseline -0.009 -8"><span class='ocrx_word' id='word_1_393' title='bbox 1001 708 1113 735; x_wconf 81' lang='lat' dir='ltr'><strong>utiliter</strong></span> <span class='ocrx_word' id='word_1_394' title='bbox 1128 707 1290 743; x_wconf 80' lang='lat' dir='ltr'><strong>dispensat,</strong></span> <span class='ocrx_word' id='word_1_395' title='bbox 1312 706 1479 734; x_wconf 84' lang='lat' dir='ltr'><strong>auditorum</strong></span> <span class='ocrx_word' id='word_1_396' title='bbox 1508 703 1641 740; x_wconf 80' lang='lat' dir='ltr'><strong>qualitati</strong></span> <span class='ocrx_word' id='word_1_397' title='bbox 1671 710 1703 730; x_wconf 84' lang='lat' dir='ltr'><strong>se</strong></span> <span class='ocrx_word' id='word_1_398' title='bbox 1717 703 1824 729; x_wconf 87' lang='lat' dir='ltr'><strong>attem-</strong></span> 
     </span>
    </p>
   </div>
   <div class='ocr_carea' id='block_1_53' title="bbox 1001 745 1823 789">
    <p class='ocr_par' dir='ltr' id='par_1_53' title="bbox 1001 745 1823 789">
     <span class='ocr_line' id='line_1_53' title="bbox 1001 745 1823 789; baseline -0.01 -9"><span class='ocrx_word' id='word_1_399' title='bbox 1001 760 1115 789; x_wconf 86' lang='lat' dir='ltr'><strong>perans.</strong></span> <span class='ocrx_word' id='word_1_400' title='bbox 1132 752 1178 780; x_wconf 82' lang='lat' dir='ltr'><strong>sic</strong></span> <span class='ocrx_word' id='word_1_401' title='bbox 1193 752 1283 788; x_wconf 82' lang='lat' dir='ltr'><strong>igitur</strong></span> <span class='ocrx_word' id='word_1_402' title='bbox 1302 751 1390 779; x_wconf 85' lang='lat' dir='ltr'><strong>etiam</strong></span> <span class='ocrx_word' id='word_1_403' title='bbox 1417 749 1544 778; x_wconf 88' lang='lat' dir='ltr'><strong>inﬂictas</strong></span> <span class='ocrx_word' id='word_1_404' title='bbox 1572 756 1605 776; x_wconf 81' lang='lat' dir='ltr'><strong>ex</strong></span> <span class='ocrx_word' id='word_1_405' title='bbox 1633 747 1685 776; x_wconf 89' lang='lat' dir='ltr'><strong>Dei</strong></span> <span class='ocrx_word' id='word_1_406' title='bbox 1710 745 1823 782; x_wconf 87' lang='lat' dir='ltr'><strong>judicio</strong></span> 
     </span>
    </p>
   </div>
   <div class='ocr_carea' id='block_1_54' title="bbox 1000 791 1825 834">
    <p class='ocr_par' dir='ltr' id='par_1_54' title="bbox 1000 791 1825 834">
     <span class='ocr_line' id='line_1_54' title="bbox 1000 791 1825 834; baseline -0.01 -8"><span class='ocrx_word' id='word_1_407' title='bbox 1000 797 1187 834; x_wconf 84' lang='lat' dir='ltr'><strong>peccantibus</strong></span> <span class='ocrx_word' id='word_1_408' title='bbox 1200 805 1312 833; x_wconf 80' lang='lat' dir='ltr'><strong>poenas,</strong></span> <span class='ocrx_word' id='word_1_409' title='bbox 1326 805 1390 832; x_wconf 69' lang='lat' dir='ltr'><strong>qum</strong></span> <span class='ocrx_word' id='word_1_410' title='bbox 1410 803 1480 824; x_wconf 87' lang='lat' dir='ltr'><strong>sane</strong></span> <span class='ocrx_word' id='word_1_411' title='bbox 1503 793 1631 822; x_wconf 64' lang='lat' dir='ltr'><strong>molesta:</strong></span> <span class='ocrx_word' id='word_1_412' title='bbox 1654 791 1825 826; x_wconf 69' lang='lat' dir='ltr'><strong>acerbaque</strong></span> 
     </span>
    </p>
   </div>
   <div class='ocr_carea' id='block_1_55' title="bbox 999 836 1823 878">
    <p class='ocr_par' dir='ltr' id='par_1_55' title="bbox 999 836 1823 878">
     <span class='ocr_line' id='line_1_55' title="bbox 999 836 1823 878; baseline -0.01 -8"><span class='ocrx_word' id='word_1_413' title='bbox 999 842 1180 878; x_wconf 84' lang='lat' dir='ltr'><strong>patientibus</strong></span> <span class='ocrx_word' id='word_1_414' title='bbox 1196 844 1275 875; x_wconf 88' lang='lat' dir='ltr'><strong>sunt,</strong></span> <span class='ocrx_word' id='word_1_415' title='bbox 1293 841 1378 876; x_wconf 85' lang='lat' dir='ltr'><strong>quasi</strong></span> <span class='ocrx_word' id='word_1_416' title='bbox 1400 848 1434 868; x_wconf 83' lang='lat' dir='ltr'><strong>ex</strong></span> <span class='ocrx_word' id='word_1_417' title='bbox 1458 840 1502 867; x_wconf 89' lang='lat' dir='ltr'><strong>ira</strong></span> <span class='ocrx_word' id='word_1_418' title='bbox 1523 841 1552 867; x_wconf 86' lang='lat' dir='ltr'><strong>et</strong></span> <span class='ocrx_word' id='word_1_419' title='bbox 1574 838 1671 865; x_wconf 79' lang='lat' dir='ltr'><strong>furore</strong></span> <span class='ocrx_word' id='word_1_420' title='bbox 1693 836 1823 864; x_wconf 79' lang='lat' dir='ltr'><strong>invectas</strong></span> 
     </span>
    </p>
   </div>
   <div class='ocr_carea' id='block_1_56' title="bbox 1000 879 1823 919">
    <p class='ocr_par' dir='ltr' id='par_1_56' title="bbox 1000 879 1823 919">
     <span class='ocr_line' id='line_1_56' title="bbox 1000 879 1823 919; baseline -0.011 -4"><span class='ocrx_word' id='word_1_421' title='bbox 1000 887 1165 915; x_wconf 81' lang='lat' dir='ltr'><strong>adumbrat.</strong></span> <span class='ocrx_word' id='word_1_422' title='bbox 1181 886 1240 914; x_wconf 87' lang='lat' dir='ltr'><strong>Hoc</strong></span> <span class='ocrx_word' id='word_1_423' title='bbox 1255 888 1352 914; x_wconf 85' lang='lat' dir='ltr'><strong>autem</strong></span> <span class='ocrx_word' id='word_1_424' title='bbox 1368 887 1397 913; x_wconf 90' lang='lat' dir='ltr'><strong>et</strong></span> <span class='ocrx_word' id='word_1_425' title='bbox 1413 892 1495 912; x_wconf 85' lang='lat' dir='ltr'><strong>sacer</strong></span> <span class='ocrx_word' id='word_1_426' title='bbox 1505 882 1662 919; x_wconf 81' lang='lat' dir='ltr'><strong>Apostolus</strong></span> <span class='ocrx_word' id='word_1_427' title='bbox 1672 881 1766 915; x_wconf 89' lang='lat' dir='ltr'><strong>docet,</strong></span> <span class='ocrx_word' id='word_1_428' title='bbox 1778 879 1823 906; x_wconf 88' lang='lat' dir='ltr'><strong>di-</strong></span> 
     </span>
    </p>
   </div>
   <div class='ocr_carea' id='block_1_57' title="bbox 999 924 1822 960">
    <p class='ocr_par' dir='ltr' id='par_1_57' title="bbox 999 924 1822 960">
     <span class='ocr_line' id='line_1_57' title="bbox 999 924 1822 960; baseline -0.01 -1"><span class='ocrx_word' id='word_1_429' title='bbox 999 940 1068 960; x_wconf 89' lang='lat' dir='ltr'><strong>cens</strong></span> <span class='ocrx_word' id='word_1_430' title='bbox 1081 941 1088 959; x_wconf 88' lang='lat'><strong>:</strong></span> <span class='ocrx_word' id='word_1_431' title='bbox 1102 931 1257 959; x_wconf 80' lang='lat' dir='ltr'><strong>Secundum</strong></span> <span class='ocrx_word' id='word_1_432' title='bbox 1279 934 1369 958; x_wconf 80' lang='lat' dir='ltr'><strong>autem</strong></span> <span class='ocrx_word' id='word_1_433' title='bbox 1392 929 1528 957; x_wconf 78' lang='lat' dir='ltr'><strong>duritiam</strong></span> <span class='ocrx_word' id='word_1_434' title='bbox 1551 930 1628 956; x_wconf 87' lang='lat' dir='ltr'><strong>tuam</strong></span> <span class='ocrx_word' id='word_1_435' title='bbox 1647 931 1674 955; x_wconf 80' lang='lat' dir='ltr'><strong>et</strong></span> <span class='ocrx_word' id='word_1_436' title='bbox 1695 924 1822 960; x_wconf 74' lang='lat' dir='ltr'><strong>impaeni-</strong></span> 
     </span>
    </p>
   </div>
   <div class='ocr_carea' id='block_1_58' title="bbox 997 970 1820 1007">
    <p class='ocr_par' dir='ltr' id='par_1_58' title="bbox 997 970 1820 1007">
     <span class='ocr_line' id='line_1_58' title="bbox 997 970 1820 1007; baseline -0.011 -2"><span class='ocrx_word' id='word_1_437' title='bbox 997 978 1055 1005; x_wconf 77' lang='lat' dir='ltr'><strong>tem</strong></span> <span class='ocrx_word' id='word_1_438' title='bbox 1070 984 1116 1004; x_wconf 89' lang='lat' dir='ltr'><strong>cor</strong></span> <span class='ocrx_word' id='word_1_439' title='bbox 1130 976 1303 1004; x_wconf 72' lang='lat' dir='ltr'><strong>thesaurims</strong></span> <span class='ocrx_word' id='word_1_440' title='bbox 1317 975 1370 1002; x_wconf 81' lang='lat' dir='ltr'><strong>tibi</strong></span> <span class='ocrx_word' id='word_1_441' title='bbox 1384 975 1457 1002; x_wconf 84' lang='lat' dir='ltr'><strong>iram</strong></span> <span class='ocrx_word' id='word_1_442' title='bbox 1471 975 1500 1001; x_wconf 83' lang='lat' dir='ltr'><strong>in</strong></span> <span class='ocrx_word' id='word_1_443' title='bbox 1516 973 1560 1001; x_wconf 84' lang='lat' dir='ltr'><strong>dic</strong></span> <span class='ocrx_word' id='word_1_444' title='bbox 1581 974 1641 1007; x_wconf 55' lang='lat' dir='ltr'><strong>ira,</strong></span> <span class='ocrx_word' id='word_1_445' title='bbox 1664 975 1692 999; x_wconf 79' lang='lat' dir='ltr'><strong>et</strong></span> <span class='ocrx_word' id='word_1_446' title='bbox 1715 970 1820 998; x_wconf 79' lang='lat' dir='ltr'><strong>revela-</strong></span> 
     </span>
    </p>
   </div>
   <div class='ocr_carea' id='block_1_59' title="bbox 996 1015 1821 1057">
    <p class='ocr_par' dir='ltr' id='par_1_59' title="bbox 996 1015 1821 1057">
     <span class='ocr_line' id='line_1_59' title="bbox 996 1015 1821 1057; baseline -0.008 -8"><span class='ocrx_word' id='word_1_447' title='bbox 996 1022 1078 1049; x_wconf 74' lang='lat' dir='ltr'><strong>lionis</strong></span> <span class='ocrx_word' id='word_1_448' title='bbox 1088 1022 1160 1057; x_wconf 72' lang='lat' dir='ltr'><strong>justi</strong></span> <span class='ocrx_word' id='word_1_449' title='bbox 1169 1020 1268 1056; x_wconf 75' lang='lat' dir='ltr'><strong>iudicii</strong></span> <span class='ocrx_word' id='word_1_450' title='bbox 1279 1021 1336 1052; x_wconf 53' lang='lat' dir='ltr'><strong>Dei,</strong></span> <span class='ocrx_word' id='word_1_451' title='bbox 1348 1020 1396 1055; x_wconf 82' lang='lat' dir='ltr'><strong>qui</strong></span> <span class='ocrx_word' id='word_1_452' title='bbox 1405 1019 1500 1047; x_wconf 80' lang='lat' dir='ltr'><strong>reddet</strong></span> <span class='ocrx_word' id='word_1_453' title='bbox 1509 1018 1662 1053; x_wconf 76' lang='lat' dir='ltr'><strong>unicuique</strong></span> <span class='ocrx_word' id='word_1_454' title='bbox 1671 1015 1821 1044; x_wconf 73' lang='lat' dir='ltr'><strong>secundum</strong></span> 
     </span>
    </p>
   </div>
   <div class='ocr_carea' id='block_1_60' title="bbox 994 1060 1819 1102">
    <p class='ocr_par' dir='ltr' id='par_1_60' title="bbox 994 1060 1819 1102">
     <span class='ocr_line' id='line_1_60' title="bbox 994 1060 1819 1102; baseline -0.008 -8"><span class='ocrx_word' id='word_1_455' title='bbox 994 1074 1077 1102; x_wconf 86' lang='lat' dir='ltr'><strong>opera</strong></span> <span class='ocrx_word' id='word_1_456' title='bbox 1091 1067 1151 1100; x_wconf 78' lang='lat' dir='ltr'><strong>eius</strong></span> <span class='ocrx_word' id='word_1_457' title='bbox 1165 1066 1197 1092; x_wconf 70' lang='grc'><strong>⁸³.</strong></span> <span class='ocrx_word' id='word_1_458' title='bbox 1212 1066 1252 1093; x_wconf 85' lang='lat' dir='ltr'><strong>Ac</strong></span> <span class='ocrx_word' id='word_1_459' title='bbox 1268 1065 1293 1093; x_wconf 90' lang='lat' dir='ltr'><strong>si</strong></span> <span class='ocrx_word' id='word_1_460' title='bbox 1307 1064 1374 1100; x_wconf 86' lang='lat' dir='ltr'><strong>quis</strong></span> <span class='ocrx_word' id='word_1_461' title='bbox 1390 1071 1490 1100; x_wconf 82' lang='lat' dir='ltr'><strong>pcenas</strong></span> <span class='ocrx_word' id='word_1_462' title='bbox 1506 1071 1569 1098; x_wconf 75' lang='lat' dir='ltr'><strong>quis</strong></span> <span class='ocrx_word' id='word_1_463' title='bbox 1585 1070 1620 1090; x_wconf 86' lang='lat' dir='ltr'><strong>ex</strong></span> <span class='ocrx_word' id='word_1_464' title='bbox 1635 1061 1697 1097; x_wconf 81' lang='lat' dir='ltr'><strong>lege</strong></span> <span class='ocrx_word' id='word_1_465' title='bbox 1706 1060 1819 1096; x_wconf 42' lang='lat' dir='ltr'><strong>impen‘</strong></span> 
     </span>
    </p>
   </div>
   <div class='ocr_carea' id='block_1_61' title="bbox 996 1105 1818 1145">
    <p class='ocr_par' dir='ltr' id='par_1_61' title="bbox 996 1105 1818 1145">
     <span class='ocr_line' id='line_1_61' title="bbox 996 1105 1818 1145; baseline -0.007 -6"><span class='ocrx_word' id='word_1_466' title='bbox 996 1111 1066 1139; x_wconf 88' lang='lat' dir='ltr'><strong>dent</strong></span> <span class='ocrx_word' id='word_1_467' title='bbox 1077 1110 1242 1145; x_wconf 78' lang='lat' dir='ltr'><strong>homicidae,</strong></span> <span class='ocrx_word' id='word_1_468' title='bbox 1254 1110 1329 1137; x_wconf 90' lang='lat' dir='ltr'><strong>iram</strong></span> <span class='ocrx_word' id='word_1_469' title='bbox 1340 1118 1373 1137; x_wconf 86' lang='lat' dir='ltr'><strong>ac</strong></span> <span class='ocrx_word' id='word_1_470' title='bbox 1385 1110 1511 1136; x_wconf 81' lang='lat' dir='ltr'><strong>furorem</strong></span> <span class='ocrx_word' id='word_1_471' title='bbox 1524 1106 1660 1144; x_wconf 82' lang='lat' dir='ltr'><strong>appellet,</strong></span> <span class='ocrx_word' id='word_1_472' title='bbox 1671 1114 1729 1134; x_wconf 90' lang='lat' dir='ltr'><strong>non</strong></span> <span class='ocrx_word' id='word_1_473' title='bbox 1741 1105 1818 1141; x_wconf 88' lang='lat' dir='ltr'><strong>quod</strong></span> 
     </span>
    </p>
   </div>
   <div class='ocr_carea' id='block_1_62' title="bbox 995 1151 1818 1189">
    <p class='ocr_par' dir='ltr' id='par_1_62' title="bbox 995 1151 1818 1189">
     <span class='ocr_line' id='line_1_62' title="bbox 995 1151 1818 1189; baseline -0.005 -6"><span class='ocrx_word' id='word_1_474' title='bbox 995 1163 1094 1184; x_wconf 86' lang='lat' dir='ltr'><strong>revera</strong></span> <span class='ocrx_word' id='word_1_475' title='bbox 1102 1155 1148 1183; x_wconf 86' lang='lat' dir='ltr'><strong>lex</strong></span> <span class='ocrx_word' id='word_1_476' title='bbox 1160 1155 1203 1183; x_wconf 86' lang='lat' dir='ltr'><strong>ira</strong></span> <span class='ocrx_word' id='word_1_477' title='bbox 1210 1157 1238 1183; x_wconf 89' lang='lat' dir='ltr'><strong>et</strong></span> <span class='ocrx_word' id='word_1_478' title='bbox 1247 1154 1344 1182; x_wconf 82' lang='lat' dir='ltr'><strong>furore</strong></span> <span class='ocrx_word' id='word_1_479' title='bbox 1356 1153 1541 1189; x_wconf 85' lang='lat' dir='ltr'><strong>corripiatur,</strong></span> <span class='ocrx_word' id='word_1_480' title='bbox 1551 1153 1602 1180; x_wconf 87' lang='lat' dir='ltr'><strong>sed</strong></span> <span class='ocrx_word' id='word_1_481' title='bbox 1612 1152 1690 1188; x_wconf 89' lang='lat' dir='ltr'><strong>quod</strong></span> <span class='ocrx_word' id='word_1_482' title='bbox 1702 1151 1752 1188; x_wconf 90' lang='lat' dir='ltr'><strong>qui</strong></span> <span class='ocrx_word' id='word_1_483' title='bbox 1761 1160 1818 1188; x_wconf 84' lang='lat' dir='ltr'><strong>pu-</strong></span> 
     </span>
    </p>
   </div>
   <div class='ocr_carea' id='block_1_63' title="bbox 996 1197 1817 1236">
    <p class='ocr_par' dir='ltr' id='par_1_63' title="bbox 996 1197 1817 1236">
     <span class='ocr_line' id='line_1_63' title="bbox 996 1197 1817 1236; baseline -0.004 -8"><span class='ocrx_word' id='word_1_484' title='bbox 996 1201 1086 1234; x_wconf 85' lang='lat' dir='ltr'><strong>nitur,</strong></span> <span class='ocrx_word' id='word_1_485' title='bbox 1102 1200 1176 1236; x_wconf 81' lang='lat' dir='ltr'><strong>legis</strong></span> <span class='ocrx_word' id='word_1_486' title='bbox 1192 1199 1370 1235; x_wconf 88' lang='lat' dir='ltr'><strong>supplicium</strong></span> <span class='ocrx_word' id='word_1_487' title='bbox 1386 1199 1460 1227; x_wconf 90' lang='lat' dir='ltr'><strong>iram</strong></span> <span class='ocrx_word' id='word_1_488' title='bbox 1475 1206 1540 1226; x_wconf 86' lang='lat' dir='ltr'><strong>esse</strong></span> <span class='ocrx_word' id='word_1_489' title='bbox 1555 1199 1646 1233; x_wconf 89' lang='lat' dir='ltr'><strong>putet.</strong></span> <span class='ocrx_word' id='word_1_490' title='bbox 1668 1197 1735 1226; x_wconf 84' lang='lat' dir='ltr'><strong>Jam</strong></span> <span class='ocrx_word' id='word_1_491' title='bbox 1749 1205 1817 1225; x_wconf 87' lang='lat' dir='ltr'><strong>vero</strong></span> 
     </span>
    </p>
   </div>
   <div class='ocr_carea' id='block_1_64' title="bbox 995 1242 1819 1282">
    <p class='ocr_par' dir='ltr' id='par_1_64' title="bbox 995 1242 1819 1282">
     <span class='ocr_line' id='line_1_64' title="bbox 995 1242 1819 1282; baseline -0.005 -9"><span class='ocrx_word' id='word_1_492' title='bbox 995 1245 1117 1282; x_wconf 85' lang='lat' dir='ltr'><strong>maligni</strong></span> <span class='ocrx_word' id='word_1_493' title='bbox 1132 1253 1249 1282; x_wconf 87' lang='lat' dir='ltr'><strong>quoque</strong></span> <span class='ocrx_word' id='word_1_494' title='bbox 1264 1245 1411 1272; x_wconf 76' lang='lat' dir='ltr'><strong>daemones</strong></span> <span class='ocrx_word' id='word_1_495' title='bbox 1425 1243 1476 1279; x_wconf 87' lang='lat' dir='ltr'><strong>qui</strong></span> <span class='ocrx_word' id='word_1_496' title='bbox 1492 1242 1703 1279; x_wconf 83' lang='lat' dir='ltr'><strong>suppliciorum</strong></span> <span class='ocrx_word' id='word_1_497' title='bbox 1718 1242 1819 1278; x_wconf 90' lang='lat' dir='ltr'><strong>impiis</strong></span> 
     </span>
    </p>
   </div>
   <div class='ocr_carea' id='block_1_65' title="bbox 995 1287 1818 1321">
    <p class='ocr_par' dir='ltr' id='par_1_65' title="bbox 995 1287 1818 1321">
     <span class='ocr_line' id='line_1_65' title="bbox 995 1287 1818 1321; baseline -0.005 -3"><span class='ocrx_word' id='word_1_498' title='bbox 995 1290 1144 1318; x_wconf 86' lang='lat' dir='ltr'><strong>illatorum</strong></span> <span class='ocrx_word' id='word_1_499' title='bbox 1159 1289 1286 1318; x_wconf 86' lang='lat' dir='ltr'><strong>ministri</strong></span> <span class='ocrx_word' id='word_1_500' title='bbox 1297 1291 1377 1321; x_wconf 88' lang='lat' dir='ltr'><strong>sunt,</strong></span> <span class='ocrx_word' id='word_1_501' title='bbox 1389 1296 1422 1316; x_wconf 90' lang='lat' dir='ltr'><strong>ac</strong></span> <span class='ocrx_word' id='word_1_502' title='bbox 1432 1288 1555 1316; x_wconf 82' lang='lat' dir='ltr'><strong>virtutes</strong></span> <span class='ocrx_word' id='word_1_503' title='bbox 1568 1287 1616 1316; x_wconf 88' lang='lat' dir='ltr'><strong>Dei</strong></span> <span class='ocrx_word' id='word_1_504' title='bbox 1626 1287 1818 1321; x_wconf 67' lang='lat' dir='ltr'><strong>administris,</strong></span> 
     </span>
    </p>
   </div>
   <div class='ocr_carea' id='block_1_66' title="bbox 995 1331 1820 1363">
    <p class='ocr_par' dir='ltr' id='par_1_66' title="bbox 995 1331 1820 1363">
     <span class='ocr_line' id='line_1_66' title="bbox 995 1331 1820 1363; baseline -0.005 0"><span class='ocrx_word' id='word_1_505' title='bbox 995 1335 1039 1363; x_wconf 89' lang='lat' dir='ltr'><strong>ira</strong></span> <span class='ocrx_word' id='word_1_506' title='bbox 1049 1337 1077 1363; x_wconf 90' lang='lat' dir='ltr'><strong>et</strong></span> <span class='ocrx_word' id='word_1_507' title='bbox 1088 1335 1169 1363; x_wconf 79' lang='lat' dir='ltr'><strong>furor</strong></span> <span class='ocrx_word' id='word_1_508' title='bbox 1177 1336 1330 1362; x_wconf 80' lang='lat' dir='ltr'><strong>vocantur.</strong></span> <span class='ocrx_word' id='word_1_509' title='bbox 1347 1333 1402 1362; x_wconf 89' lang='lat' dir='ltr'><strong>Ubi</strong></span> <span class='ocrx_word' id='word_1_510' title='bbox 1416 1333 1518 1361; x_wconf 85' lang='lat' dir='ltr'><strong>itidem</strong></span> <span class='ocrx_word' id='word_1_511' title='bbox 1534 1340 1631 1361; x_wconf 86' lang='lat' dir='ltr'><strong>sermo</strong></span> <span class='ocrx_word' id='word_1_512' title='bbox 1645 1332 1770 1360; x_wconf 85' lang='lat' dir='ltr'><strong>habetur</strong></span> <span class='ocrx_word' id='word_1_513' title='bbox 1784 1331 1820 1359; x_wconf 90' lang='lat' dir='ltr'><strong>de</strong></span> 
     </span>
    </p>
   </div>
   <div class='ocr_carea' id='block_1_67' title="bbox 995 1378 1821 1418">
    <p class='ocr_par' dir='ltr' id='par_1_67' title="bbox 995 1378 1821 1418">
     <span class='ocr_line' id='line_1_67' title="bbox 995 1378 1821 1418; baseline -0.005 -9"><span class='ocrx_word' id='word_1_514' title='bbox 995 1381 1097 1409; x_wconf 90' lang='lat' dir='ltr'><strong>decem</strong></span> <span class='ocrx_word' id='word_1_515' title='bbox 1112 1380 1206 1418; x_wconf 82' lang='lat' dir='ltr'><strong>plagis</strong></span> <span class='ocrx_word' id='word_1_516' title='bbox 1217 1382 1317 1409; x_wconf 85' lang='lat' dir='ltr'><strong>contra</strong></span> <span class='ocrx_word' id='word_1_517' title='bbox 1328 1380 1477 1417; x_wconf 68' lang='lat' dir='ltr'><strong>[Egyptios</strong></span> <span class='ocrx_word' id='word_1_518' title='bbox 1487 1378 1641 1414; x_wconf 86' lang='lat' dir='ltr'><strong>immissis,</strong></span> <span class='ocrx_word' id='word_1_519' title='bbox 1653 1378 1765 1406; x_wconf 88' lang='lat' dir='ltr'><strong>dictum</strong></span> <span class='ocrx_word' id='word_1_520' title='bbox 1776 1379 1821 1406; x_wconf 84' lang='lat' dir='ltr'><strong>est</strong></span> 
     </span>
    </p>
   </div>
   <div class='ocr_carea' id='block_1_68' title="bbox 996 1422 1820 1460">
    <p class='ocr_par' dir='ltr' id='par_1_68' title="bbox 996 1422 1820 1460">
     <span class='ocr_line' id='line_1_68' title="bbox 996 1422 1820 1460; baseline -0.005 -6"><span class='ocrx_word' id='word_1_521' title='bbox 996 1426 1154 1454; x_wconf 84' lang='lat' dir='ltr'><strong>similiter:</strong></span> <span class='ocrx_word' id='word_1_522' title='bbox 1172 1426 1244 1454; x_wconf 69' lang='lat' dir='ltr'><strong>Misit</strong></span> <span class='ocrx_word' id='word_1_523' title='bbox 1258 1427 1289 1454; x_wconf 83' lang='lat' dir='ltr'><strong>in</strong></span> <span class='ocrx_word' id='word_1_524' title='bbox 1303 1433 1348 1453; x_wconf 77' lang='lat' dir='ltr'><strong>eos</strong></span> <span class='ocrx_word' id='word_1_525' title='bbox 1371 1426 1446 1452; x_wconf 86' lang='lat' dir='ltr'><strong>irum</strong></span> <span class='ocrx_word' id='word_1_526' title='bbox 1470 1428 1498 1452; x_wconf 77' lang='lat' dir='ltr'><strong>et</strong></span> <span class='ocrx_word' id='word_1_527' title='bbox 1517 1425 1653 1460; x_wconf 79' lang='lat' dir='ltr'><strong>furorem,</strong></span> <span class='ocrx_word' id='word_1_528' title='bbox 1675 1422 1820 1451; x_wconf 64' lang='lat' dir='ltr'><strong>immissio-</strong></span> 
     </span>
    </p>
   </div>
   <div class='ocr_carea' id='block_1_69' title="bbox 994 1466 1820 1506">
    <p class='ocr_par' dir='ltr' id='par_1_69' title="bbox 994 1466 1820 1506">
     <span class='ocr_line' id='line_1_69' title="bbox 994 1466 1820 1506; baseline -0.005 -8"><span class='ocrx_word' id='word_1_529' title='bbox 994 1479 1058 1499; x_wconf 77' lang='lat' dir='ltr'><strong>nem</strong></span> <span class='ocrx_word' id='word_1_530' title='bbox 1071 1479 1121 1506; x_wconf 77' lang='lat' dir='ltr'><strong>per</strong></span> <span class='ocrx_word' id='word_1_531' title='bbox 1135 1471 1245 1506; x_wconf 71' lang='lat' dir='ltr'><strong>angelo:</strong></span> <span class='ocrx_word' id='word_1_532' title='bbox 1265 1471 1353 1498; x_wconf 77' lang='lat' dir='ltr'><strong>malos</strong></span> <span class='ocrx_word' id='word_1_533' title='bbox 1381 1470 1413 1496; x_wconf 72' lang='grc' dir='ltr'><strong>οδ.</strong></span> <span class='ocrx_word' id='word_1_534' title='bbox 1443 1469 1490 1496; x_wconf 89' lang='lat' dir='ltr'><strong>Sic</strong></span> <span class='ocrx_word' id='word_1_535' title='bbox 1518 1468 1637 1496; x_wconf 85' lang='lat' dir='ltr'><strong>dextera</strong></span> <span class='ocrx_word' id='word_1_536' title='bbox 1664 1467 1716 1495; x_wconf 89' lang='lat' dir='ltr'><strong>Dei</strong></span> <span class='ocrx_word' id='word_1_537' title='bbox 1742 1466 1820 1495; x_wconf 82' lang='lat' dir='ltr'><strong>dicta</strong></span> 
     </span>
    </p>
   </div>
   <div class='ocr_carea' id='block_1_70' title="bbox 996 1512 1820 1551">
    <p class='ocr_par' dir='ltr' id='par_1_70' title="bbox 996 1512 1820 1551">
     <span class='ocr_line' id='line_1_70' title="bbox 996 1512 1820 1551; baseline -0.004 -8"><span class='ocrx_word' id='word_1_538' title='bbox 996 1517 1067 1543; x_wconf 88' lang='lat' dir='ltr'><strong>sunt</strong></span> <span class='ocrx_word' id='word_1_539' title='bbox 1081 1523 1124 1550; x_wconf 89' lang='lat' dir='ltr'><strong>ea,</strong></span> <span class='ocrx_word' id='word_1_540' title='bbox 1139 1523 1204 1551; x_wconf 67' lang='lat' dir='ltr'><strong>quae</strong></span> <span class='ocrx_word' id='word_1_541' title='bbox 1219 1523 1270 1550; x_wconf 91' lang='lat' dir='ltr'><strong>per</strong></span> <span class='ocrx_word' id='word_1_542' title='bbox 1284 1515 1417 1542; x_wconf 86' lang='lat' dir='ltr'><strong>dexteras</strong></span> <span class='ocrx_word' id='word_1_543' title='bbox 1431 1516 1460 1541; x_wconf 84' lang='lat' dir='ltr'><strong>et</strong></span> <span class='ocrx_word' id='word_1_544' title='bbox 1483 1513 1573 1541; x_wconf 86' lang='lat' dir='ltr'><strong>bonas</strong></span> <span class='ocrx_word' id='word_1_545' title='bbox 1598 1514 1758 1549; x_wconf 85' lang='lat' dir='ltr'><strong>potestates</strong></span> <span class='ocrx_word' id='word_1_546' title='bbox 1774 1512 1820 1540; x_wconf 90' lang='lat' dir='ltr'><strong>di-</strong></span> 
     </span>
    </p>
   </div>
   <div class='ocr_carea' id='block_1_71' title="bbox 996 1557 1820 1597">
    <p class='ocr_par' dir='ltr' id='par_1_71' title="bbox 996 1557 1820 1597">
     <span class='ocr_line' id='line_1_71' title="bbox 996 1557 1820 1597; baseline -0.002 -10"><span class='ocrx_word' id='word_1_547' title='bbox 996 1560 1062 1597; x_wconf 86' lang='lat' dir='ltr'><strong>gnis</strong></span> <span class='ocrx_word' id='word_1_548' title='bbox 1077 1559 1352 1588; x_wconf 83' lang='lat' dir='ltr'><strong>subministrantur.</strong></span> <span class='ocrx_word' id='word_1_549' title='bbox 1368 1558 1519 1595; x_wconf 84' lang='lat' dir='ltr'><strong>Supplicat</strong></span> <span class='ocrx_word' id='word_1_550' title='bbox 1532 1558 1622 1594; x_wconf 86' lang='lat' dir='ltr'><strong>igitur</strong></span> <span class='ocrx_word' id='word_1_551' title='bbox 1645 1557 1735 1586; x_wconf 85' lang='lat' dir='ltr'><strong>David</strong></span> <span class='ocrx_word' id='word_1_552' title='bbox 1751 1566 1788 1585; x_wconf 91' lang='lat' dir='ltr'><strong>ne</strong></span> <span class='ocrx_word' id='word_1_553' title='bbox 1803 1565 1820 1585; x_wconf 76' lang='grc' dir='ltr'><strong>ε.</strong></span> 
     </span>
    </p>
   </div>
   <div class='ocr_carea' id='block_1_72' title="bbox 996 1602 1820 1640">
    <p class='ocr_par' dir='ltr' id='par_1_72' title="bbox 996 1602 1820 1640">
     <span class='ocr_line' id='line_1_72' title="bbox 996 1602 1820 1640; baseline -0.002 -9"><span class='ocrx_word' id='word_1_554' title='bbox 996 1604 1135 1640; x_wconf 88' lang='lat' dir='ltr'><strong>malignis</strong></span> <span class='ocrx_word' id='word_1_555' title='bbox 1151 1604 1345 1640; x_wconf 84' lang='lat' dir='ltr'><strong>potestatibus</strong></span> <span class='ocrx_word' id='word_1_556' title='bbox 1356 1605 1541 1639; x_wconf 85' lang='lat' dir='ltr'><strong>coarguatur,</strong></span> <span class='ocrx_word' id='word_1_557' title='bbox 1554 1611 1624 1634; x_wconf 88' lang='lat' dir='ltr'><strong>neve</strong></span> <span class='ocrx_word' id='word_1_558' title='bbox 1635 1602 1820 1630; x_wconf 84' lang='lat' dir='ltr'><strong>immissione</strong></span> 
     </span>
    </p>
   </div>
   <div class='ocr_carea' id='block_1_73' title="bbox 996 1647 1820 1685">
    <p class='ocr_par' dir='ltr' id='par_1_73' title="bbox 996 1647 1820 1685">
     <span class='ocr_line' id='line_1_73' title="bbox 996 1647 1820 1685; baseline -0.001 -9"><span class='ocrx_word' id='word_1_559' title='bbox 996 1648 1168 1685; x_wconf 85' lang='lat' dir='ltr'><strong>angelorum</strong></span> <span class='ocrx_word' id='word_1_560' title='bbox 1184 1649 1328 1676; x_wconf 90' lang='lat' dir='ltr'><strong>malorum</strong></span> <span class='ocrx_word' id='word_1_561' title='bbox 1348 1648 1537 1684; x_wconf 85' lang='lat' dir='ltr'><strong>corripiatur:</strong></span> <span class='ocrx_word' id='word_1_562' title='bbox 1565 1648 1614 1676; x_wconf 89' lang='lat' dir='ltr'><strong>sed</strong></span> <span class='ocrx_word' id='word_1_563' title='bbox 1639 1647 1820 1676; x_wconf 84' lang='lat' dir='ltr'><strong>salutaribus</strong></span> 
     </span>
    </p>
   </div>
   <div class='ocr_carea' id='block_1_74' title="bbox 996 1693 1819 1729">
    <p class='ocr_par' dir='ltr' id='par_1_74' title="bbox 996 1693 1819 1729">
     <span class='ocr_line' id='line_1_74' title="bbox 996 1693 1819 1729; baseline 0 -9"><span class='ocrx_word' id='word_1_564' title='bbox 996 1693 1095 1721; x_wconf 87' lang='lat' dir='ltr'><strong>verbis</strong></span> <span class='ocrx_word' id='word_1_565' title='bbox 1107 1693 1289 1728; x_wconf 86' lang='lat' dir='ltr'><strong>utilibusque</strong></span> <span class='ocrx_word' id='word_1_566' title='bbox 1296 1693 1471 1729; x_wconf 89' lang='lat' dir='ltr'><strong>disciplinis.</strong></span> <span class='ocrx_word' id='word_1_567' title='bbox 1480 1694 1575 1728; x_wconf 79' lang='lat' dir='ltr'><strong>Atque</strong></span> <span class='ocrx_word' id='word_1_568' title='bbox 1582 1701 1686 1720; x_wconf 83' lang='lat' dir='ltr'><strong>rursus</strong></span> <span class='ocrx_word' id='word_1_569' title='bbox 1693 1694 1776 1728; x_wconf 85' lang='lat' dir='ltr'><strong>rogat</strong></span> <span class='ocrx_word' id='word_1_570' title='bbox 1783 1700 1819 1720; x_wconf 86' lang='lat' dir='ltr'><strong>ne</strong></span> 
     </span>
    </p>
   </div>
   <div class='ocr_carea' id='block_1_75' title="bbox 995 1737 1819 1773">
    <p class='ocr_par' dir='ltr' id='par_1_75' title="bbox 995 1737 1819 1773">
     <span class='ocr_line' id='line_1_75' title="bbox 995 1737 1819 1773; baseline -0.001 -8"><span class='ocrx_word' id='word_1_571' title='bbox 995 1740 1128 1766; x_wconf 88' lang='lat' dir='ltr'><strong>servetur</strong></span> <span class='ocrx_word' id='word_1_572' title='bbox 1135 1738 1171 1765; x_wconf 87' lang='lat' dir='ltr'><strong>ad</strong></span> <span class='ocrx_word' id='word_1_573' title='bbox 1183 1738 1259 1766; x_wconf 90' lang='lat' dir='ltr'><strong>diem</strong></span> <span class='ocrx_word' id='word_1_574' title='bbox 1271 1738 1330 1771; x_wconf 57' lang='lat' dir='ltr'><strong>ira),</strong></span> <span class='ocrx_word' id='word_1_575' title='bbox 1343 1737 1598 1773; x_wconf 86' lang='lat' dir='ltr'><strong>revelationisque,</strong></span> <span class='ocrx_word' id='word_1_576' title='bbox 1615 1739 1644 1765; x_wconf 90' lang='lat' dir='ltr'><strong>et</strong></span> <span class='ocrx_word' id='word_1_577' title='bbox 1653 1737 1819 1773; x_wconf 90' lang='lat' dir='ltr'><strong>justijudi-</strong></span> 
     </span>
    </p>
   </div>
   <div class='ocr_carea' id='block_1_76' title="bbox 995 1782 1818 1818">
    <p class='ocr_par' dir='ltr' id='par_1_76' title="bbox 995 1782 1818 1818">
     <span class='ocr_line' id='line_1_76' title="bbox 995 1782 1818 1818; baseline 0 -8"><span class='ocrx_word' id='word_1_578' title='bbox 995 1783 1032 1810; x_wconf 90' lang='lat' dir='ltr'><strong>cii</strong></span> <span class='ocrx_word' id='word_1_579' title='bbox 1043 1783 1105 1818; x_wconf 90' lang='lat' dir='ltr'><strong>Dei,</strong></span> <span class='ocrx_word' id='word_1_580' title='bbox 1117 1783 1168 1810; x_wconf 91' lang='lat' dir='ltr'><strong>sed</strong></span> <span class='ocrx_word' id='word_1_581' title='bbox 1177 1783 1238 1818; x_wconf 85' lang='lat' dir='ltr'><strong>jam</strong></span> <span class='ocrx_word' id='word_1_582' title='bbox 1250 1782 1296 1810; x_wconf 85' lang='lat' dir='ltr'><strong>hic</strong></span> <span class='ocrx_word' id='word_1_583' title='bbox 1307 1783 1337 1810; x_wconf 88' lang='lat' dir='ltr'><strong>in</strong></span> <span class='ocrx_word' id='word_1_584' title='bbox 1348 1782 1486 1818; x_wconf 65' lang='lat' dir='ltr'><strong>praesenti</strong></span> <span class='ocrx_word' id='word_1_585' title='bbox 1496 1782 1556 1810; x_wconf 87' lang='lat' dir='ltr'><strong>vita</strong></span> <span class='ocrx_word' id='word_1_586' title='bbox 1572 1784 1600 1810; x_wconf 86' lang='lat' dir='ltr'><strong>et</strong></span> <span class='ocrx_word' id='word_1_587' title='bbox 1612 1785 1680 1810; x_wconf 87' lang='lat' dir='ltr'><strong>ante</strong></span> <span class='ocrx_word' id='word_1_588' title='bbox 1695 1784 1818 1810; x_wconf 88' lang='lat' dir='ltr'><strong>mortem</strong></span> 
     </span>
    </p>
   </div>
   <div class='ocr_carea' id='block_1_77' title="bbox 995 1825 1819 1862">
    <p class='ocr_par' dir='ltr' id='par_1_77' title="bbox 995 1825 1819 1862">
     <span class='ocr_line' id='line_1_77' title="bbox 995 1825 1819 1862; baseline -0.002 -8"><span class='ocrx_word' id='word_1_589' title='bbox 995 1828 1114 1862; x_wconf 87' lang='lat' dir='ltr'><strong>peccata</strong></span> <span class='ocrx_word' id='word_1_590' title='bbox 1124 1826 1214 1854; x_wconf 89' lang='lat' dir='ltr'><strong>eluat.</strong></span> <span class='ocrx_word' id='word_1_591' title='bbox 1226 1827 1261 1854; x_wconf 86' lang='lat' dir='ltr'><strong>Et</strong></span> <span class='ocrx_word' id='word_1_592' title='bbox 1271 1834 1340 1854; x_wconf 83' lang='lat' dir='ltr'><strong>sane</strong></span> <span class='ocrx_word' id='word_1_593' title='bbox 1351 1826 1408 1854; x_wconf 90' lang='lat' dir='ltr'><strong>voti</strong></span> <span class='ocrx_word' id='word_1_594' title='bbox 1422 1826 1476 1853; x_wconf 84' lang='lat' dir='ltr'><strong>fuit</strong></span> <span class='ocrx_word' id='word_1_595' title='bbox 1486 1834 1617 1862; x_wconf 91' lang='lat' dir='ltr'><strong>compos.</strong></span> <span class='ocrx_word' id='word_1_596' title='bbox 1629 1825 1702 1853; x_wconf 91' lang='lat' dir='ltr'><strong>Nam</strong></span> <span class='ocrx_word' id='word_1_597' title='bbox 1717 1833 1819 1861; x_wconf 78' lang='lat' dir='ltr'><strong>poenas</strong></span> 
     </span>
    </p>
   </div>
   <div class='ocr_carea' id='block_1_78' title="bbox 994 1870 1820 1907">
    <p class='ocr_par' dir='ltr' id='par_1_78' title="bbox 994 1870 1820 1907">
     <span class='ocr_line' id='line_1_78' title="bbox 994 1870 1820 1907; baseline -0.001 -9"><span class='ocrx_word' id='word_1_598' title='bbox 994 1870 1112 1898; x_wconf 84' lang='lat' dir='ltr'><strong>dedisse</strong></span> <span class='ocrx_word' id='word_1_599' title='bbox 1127 1870 1224 1906; x_wconf 83' lang='lat' dir='ltr'><strong>palam</strong></span> <span class='ocrx_word' id='word_1_600' title='bbox 1240 1873 1303 1904; x_wconf 89' lang='lat' dir='ltr'><strong>est;</strong></span> <span class='ocrx_word' id='word_1_601' title='bbox 1323 1879 1375 1907; x_wconf 89' lang='lat' dir='ltr'><strong>per</strong></span> <span class='ocrx_word' id='word_1_602' title='bbox 1401 1878 1436 1898; x_wconf 89' lang='lat' dir='ltr'><strong>ea</strong></span> <span class='ocrx_word' id='word_1_603' title='bbox 1465 1879 1528 1906; x_wconf 63' lang='lat' dir='ltr'><strong>qua</strong></span> <span class='ocrx_word' id='word_1_604' title='bbox 1555 1878 1661 1906; x_wconf 86' lang='lat' dir='ltr'><strong>passus</strong></span> <span class='ocrx_word' id='word_1_605' title='bbox 1683 1871 1738 1905; x_wconf 86' lang='lat' dir='ltr'><strong>est,</strong></span> <span class='ocrx_word' id='word_1_606' title='bbox 1752 1871 1820 1897; x_wconf 88' lang='lat' dir='ltr'><strong>ante</strong></span> 
     </span>
    </p>
   </div>
   <div class='ocr_carea' id='block_1_79' title="bbox 994 1913 1817 1952">
    <p class='ocr_par' dir='ltr' id='par_1_79' title="bbox 994 1913 1817 1952">
     <span class='ocr_line' id='line_1_79' title="bbox 994 1913 1817 1952; baseline -0.001 -10"><span class='ocrx_word' id='word_1_607' title='bbox 994 1914 1118 1942; x_wconf 88' lang='lat' dir='ltr'><strong>obitum.</strong></span> <span class='ocrx_word' id='word_1_608' title='bbox 1136 1914 1210 1947; x_wconf 86' lang='lat' dir='ltr'><strong>Quin</strong></span> <span class='ocrx_word' id='word_1_609' title='bbox 1225 1917 1254 1943; x_wconf 89' lang='lat' dir='ltr'><strong>et</strong></span> <span class='ocrx_word' id='word_1_610' title='bbox 1269 1915 1332 1952; x_wconf 85' lang='lat' dir='ltr'><strong>ipse</strong></span> <span class='ocrx_word' id='word_1_611' title='bbox 1346 1916 1382 1943; x_wconf 91' lang='lat' dir='ltr'><strong>de</strong></span> <span class='ocrx_word' id='word_1_612' title='bbox 1397 1923 1427 1944; x_wconf 86' lang='lat' dir='ltr'><strong>se</strong></span> <span class='ocrx_word' id='word_1_613' title='bbox 1442 1915 1520 1944; x_wconf 72' lang='lat'><strong>364</strong></span> <span class='ocrx_word' id='word_1_614' title='bbox 1549 1922 1649 1951; x_wconf 68' lang='lat' dir='ltr'><strong>pinnae</strong></span> <span class='ocrx_word' id='word_1_615' title='bbox 1677 1913 1817 1950; x_wconf 85' lang='lat' dir='ltr'><strong>sumpsit,</strong></span> 
     </span>
    </p>
   </div>
   <div class='ocr_carea' id='block_1_80' title="bbox 994 1958 1817 1996">
    <p class='ocr_par' dir='ltr' id='par_1_80' title="bbox 994 1958 1817 1996">
     <span class='ocr_line' id='line_1_80' title="bbox 994 1958 1817 1996; baseline 0 -10"><span class='ocrx_word' id='word_1_616' title='bbox 994 1959 1064 1987; x_wconf 91' lang='lat' dir='ltr'><strong>dum</strong></span> <span class='ocrx_word' id='word_1_617' title='bbox 1080 1968 1112 1987; x_wconf 88' lang='lat' dir='ltr'><strong>se</strong></span> <span class='ocrx_word' id='word_1_618' title='bbox 1125 1967 1177 1996; x_wconf 89' lang='lat' dir='ltr'><strong>per</strong></span> <span class='ocrx_word' id='word_1_619' title='bbox 1191 1960 1387 1988; x_wconf 83' lang='lat' dir='ltr'><strong>confessionis</strong></span> <span class='ocrx_word' id='word_1_620' title='bbox 1411 1960 1515 1988; x_wconf 88' lang='lat' dir='ltr'><strong>modos</strong></span> <span class='ocrx_word' id='word_1_621' title='bbox 1546 1958 1700 1996; x_wconf 88' lang='lat' dir='ltr'><strong>suppliciis</strong></span> <span class='ocrx_word' id='word_1_622' title='bbox 1728 1958 1817 1987; x_wconf 88' lang='lat' dir='ltr'><strong>variis</strong></span> 
     </span>
    </p>
   </div>
   <div class='ocr_carea' id='block_1_81' title="bbox 996 2004 1131 2039">
    <p class='ocr_par' dir='ltr' id='par_1_81' title="bbox 996 2004 1131 2039">
     <span class='ocr_line' id='line_1_81' title="bbox 996 2004 1131 2039; baseline 0 -8"><span class='ocrx_word' id='word_1_623' title='bbox 996 2004 1131 2039; x_wconf 85' lang='lat' dir='ltr'><strong>subjecit.</strong></span> 
     </span>
    </p>
   </div>
   <div class='ocr_carea' id='block_1_82' title="bbox 111 2043 1820 2085">
    <p class='ocr_par' dir='ltr' id='par_1_82' title="bbox 111 2043 1820 2085">
     <span class='ocr_line' id='line_1_82' title="bbox 111 2043 1820 2085; baseline 0.003 -14"><span class='ocrx_word' id='word_1_624' title='bbox 111 2045 266 2081; x_wconf 85' lang='grc' dir='ltr'>τηρηθῆναι</span> <span class='ocrx_word' id='word_1_625' title='bbox 296 2043 333 2074; x_wconf 62' lang='grc' dir='ltr'>εἷς</span> <span class='ocrx_word' id='word_1_626' title='bbox 360 2044 465 2081; x_wconf 78' lang='grc' dir='ltr'>ἡμέραν</span> <span class='ocrx_word' id='word_1_627' title='bbox 493 2043 588 2082; x_wconf 79' lang='grc' dir='ltr'>ὀργῆς,</span> <span class='ocrx_word' id='word_1_628' title='bbox 604 2045 648 2072; x_wconf 83' lang='grc' dir='ltr'><strong>καὶ</strong></span> <span class='ocrx_word' id='word_1_629' title='bbox 676 2044 886 2082; x_wconf 79' lang='grc' dir='ltr'>ἀποκαλύψεως,</span> <span class='ocrx_word' id='word_1_630' title='bbox 911 2047 956 2073; x_wconf 83' lang='grc' dir='ltr'><strong>καὶ</strong></span> <span class='ocrx_word' id='word_1_631' title='bbox 984 2045 1180 2085; x_wconf 79' lang='grc' dir='ltr'>δικαιοκρισίας</span> <span class='ocrx_word' id='word_1_632' title='bbox 1208 2050 1257 2075; x_wconf 76' lang='grc' dir='ltr'><strong>τοῦ</strong></span> <span class='ocrx_word' id='word_1_633' title='bbox 1285 2051 1371 2076; x_wconf 64' lang='grc' dir='ltr'>Θεοῖν</span> <span class='ocrx_word' id='word_1_634' title='bbox 1396 2047 1450 2084; x_wconf 69' lang='grc' dir='ltr'>ἤδη</span> <span class='ocrx_word' id='word_1_635' title='bbox 1481 2047 1510 2075; x_wconf 74' lang='grc' dir='ltr'>δὶ</span> <span class='ocrx_word' id='word_1_636' title='bbox 1534 2048 1651 2080; x_wconf 77' lang='grc' dir='ltr'>ἐντεῦθεν</span> <span class='ocrx_word' id='word_1_637' title='bbox 1681 2048 1726 2075; x_wconf 83' lang='grc' dir='ltr'><strong>καὶ</strong></span> <span class='ocrx_word' id='word_1_638' title='bbox 1751 2049 1820 2076; x_wconf 86' lang='grc' dir='ltr'>κατᾶ</span> 
     </span>
    </p>
   </div>
   <div class='ocr_carea' id='block_1_83' title="bbox 110 2087 1818 2131">
    <p class='ocr_par' dir='ltr' id='par_1_83' title="bbox 110 2087 1818 2131">
     <span class='ocr_line' id='line_1_83' title="bbox 110 2087 1818 2131; baseline 0.004 -17"><span class='ocrx_word' id='word_1_639' title='bbox 110 2088 155 2115; x_wconf 78' lang='grc' dir='ltr'><strong>τὸν</strong></span> <span class='ocrx_word' id='word_1_640' title='bbox 170 2088 293 2126; x_wconf 87' lang='grc' dir='ltr'>παρόντα</span> <span class='ocrx_word' id='word_1_641' title='bbox 307 2087 377 2125; x_wconf 82' lang='grc' dir='ltr'>βίον,</span> <span class='ocrx_word' id='word_1_642' title='bbox 390 2088 443 2124; x_wconf 86' lang='grc' dir='ltr'><strong>πρὸ</strong></span> <span class='ocrx_word' id='word_1_643' title='bbox 457 2092 506 2122; x_wconf 86' lang='grc' dir='ltr'><strong>τῆς</strong></span> <span class='ocrx_word' id='word_1_644' title='bbox 520 2088 661 2124; x_wconf 83' lang='grc' dir='ltr'>τελευτῆς,</span> <span class='ocrx_word' id='word_1_645' title='bbox 678 2088 867 2126; x_wconf 80' lang='grc' dir='ltr'>ἀπολήψεσθαι</span> <span class='ocrx_word' id='word_1_646' title='bbox 882 2090 915 2117; x_wconf 81' lang='grc' dir='ltr'><strong>τὰ</strong></span> <span class='ocrx_word' id='word_1_647' title='bbox 939 2091 1132 2128; x_wconf 78' lang='grc' dir='ltr'>ἁμαρτήματα.</span> <span class='ocrx_word' id='word_1_648' title='bbox 1150 2091 1199 2119; x_wconf 81' lang='grc' dir='ltr'>Καὶ</span> <span class='ocrx_word' id='word_1_649' title='bbox 1224 2090 1305 2130; x_wconf 66' lang='grc' dir='ltr'>ἔτυχὲ</span> <span class='ocrx_word' id='word_1_650' title='bbox 1327 2103 1357 2129; x_wconf 84' lang='grc' dir='ltr'><strong>γε</strong></span> <span class='ocrx_word' id='word_1_651' title='bbox 1383 2095 1432 2119; x_wconf 82' lang='grc' dir='ltr'>τοῦ</span> <span class='ocrx_word' id='word_1_652' title='bbox 1460 2094 1562 2119; x_wconf 86' lang='grc' dir='ltr'>σκοποῦ</span> <span class='ocrx_word' id='word_1_653' title='bbox 1575 2101 1582 2108; x_wconf 91' lang='grc'>·</span> <span class='ocrx_word' id='word_1_654' title='bbox 1612 2091 1732 2131; x_wconf 80' lang='grc' dir='ltr'>φαίνεται</span> <span class='ocrx_word' id='word_1_655' title='bbox 1753 2094 1818 2130; x_wconf 82' lang='grc' dir='ltr'>γοῦν</span> 
     </span>
    </p>
   </div>
   <div class='ocr_carea' id='block_1_84' title="bbox 113 2130 1818 2175">
    <p class='ocr_par' dir='ltr' id='par_1_84' title="bbox 113 2130 1818 2175">
     <span class='ocr_line' id='line_1_84' title="bbox 113 2130 1818 2175; baseline 0.003 -16"><span class='ocrx_word' id='word_1_656' title='bbox 113 2130 189 2168; x_wconf 82' lang='grc' dir='ltr'>δίκην</span> <span class='ocrx_word' id='word_1_657' title='bbox 207 2131 346 2167; x_wconf 78' lang='grc' dir='ltr'>δεδωκὼς,</span> <span class='ocrx_word' id='word_1_658' title='bbox 364 2131 398 2160; x_wconf 81' lang='grc' dir='ltr'>δι’</span> <span class='ocrx_word' id='word_1_659' title='bbox 413 2132 450 2160; x_wconf 84' lang='grc' dir='ltr'>ὧν</span> <span class='ocrx_word' id='word_1_660' title='bbox 465 2131 558 2168; x_wconf 73' lang='grc' dir='ltr'>ἕπαθε,</span> <span class='ocrx_word' id='word_1_661' title='bbox 574 2133 628 2172; x_wconf 88' lang='grc' dir='ltr'><strong>πρὸ</strong></span> <span class='ocrx_word' id='word_1_662' title='bbox 641 2137 692 2168; x_wconf 87' lang='grc' dir='ltr'><strong>τῆς</strong></span> <span class='ocrx_word' id='word_1_663' title='bbox 712 2133 851 2169; x_wconf 81' lang='grc' dir='ltr'>τελευτῆς.</span> <span class='ocrx_word' id='word_1_664' title='bbox 868 2135 915 2162; x_wconf 81' lang='grc' dir='ltr'>Καὶ</span> <span class='ocrx_word' id='word_1_665' title='bbox 934 2133 1027 2167; x_wconf 75' lang='grc' dir='ltr'>ἄλλως</span> <span class='ocrx_word' id='word_1_666' title='bbox 1044 2135 1072 2164; x_wconf 78' lang='grc' dir='ltr'>δὶ</span> <span class='ocrx_word' id='word_1_667' title='bbox 1087 2136 1167 2168; x_wconf 79' lang='grc' dir='ltr'>αὐτὸς</span> <span class='ocrx_word' id='word_1_668' title='bbox 1181 2136 1274 2164; x_wconf 72' lang='grc' dir='ltr'>ἑαυτὸν</span> <span class='ocrx_word' id='word_1_669' title='bbox 1298 2136 1459 2175; x_wconf 79' lang='grc' dir='ltr'>ἐτιμωρεῖτο</span> <span class='ocrx_word' id='word_1_670' title='bbox 1487 2130 1628 2168; x_wconf 85' lang='grc' dir='ltr'>παντοίαις</span> <span class='ocrx_word' id='word_1_671' title='bbox 1651 2134 1818 2166; x_wconf 73' lang='grc' dir='ltr'>ὑποϐάλλων</span> 
     </span>
    </p>
   </div>
   <div class='ocr_carea' id='block_1_85' title="bbox 112 2175 815 2216">
    <p class='ocr_par' dir='ltr' id='par_1_85' title="bbox 112 2175 815 2216">
     <span class='ocr_line' id='line_1_85' title="bbox 112 2175 815 2216; baseline 0.004 -12"><span class='ocrx_word' id='word_1_672' title='bbox 112 2175 256 2204; x_wconf 77' lang='grc' dir='ltr'>κολάσεσιν</span> <span class='ocrx_word' id='word_1_673' title='bbox 273 2176 299 2204; x_wconf 75' lang='grc' dir='ltr'>ἐν</span> <span class='ocrx_word' id='word_1_674' title='bbox 313 2179 372 2208; x_wconf 83' lang='grc' dir='ltr'>τοῖς</span> <span class='ocrx_word' id='word_1_675' title='bbox 387 2180 437 2212; x_wconf 83' lang='grc' dir='ltr'><strong>τῆς</strong></span> <span class='ocrx_word' id='word_1_676' title='bbox 452 2177 675 2216; x_wconf 63' lang='grc' dir='ltr'>ἐξομολογήσεως</span> <span class='ocrx_word' id='word_1_677' title='bbox 690 2179 815 2216; x_wconf 83' lang='grc' dir='ltr'>τρόποις.</span> 
     </span>
    </p>
   </div>
   <div class='ocr_carea' id='block_1_86' title="bbox 148 2220 941 2265">
    <p class='ocr_par' dir='ltr' id='par_1_86' title="bbox 148 2220 939 2260">
     <span class='ocr_line' id='line_1_86' title="bbox 148 2220 939 2260; baseline 0.006 -12"><span class='ocrx_word' id='word_1_678' title='bbox 148 2223 176 2251; x_wconf 87' lang='grc'><strong>2.</strong></span> <span class='ocrx_word' id='word_1_679' title='bbox 193 2223 253 2249; x_wconf 87' lang='grc' dir='ltr'>Ὃτι</span> <span class='ocrx_word' id='word_1_680' title='bbox 280 2222 315 2249; x_wconf 74' lang='grc' dir='ltr'><strong>τὰ</strong></span> <span class='ocrx_word' id='word_1_681' title='bbox 345 2220 413 2260; x_wconf 71' lang='grc' dir='ltr'>βᾶλη</span> <span class='ocrx_word' id='word_1_682' title='bbox 453 2233 500 2249; x_wconf 91' lang='grc' dir='ltr'><strong>σου</strong></span> <span class='ocrx_word' id='word_1_683' title='bbox 530 2222 697 2260; x_wconf 72' lang='grc' dir='ltr'>ἔνεπάγησάν</span> <span class='ocrx_word' id='word_1_684' title='bbox 728 2234 799 2260; x_wconf 90' lang='grc' dir='ltr'>μοι,</span> <span class='ocrx_word' id='word_1_685' title='bbox 823 2225 867 2252; x_wconf 77' lang='grc' dir='ltr'><strong>καὶ</strong></span> <span class='ocrx_word' id='word_1_686' title='bbox 892 2224 939 2253; x_wconf 66' lang='grc' dir='ltr'><strong>ιπ-</strong></span> 
     </span>
    </p>
   </div>
   <div class='ocr_carea' id='block_1_87' title="bbox 997 2220 1820 2265">
    <p class='ocr_par' dir='ltr' id='par_1_87' title="bbox 1030 2227 1820 2265">
     <span class='ocr_line' id='line_1_87' title="bbox 1030 2227 1820 2265; baseline 0.001 -11"><span class='ocrx_word' id='word_1_687' title='bbox 1030 2228 1057 2255; x_wconf 85' lang='grc'><strong>2.</strong></span> <span class='ocrx_word' id='word_1_688' title='bbox 1073 2227 1161 2255; x_wconf 73' lang='lat' dir='ltr'><strong>Vaas.</strong></span> <span class='ocrx_word' id='word_1_689' title='bbox 1179 2228 1206 2262; x_wconf 89' lang='lat'><strong>3,</strong></span> <span class='ocrx_word' id='word_1_690' title='bbox 1223 2227 1249 2255; x_wconf 81' lang='grc'><strong>4.</strong></span> <span class='ocrx_word' id='word_1_691' title='bbox 1274 2228 1410 2262; x_wconf 82' lang='lat' dir='ltr'><strong>Quoniam</strong></span> <span class='ocrx_word' id='word_1_692' title='bbox 1432 2228 1542 2265; x_wconf 61' lang='lat' dir='ltr'><strong>sagitta</strong></span> <span class='ocrx_word' id='word_1_693' title='bbox 1565 2231 1618 2256; x_wconf 66' lang='lat' dir='ltr'><strong>tua:</strong></span> <span class='ocrx_word' id='word_1_694' title='bbox 1644 2228 1742 2264; x_wconf 66' lang='lat' dir='ltr'><strong>inm</strong></span> <span class='ocrx_word' id='word_1_695' title='bbox 1755 2232 1820 2256; x_wconf 71' lang='lat' dir='ltr'><strong>sunt</strong></span> 
     </span>
    </p>
   </div>
   <div class='ocr_carea' id='block_1_88' title="bbox 115 2266 940 2306">
    <p class='ocr_par' dir='ltr' id='par_1_88' title="bbox 115 2266 940 2306">
     <span class='ocr_line' id='line_1_88' title="bbox 115 2266 940 2306; baseline 0.005 -13"><span class='ocrx_word' id='word_1_696' title='bbox 115 2266 256 2303; x_wconf 73' lang='grc' dir='ltr'>εστ-ήριξας</span> <span class='ocrx_word' id='word_1_697' title='bbox 283 2266 388 2303; x_wconf 76' lang='grc' dir='ltr'><strong>ἐπ’ἒμὶ</strong></span> <span class='ocrx_word' id='word_1_698' title='bbox 415 2267 465 2302; x_wconf 75' lang='grc' dir='ltr'><strong>τὴν</strong></span> <span class='ocrx_word' id='word_1_699' title='bbox 494 2268 575 2306; x_wconf 82' lang='grc' dir='ltr'>χεῖρά</span> <span class='ocrx_word' id='word_1_700' title='bbox 604 2278 664 2297; x_wconf 85' lang='grc' dir='ltr'>σου.</span> <span class='ocrx_word' id='word_1_701' title='bbox 688 2267 745 2297; x_wconf 79' lang='grc' dir='ltr'>Οὐκ</span> <span class='ocrx_word' id='word_1_702' title='bbox 770 2267 839 2296; x_wconf 66' lang='grc' dir='ltr'>ἔστιν</span> <span class='ocrx_word' id='word_1_703' title='bbox 867 2268 940 2300; x_wconf 79' lang='grc' dir='ltr'>ἰάσις</span> 
     </span>
    </p>
   </div>
   <div class='ocr_carea' id='block_1_89' title="bbox 116 2309 938 2352">
    <p class='ocr_par' dir='ltr' id='par_1_89' title="bbox 116 2309 938 2352">
     <span class='ocr_line' id='line_1_89' title="bbox 116 2309 938 2352; baseline 0.006 -15"><span class='ocrx_word' id='word_1_704' title='bbox 116 2309 140 2337; x_wconf 68' lang='grc' dir='ltr'>ἐν</span> <span class='ocrx_word' id='word_1_705' title='bbox 170 2312 205 2348; x_wconf 80' lang='grc' dir='ltr'><strong>τῇ</strong></span> <span class='ocrx_word' id='word_1_706' title='bbox 235 2310 314 2348; x_wconf 84' lang='grc' dir='ltr'>σαρκί</span> <span class='ocrx_word' id='word_1_707' title='bbox 345 2321 397 2348; x_wconf 88' lang='grc' dir='ltr'><strong>μου</strong></span> <span class='ocrx_word' id='word_1_708' title='bbox 427 2312 480 2339; x_wconf 84' lang='grc' dir='ltr'>ἀπὸ</span> <span class='ocrx_word' id='word_1_709' title='bbox 512 2312 661 2349; x_wconf 86' lang='grc' dir='ltr'>προσώπου</span> <span class='ocrx_word' id='word_1_710' title='bbox 688 2317 737 2349; x_wconf 86' lang='grc' dir='ltr'><strong>τῆς</strong></span> <span class='ocrx_word' id='word_1_711' title='bbox 768 2314 850 2352; x_wconf 76' lang='grc' dir='ltr'>ὀργῆς</span> <span class='ocrx_word' id='word_1_712' title='bbox 880 2325 938 2342; x_wconf 86' lang='grc' dir='ltr'>σου.</span> 
     </span>
    </p>
   </div>
   <div class='ocr_carea' id='block_1_90' title="bbox 116 2354 940 2396">
    <p class='ocr_par' dir='ltr' id='par_1_90' title="bbox 116 2354 940 2396">
     <span class='ocr_line' id='line_1_90' title="bbox 116 2354 940 2396; baseline 0.004 -13"><span class='ocrx_word' id='word_1_713' title='bbox 116 2355 170 2383; x_wconf 78' lang='grc' dir='ltr'><strong>Οὖκ</strong></span> <span class='ocrx_word' id='word_1_714' title='bbox 195 2354 266 2383; x_wconf 78' lang='grc' dir='ltr'>ἔστιν</span> <span class='ocrx_word' id='word_1_715' title='bbox 297 2355 392 2393; x_wconf 76' lang='grc' dir='ltr'>εἰρήνη</span> <span class='ocrx_word' id='word_1_716' title='bbox 424 2356 449 2384; x_wconf 73' lang='grc' dir='ltr'>ἰν</span> <span class='ocrx_word' id='word_1_717' title='bbox 477 2359 535 2388; x_wconf 79' lang='grc' dir='ltr'>τοῖς</span> <span class='ocrx_word' id='word_1_718' title='bbox 564 2355 667 2390; x_wconf 78' lang='grc' dir='ltr'>ὀστέοις</span> <span class='ocrx_word' id='word_1_719' title='bbox 697 2369 749 2395; x_wconf 89' lang='grc' dir='ltr'><strong>μου</strong></span> <span class='ocrx_word' id='word_1_720' title='bbox 776 2358 829 2386; x_wconf 84' lang='grc' dir='ltr'>ἀπὸ</span> <span class='ocrx_word' id='word_1_721' title='bbox 857 2369 940 2396; x_wconf 86' lang='grc' dir='ltr'>προσ-</span> 
     </span>
    </p>
   </div>
   <div class='ocr_carea' id='block_1_91' title="bbox 116 2399 938 2440">
    <p class='ocr_par' dir='ltr' id='par_1_91' title="bbox 116 2399 938 2440">
     <span class='ocr_line' id='line_1_91' title="bbox 116 2399 938 2440; baseline 0.006 -13"><span class='ocrx_word' id='word_1_722' title='bbox 116 2399 191 2428; x_wconf 72' lang='grc' dir='ltr'>ώπου</span> <span class='ocrx_word' id='word_1_723' title='bbox 203 2402 260 2428; x_wconf 80' lang='grc' dir='ltr'><strong>τῶν</strong></span> <span class='ocrx_word' id='word_1_724' title='bbox 274 2399 415 2437; x_wconf 74' lang='grc' dir='ltr'>ἁμαρτιῶν</span> <span class='ocrx_word' id='word_1_725' title='bbox 434 2411 496 2438; x_wconf 87' lang='grc' dir='ltr'>μου.</span> <span class='ocrx_word' id='word_1_726' title='bbox 511 2402 539 2429; x_wconf 86' lang='grc' dir='ltr'><strong>Ὁ</strong></span> <span class='ocrx_word' id='word_1_727' title='bbox 555 2402 603 2438; x_wconf 70' lang='grc' dir='ltr'><strong>μὶν</strong></span> <span class='ocrx_word' id='word_1_728' title='bbox 621 2402 703 2440; x_wconf 71' lang='grc' dir='ltr'>μέγας</span> <span class='ocrx_word' id='word_1_729' title='bbox 726 2402 848 2438; x_wconf 75' lang='grc' dir='ltr'>ἀθλητὴς</span> <span class='ocrx_word' id='word_1_730' title='bbox 863 2401 938 2439; x_wconf 76' lang='grc' dir='ltr'>Ἰὼϐ,</span> 
     </span>
    </p>
   </div>
   <div class='ocr_carea' id='block_1_92' title="bbox 114 2444 937 2486">
    <p class='ocr_par' dir='ltr' id='par_1_92' title="bbox 114 2444 937 2486">
     <span class='ocr_line' id='line_1_92' title="bbox 114 2444 937 2486; baseline 0.005 -14"><span class='ocrx_word' id='word_1_731' title='bbox 114 2445 258 2477; x_wconf 81' lang='grc' dir='ltr'>παντοίους</span> <span class='ocrx_word' id='word_1_732' title='bbox 288 2444 437 2482; x_wconf 81' lang='grc' dir='ltr'>ὑπομείνας</span> <span class='ocrx_word' id='word_1_733' title='bbox 463 2447 642 2484; x_wconf 82' lang='grc' dir='ltr'>πειρασμοὺς,</span> <span class='ocrx_word' id='word_1_734' title='bbox 658 2447 706 2475; x_wconf 81' lang='grc' dir='ltr'>οὐκ</span> <span class='ocrx_word' id='word_1_735' title='bbox 735 2448 826 2486; x_wconf 86' lang='grc' dir='ltr'>ἠγνόει</span> <span class='ocrx_word' id='word_1_736' title='bbox 856 2449 937 2481; x_wconf 86' lang='grc' dir='ltr'>πόθεν</span> 
     </span>
    </p>
   </div>
   <div class='ocr_carea' id='block_1_93' title="bbox 116 2488 936 2532">
    <p class='ocr_par' dir='ltr' id='par_1_93' title="bbox 116 2488 936 2532">
     <span class='ocr_line' id='line_1_93' title="bbox 116 2488 936 2532; baseline 0.005 -14"><span class='ocrx_word' id='word_1_737' title='bbox 116 2489 187 2527; x_wconf 62' lang='grc' dir='ltr'>αὐτῷ</span> <span class='ocrx_word' id='word_1_738' title='bbox 210 2491 293 2518; x_wconf 74' lang='grc' dir='ltr'>τοῦτο</span> <span class='ocrx_word' id='word_1_739' title='bbox 316 2490 437 2529; x_wconf 68' lang='grc' dir='ltr'>ὂγᾶνετο·</span> <span class='ocrx_word' id='word_1_740' title='bbox 462 2489 505 2518; x_wconf 77' lang='grc' dir='ltr'>διὸ</span> <span class='ocrx_word' id='word_1_741' title='bbox 528 2488 624 2530; x_wconf 82' lang='grc' dir='ltr'>ἔλεγε·</span> <span class='ocrx_word' id='word_1_742' title='bbox 650 2491 723 2528; x_wconf 69' lang='grc' dir='ltr'>Βὲλη</span> <span class='ocrx_word' id='word_1_743' title='bbox 753 2493 806 2531; x_wconf 81' lang='grc' dir='ltr'><strong>γὰρ</strong></span> <span class='ocrx_word' id='word_1_744' title='bbox 835 2494 936 2532; x_wconf 86' lang='grc' dir='ltr'>Κυρίου</span> 
     </span>
    </p>
   </div>
   <div class='ocr_carea' id='block_1_94' title="bbox 149 2587 733 2626">
    <p class='ocr_par' dir='ltr' id='par_1_94' title="bbox 149 2587 733 2626">
     <span class='ocr_line' id='line_1_94' title="bbox 149 2587 733 2626; baseline -0.003 -4"><span class='ocrx_word' id='word_1_745' title='bbox 149 2589 172 2612; x_wconf 72' lang='grc'><strong><em>⁵³</em></strong></span> <span class='ocrx_word' id='word_1_746' title='bbox 185 2592 271 2622; x_wconf 81' lang='lat' dir='ltr'><strong>Rom.</strong></span> <span class='ocrx_word' id='word_1_747' title='bbox 285 2599 319 2626; x_wconf 78' lang='grc' dir='ltr'><strong>ιι,</strong></span> <span class='ocrx_word' id='word_1_748' title='bbox 331 2588 360 2620; x_wconf 79' lang='lat'><strong>5.</strong></span> <span class='ocrx_word' id='word_1_749' title='bbox 375 2587 404 2620; x_wconf 85' lang='lat'><strong>6.</strong></span> <span class='ocrx_word' id='word_1_750' title='bbox 441 2588 464 2611; x_wconf 70' lang='grc' dir='ltr'><strong>ίδ</strong></span> <span class='ocrx_word' id='word_1_751' title='bbox 478 2588 555 2621; x_wconf 82' lang='lat' dir='ltr'><strong>Psal.</strong></span> <span class='ocrx_word' id='word_1_752' title='bbox 572 2599 677 2626; x_wconf 70' lang='lat' dir='ltr'><strong>xxxvii,</strong></span> <span class='ocrx_word' id='word_1_753' title='bbox 688 2590 733 2620; x_wconf 72' lang='grc'><strong>49.</strong></span> 
     </span>
    </p>
   </div>
   <div class='ocr_carea' id='block_1_95' title="bbox 119 2690 939 2735">
    <p class='ocr_par' dir='ltr' id='par_1_95' title="bbox 119 2690 939 2735">
     <span class='ocr_line' id='line_1_95' title="bbox 119 2690 939 2735; baseline 0.001 -14"><span class='ocrx_word' id='word_1_754' title='bbox 119 2729 123 2735; x_wconf 90' lang='lat'><em>_</em></span> <span class='ocrx_word' id='word_1_755' title='bbox 148 2693 277 2735; x_wconf 63' lang='lat' dir='ltr'><strong>(37)_Sex</strong></span> <span class='ocrx_word' id='word_1_756' title='bbox 293 2700 378 2730; x_wconf 57' lang='grc' dir='ltr'>ωσι,</span> <span class='ocrx_word' id='word_1_757' title='bbox 391 2690 554 2731; x_wconf 75' lang='grc' dir='ltr'>λεγόμενον.</span> <span class='ocrx_word' id='word_1_758' title='bbox 575 2692 650 2723; x_wconf 85' lang='lat' dir='ltr'><strong>Edili</strong></span> <span class='ocrx_word' id='word_1_759' title='bbox 674 2701 741 2722; x_wconf 89' lang='lat' dir='ltr'><strong>cum</strong></span> <span class='ocrx_word' id='word_1_760' title='bbox 765 2693 890 2723; x_wconf 87' lang='lat' dir='ltr'><strong>Eusebio</strong></span> <span class='ocrx_word' id='word_1_761' title='bbox 906 2695 939 2722; x_wconf 93' lang='lat' dir='ltr'><strong>ut</strong></span> 
     </span>
    </p>
   </div>
   <div class='ocr_carea' id='block_1_96' title="bbox 117 2731 937 2801">
    <p class='ocr_par' dir='ltr' id='par_1_96' title="bbox 117 2731 937 2801">
     <span class='ocr_line' id='line_1_96' title="bbox 117 2731 937 2801; baseline -0.001 -8"><span class='ocrx_word' id='word_1_762' title='bbox 117 2731 273 2801; x_wconf 52' lang='lat' dir='ltr'><strong>m(§%x)uslie</strong></span> <span class='ocrx_word' id='word_1_763' title='bbox 295 2764 375 2793; x_wconf 87' lang='lat' dir='ltr'><strong>editi.</strong></span> <span class='ocrx_word' id='word_1_764' title='bbox 400 2765 483 2801; x_wconf 83' lang='lat' dir='ltr'><strong>Apud</strong></span> <span class='ocrx_word' id='word_1_765' title='bbox 507 2765 667 2794; x_wconf 88' lang='lat' dir='ltr'><strong>Eusebium</strong></span> <span class='ocrx_word' id='word_1_766' title='bbox 690 2773 758 2794; x_wconf 86' lang='lat' dir='ltr'><strong>vero</strong></span> <span class='ocrx_word' id='word_1_767' title='bbox 779 2764 937 2801; x_wconf 76' lang='grc' dir='ltr'>νηπιότητι,</span> 
     </span>
    </p>
   </div>
   <div class='ocr_carea' id='block_1_97' title="bbox 117 2801 853 2838">
    <p class='ocr_par' dir='ltr' id='par_1_97' title="bbox 117 2801 853 2838">
     <span class='ocr_line' id='line_1_97' title="bbox 117 2801 853 2838; baseline 0.003 -10"><span class='ocrx_word' id='word_1_768' title='bbox 117 2801 299 2838; x_wconf 67' lang='lat' dir='ltr'><strong>simplicitati,</strong></span> <span class='ocrx_word' id='word_1_769' title='bbox 315 2803 344 2828; x_wconf 84' lang='lat' dir='ltr'><strong>et</strong></span> <span class='ocrx_word' id='word_1_770' title='bbox 356 2801 396 2838; x_wconf 84' lang='lat' dir='ltr'><strong>ita</strong></span> <span class='ocrx_word' id='word_1_771' title='bbox 408 2801 568 2838; x_wconf 83' lang='lat' dir='ltr'><strong>legendum</strong></span> <span class='ocrx_word' id='word_1_772' title='bbox 585 2810 649 2830; x_wconf 81' lang='lat' dir='ltr'><strong>esse</strong></span> <span class='ocrx_word' id='word_1_773' title='bbox 656 2802 853 2838; x_wconf 70' lang='lat' dir='ltr'><strong>arbitramur.</strong></span> 
     </span>
    </p>
   </div>
   <div class='ocr_carea' id='block_1_98' title="bbox 152 2835 938 2875">
    <p class='ocr_par' dir='ltr' id='par_1_98' title="bbox 152 2835 938 2875">
     <span class='ocr_line' id='line_1_98' title="bbox 152 2835 938 2875; baseline 0.004 -12"><span class='ocrx_word' id='word_1_774' title='bbox 152 2837 208 2873; x_wconf 84' lang='lat'><strong>(39)</strong></span> <span class='ocrx_word' id='word_1_775' title='bbox 224 2836 346 2875; x_wconf 73' lang='lat' dir='ltr'><strong>Legitur</strong></span> <span class='ocrx_word' id='word_1_776' title='bbox 357 2837 390 2875; x_wconf 71' lang='lat' dir='ltr'><strong>in</strong></span> <span class='ocrx_word' id='word_1_777' title='bbox 405 2835 533 2875; x_wconf 56' lang='lat' dir='ltr'><strong>quatuor</strong></span> <span class='ocrx_word' id='word_1_778' title='bbox 548 2845 621 2867; x_wconf 86' lang='lat' dir='ltr'><strong>mss.</strong></span> <span class='ocrx_word' id='word_1_779' title='bbox 637 2837 664 2864; x_wconf 77' lang='grc' dir='ltr'>αἱ</span> <span class='ocrx_word' id='word_1_780' title='bbox 689 2835 728 2865; x_wconf 65' lang='grc' dir='ltr'><strong>δὲ.</strong></span> <span class='ocrx_word' id='word_1_781' title='bbox 753 2837 865 2866; x_wconf 86' lang='lat' dir='ltr'><strong>Ibidem</strong></span> <span class='ocrx_word' id='word_1_782' title='bbox 880 2837 938 2866; x_wconf 90' lang='lat' dir='ltr'><strong>duo</strong></span> 
     </span>
    </p>
   </div>
   <div class='ocr_carea' id='block_1_99' title="bbox 121 2870 395 2908">
    <p class='ocr_par' dir='ltr' id='par_1_99' title="bbox 121 2870 395 2908">
     <span class='ocr_line' id='line_1_99' title="bbox 121 2870 395 2908; baseline 0 -8"><span class='ocrx_word' id='word_1_783' title='bbox 121 2870 204 2908; x_wconf 53' lang='lat' dir='ltr'><strong>mss,</strong></span> <span class='ocrx_word' id='word_1_784' title='bbox 215 2870 341 2900; x_wconf 73' lang='grc' dir='ltr'>τοιαῦται</span> <span class='ocrx_word' id='word_1_785' title='bbox 357 2870 395 2901; x_wconf 78' lang='grc' dir='ltr'><strong>δι.</strong></span> 
     </span>
    </p>
   </div>
   <div class='ocr_carea' id='block_1_100' title="bbox 994 2272 1820 2309">
    <p class='ocr_par' dir='ltr' id='par_1_100' title="bbox 994 2272 1820 2309">
     <span class='ocr_line' id='line_1_100' title="bbox 994 2272 1820 2309; baseline 0.001 -10"><span class='ocrx_word' id='word_1_786' title='bbox 994 2272 1075 2306; x_wconf 83' lang='lat' dir='ltr'><strong>mihi,</strong></span> <span class='ocrx_word' id='word_1_787' title='bbox 1090 2275 1115 2300; x_wconf 86' lang='lat' dir='ltr'><strong>et</strong></span> <span class='ocrx_word' id='word_1_788' title='bbox 1129 2273 1304 2308; x_wconf 68' lang='lat' dir='ltr'><strong>conﬁrmasti</strong></span> <span class='ocrx_word' id='word_1_789' title='bbox 1318 2281 1401 2309; x_wconf 78' lang='lat' dir='ltr'><strong>super</strong></span> <span class='ocrx_word' id='word_1_790' title='bbox 1415 2281 1458 2301; x_wconf 82' lang='lat' dir='ltr'><strong>me</strong></span> <span class='ocrx_word' id='word_1_791' title='bbox 1471 2281 1588 2301; x_wconf 85' lang='lat' dir='ltr'><strong>manum</strong></span> <span class='ocrx_word' id='word_1_792' title='bbox 1602 2277 1690 2301; x_wconf 76' lang='lat' dir='ltr'><strong>luam.</strong></span> <span class='ocrx_word' id='word_1_793' title='bbox 1706 2273 1764 2300; x_wconf 84' lang='lat' dir='ltr'><strong>Non</strong></span> <span class='ocrx_word' id='word_1_794' title='bbox 1778 2275 1820 2301; x_wconf 75' lang='lat' dir='ltr'><strong>est</strong></span> 
     </span>
    </p>
   </div>
   <div class='ocr_carea' id='block_1_101' title="bbox 994 2317 1820 2354">
    <p class='ocr_par' dir='ltr' id='par_1_101' title="bbox 994 2317 1820 2354">
     <span class='ocr_line' id='line_1_101' title="bbox 994 2317 1820 2354; baseline 0.001 -10"><span class='ocrx_word' id='word_1_795' title='bbox 994 2317 1102 2344; x_wconf 72' lang='lat' dir='ltr'><strong>sanitas</strong></span> <span class='ocrx_word' id='word_1_796' title='bbox 1117 2318 1147 2344; x_wconf 84' lang='lat' dir='ltr'><strong>in</strong></span> <span class='ocrx_word' id='word_1_797' title='bbox 1161 2326 1247 2345; x_wconf 83' lang='lat' dir='ltr'><strong>carne</strong></span> <span class='ocrx_word' id='word_1_798' title='bbox 1262 2325 1326 2346; x_wconf 85' lang='lat' dir='ltr'><strong>mea</strong></span> <span class='ocrx_word' id='word_1_799' title='bbox 1341 2327 1359 2345; x_wconf 86' lang='grc' dir='ltr'>ιι</span> <span class='ocrx_word' id='word_1_800' title='bbox 1372 2318 1444 2354; x_wconf 81' lang='lat' dir='ltr'><strong>facie</strong></span> <span class='ocrx_word' id='word_1_801' title='bbox 1458 2319 1511 2346; x_wconf 74' lang='lat' dir='ltr'><strong>ira:</strong></span> <span class='ocrx_word' id='word_1_802' title='bbox 1531 2321 1593 2345; x_wconf 60' lang='lat' dir='ltr'><strong>Iug.</strong></span> <span class='ocrx_word' id='word_1_803' title='bbox 1619 2318 1678 2345; x_wconf 80' lang='lat' dir='ltr'><strong>Non</strong></span> <span class='ocrx_word' id='word_1_804' title='bbox 1700 2319 1741 2345; x_wconf 77' lang='lat' dir='ltr'><strong>est</strong></span> <span class='ocrx_word' id='word_1_805' title='bbox 1761 2325 1820 2354; x_wconf 70' lang='lat' dir='ltr'><strong>pax</strong></span> 
     </span>
    </p>
   </div>
   <div class='ocr_carea' id='block_1_102' title="bbox 994 2362 1820 2399">
    <p class='ocr_par' dir='ltr' id='par_1_102' title="bbox 994 2362 1820 2399">
     <span class='ocr_line' id='line_1_102' title="bbox 994 2362 1820 2399; baseline 0.001 -10"><span class='ocrx_word' id='word_1_806' title='bbox 994 2362 1097 2390; x_wconf 77' lang='lat' dir='ltr'><strong>ossibus</strong></span> <span class='ocrx_word' id='word_1_807' title='bbox 1115 2363 1185 2390; x_wconf 77' lang='lat' dir='ltr'><strong>meis</strong></span> <span class='ocrx_word' id='word_1_808' title='bbox 1199 2371 1216 2390; x_wconf 90' lang='lat' dir='ltr'><strong>a</strong></span> <span class='ocrx_word' id='word_1_809' title='bbox 1230 2363 1304 2398; x_wconf 81' lang='lat' dir='ltr'><strong>facie</strong></span> <span class='ocrx_word' id='word_1_810' title='bbox 1313 2367 1487 2398; x_wconf 79' lang='lat' dir='ltr'><strong>peccatorum</strong></span> <span class='ocrx_word' id='word_1_811' title='bbox 1501 2371 1633 2390; x_wconf 85' lang='lat' dir='ltr'><strong>meorum.</strong></span> <span class='ocrx_word' id='word_1_812' title='bbox 1650 2363 1724 2390; x_wconf 86' lang='lat' dir='ltr'><strong>Sane</strong></span> <span class='ocrx_word' id='word_1_813' title='bbox 1738 2370 1820 2399; x_wconf 86' lang='lat' dir='ltr'><strong>mag-</strong></span> 
     </span>
    </p>
   </div>
   <div class='ocr_carea' id='block_1_103' title="bbox 994 2406 1819 2444">
    <p class='ocr_par' dir='ltr' id='par_1_103' title="bbox 994 2406 1819 2444">
     <span class='ocr_line' id='line_1_103' title="bbox 994 2406 1819 2444; baseline 0.001 -10"><span class='ocrx_word' id='word_1_814' title='bbox 994 2414 1071 2443; x_wconf 88' lang='lat' dir='ltr'><strong>gnus</strong></span> <span class='ocrx_word' id='word_1_815' title='bbox 1085 2406 1134 2435; x_wconf 89' lang='lat' dir='ltr'><strong>ille</strong></span> <span class='ocrx_word' id='word_1_816' title='bbox 1145 2407 1256 2436; x_wconf 83' lang='lat' dir='ltr'><strong>athleta</strong></span> <span class='ocrx_word' id='word_1_817' title='bbox 1264 2407 1280 2436; x_wconf 85' lang='lat' dir='ltr'><strong>J</strong></span> <span class='ocrx_word' id='word_1_818' title='bbox 1284 2408 1319 2435; x_wconf 92' lang='lat' dir='ltr'><strong>ob</strong></span> <span class='ocrx_word' id='word_1_819' title='bbox 1330 2408 1507 2436; x_wconf 85' lang='lat' dir='ltr'><strong>teutationes</strong></span> <span class='ocrx_word' id='word_1_820' title='bbox 1518 2408 1613 2437; x_wconf 89' lang='lat' dir='ltr'><strong>omnis</strong></span> <span class='ocrx_word' id='word_1_821' title='bbox 1624 2407 1741 2444; x_wconf 86' lang='lat' dir='ltr'><strong>generis</strong></span> <span class='ocrx_word' id='word_1_822' title='bbox 1753 2415 1819 2444; x_wconf 86' lang='lat' dir='ltr'><strong>per-</strong></span> 
     </span>
    </p>
   </div>
   <div class='ocr_carea' id='block_1_104' title="bbox 993 2452 1818 2488">
    <p class='ocr_par' dir='ltr' id='par_1_104' title="bbox 993 2452 1818 2488">
     <span class='ocr_line' id='line_1_104' title="bbox 993 2452 1818 2488; baseline 0 -8"><span class='ocrx_word' id='word_1_823' title='bbox 993 2459 1109 2488; x_wconf 83' lang='lat' dir='ltr'><strong>pessus,</strong></span> <span class='ocrx_word' id='word_1_824' title='bbox 1124 2460 1182 2480; x_wconf 91' lang='lat' dir='ltr'><strong>non</strong></span> <span class='ocrx_word' id='word_1_825' title='bbox 1198 2452 1352 2488; x_wconf 86' lang='lat' dir='ltr'><strong>ignorabat</strong></span> <span class='ocrx_word' id='word_1_826' title='bbox 1367 2453 1514 2482; x_wconf 89' lang='lat' dir='ltr'><strong>undenam</strong></span> <span class='ocrx_word' id='word_1_827' title='bbox 1530 2453 1586 2481; x_wconf 87' lang='lat' dir='ltr'><strong>hoc</strong></span> <span class='ocrx_word' id='word_1_828' title='bbox 1606 2453 1662 2481; x_wconf 91' lang='lat' dir='ltr'><strong>sibi</strong></span> <span class='ocrx_word' id='word_1_829' title='bbox 1679 2453 1818 2482; x_wconf 87' lang='lat' dir='ltr'><strong>eveniret.</strong></span> 
     </span>
    </p>
   </div>
   <div class='ocr_carea' id='block_1_105' title="bbox 992 2496 1819 2534">
    <p class='ocr_par' dir='ltr' id='par_1_105' title="bbox 992 2496 1819 2534">
     <span class='ocr_line' id='line_1_105' title="bbox 992 2496 1819 2534; baseline -0.001 -7"><span class='ocrx_word' id='word_1_830' title='bbox 992 2497 1176 2534; x_wconf 87' lang='lat' dir='ltr'><strong>Quapropter</strong></span> <span class='ocrx_word' id='word_1_831' title='bbox 1189 2496 1323 2526; x_wconf 87' lang='lat' dir='ltr'><strong>dicebat:</strong></span> <span class='ocrx_word' id='word_1_832' title='bbox 1343 2497 1461 2534; x_wconf 66' lang='lat' dir='ltr'><strong>Sagitta:</strong></span> <span class='ocrx_word' id='word_1_833' title='bbox 1481 2499 1559 2527; x_wconf 84' lang='lat' dir='ltr'><strong>enim</strong></span> <span class='ocrx_word' id='word_1_834' title='bbox 1581 2498 1694 2528; x_wconf 79' lang='lat' dir='ltr'><strong>Domini</strong></span> <span class='ocrx_word' id='word_1_835' title='bbox 1715 2497 1745 2527; x_wconf 75' lang='lat' dir='ltr'><strong>in</strong></span> <span class='ocrx_word' id='word_1_836' title='bbox 1760 2505 1819 2526; x_wconf 85' lang='lat' dir='ltr'><strong>cor-</strong></span> 
     </span>
    </p>
   </div>
   <div class='ocr_carea' id='block_1_106' title="bbox 1029 2691 1820 2731">
    <p class='ocr_par' dir='ltr' id='par_1_106' title="bbox 1029 2691 1820 2731">
     <span class='ocr_line' id='line_1_106' title="bbox 1029 2691 1820 2731; baseline 0 -9"><span class='ocrx_word' id='word_1_837' title='bbox 1029 2693 1085 2731; x_wconf 87' lang='grc'><strong>(40)</strong></span> <span class='ocrx_word' id='word_1_838' title='bbox 1100 2693 1194 2723; x_wconf 90' lang='lat' dir='ltr'><strong>Editio</strong></span> <span class='ocrx_word' id='word_1_839' title='bbox 1210 2694 1315 2729; x_wconf 86' lang='lat' dir='ltr'><strong>Paris.,</strong></span> <span class='ocrx_word' id='word_1_840' title='bbox 1339 2695 1388 2722; x_wconf 77' lang='grc' dir='ltr'><strong>τοῦ</strong></span> <span class='ocrx_word' id='word_1_841' title='bbox 1418 2692 1578 2731; x_wconf 51' lang='lat' dir='ltr'><strong>Bagam-{90,</strong></span> <span class='ocrx_word' id='word_1_842' title='bbox 1607 2691 1693 2722; x_wconf 82' lang='lat' dir='ltr'><strong>male.</strong></span> <span class='ocrx_word' id='word_1_843' title='bbox 1725 2692 1820 2731; x_wconf 78' lang='lat' dir='ltr'><strong>Editio</strong></span> 
     </span>
    </p>
   </div>
   <div class='ocr_carea' id='block_1_107' title="bbox 992 2728 1818 2771">
    <p class='ocr_par' dir='ltr' id='par_1_107' title="bbox 992 2728 1818 2771">
     <span class='ocr_line' id='line_1_107' title="bbox 992 2728 1818 2771; baseline -0.001 -13"><span class='ocrx_word' id='word_1_844' title='bbox 992 2728 1082 2771; x_wconf 63' lang='lat' dir='ltr'><strong>BasilL</strong></span> <span class='ocrx_word' id='word_1_845' title='bbox 1097 2733 1125 2758; x_wconf 88' lang='lat' dir='ltr'><strong>et</strong></span> <span class='ocrx_word' id='word_1_846' title='bbox 1135 2733 1266 2771; x_wconf 65' lang='lat' dir='ltr'><strong>quatuor</strong></span> <span class='ocrx_word' id='word_1_847' title='bbox 1281 2733 1432 2771; x_wconf 71' lang='lat' dir='ltr'><strong>mss.,_-rﬁc_</strong></span> <span class='ocrx_word' id='word_1_848' title='bbox 1448 2728 1610 2771; x_wconf 73' lang='grc' dir='ltr'>δεκαλόγου,</span> <span class='ocrx_word' id='word_1_849' title='bbox 1625 2737 1683 2771; x_wconf 74' lang='lat' dir='ltr'><strong>non</strong></span> <span class='ocrx_word' id='word_1_850' title='bbox 1701 2729 1818 2771; x_wconf 70' lang='lat' dir='ltr'><strong>melius,</strong></span> 
     </span>
    </p>
   </div>
   <div class='ocr_carea' id='block_1_108' title="bbox 994 2766 1818 2835">
    <p class='ocr_par' dir='ltr' id='par_1_108' title="bbox 994 2766 1818 2835">
     <span class='ocr_line' id='line_1_108' title="bbox 994 2766 1818 2803; baseline 0 -9"><span class='ocrx_word' id='word_1_851' title='bbox 994 2767 1051 2794; x_wconf 89' lang='lat' dir='ltr'><strong>nisi</strong></span> <span class='ocrx_word' id='word_1_852' title='bbox 1067 2766 1144 2803; x_wconf 89' lang='lat' dir='ltr'><strong>quod</strong></span> <span class='ocrx_word' id='word_1_853' title='bbox 1161 2767 1189 2794; x_wconf 90' lang='lat' dir='ltr'><strong>Id</strong></span> <span class='ocrx_word' id='word_1_854' title='bbox 1206 2767 1241 2795; x_wconf 92' lang='lat' dir='ltr'><strong>ad</strong></span> <span class='ocrx_word' id='word_1_855' title='bbox 1257 2775 1355 2794; x_wconf 88' lang='lat' dir='ltr'><strong>veram</strong></span> <span class='ocrx_word' id='word_1_856' title='bbox 1371 2767 1552 2802; x_wconf 81' lang='lat' dir='ltr'><strong>Scripturam</strong></span> <span class='ocrx_word' id='word_1_857' title='bbox 1568 2766 1663 2800; x_wconf 85' lang='lat' dir='ltr'><strong>magis</strong></span> <span class='ocrx_word' id='word_1_858' title='bbox 1688 2766 1818 2794; x_wconf 83' lang='lat' dir='ltr'><strong>accedat.</strong></span> 
     </span>
     <span class='ocr_line' id='line_1_109' title="bbox 994 2800 1817 2835; baseline -0.004 -5"><span class='ocrx_word' id='word_1_859' title='bbox 994 2803 1139 2830; x_wconf 87' lang='lat' dir='ltr'><strong>Eusebius</strong></span> <span class='ocrx_word' id='word_1_860' title='bbox 1154 2802 1290 2835; x_wconf 89' lang='lat' dir='ltr'><strong>denique,</strong></span> <span class='ocrx_word' id='word_1_861' title='bbox 1304 2802 1354 2835; x_wconf 72' lang='grc' dir='ltr'><strong>τῆς</strong></span> <span class='ocrx_word' id='word_1_862' title='bbox 1371 2800 1556 2835; x_wconf 77' lang='grc' dir='ltr'>δικαπλήγου,</span> <span class='ocrx_word' id='word_1_863' title='bbox 1577 2801 1650 2828; x_wconf 87' lang='lat' dir='ltr'><strong>bene</strong></span> <span class='ocrx_word' id='word_1_864' title='bbox 1674 2804 1704 2829; x_wconf 89' lang='lat' dir='ltr'><strong>et</strong></span> <span class='ocrx_word' id='word_1_865' title='bbox 1718 2809 1817 2829; x_wconf 91' lang='lat' dir='ltr'><strong>emen-</strong></span> 
     </span>
    </p>
   </div>
   <div class='ocr_carea' id='block_1_109' title="bbox 993 2803 1819 2879">
    <p class='ocr_par' dir='ltr' id='par_1_109' title="bbox 993 2803 1819 2879">
     <span class='ocr_line' id='line_1_110' title="bbox 993 2803 1817 2838; baseline -0.004 -8"><span class='ocrx_word' id='word_1_866' title='bbox 993 2803 1139 2830; x_wconf 86' lang='lat' dir='ltr'><strong>Eusebius</strong></span> <span class='ocrx_word' id='word_1_867' title='bbox 1154 2803 1290 2838; x_wconf 89' lang='lat' dir='ltr'><strong>denique,</strong></span> <span class='ocrx_word' id='word_1_868' title='bbox 1304 2803 1354 2836; x_wconf 73' lang='grc' dir='ltr'><strong>τῆς</strong></span> <span class='ocrx_word' id='word_1_869' title='bbox 1371 2803 1556 2837; x_wconf 78' lang='grc' dir='ltr'>δικαπλήγου,</span> <span class='ocrx_word' id='word_1_870' title='bbox 1577 2803 1650 2828; x_wconf 87' lang='lat' dir='ltr'><strong>bene</strong></span> <span class='ocrx_word' id='word_1_871' title='bbox 1674 2804 1704 2829; x_wconf 89' lang='lat' dir='ltr'><strong>et</strong></span> <span class='ocrx_word' id='word_1_872' title='bbox 1718 2809 1817 2829; x_wconf 91' lang='lat' dir='ltr'><strong>emen-</strong></span> 
     </span>
     <span class='ocr_line' id='line_1_111' title="bbox 995 2836 1819 2879; baseline -0.002 -13"><span class='ocrx_word' id='word_1_873' title='bbox 995 2839 1080 2867; x_wconf 86' lang='lat' dir='ltr'><strong>date:</strong></span> <span class='ocrx_word' id='word_1_874' title='bbox 1098 2846 1194 2879; x_wconf 65' lang='lat' dir='ltr'><strong>quam</strong></span> <span class='ocrx_word' id='word_1_875' title='bbox 1203 2838 1357 2879; x_wconf 72' lang='lat' dir='ltr'><strong>lectionem</strong></span> <span class='ocrx_word' id='word_1_876' title='bbox 1373 2840 1406 2866; x_wconf 89' lang='lat' dir='ltr'><strong>ut</strong></span> <span class='ocrx_word' id='word_1_877' title='bbox 1421 2838 1530 2865; x_wconf 87' lang='lat' dir='ltr'><strong>certam</strong></span> <span class='ocrx_word' id='word_1_878' title='bbox 1551 2836 1582 2864; x_wconf 92' lang='lat' dir='ltr'><strong>in</strong></span> <span class='ocrx_word' id='word_1_879' title='bbox 1607 2839 1718 2865; x_wconf 87' lang='lat' dir='ltr'><strong>textum</strong></span> <span class='ocrx_word' id='word_1_880' title='bbox 1743 2837 1819 2864; x_wconf 81' lang='lat' dir='ltr'><strong>inse-</strong></span> 
     </span>
    </p>
   </div>
   <div class='ocr_carea' id='block_1_110' title="bbox 994 2873 1633 2903">
    <p class='ocr_par' dir='ltr' id='par_1_110' title="bbox 994 2873 1633 2903">
     <span class='ocr_line' id='line_1_112' title="bbox 994 2873 1633 2903; baseline -0.003 -1"><span class='ocrx_word' id='word_1_881' title='bbox 994 2881 1057 2903; x_wconf 82' lang='lat' dir='ltr'><strong>rere</strong></span> <span class='ocrx_word' id='word_1_882' title='bbox 1072 2873 1131 2902; x_wconf 72' lang='lat' dir='ltr'><strong>non</strong></span> <span class='ocrx_word' id='word_1_883' title='bbox 1146 2873 1356 2902; x_wconf 79' lang='lat' dir='ltr'><strong>dubitavimus.</strong></span> <span class='ocrx_word' id='word_1_884' title='bbox 1631 2884 1633 2887; x_wconf 90' lang='lat'><strong><em>-</em></strong></span> 
     </span>
    </p>
   </div>
  </div>
