2018 3146
179 177 214 206 9!
651 174 849 205 APPENDIX
872 175 1034 206 OPERUM
1059 176 1092 205 S.
1116 174 1258 206 BASILII
1282 175 1417 207 MAGNI.
1845 175 1884 204 92

179 249 262 276 super
283 249 335 269 me.
360 241 531 269 Pulruerunt
558 244 583 268 et
611 242 748 276 corruptae
775 244 842 268 sunt
865 240 1004 269 cicatrices

1062 239 1120 272 τίας
1149 250 1212 276 μου.
1241 241 1303 269 ’Ότι
1329 240 1356 268 αἱ
1384 239 1494 277 ἀνομίαι
1521 250 1573 278 μου
1602 239 1739 278 όπερῆραν
1766 242 1817 274 τῆν
1841 250 1885 268 κε-

180 293 258 319 mea‘,
276 295 292 314 a
307 287 380 321 facie
394 286 566 321 insipientia
586 293 665 314 meae.
682 285 761 313 Miser
783 287 872 321 factus
886 294 959 319 sum,
975 289 1003 314 et

179 335 308 359 curvatus
321 339 383 359 sum
398 338 483 366 usque
502 331 530 358 in
554 331 638 366 ﬁnem
652 330 744 359 ualde.
761 330 1002 366 Quandoquidem

180 376 230 409 ait,
247 376 308 404 haec
333 385 349 403 a
374 383 420 403 me
442 378 607 411 perpetrata
628 378 708 410 sunt,
724 375 760 403 ob
775 375 805 403 id
822 375 902 404 Miser
914 377 1004 411 factus

178 429 250 452 sum,
263 423 288 448 et
303 423 433 448 curvatus
447 429 505 448 sum
524 429 608 456 usque
623 421 654 448 in
669 421 763 455 ﬁnem,
779 422 804 448 et
816 422 869 448 tota
884 420 930 448 dic
943 428 1004 448 con-

177 466 304 493 tristatus
318 465 575 502 ingrediebarJam
586 473 654 493 vero
666 474 718 502 per
730 465 791 492 haec
801 465 930 493 declarat
939 473 1003 500 quas

178 519 284 546 passus
298 510 346 545 sit,
359 513 386 538 et
397 511 545 546 quomodo
555 511 591 538 de
605 510 705 546 seipso
719 518 821 546 pmnas
832 510 1002 546 sumpserit,

180 563 236 582 non
253 555 288 583 de
311 563 370 583 uno
394 557 511 591 peccato
536 563 679 583 accusans
706 563 748 590 se,
764 555 815 582 sed
842 555 878 582 de
901 553 1003 582 multis

180 599 347 635 acervatim,
364 600 459 636 iisque
482 599 583 635 tantis,
600 602 633 627 ut
649 607 743 635 neque
757 599 835 627 σου
857 599 937 626 intus
953 599 1004 626 ab-

180 645 359 672 scondantur
375 645 403 672 in
421 645 520 672 anima
543 653 608 677 sua,
620 652 715 680 neque
739 644 818 672 intra
841 652 946 680 corpus
962 644 1004 671 la-

177 691 269 723 teant,
285 690 335 717 sed
348 689 444 726 ipsum
455 698 648 725 supergressa
658 691 728 723 sint,
740 689 812 716 adeo
823 691 855 716 ut
866 689 1003 716 omnibus

174 735 237 770 jam
255 737 324 762 nota
339 735 399 762 sint
414 743 446 762 ac
457 736 619 770 perspecta.
633 734 726 769 Igitur
740 734 770 761 in
787 733 930 770 principio
947 742 1004 761 ser-

177 778 286 813 monis,
296 778 359 814 ipse
372 779 419 806 sui
435 778 530 814 ipsius
545 780 609 806 erat
620 780 789 811 accusator;
806 777 894 813 idque
905 785 1002 805 coram

177 823 327 857 omnibus,
343 825 376 850 ut
391 823 421 850 in
437 823 501 858 ipso
523 822 596 850 illud
624 822 734 858 impleri
760 824 860 858 posset
876 830 882 849 :
897 821 1004 849 Justus

178 870 331 896 accusator
343 869 387 895 est
402 867 449 895 sui
465 867 560 903 ipsius
569 867 590 900 ⁷,
603 867 782 902 praeveniens
797 874 1004 903 quemcunque

177 912 327 940 hominem
337 915 548 940 accusatorem.
558 912 621 947 ipse
629 911 748 947 quidem
755 919 820 939 sese
828 911 1002 939 condemna-

177 958 228 990 vit,
241 957 290 986 sed
316 965 402 985 omne
417 956 604 984 inimicorum
630 965 662 984 os
684 955 834 992 oppilavit,
845 964 912 984 cum
928 955 1002 983 nihil

178 1001 258 1030 aliud
268 1002 409 1030 adversus
418 1009 485 1030 eum
497 1001 593 1029 dicere
605 1004 734 1038 possent.
742 1001 829 1029 Docet
839 1003 937 1029 autem
950 1009 1002 1028 nos

178 1046 226 1074 hic
240 1054 348 1080 sermo,
363 1049 395 1074 ut
407 1054 443 1074 ne
458 1048 560 1074 nostra
574 1046 705 1081 ipsorum
717 1045 795 1074 mala
809 1046 982 1082 obtegamus
995 1054 1002 1072 :

178 1099 274 1127 neque
294 1093 412 1127 peccata
427 1093 568 1127 tanquam
592 1091 776 1127 nigredinem
796 1091 956 1126 quamdam
971 1098 1004 1118 ac

179 1136 365 1172 putredinem
381 1135 411 1163 in
434 1136 493 1164 imo
518 1136 622 1163 anima:
646 1143 763 1164 recessu
789 1135 1002 1169 contineamus,

179 1181 307 1208 cauterio
322 1183 422 1208 notam
438 1180 622 1208 conscientia
638 1180 799 1208 inurentes.
811 1180 1005 1212 Quemadmo-

179 1225 248 1254 dum
274 1225 304 1252 in
330 1225 470 1252 febribus.
487 1225 522 1252 Et
536 1232 603 1253 vero
618 1224 718 1259 febris,
734 1225 805 1252 dum
821 1225 898 1253 intro
921 1227 951 1253 et
974 1225 1004 1252 in

179 1269 374 1306 penitissimis
403 1269 536 1306 partibus
561 1270 663 1305 serpit,
680 1269 816 1297 morbum
841 1269 1003 1305 graviorem

179 1314 270 1341 efficit
282 1322 289 1342 :
301 1313 326 1341 si
339 1322 407 1341 vero
423 1314 452 1341 in
464 1316 596 1349 apertum
613 1313 720 1349 prodit,
733 1322 814 1349 spem
831 1313 1003 1341 declinatio-

179 1359 226 1387 nis
241 1358 391 1386 ostendit:
409 1358 451 1386 sic
472 1360 502 1386 et
524 1358 629 1386 animae
652 1358 802 1392 contingit.
815 1357 889 1390 Quin
914 1358 1002 1385 etiam

181 1403 260 1432 aliud
277 1403 348 1439 quid
363 1405 514 1439 expertum
527 1411 558 1431 se
571 1403 662 1431 fuisse
672 1403 757 1430 docet
771 1403 872 1436 David,
885 1402 1003 1430 dicens:

180 1449 259 1476 Sicut
271 1456 342 1476 onus
355 1456 440 1483 grave
454 1449 575 1482 gravatae
598 1449 663 1475 sunt
686 1456 768 1483 super
781 1455 833 1476 me.
850 1447 923 1476 Nam
941 1448 1005 1483 ejus

181 1492 312 1520 facinora
327 1493 487 1528 gravabant
510 1492 604 1528 ipsius
628 1492 850 1527 conscientiam,
867 1492 908 1520 ita
922 1494 955 1520 ut
969 1491 1005 1520 ob

181 1536 272 1565 animi
299 1536 524 1573 generositatem
541 1545 574 1565 ac
589 1538 757 1569 candorem.
774 1537 824 1565 illa
849 1537 923 1565 ferre
947 1545 1005 1564 non

180 1583 290 1618 posset.
301 1580 356 1614 Qui
375 1581 454 1609 enim
474 1581 644 1616 praefractus
660 1584 714 1615 est,
730 1584 759 1609 et
774 1582 942 1615 induratus,
957 1590 1005 1609 se-

181 1626 309 1654 cundum
318 1625 458 1653 duritiam
470 1634 566 1658 suam,
573 1627 600 1653 et
610 1626 798 1662 impasnitens
806 1634 866 1661 cor,
875 1626 1006 1662 congerit

181 1671 237 1699 sibi
264 1671 328 1706 ipse
350 1671 424 1698 iram
440 1670 469 1698 in
486 1670 533 1698 die
555 1670 606 1698 ira:
615 1671 637 1705 ⁸,
647 1671 756 1706 quippe
780 1671 829 1707 qui
856 1673 1004 1706 peccatum

180 1717 300 1752 peccato
310 1714 358 1750 adj
363 1717 462 1751 ungat,
473 1723 585 1751 suaque
596 1716 741 1752 adaugent
751 1715 836 1743 mala.
849 1715 915 1743 Cum
926 1715 1003 1743 enim

179 1761 288 1789 venerit
303 1761 426 1795 peccator
440 1760 469 1787 in
480 1759 648 1795 profundum
658 1761 805 1795 malorum,
818 1761 970 1788 contemnit
978 1761 1004 1788 ἐ

180 1807 292 1839 contra,
310 1805 354 1832 vir
370 1804 479 1840 probus
495 1804 609 1832 etiamsi
625 1804 716 1833 semel
732 1804 889 1840 aliquando
904 1805 1006 1841 lapsus

180 1850 269 1878 fuerit
283 1857 334 1886 per
349 1849 509 1885 quamdam
534 1849 643 1877 diaboli
667 1849 897 1885 subreptionem,
914 1850 1003 1878 maxi-

182 1902 301 1930 mopere
316 1895 454 1930 gravatur
472 1894 536 1929 ejus
561 1893 749 1928 conscientia,
767 1896 800 1922 ut
823 1902 875 1922 nec
901 1896 1007 1929 tacere,

182 1947 235 1967 nec
251 1947 338 1966 suum
362 1938 473 1966 malum
489 1938 636 1966 occultare
651 1938 754 1966 valeat.
770 1939 812 1966 Ea:
834 1939 1008 1967 abundantia

183 1984 259 2012 enim
272 1983 362 2011 cordis
384 1991 413 2011 οε
435 1982 556 2018 loquitur
567 1983 598 2010 ίο.
615 1982 689 2011 Hinc
712 1991 779 2011 cum
803 1982 955 2011 silentium
982 1983 1008 2011 ei

183 2027 403 2056 intolerandum
419 2029 507 2061 esset,
523 2036 558 2055 ea
570 2036 634 2063 quas
647 2027 745 2063 ipsum
761 2027 943 2064 premebant,
960 2036 1007 2064 pa-

184 2072 292 2104 tefecit,
308 2072 409 2100 dicens
423 2080 430 2099 ι
447 2072 523 2100 Sicut
536 2080 606 2100 onus
620 2080 703 2107 grave
716 2077 834 2108 gravatae
847 2075 912 2101 sunt
926 2081 1010 2109 super

183 2126 239 2152 me,
255 2117 390 2146 videlicet
410 2117 582 2153 iniquitates
597 2126 678 2145 meas.
694 2118 729 2145 Et
751 2126 855 2146 rursus
870 2126 877 2146 :
891 2121 1008 2146 Patrue-

185 2164 253 2190 runt
266 2163 407 2190 cicatrices
430 2169 501 2190 mea
524 2171 541 2189 a
563 2163 636 2197 facie
658 2163 827 2197 insipientia!
840 2171 920 2191 mea.
935 2163 1009 2191 Insi-

186 2206 327 2242 pientiam
357 2209 466 2239 autem,
482 2206 670 2242 insipientem
699 2207 841 2235 actionem
870 2207 906 2236 ab
934 2207 1009 2235 insi-

187 2250 297 2286 pientia
311 2252 406 2279 ortam
430 2251 573 2278 nominat.
588 2253 679 2279 Omne
694 2251 772 2280 enim
793 2254 944 2289 peccatum
959 2261 1012 2288 per

1062 284 1152 324 φαλήν
1184 295 1246 321 μου,
1276 285 1339 312 ὡσεὶ
1381 285 1491 324 φορτίον
1534 285 1601 324 βαρὺ
1629 282 1812 323 ἆϐαρύνθησαν
1841 285 1882 313 ἐπ’

1060 329 1118 366 ἐμὲ.
1146 329 1321 368 Προσώζισαν
1349 330 1395 358 καὶ
1425 329 1560 366 ἐσάπησαν
1588 330 1622 358 ,οἱ
1653 329 1789 367 μώλωπᾶς
1817 340 1880 366 μου,

1058 375 1110 402 ἀπὸ
1153 378 1302 413 προσώπου
1338 379 1388 410 τῆς
1426 374 1580 414 ἀφροσύνης
1616 386 1678 412 μου.
1709 373 1881 404 Έταλαιπώο

1059 430 1139 456 ρησα,
1169 419 1214 447 καὶ
1252 420 1444 459 κατεκάμφθην
1481 419 1532 451 ἕως
1559 419 1656 451 τιλους
1683 418 1789 457 σφόδρα
1814 421 1881 457 (53).

1059 463 1170 499 Ἐπειδὴ
1186 463 1250 492 τάδε
1276 475 1334 501 μοι,
1362 465 1439 502 φησὶ,
1464 464 1627 502 πὲπρακται,
1650 463 1695 492 διὰ
1707 466 1788 492 τοῦτο
1804 465 1882 493 Ἑτα-

1060 509 1234 547 λαιπώρπσα,
1273 510 1317 537 καὶ
1359 509 1551 548 κατεκάμφθην
1594 508 1646 541 ἓως
1688 508 1796 544 τέλους,
1837 510 1882 537 καὶ

1059 553 1127 589 ὅλην
1151 554 1202 588 τὴν
1239 555 1343 591 ἡμέραν
1385 554 1586 592 σκυθρωπάζων
1624 553 1808 591 ἐπορευόμην.
1835 553 1884 582 Διὰ

1058 599 1161 626 τούτων
1189 597 1218 626 δὲ
1247 598 1407 636 παρίστησιν
1438 599 1455 626 ἃ
1482 599 1610 633 πὲπονθε,
1626 598 1671 626 καὶ
1697 598 1771 629 ὅπως
1787 599 1882 626 ἑαυτὸν

1059 643 1232 680 ἐτιμωρεῖτο,
1263 643 1294 670 οὗ
1326 643 1387 680 μίαν
1426 643 1512 679 ὲαττῷ
1543 645 1704 681 κατηγορῶν
1737 643 1881 680 ἁμαρτίαν,

1060 687 1122 715 ἀλλ’
1144 687 1247 723 ἀθρόως
1270 687 1388 725 πολλὰς,
1401 688 1446 715 καὶ
1471 688 1613 722 τοσαύτας,
1643 688 1681 719 ὡς
1711 687 1782 725 μηδὲ
1806 686 1882 716 ἔνδον

1059 733 1221 771 κρύπτεσθαι
1238 732 1263 760 ἐν
1294 734 1327 769 τῇ
1345 733 1440 760 ἑαυτοῦ
1469 733 1556 770 ψυχῇ,
1584 731 1664 769 μηδὲ,
1682 731 1745 760 εἵσω
1767 735 1816 760 τοῦ
1833 733 1884 760 σώ-

1061 788 1145 814 ματος
1176 776 1328 814 λανθάνειν,
1354 776 1417 805 ἀλλ’
1456 775 1670 815 ὑπερϐεϐηκέναι
1699 776 1780 804 αὐτοῦ
1814 778 1882 813 (54),

1061 822 1129 850 ὥστε
1158 821 1202 849 καὶ
1231 825 1310 849 πᾶσιν
1339 821 1421 853 αύτὰς
1449 822 1637 859 γνωρίζεσθαι.
1662 822 1749 852 Αὐτὸς
1768 823 1833 858 γοῦν
1849 821 1882 856 ἧν

1058 868 1209 904 κατήγορος
1225 867 1321 894 tauro?)
1348 866 1374 894 ἐν
1396 866 1581 904 πρωτολογίᾳ,
1598 866 1642 893 καὶ
1667 866 1740 903 παρὰ
1758 869 1817 897 τοῖς
1830 868 1882 894 πᾶ-

1060 923 1112 945 σιν,
1127 912 1164 942 ὡς
1180 910 1209 939 ἄν
1233 911 1394 949 πληρωθείη
1412 910 1454 938 ἰπ³
1482 911 1564 947 αὐτῷ·
1583 910 1690 942 Δίκαιος
1711 911 1806 939 ἑαυτοῦ
1822 921 1884 938 κατ-

1059 957 1170 994 ήγορος,
1192 956 1299 994 φθάνων
1324 956 1409 983 πάντα
1437 955 1576 992 ἄνθρωπον
1600 957 1767 993 κασήγορον.
1795 954 1883 985 Αὐτὸς

1061 1001 1108 1038 μὶν
1139 1001 1232 1028 ἑαυτὸν
1253 1000 1402 1038 κατέκρινε,
1432 1003 1484 1028 πᾶν
1526 999 1554 1028 δὲ
1587 1000 1696 1038 ὶχθρῶν
1731 999 1885 1038 ἆπὲφραττε

1059 1046 1157 1082 στόμα,
1186 1046 1224 1081 μὴ
1255 1044 1375 1082 ἑχόντων
1404 1043 1494 1082 ἕτερόν
1523 1053 1549 1072 τι
1578 1045 1636 1073 κατ’
1665 1044 1747 1072 αὐτοῦ
1778 1043 1881 1081 λέγειν.

1059 1089 1183 1118 Διδάσκει
1212 1089 1240 1117 δδ
1255 1091 1328 1126 ἡμᾶς
1354 1090 1368 1117 ὁ
1394 1089 1476 1127 Λόγος
1505 1090 1542 1126 μὴ
1573 1089 1701 1127 κρύπτειν
1724 1089 1757 1117 τὰ
1781 1089 1882 1116 δαυτῶν

1059 1135 1137 1169 κακὰ,
1166 1133 1246 1171 μηδὲ,
1274 1134 1364 1172 ὥσπερ
1391 1134 1452 1161 τινὰ
1475 1133 1603 1170 μελανίαν
1632 1133 1678 1161 καὶ
1705 1135 1798 1171 σῆψιν,
1814 1134 1884 1161 κατὰ

1061 1181 1159 1219 βάθους
1189 1183 1240 1214 τῆς
1277 1180 1369 1217 ψυχῆς
1394 1179 1517 1216 συνέχειν
1544 1179 1578 1206 τὰ
1607 1179 1801 1217 ἁμαρτήματα,
1828 1178 1879 1212 τὴν

1060 1223 1212 1260 συνείδησιν
1240 1224 1516 1261 καυτηριαζομὲνους.
1544 1224 1645 1260 Ὥσπερ
1675 1222 1719 1250 ἐπὶ
1748 1225 1802 1250 τῶν
1829 1233 1880 1250 πυ-

1060 1271 1155 1308 ρετῶν,
1172 1267 1236 1296 εἴσω
1253 1268 1301 1304 μὲν
1325 1268 1370 1295 καὶ
1394 1268 1462 1295 κατὰ
1486 1267 1585 1305 βάθους
1611 1270 1712 1305 χωρῶν
1726 1268 1740 1295 ὁ
1753 1267 1881 1305 πυρετὸς,

1061 1314 1170 1351 μείζονα
1197 1313 1246 1348 τὴν
1269 1312 1348 1340 νόσον
1364 1311 1512 1350 ἐργάζεται,
1554 1312 1694 1350 προκόψας
1736 1311 1766 1340 δὶ
1794 1311 1883 1348 τούμ-

1059 1359 1150 1398 φανὶς,
1181 1356 1278 1385 ἐλπίδα
1301 1361 1448 1395 παρακμῆς
1487 1357 1636 1396 ὑποφαίνει·
1666 1356 1738 1384 οὕτω
1764 1356 1810 1384 καὶ
1839 1355 1883 1383 ἐπὶ

1059 1407 1108 1438 τῆς
1124 1403 1216 1440 ψυχῆς
1245 1401 1274 1429 ἄν
1290 1403 1406 1440 γίνοιτο.
1437 1401 1487 1429 Καὶ
1501 1400 1572 1430 ἄλλο
1588 1400 1617 1429 δι
1637 1412 1663 1429 τι
1686 1400 1806 1429 διδάσκει
1820 1400 1882 1438 περὶ

1060 1447 1152 1476 ἑαυτὸν
1196 1447 1309 1484 γεγονὸς
1348 1447 1361 1473 ὁ
1403 1444 1500 1480 Δαϐὶδ,
1529 1445 1628 1484 λέγων’
1660 1446 1731 1474 Ὣσιὶ
1770 1445 1882 1485 φορτίον

1063 1493 1131 1531 βοιρὺ
1161 1489 1345 1530 ιϐαρύνθησαν
1373 1490 1414 1518 ἐπ’
1443 1490 1501 1527 ἐμέ.
1529 1489 1637 1529 Ἐϐάρσι
1658 1490 1711 1528 γὰρ
1735 1490 1819 1518 αὐτοῦ
1833 1490 1883 1524 τήν

1060 1536 1211 1571 συνείδησιν
1237 1537 1271 1564 τὰ
1288 1535 1482 1572 τετολμημένα
1510 1535 1596 1572 αὐτῷ,
1622 1535 1660 1567 ὡς
1690 1535 1728 1572 μὴ
1757 1533 1884 1562 δύνασθαι

1064 1582 1203 1620 βαστάζειν
1231 1580 1298 1608 αὐτὰ
1321 1579 1356 1608 δι’
1385 1579 1517 1618 εὐγένειαν
1540 1580 1584 1608 καὶ
1610 1579 1818 1617 εὐγνωμοσύνην
1833 1581 1884 1616 ψυ-

1062 1629 1128 1664 χῆς.
1153 1626 1183 1654 Ὀ
1212 1625 1258 1662 μὶν
1286 1625 1337 1662 γὰρ
1366 1625 1524 1661 ἀτεράμνων
1553 1624 1598 1652 καὶ
1612 1624 1799 1662 ἀπόσκληρος,
1816 1624 1885 1651 κατὰ

1058 1672 1107 1705 τήν
1125 1669 1301 1708 σκληρότητα
1326 1670 1421 1697 δαυτοῦ
1444 1671 1500 1706 (55)
1529 1669 1574 1697 καὶ
1604 1669 1788 1706 ἀμετανόητον
1817 1678 1883 1705 καρ-

1061 1715 1128 1751 δίαν,
1145 1713 1300 1752 θησαυρίζει
1318 1714 1404 1750 ἑαυτῷ
1429 1713 1514 1751 ὀργὴν
1542 1713 1568 1741 ἐν
1593 1715 1684 1751 ἡμέρᾳ
1713 1713 1807 1751 ὀργῆς,
1825 1712 1884 1740 ἐπι-

1060 1760 1204 1797 σπώμενος
1234 1758 1367 1797 ἁμαρτίαν
1397 1758 1438 1797 ἐφ’
1452 1759 1598 1797 ἁμαρτίας,
1625 1757 1710 1794 αὔξων
1732 1758 1766 1785 τὰ
1787 1758 1884 1785 ἑαυτοῦ

1060 1805 1138 1833 κακά·
1181 1805 1262 1833 Ὀταν
1305 1803 1356 1842 γὰρ
1407 1801 1474 1841 ἔλθῃ
1518 1802 1682 1841 ἁμαρτωλὸς
1718 1802 1757 1833 εἷς
1801 1802 1883 1840 βάθος

1060 1852 1161 1883 κακῶν,
1190 1851 1362 1888 καταφρονεῖ·
1389 1849 1402 1876 ὁ
1433 1848 1459 1875 -ὶ
1495 1848 1654 1887 εὖγνὼμων,
1683 1846 1706 1875 εἰ
1739 1846 1784 1874 καὶ
1814 1846 1882 1882 ἅπαξ

1060 1894 1126 1922 ποτὶ
1142 1893 1296 1928 ὀλισθήσειε
1311 1893 1378 1920 κατά
1392 1902 1450 1920 τινα
1478 1894 1526 1919 τοῦ
1552 1889 1683 1920 διαϐόλου
1699 1890 1883 1929 συναρπὰγὴν,

1062 1938 1155 1971 δεινῶς
1185 1938 1305 1976 βαρεῖται
1333 1938 1384 1972 τὴν
1427 1935 1590 1972 συνείδησιν,
1620 1936 1658 1968 ὡς
1687 1936 1725 1973 μὴ
1756 1934 1885 1966 ὃύνασθας

1062 1986 1150 2021 σιγᾷν,
1169 1981 1239 2020 μηδὲ
1266 1981 1393 2019 κρύπτειν
1420 1981 1452 2009 τὸ
1480 1981 1574 2008 ἑαυτοῦ
1603 1981 1697 2009 κακόν.
1719 1981 1767 2008 Ἐκ
1790 1989 1883 2016 περισ-

1063 2029 1196 2065 σεύματος
1224 2029 1287 2065 γοῦν
1314 2025 1426 2064 καρδίας
1448 2025 1480 2054 τὸ
1508 2025 1596 2062 στόμα
1624 2024 1714 2053 Ααλιῖ.
1738 2024 1816 2053 Ὅθεν
1845 2023 1882 2060 μὴ

1063 2073 1150 2113 φέρων
1169 2070 1281 2106 σιωπᾷν,
1306 2071 1416 2110 ἑξᾶφηνε
1440 2069 1475 2113 τὰ
1502 2069 1651 2108 συνίχοντα
1674 2069 1766 2103 αὐτὸν,
1784 2067 1882 2113 λέγων·

1063 2111 1133 2145 Ὧσεὶ
1163 2116 1274 2156 φορτίον
1309 2114 1376 2153 βαρὺ
1419 2112 1604 2152 ἐϐαρύνθησαν
1641 2113 1684 2142 ίπ⁵
1711 2113 1770 2150 ἐμὲ·
1800 2111 1885 2148 δῆλον

1064 2162 1103 2196 δὲ,
1120 2161 1161 2189 ὅτι
1186 2161 1213 2188 αἱ
1236 2160 1347 2197 ἀνομίαι
1375 2170 1437 2197 μου.
1467 2159 1516 2186 Καὶ
1543 2157 1639 2186 πάλιν·
1663 2158 1838 2196 Ηροσώζεσαν
1859 2157 1885 2184 οἱ

1066 2205 1202 2244 μώλωπὲς
1233 2215 1285 2242 μου
1314 2205 1367 2232 ἀπὸ
1391 2204 1540 2242 προσώπου
1563 2207 1614 2238 τῆς
1641 2203 1795 2242 ἀφροσύνης
1821 2212 1884 2239 μου.

1065 2250 1234 2290 Ἀφροσύνην
1264 2248 1293 2277 δὶ
1336 2249 1464 2286 ὀνομάζει
1492 2248 1541 2283 τήν
1582 2247 1685 2287 ἄφρονα
1724 2247 1820 2284 πρᾶξιν
1859 2246 1884 2282 ιε

187 2294 388 2330 insipientiam
404 2295 583 2330 admittitur;
596 2296 689 2324 virtus
699 2299 798 2324 autem
813 2305 880 2325 cum
896 2297 935 2325 sit
947 2297 1005 2333 ipsi

1065 2295 1220 2336 ἀφροσύνης
1250 2293 1410 2332 γινομένην.
1455 2294 1510 2322 Πᾶν
1545 2293 1597 2331 γὰρ
1631 2292 1781 2330 ἁμάρτημα
1819 2291 1886 2319 κατᾶ

188 2339 354 2376 prudentia,
367 2348 549 2376 quaecunque
564 2341 726 2369 secundum
742 2341 836 2377 ipsam
854 2341 937 2376 ﬁunt,
950 2342 1010 2370 hac

186 2383 274 2412 laude
295 2393 328 2412 ac
342 2385 451 2413 virtute
472 2385 560 2420 digna
586 2385 723 2413 declarat.
734 2386 787 2413 Sed
804 2388 833 2413 et
847 2394 882 2413 ea
896 2394 961 2422 qum
977 2394 1011 2414 ex

187 2429 344 2464 prudentia
365 2429 449 2463 ﬁunt,
470 2429 590 2465 pariunt
613 2430 716 2458 anima
741 2430 914 2458 sanitatem:
938 2430 1011 2458 insi-

185 2473 297 2509 pientia
307 2482 374 2502 vero
388 2473 510 2502 vulnera
525 2483 558 2502 ac
573 2474 683 2502 vibices
698 2475 796 2502 infert.
807 2475 861 2508 Qui
875 2475 966 2512 igitur
981 2476 1011 2503 in

186 2518 313 2554 peccatis
336 2521 532 2555 perseverant,
548 2519 736 2556 gaudentque
751 2519 781 2547 in
803 2519 878 2556 ipsis
891 2521 920 2548 et
935 2518 1011 2548 dele-

1065 2339 1219 2380 ἀφροσύνην
1248 2339 1360 2378 γίνεται”
1378 2338 1459 2376 ἀρετὴ
1490 2336 1518 2365 εὶ
1534 2336 1601 2365 οὖσα
1624 2338 1640 2372 ἡ
1666 2336 1803 2376 φρόνησις.
1820 2337 1886 2364 πάν-

1064 2396 1097 2414 τα
1111 2385 1145 2413 τὰ
1168 2385 1227 2412 καθ’
1257 2384 1353 2418 ἑαυτὴν
1384 2382 1557 2421 πραττόμενα
1584 2381 1693 2409 ἐπαίνου
1719 2381 1762 2409 καὶ
1787 2381 1884 2419 ἀρετῆς

1066 2429 1125 2466 ἄξια
1154 2428 1308 2468 ἀποφαίνει.
1325 2427 1412 2456 Ἀλλὰ
1424 2427 1468 2454 καί
1482 2426 1572 2464 ὑγείας
1588 2425 1642 2454 ἐστὶ
1658 2427 1692 2463 τῇ
1705 2427 1782 2463 ψυχῇ
1802 2435 1885 2460 ποιη-

1066 2474 1128 2502 τικὰ
1151 2473 1185 2501 τὰ
1208 2472 1276 2500 κατὰ
1298 2471 1429 2511 φρόνησιν
1470 2471 1607 2508 γινόμενα·
1643 2471 1661 2505 ἡ
1692 2468 1720 2497 ’ὀὶ
1746 2469 1883 2509 ἀφροσύνη

1066 2518 1210 2557 τραύματα
1236 2516 1282 2545 καὶ
1308 2516 1450 2554 μώλωπας
1478 2514 1666 2553 ἀπεργάζεται.
1704 2514 1739 2543 Ol
1766 2514 1815 2552 μὶν
1840 2512 1886 2542 οὖν

221 2603 232 2621 τ
247 2603 330 2632 Prov.
344 2611 425 2638 XVIII,
442 2604 485 2632 17.
523 2604 534 2622 ⁸
549 2604 631 2632 Rom.
650 2611 681 2638 ιι,
696 2604 726 2632 5.
763 2604 775 2622 θ
788 2606 871 2633 Prov.
888 2613 968 2642 xvm,
984 2606 1005 2634 3⁴

1062 2605 1073 2624 ⁰
1087 2603 1190 2634 Matth.
1205 2613 1256 2640 xn,
1271 2602 1317 2634 34.

223 2689 280 2724 (53)
295 2689 337 2718 Ita
347 2689 505 2728 qolbertini
518 2690 638 2728 primus
648 2691 675 2717 et
691 2691 790 2728 sextus
804 2691 917 2728 etReg.
930 2692 1014 2727 quin-

186 2723 236 2764 tus
251 2723 318 2752 eum
334 2726 462 2764 editione
477 2723 565 2754 Basil.
578 2727 612 2753 At
622 2726 704 2764 deest
714 2723 821 2764 σφόδρα
836 2727 866 2755 in
882 2723 969 2756 edit-is
985 2730 1014 2756 et

188 2760 219 2788 in
234 2764 359 2797 unoiaut
374 2762 465 2791 altero
481 2771 538 2790 ms.
554 2764 583 2789 et
597 2761 673 2797 apud
691 2760 770 2790 LXX.

226 2796 281 2834 (Sﬁ)
298 2796 367 2833 Reg.
385 2799 542 2834 secundus,
567 2796 659 2834 ᾳρτἆς,
685 2797 751 2834 Mox
775 2801 902 2834 quatuor
925 2807 1011 2833 mss.,

189 2830 262 2869 παρὰ
273 2830 430 2864 ’τοῖς’πᾶσιν
450 2830 554 2862 ἑαυτόν.
569 2833 631 2862 Vox
651 2831 742 2860 ἑαυτόν
767 2830 868 2863 deesse
893 2830 1012 2871 quidem

1067 2691 1114 2720 hic
1129 2690 1241 2732 aliquid
1255 2692 1333 2732 certe
1353 2691 1488 2732 indicat:
1505 2691 1555 2719 sed
1571 2691 1642 2726 quid
1668 2691 1755 2728 desit,
1771 2700 1839 2721 cum
1854 2700 1890 2722 ex

1067 2726 1229 2770 mssl‘ni‘hil
1245 2727 1429 2770 adjuvemun,
1445 2726 1541 2770 dicere
1557 2735 1614 2770 non
1631 2726 1798 2770 ppssumus.

1102 2761 1377 2809 (55,).Res-Jé52ivs:
1393 2761 1707 2809 {segesticam
1732 2763 1890 2809 02%.‘7'

1067 2797 1233 2836 ἁμαρτίαιςῖ
1248 2799 1379 2828 Subinde
1405 2802 1466 2828 tres
1489 2807 1560 2828 mss.
1586 2797 1623 2828 εἰς
1649 2798 1729 2836 βάθη.
1745 2797 1886 2837 Εᾱίιῖβά-

1067 2839 1123 2867 θος.
