2018 3146
163 177 201 207 95
630 177 829 208 APPENDIX
851 176 1014 208 OPERUM
1037 176 1069 207 S.
1094 177 1237 210 BASlLlI
1258 178 1397 209 MAGNI.
1829 180 1870 210 96

163 243 260 277 corde,
276 242 369 271 oculis
385 242 504 275 clausis,
519 242 572 270 tibi
588 243 642 270 soli
664 243 835 271 abscondita
871 242 983 278 conspi-

1047 245 1184 284 Ὠρυόμην
1223 244 1274 272 ἀπὸ
1315 245 1464 280 στεναγμοῦ
1500 246 1550 277 τῆς
1586 241 1699 280 καρδίας
1738 253 1800 279 μου,
1840 243 1870 278 ἢ,

164 287 251 315 cienti
267 288 389 315 ostendo
399 296 479 315 meos
488 288 716 324 gemitus,atque
727 288 756 315 in
769 288 880 324 meipso
892 287 985 322 rugio.

162 332 261 367 Neque
277 332 353 359 enim
366 332 460 367 longis
476 333 660 360 sermonibus
677 333 747 360 mihi
761 341 835 368 opus
865 335 927 359 erat
950 332 986 358 ad

163 375 380 404 confessionem
397 384 403 403 :
419 377 565 412 siquidem
581 377 676 404 cordis
701 377 758 405 mei
788 377 928 412 gemitus,
958 378 986 403 et

163 421 331 448 transmissi
348 429 382 448 ex
398 421 501 448 intimo
517 421 608 449 animi
619 430 707 449 sensu
717 422 752 449 ad
769 424 796 449 te
813 423 900 449 Deum
915 429 985 456 que-

162 467 227 492 stus
243 465 278 492 ad
289 465 501 493 confessionem
514 466 790 499 sufficiebant.Quin
807 465 894 493 etiam
907 466 985 493 desi-

161 509 276 536 derium
291 518 388 537 coram
404 510 692 545 te,Domine,bonum
708 513 779 543 erat,
789 510 876 538 ethoc
887 510 985 546 ipsum

162 561 258 580 meam
273 553 398 581 salutem
413 555 586 590 (spectabat.
613 554 738 587 Etenim,
764 563 830 582 cum
860 555 986 590 cupidus

162 606 257 625 essem
275 598 432 630 malorum,
445 601 508 626 tum
523 606 621 626 coram
637 601 665 627 te
681 607 778 626 meum
807 599 985 626 desiderium

162 650 219 669 non
235 645 316 675 erat;
332 643 382 670 sed
398 643 453 670 hoc
468 646 608 679 tempore,
625 651 682 678 quo
697 643 797 671 omnia
808 644 879 671 facio
891 643 986 671 humi-

161 686 259 720 liatus,
277 690 304 714 et
320 687 439 723 rugiens
455 688 590 722 agemitu
602 688 699 715 cordis
715 687 783 721 mei,
799 688 984 723 tequeDeum

162 734 337 759 servatorem
354 740 387 759 ac
404 733 548 760 medicum
564 732 682 767 assequi
699 732 984 765 desiderans,coram

161 779 189 803 te
204 779 248 804 est
263 777 442 805 desiderium
452 785 561 811 meum,
575 785 628 804 nec
639 777 833 812 suspiriorum
852 785 984 804 meorum

160 828 279 847 causam
296 820 424 856 ignoras.
440 821 628 857 Compertum
645 821 723 848 enim
740 829 774 854 ac
799 824 984 857 perspectum

160 868 205 893 est
218 866 281 900 tibi,
300 875 346 894 me
360 867 488 903 suspiria
510 867 723 895 humanitatem
744 869 825 894 tuam
853 868 986 896 decentia

1042 292 1113 319 κατὰ
1139 291 1185 318 τὸν
1216 287 1342 323 Ἀκύλαν,
1373 285 1552 325 Ἐὃρυχόμην
1583 287 1635 315 ἀπὸ
1668 288 1791 325 βρυγμοῦ
1818 291 1870 323 τῆς

1041 335 1153 374 καρδίας
1180 344 1242 370 μου.
1274 331 1313 361 Οὒ
1342 332 1391 370 γὰρ
1418 331 1464 358 ’ίνα
1490 334 1550 362 τοῖς
1563 331 1681 363 πολλοῖς
1697 333 1811 370 φανερὸς
1825 333 1869 370 γέ-

1041 391 1151 416 νωμαι,
1181 381 1239 408 τοῖς
1268 376 1388 415 χείλεσιν
1416 376 1652 414 ἐξομολογοῦμαι·
1679 375 1755 404 ἔνδον
1782 375 1811 404 δὲ
1840 377 1866 405 ἐν

1040 425 1108 461 αὐτῇ
1123 423 1158 460 τῇ
1182 420 1289 459 καρδίᾳ,
1318 421 1350 448 τὸ
1378 420 1456 457 ὄμμα
1484 421 1570 456 μύων,
1599 421 1642 448 σοὶ
1660 421 1785 457 μόνῳτῷ
1802 421 1867 459 βλέ-

1040 480 1119 497 ποντι
1142 469 1177 496 τὰ
1197 467 1223 494 ἐν
1242 468 1355 504 κρυπτῷ
1377 465 1441 495 τοὺς
1465 465 1584 502 ἐμαυτοῦ
1613 466 1669 502 (60)
1700 466 1868 504 στεναγμοὺς

1041 512 1213 545 ἐπιδεικνύω,
1238 511 1264 538 ἐν
1290 510 1399 547 ἐμαυτῷ
1418 509 1585 547 ὡρυόμενος.
1601 508 1672 538 Οὐδὲ
1687 510 1736 548 γὰρ
1755 513 1869 548 μακρῶν

1043 569 1089 594 μοι
1106 557 1194 594 λόγων
1220 556 1301 593 χρεία
1322 555 1355 589 ἦν
1382 554 1450 592 πρὸς
1473 554 1523 588 τὴν
1539 553 1747 592 ἐξομολόγησιν
1779 556 1869 592 ἀπήρ-

1039 613 1104 629 κουν
1124 601 1175 639 γὰρ
1203 601 1228 628 οἳ
1255 598 1401 636 στεναγμοὶ
1420 602 1470 633 τῆς
1494 597 1604 636 καρδίας
1623 609 1675 635 μου
1690 600 1758 636 πρὸς
1773 598 1870 635 ἐξομο-

1041 646 1165 684 λόγησιν,
1189 645 1234 672 καὶ
1251 645 1277 671 οἱ
1303 644 1356 671 ἀπὸ
1381 643 1480 681 βάθους
1500 644 1593 680 ψυχῆς
1607 643 1675 680 πρὸς
1689 643 1718 670 σὶ
1738 644 1784 671 τὸν
1801 644 1867 670 Θεὸν

1041 690 1262 727 ἀναπεμπόμενοι
1289 687 1415 725 ὁδυρμοι.
1440 686 1529 715 ’Λλλὰ
1550 687 1594 714 καὶ
1615 689 1632 722 ἡ
1649 687 1780 723 ἐπιθυμία
1794 687 1867 722 καλὴ

1041 734 1107 763 οὖσα
1122 734 1241 762 ἐναττίον
1259 744 1306 760 σου
1321 733 1366 766 ἦν,
1396 731 1484 770 Κύριε,
1518 733 1562 759 καὶ
1591 731 1657 767 αὕτη
1676 730 1704 759 δὲ
1719 732 1752 766 ἦν
1766 733 1783 767 ἠ
1800 732 1864 770 περῖ

1038 783 1090 815 τῆς
1111 780 1228 816 ἐμαυτοῦ
1243 777 1389 812 σωτηρίας.
1414 778 1478 805 Ὅτε
1505 777 1552 813 μὲν
1575 777 1624 815 γὰρ
1649 779 1739 804 κακῶν
1765 777 1864 815 γέγονα

1041 824 1224 860 ἐπιθυμητὴς,
1249 823 1299 850 οὐκ
1323 822 1439 850 ἐναντίον
1468 832 1516 848 σου
1539 821 1571 856 ἦν
1597 823 1614 856 ἡ
1640 821 1771 858 ἐπιθυμία
1800 831 1865 858 μου·

1041 869 1096 896 νυνὶ
1125 867 1163 902 δί,
1193 867 1238 895 ὅτε
1266 867 1351 894 πάντα
1366 866 1476 903 πράττω
1489 865 1698 902 ταπεινούμενος
1713 866 1758 893 καὶ
1774 866 1867 903 ὠρυό-

160 910 309 944 emittere;
326 911 564 946 quandoquidem
590 912 748 948 peccatoris
778 914 901 940 mortem
926 921 983 940 non

1043 923 1123 949 μινος
1140 913 1192 940 ἀπὸ
1218 913 1367 949 στεναγμοῦ
1382 914 1431 945 τῆς
1454 909 1567 948 καρδίας
1594 921 1659 947 μου,
1683 910 1728 938 καὶ
1754 912 1802 937 σοῦ
1816 912 1866 938 τοῦ

158 954 214 986 vis,
226 955 275 982 sed
292 955 493 990 pcnnitentiam
510 956 615 991 ipsius.

1041 960 1107 985 Θεοῦ
1132 960 1256 994 σωτῆρος
1278 955 1322 982 καὶ
1345 955 1440 991 ’ἰατροῦ
1462 958 1555 992 τυχεῖν
1578 954 1731 991 ἐπιθυμῶν,
1746 954 1866 982 ἐναντίον

160 1008 208 1024 σου
224 997 294 1025 ἐστιν
310 1000 327 1033 ἡ
346 999 475 1035 ἐπιθυμία
491 1010 554 1036 μου,
569 1000 614 1027 καὶ
628 1000 678 1033 τὴν
693 1000 778 1027 αἰτίαν
793 1002 847 1028 τῶν
863 1000 935 1037 ἐμῶν
950 1004 1108 1040 στεναγμῶν
1125 1001 1175 1028 οὐκ
1190 1001 1306 1038 ἀγνοεῖς.
1331 1000 1416 1028 Οἶσθα
1439 999 1502 1036 γὰρ,
1529 999 1570 1026 ὅτι
1595 999 1733 1036 πρέποντα
1754 1000 1788 1036 τῇ
1819 1009 1868 1026 σου

160 1043 215 1078 (61)
232 1043 421 1081 φιλανθρωπίᾳ
431 1044 577 1081 στεναγμὸν
592 1044 753 1081 ἀναπέμπω·
769 1045 826 1072 ἐπεὶ
852 1046 889 1082 μὴ
908 1046 997 1084 βούλῃ
1010 1046 1058 1078 τὸς
1073 1052 1185 1078 θανατον
1201 1047 1249 1073 τοῦ
1274 1043 1449 1082 ἁμαρτωλοῦ,
1473 1044 1509 1074 ὡς
1528 1044 1577 1078 τὴν
1603 1043 1745 1080 μετάνοιαν
1771 1043 1867 1071 αὐτοῦ.

195 1087 222 1114 5.
238 1088 419 1124 Quapropter
435 1089 518 1117 dico:
546 1090 580 1117 Et
607 1091 724 1124 gemitus
750 1099 826 1118 meus
841 1099 858 1118 a
883 1093 910 1119 te
932 1100 988 1119 mm

161 1135 201 1159 est
216 1132 401 1160 absconditur.
418 1135 506 1161 Vsus.
523 1134 552 1161 1ί
579 1134 620 1162 i3.
651 1136 704 1163 Cor
726 1143 816 1162 meum
838 1136 986 1163 conturba-

159 1177 218 1202 tum
232 1177 448 1213 est,|dereliquit
462 1186 505 1205 me
519 1179 608 1206 virtus
627 1187 701 1213 mea,
730 1182 757 1207 et
785 1180 877 1207 lumen
892 1181 985 1208 oculo-

161 1228 224 1248 rum
238 1229 371 1256 meorum,
384 1226 411 1250 et
425 1223 515 1258 ipsum
530 1231 585 1250 non
600 1226 640 1251 est
667 1231 784 1251 mecum.
815 1225 904 1252 Amici
931 1225 986 1253 mei

160 1268 185 1291 et
197 1266 320 1300 proximi
335 1268 389 1294 mei
403 1267 547 1294 advenam
562 1275 605 1294 me
633 1269 933 1304 appropinquaverunt,
958 1271 985 1296 et

159 1309 302 1337 steterunt.
330 1310 360 1337 Et
387 1311 435 1346 qui
461 1311 542 1343 iuxta
565 1319 609 1338 me
632 1314 725 1344 erant,
741 1312 774 1339 de
804 1312 884 1347 longe
908 1314 984 1340 stete-

160 1355 243 1384 runt;
258 1355 345 1382 etvim
357 1355 496 1390 faciebant
507 1357 556 1390 qui
569 1356 730 1391 quwrebant
739 1358 865 1384 animum
880 1365 982 1384 meam.

159 1400 191 1427 Et
206 1401 254 1435 qui
283 1401 446 1436 inquirebat
470 1402 543 1429 mata
562 1402 641 1436 mihi,
667 1402 751 1430 locuti
778 1405 844 1430 sunt
871 1404 980 1431 vanita-

159 1447 209 1479 tes,
225 1449 250 1473 et
265 1445 341 1473 dolos
353 1448 407 1474 tota
431 1447 476 1474 die
502 1447 715 1475 meditabantur.
747 1449 822 1476 868
851 1450 922 1476 Cum
952 1449 980 1475 in

158 1489 244 1516 titulo
256 1490 625 1527 signiﬁcaverit,psalmum
640 1492 667 1519 in
679 1493 895 1521 recordationem
906 1501 982 1528 esse,

156 1534 224 1569 jure
240 1519 385 1570 prgtsrita
400 1519 561 1571 reputat,et
577 1544 639 1572 quae
655 1519 789 1572 sibirjamr
805 1519 874 1565 olim
888 1519 982 1565 coniti:
999 1519 1021 1553 Ο

159 1581 272 1614 gerant,
289 1578 318 1605 in
331 1580 502 1607 memoriam
518 1583 642 1608 revocat.
653 1583 738 1609 Docet
752 1584 850 1609 autem
867 1582 984 1617 qualem

158 1622 187 1649 in
204 1623 400 1651 conditionem
417 1633 467 1659 per
483 1625 592 1659 peccati
619 1625 736 1661 lapsum
761 1627 920 1658 devenerit.
934 1635 984 1654 cu-

154 1667 205 1702 jus
220 1668 315 1703 gratia
331 1670 423 1696 totam
449 1669 524 1696 hanc
550 1670 764 1698 confessionem
795 1671 865 1698 edit.
895 1672 986 1699 Miser

159 1712 247 1745 igitur
260 1713 350 1747 factus
361 1721 432 1745 sum,
449 1715 476 1740 et
493 1715 625 1741 curvatus
653 1722 723 1748 sum,
752 1718 777 1742 et
805 1715 984 1742 contristatus

162 1757 348 1792 ingrediebar,
364 1758 559 1786 ethumiliatus
572 1767 644 1790 sum.
656 1761 681 1787 et
693 1760 836 1794 rugiebam
849 1768 865 1787 α
880 1761 984 1795 gemitu

158 1802 254 1829 cordis
264 1803 365 1830 mei.ln
382 1802 443 1831 huic
455 1803 554 1830 omnia
570 1803 669 1831 incidi:
681 1804 790 1840 quippe
801 1812 850 1839 per
864 1804 982 1840 aliquod

157 1847 286 1883 tempus.
304 1847 355 1876 Cor
368 1856 458 1876 meum
469 1848 662 1876 conturbatum
673 1851 719 1883 est,
735 1851 761 1877 et
776 1849 925 1885 dereliquit
939 1857 984 1877 me

157 1892 244 1920 virtus
260 1901 332 1927 mea,
348 1897 374 1921 et
389 1893 481 1921 lumen
509 1893 654 1921 oculorum
676 1901 810 1929 meorum,
838 1896 865 1921 et
892 1895 983 1928 ipsum

157 1944 211 1963 non
226 1938 266 1964 at
274 1945 390 1965 mecum.
401 1937 474 1965 Nam
490 1938 600 1974 peccati
629 1941 771 1974 tempore,
799 1937 982 1974 intelligendi

157 1979 200 2007 vis
218 1988 273 2016 qua
289 1981 429 2017 prsditus
443 1984 516 2017 erat,
537 1990 594 2010 non
624 1990 743 2018 parvam
772 1991 911 2019 perpessa
938 1984 983 2010 est

158 2025 419 2061 perturbationem,
434 2026 556 2054 confusa
570 2029 598 2054 et
612 2027 768 2055 obscurata
784 2027 821 2055 ab
836 2035 869 2055 eo
885 2027 935 2063 qui
957 2027 982 2055 ei

159 2069 266 2104 peccati
281 2072 382 2098 auctor
396 2070 498 2105 fuerat,
515 2071 638 2099 adeo'ut
664 2072 751 2099 etiam
781 2071 810 2099 in
840 2071 982 2108 insipien-

159 2113 229 2140 tiam
248 2113 440 2143 delaberetur.
457 2115 640 2152 Quapropter
654 2116 790 2152 superius
807 2115 899 2143 dixit:
929 2119 983 2144 Pu-

160 2160 288 2186 truerunt
303 2160 328 2186 et
342 2162 480 2194 cormptae
494 2165 558 2188 sunt
571 2161 716 2188 cicatrices
730 2167 802 2189 mea?
815 2169 833 2188 α
846 2160 918 2196 facie
941 2161 983 2187 in-

1076 1092 1103 1119 5.
1130 1090 1176 1118 Διό
1203 1099 1286 1127 φημι·
1324 1089 1372 1116 Καὶ
1412 1089 1426 1116 ὁ
1463 1088 1609 1126 στιναγμός
1648 1099 1702 1125 μου
1736 1088 1789 1115 ἀπὸ
1819 1089 1868 1115 σοῦ

1041 1136 1092 1163 οὐκ
1125 1131 1276 1170 ἀπεκρύϐη.
1306 1134 1336 1160 Ἦ
1352 1132 1450 1170 καρδία
1466 1143 1518 1169 μου
1533 1132 1681 1170 ἐταράχθη,
1706 1131 1868 1170 ἐγκατάλιπὲ

1042 1180 1107 1215 μιὴ
1134 1178 1213 1216 ἴσχύς
1238 1188 1301 1214 μου,
1326 1177 1371 1204 καὶ
1398 1177 1429 1204 τὸ
1454 1179 1510 1216 φῶς
1538 1179 1592 1204 τῶν
1623 1175 1773 1213 ὀφθαλμῶν
1801 1186 1865 1212 μου,

1038 1220 1082 1251 καὶ
1110 1224 1176 1251 αὐτὸ
1206 1223 1256 1250 οὐκ
1279 1221 1333 1249 ἔστι
1361 1222 1417 1258 μετ’
1443 1221 1519 1257 ἐμοῦ.
1548 1221 1579 1248 Ol
1608 1221 1684 1260 φίλοι
1709 1231 1761 1257 μου
1777 1221 1822 1248 καὶ
1839 1222 1864 1248 ol

1037 1268 1155 1301 πλησίον
1186 1277 1237 1303 μου
1264 1266 1288 1303 ἐξ
1326 1265 1444 1296 ἐναντίας
1479 1275 1532 1301 μου
1560 1264 1672 1303 ἤγγισαν
1710 1265 1755 1292 καὶ
1783 1262 1864 1300 ἔστη-

1038 1323 1096 1340 σαν,
1127 1311 1178 1340 Καὶ
1208 1312 1233 1338 οἱ
1261 1310 1371 1349 ἔγγιστά
1401 1321 1454 1346 μου
1483 1310 1535 1337 ἀπὸ
1565 1309 1696 1347 μακρόθεν
1733 1308 1863 1344 ἔστησαν*

1037 1356 1082 1384 xui
1099 1353 1266 1393 ἐξεϐιάζοντο
1291 1357 1346 1391 (62)
1376 1355 1401 1382 οἱ
1431 1356 1572 1389 ζητοῦντας
1598 1355 1648 1388 τὴν
1671 1355 1763 1392 ψυχήν
1797 1363 1859 1390 μου·

1035 1401 1082 1428 καὶ
1108 1401 1133 1428 οἱ
1161 1403 1304 1435 ζητοῦντες
1329 1400 1361 1427 τὰ
1382 1399 1452 1427 κακά
1477 1409 1524 1435 μοι
1548 1397 1685 1433 ἐλάλησαν
1713 1399 1864 1435 ματαιότη-

1035 1456 1094 1480 τας,
1125 1446 1169 1473 καὶ
1206 1444 1369 1479 δολιότητας
1403 1443 1471 1478 ὅλην
1509 1443 1557 1477 τὴν
1596 1443 1700 1481 ἡμέραν
1732 1443 1862 1479 ἐμελέτη-

1040 1501 1098 1518 σαν.
1127 1490 1381 1527 Προιπισηνάμενος
1420 1488 1446 1515 ἐν
1483 1489 1517 1524 τῇ
1550 1489 1707 1527 προγραφῇ,
1746 1488 1783 1518 ὡς
1812 1487 1864 1525 ἄρα

1040 1535 1080 1570 ιῖἠ
1115 1535 1152 1565 εἰς
1189 1535 1350 1571 ἀνάμνησιν,
1382 1533 1494 1564 εἰκότως
1530 1532 1749 1568 ἀναπεμπάζεται
1785 1534 1863 1569 (63),

1039 1582 1084 1608 καί
1099 1581 1133 1616 τῇ
1152 1580 1247 1616 μνήμῃ
1270 1578 1303 1606 τὰ
1329 1577 1414 1606 πάλαι
1443 1577 1517 1613 αὖτῷ
1543 1575 1736 1613 συμϐεϐηκότα
1764 1576 1862 1604 indva-

1040 1622 1184 1660 λαμϐάνει.
1215 1622 1336 1650 Διδάσκει
1367 1621 1395 1649 δὶ
1430 1621 1457 1649 ἐν
1487 1621 1527 1652 οἷς
1555 1621 1672 1660 γέγονεν,
1693 1621 1718 1648 ἐν
1747 1623 1787 1657 τῷ
1811 1621 1863 1655 τῆς

1039 1669 1172 1705 ἁμαρτίας
1198 1667 1365 1704 όλισθήματι
1392 1666 1553 1704 περιπεσών·
1583 1665 1613 1693 οὗ
1642 1665 1723 1704 χάριν
1750 1665 1796 1692 καὶ
1811 1665 1860 1700 τὴν

1038 1715 1123 1740 πᾶσαν
1153 1715 1271 1740 ποιιῐται
1301 1710 1509 1749 ἐξομολόγησιν.
1541 1709 1770 1747 Έταλαιπώρησα
1799 1709 1858 1743 οὖν,

1037 1758 1082 1785 καὶ
1109 1757 1312 1795 κατεκάμφθην,
1349 1756 1391 1783 καὶ
1433 1756 1633 1792 σκυθρωπάζων
1675 1753 1859 1791 ἐπορευόμην,

1036 1802 1080 1829 καὶ
1115 1801 1296 1835 ἐταπεινώθην
1340 1801 1405 1836 (64),
1446 1810 1490 1837 καὶ
1525 1799 1656 1836 ὠρυόμην
1685 1799 1738 1826 ἀπὸ
1767 1809 1860 1826 στενα-

1037 1848 1110 1884 γμοῦ
1138 1850 1188 1880 τῆς
1217 1844 1329 1883 καρδίας
1360 1855 1421 1881 μου.
1449 1844 1496 1875 Εἰς
1516 1844 1602 1871 πάντα
1626 1845 1710 1870 ταῦτα
1723 1842 1859 1879 ἐλήλυθα⁹

1038 1889 1130 1925 ἐπιιδὴ
1164 1891 1225 1928 γὰρ.
1242 1891 1330 1926 καιρῷ
1357 1899 1412 1916 τινι
1444 1889 1475 1916 Ἦ
1500 1887 1597 1926 καρδία
1627 1898 1679 1924 μου
1708 1887 1860 1925 ἐταράχθη,

1036 1934 1081 1962 καί
1103 1933 1263 1972 ἐγκατέλιπέ
1289 1943 1322 1970 με
1346 1934 1363 1967 ἡ
1391 1932 1469 1970 ίσχὺς
1500 1943 1564 1969 μου,
1593 1931 1638 1959 καὶ
1667 1931 1698 1959 τὸ
1722 1934 1780 1969 φῶς
1803 1934 1858 1959 τῶν

1038 1979 1186 2018 ὀφθαλμῶν
1222 1989 1285 2015 μου,
1325 1977 1370 2005 καὶ
1412 1976 1476 2004 αὐτὸ
1510 1976 1558 2004 οὐκ
1592 1973 1662 2004 ἔστιν
1694 1977 1752 2013 μῑτ¹
1781 1976 1860 2012 ἐμοῦ.

1037 2025 1109 2052 Κατὰ
1123 2024 1172 2061 γὰρ
1195 2024 1241 2050 τὸν
1268 2026 1319 2057 τῆς
1343 2023 1477 2060 ἁμαρτίας
1499 2021 1603 2058 καιρὸν,
1625 2020 1656 2049 οὗ
1684 2020 1780 2058 μικρὰν
1811 2020 1861 2048 ὑπ-

1037 2069 1139 2104 έμεινεν
1161 2068 1243 2095 αὐτοῦ
1266 2067 1390 2104 ταραχὴν
1414 2066 1446 2094 τὸ
1461 2065 1643 2101 διανοητικὸν,
1669 2065 1798 2103 συγχυθὶν
1815 2065 1860 2092 καὶ

1036 2113 1169 2145 σκοτωθὶν
1195 2111 1246 2140 ὑπὸ
1269 2113 1318 2139 τοῦ
1340 2111 1391 2145 τήν
1417 2110 1549 2147 ἀμαροίαν
1564 2109 1746 2148 ἐνεργοῦντος,
1762 2110 1800 2140 ὡς
1815 2110 1860 2137 καὶ

1037 2158 1076 2190 sic
1096 2156 1248 2196 ἀφροσύνην
1262 2158 1364 2182 πεσεῖν·
1392 2155 1437 2182 Διὸ
1461 2155 1504 2182 καὶ
1530 2154 1656 2191 ἆνωτέρω
1671 2153 1759 2192 ἔλεγε-
1776 2157 1862 2192 Προσ-

160 2201 299 2237 sipientiz
310 2198 612 2232 mez.Conturbatum
628 2206 673 2232 est
701 2205 802 2240 itaque
829 2212 879 2232 cor
904 2205 979 2240 ejus,

1040 2203 1137 2237 ώζεσαν
1156 2201 1201 2228 καὶ
1225 2201 1360 2235 ἐσάπησαν
1386 2200 1412 2227 οἱ
1439 2198 1586 2236 μώλωπες,
1618 2201 1672 2235 μοῦ
1696 2199 1749 2226 ἀπὸ
1775 2209 1858 2236 προσ-

161 2247 278 2281 quando
294 2247 323 2274 in
340 2248 508 2283 insipientia
524 2249 590 2282 fuit,
605 2251 634 2276 et
646 2258 662 2276 a
684 2249 793 2277 virtute
822 2249 983 2285 prudentiae

159 2291 277 2326 excidit,
289 2294 378 2328 atque
392 2292 566 2329 insipientia
581 2302 669 2330 opera
684 2294 818 2330 patravit.
835 2295 917 2322 Tunc
931 2302 983 2322 au-

159 2337 219 2363 tem
236 2337 264 2363 et
276 2336 431 2372 dereliquit
446 2345 512 2366 eum
524 2338 617 2366 virtus
634 2339 737 2374 ipsius.
751 2338 814 2367 Non
830 2339 908 2366 enim
925 2347 984 2366 am-

160 2379 238 2416 plius
254 2380 349 2409 dicere
366 2384 496 2417 poterat:
513 2383 614 2412 Omnia
625 2385 735 2419 possunt
750 2383 781 2410 in
809 2391 839 2411 eo
865 2384 915 2419 qui
941 2391 985 2411 me

159 2426 294 2462 confortat
309 2426 423 2456 Christo
437 2428 469 2455 ι’.
485 2427 581 2456 victus
597 2427 708 2457 scilicet
723 2436 739 2456 ι
754 2428 926 2465 cupiditate,
952 2436 985 2457 ao

196 2494 219 2512 ¹²
234 2494 340 2532 Phinp.
358 2504 395 2530 iv,
408 2495 451 2523 13.

195 2562 311 2600 (60)‘Sic
328 2565 452 2600 quatuor
464 2572 534 2600 mss.
550 2565 583 2592 At
609 2564 691 2598 editi,
719 2563 745 2591 ἐν
773 2563 892 2600 ἐμαυτῷ.
921 2565 985 2593 Sta-

158 2598 213 2638 tim
227 2599 315 2638 iidem
332 2598 430 2638 mss,
440 2598 610 2628 ἐπιδεικνύω.
627 2600 716 2629 Paulo
730 2598 796 2637 post
807 2598 984 2638 Reglsecun-

162 2635 228 2673 durs,
245 2634 270 2662 ἐν
285 2634 346 2671 ἐμοὶ
359 2633 525 2673 ὥρυόμινος.

195 2672 252 2706 (61)
263 2671 388 2708 ,Godiccs'
401 2676 460 2700 tres
475 2674 518 2708 σῇ.
534 2674 597 2708 tuo):
608 2671 664 2699 duo
681 2680 765 2705 mss.,
790 2671 894 2708 βούλει.

197 2701 336 2743 ζδὲξροιι).
367 2712 476 2736 sextus.
494 2701 672 2743 ἱξεϐιάσαντο.

196 2742 253 2777 (63)
269 2744 342 2770 Είίἰῐί
359 2747 387 2772 et
402 2744 494 2773 nostri
512 2741 594 2776 mss,
620 2741 815 2778 ἀναπέμπεται,
845 2742 913 2770 illuc
940 2750 983 2769 re-

161 2778 291 2806 mittitur.
308 2780 361 2807 Sed
372 2789 438 2808 cum
455 2789 512 2808 non
529 2780 680 2807 videamus
695 2778 804 2806 remitti
819 2778 866 2806 hic
894 2778 982 2806 lecto-

161 2822 222 2851 rem
239 2815 274 2842 ad
291 2815 510 2851 inscriptionem
522 2815 638 2851 psalmi,
651 2814 710 2851 vix,
725 2822 788 2851 meo
799 2814 979 2851 quidemju-

161 2822 222 2841 rem
239 2822 274 2842 ao
291 2822 510 2851 lnSCK‘IpUODBm
522 2822 638 2851 psalmi,
653 2822 710 2847 νιι,
725 2822 788 2842 meo
804 2822 922 2849 quidem
949 2822 979 2841 u-

161 2849 250 2886 dicio,
266 2851 390 2881 dubium
406 2860 471 2882 esse
485 2853 592 2888 potest,
608 2849 680 2886 quin
694 2848 825 2879 selectio
840 2849 871 2878 in
900 2822 983 2879 fall-is

1027 2669 1168 2698 .nominis
1183 2668 1346 2696 similitudo
1358 2669 1391 2695 ut
1406 2666 1460 2694 fefe

1038 2247 1114 2275 ώπου
1143 2250 1190 2281 τῆς
1227 2245 1378 2285 ἀφροσύνης
1421 2255 1496 2281 μου.
1531 2244 1685 2282 Ἑταράχθη
1726 2244 1816 2271 τοίνυν
1843 2245 1861 2279 ἡ

1037 2290 1136 2329 καρδία
1161 2290 1253 2324 αὐτοῦ,
1282 2289 1327 2317 ὅτε
1341 2289 1367 2317 ἐν
1382 2288 1520 2328 ρφροσύνῃ
1536 2287 1668 2326 ἐγεγόνει,
1685 2287 1730 2315 καὶ
1745 2291 1796 2322 τῆς
1814 2289 1862 2325 μὶν

1038 2336 1106 2364 κατὰ
1128 2336 1178 2370 τήν
1203 2334 1333 2374 φρόνησιν
1359 2334 1455 2371 ἀρετῆς
1481 2333 1619 2368 ἐξέπιπτεν
1649 2331 1713 2370 ἔργα
1735 2331 1763 2359 δὶ
1777 2332 1861 2371 ἀφρο-

1040 2381 1123 2416 σύνης
1153 2377 1276 2417 ἔπραττε.
1313 2378 1379 2406 Τότι
1411 2376 1440 2405 δὶ
1467 2376 1511 2405 καί
1539 2375 1711 2414 ἐγκατέλιπεν
1741 2377 1822 2404 αὐτὸν
1842 2378 1860 2412 ἡ

1042 2425 1122 2463 ἰσχὺς
1147 2424 1240 2452 αὐτοῦ·
1267 2422 1358 2451 οὖκέτι
1380 2423 1432 2461 γὰρ
1457 2422 1515 2453 οἷός
1538 2431 1568 2449 τι
1592 2421 1626 2456 ἦν
1651 2419 1751 2459 λίγιιψ
1772 2422 1861 2449 Πάντα

1060 2561 1174 2590 onenda
1188 2561 1237 2593 sit,
1253 2558 1477 2588 Restituendum
1492 2557 1585 2594 igitur
1598 2557 1768 2586 censuimus
1784 2557 1861 2586 hunc

1051 2605 1134 2635 ccum
1151 2605 1186 2625 ex
1201 2592 1337 2635 Eusebio,
1353 2595 1431 2635 apud
1448 2592 1534 2635 quem
1549 2592 1769 2635 ἀναπιμπάζεται
1782 2595 1858 2635 Aedi-

1038 2636 1101 2662 tum
1116 2632 1290 2661 invenimus.
1305 2634 1364 2659 Hoc
1380 2633 1433 2664 est,
1460 2632 1603 2693 przterita
1630 2633 1752 2671 reputat.
1764 2632 1859 2671 .Certs

1038 2669 1168 2694 numinis
1183 2668 1346 2694 similitudo
1358 2669 1391 2694 ut
1406 2666 1460 2694 fefe
1474 2665 1546 2693 lerat
1560 2666 1705 2694 librarios.
1717 2668 1861 2694 italusum

1038 2677 1168 2698 nominis
1183 2675 1346 2696 similitudo
1358 2675 1391 2695 ut
1406 2675 1546 2694 terruerat
1561 2675 1861 2702 norarxos,itaipsun1

1038 2706 1225 2740 interpretem
1245 2704 1360 2731 Eusebii
1383 2701 1494 2736 fefellit,
1524 2702 1575 2740 qui
1595 2702 1657 2740 _sic_
1672 2702 1768 2740 vertit.
1794 2702 1862 2740 illuc

1037 2736 1197 2770 remittitur.
1213 2740 1321 2768 Ibidem
1337 2740 1395 2767 duo
1409 2736 1541 2773 ωδε,τᾶ
1555 2736 1669 2773 παλαιά.
1682 2738 1792 2766 Rursus
1807 2738 1861 2766 hoc

1036 2777 1101 2813 ipso
1111 2776 1224 2813 inAloco
1241 2778 1309 2812 Reg.
1322 2770 1734 2813 secundus,'l:1-r_a_va)\gp6ivm_v:

1073 2813 1082 2849 (
1104 2812 1131 2848 4)
1141 2811 1212 2849 Reg.
1227 2806 1387 2846 secundus,
1403 2806 1585 2844 ἑτοπὲινώθην
1598 2806 1651 2841 tio:
1664 2806 1778 2847 σφόδρα.
