2018 3146
115 141 153 172 97
654 138 819 170 HOMILIA
837 138 877 169 IN
900 137 1091 170 PSALMUM
1112 138 1260 170 XXXVII.
1769 137 1810 167 98

117 206 199 244 ἰσχύω
228 205 255 234 ἦν
281 207 320 241 τῷ
349 204 539 241 ἐνδυναμοῦντί
578 215 611 241 με
646 206 780 241 Χριστῷ,
806 204 928 240 νικηθεὶς

993 204 1096 233 viribus
1112 205 1280 233 destitutus.
1302 205 1416 232 Etenim
1430 204 1460 231 in
1480 204 1527 238 iis,
1552 204 1602 240 qui
1628 213 1663 232 ex
1690 204 1809 232 virtutis

119 251 165 278 ὑπὸ
185 252 233 278 τοῦ
251 249 349 280 πάθους
377 249 422 277 καὶ
451 249 621 284 ἐξατονήσας.
638 249 700 277 Ἐπὶ
726 249 773 285 μὶν
800 249 849 286 γὰρ
876 251 929 286 τῶν

117 294 335 332 κατορθούντων·
367 294 406 322 Τὸ
445 296 551 330 πνεῦμα
579 294 740 330 πρόθυμον,
767 295 785 328 ὴ
812 293 840 320 δὲ
867 293 930 331 σὰρξ

118 340 235 374 ἀσθενής·
250 338 292 366 ἐπὶ
321 337 348 366 δὲ
375 341 430 366 τῶν
455 337 611 374 νικωμένων
638 339 656 372 ἡ
683 338 747 376 σὰρξ
772 338 931 375 κατεπαίρεη

117 395 157 411 ται
182 383 225 410 καὶ
251 382 400 420 κατισχύει,
416 383 506 411 ἀτονεῖ
535 381 563 410 δὶ
588 383 632 410 καὶ
662 382 822 418 ἰξασθενεῖἡ
843 383 931 419 ψυχή.

118 429 178 456 Τότε
189 428 244 461 οὖν,
261 428 353 465 φησὶν,
370 428 414 454 ὅτε
439 427 605 465 ἡμάρτανον,
622 428 639 461 ἡ
663 426 762 465 καρδία
792 437 843 463 μου
871 426 932 454 ἐτα-

120 473 214 510 ράχθη,
229 472 274 500 καὶ
290 471 450 509 ἰγκατέλιπὲ
469 482 502 508 με
516 473 533 506 ἡ
550 471 630 509 ἰσχύς
659 482 721 508 μου,
736 472 780 498 καὶ
808 471 879 499 ἄλλο
906 482 932 498 τι

120 517 233 554 χαλεπὸν
264 517 325 552 περὶ
352 515 400 552 ἐμὲ
428 516 524 554 γέγονε
553 517 619 552 (65).
650 517 686 543 Τὸ
714 516 766 554 γὰρ
794 518 851 555 φῶς
879 517 933 543 τῶν

121 559 262 600 ὀφθαλμῶν
279 571 331 597 μου
353 562 441 597 (τοῦτο
459 560 487 587 ὃὶ
501 561 534 594 ἦν
562 560 594 588 τὸ
617 561 785 599 προφητικὸν
813 562 932 596 Πνεῦμα,

120 605 148 633 τὸ
162 605 277 644 φωτίζον
306 604 388 632 αὐτοῦ
416 608 466 639 τῆς
493 606 586 643 ψυχῆς
599 605 648 639 τήν
671 604 786 642 ὅρασιν),
802 603 845 631 καί
869 604 934 631 αὐτὸ

121 648 166 677 οὐκ
192 649 224 684 ἦν
252 647 404 685 μετ’ἐμοῢ,
429 647 593 686 καταλεῖψάν
620 659 653 685 με
673 649 718 676 καὶ
741 649 933 686 ἀναχωρῆσαν,

118 693 187 722 Ἐπεὶ
233 693 271 724 εἰς
315 692 480 731 κακότεχνον
524 694 617 731 ψυχήν
664 693 715 720 οὐκ
756 692 934 720 εἰσελεύσεται

119 737 212 776 σοφία,
249 736 314 764 οὐδὲ
360 738 516 772 κατοικήσει
560 737 586 764 ἐν
639 737 746 773 σώματι
790 737 935 774 κατάχρεῳ

120 783 264 819 ἁμαρτίας.
292 783 389 818 ’Ἀγιον
424 781 473 819 γὸρ
507 782 619 818 Πνεῦμα
654 780 778 813 παιδείας
814 782 935 820 φεύξεται

120 825 219 862 δόλον,
251 826 297 854 καὶ
339 826 553 861 ἀπαναστήσεται
596 827 652 862 (66)
699 826 751 853 ἀπὸ
794 825 934 864 λογισμῶν

121 870 256 899 ἀσυνέτων.
273 871 468 908 Ἀναχωρῆσαν
496 870 585 897 τοίνυν
609 871 653 898 ἀπ’
669 870 751 898 αὐτοῦ
773 870 805 898 τὸ
827 871 936 907 Ηνεῢμα

118 916 147 943 τὸ
161 916 245 953 ἅγιον,
262 913 366 953 ἔρημον
382 915 462 942 αὐτὸν
484 914 626 942 κατέλιπεν
655 915 721 951 μετὰ
741 916 772 942 τὸ
795 916 936 953 ταραχθῆ-

120 971 158 987 ναι
187 960 266 987 αὐτοῦ
290 960 340 993 τήν
366 958 489 996 καρδίαν,
517 960 562 986 καὶ
586 959 743 994 ἐξατονῆσαι
776 959 859 987 αὑτοῦ
886 960 934 994 τήν

121 1004 203 1042 ίσχῦδ.
219 1005 286 1031 Τότε
312 1004 364 1042 γὰρ
389 1003 432 1031 καὶ
454 1004 485 1031 τὸ
510 1006 568 1042 φῶς
592 1006 645 1031 τῶν
675 1003 823 1042 ὀφθαλμῶν
853 1004 937 1032 αὐτοῦ

118 1048 212 1085 ἔρημον
241 1048 324 1076 αὐτὸν
350 1047 446 1076 εἴασεν.
462 1047 551 1075 Ἀλλά
577 1048 623 1075 καὶ
653 1048 679 1075 οἱ
695 1048 826 1085 πρότερον
854 1049 936 1076 αὐτοῦ

117 1093 196 1132 φίλοι,
211 1094 256 1121 καὶ
285 1094 312 1120 οἱ
335 1092 454 1128 πλησίον
484 1093 577 1129 αὐτοῦ,
604 1094 630 1120 οἱ
655 1095 701 1121 τὸν
726 1093 812 1121 πάντα
837 1095 935 1132 ’χρόνον

117 1138 184 1174 αὐτῷ
212 1138 347 1173 συνόντες,
370 1137 493 1169 ἐάσαντες
523 1138 614 1171 αὐτὸν,
644 1138 783 1176 Μακρόθεν
812 1136 934 1174 ἔστησαν,

117 1182 202 1210 οὐκέτι
228 1182 305 1218 αὐτῷ
329 1185 446 1209 συνεῖναι
487 1181 662 1220 βουλόμενοι,
687 1182 826 1220 πόῤῥωθιν
867 1183 937 1210 ἀπο-

116 1225 293 1263 κλαιόμενοι,
324 1227 361 1258 ὡς
388 1224 479 1261 ἔοικε,
509 1226 591 1265 φίλου
620 1228 775 1266 συμφοράν.
805 1226 882 1259 Τίνες
908 1226 937 1254 δὲ

117 1271 191 1305 ἦσαν,
208 1271 271 1299 ἀλλ’
288 1270 308 1305 ἢ
333 1271 359 1298 οἱ
384 1271 428 1298 ἐπὶ
457 1273 515 1302 τοῖς
542 1272 686 1309 προτέροις
714 1272 796 1299 αὐτοῦ
825 1273 935 1309 ἀγαθοῖς

116 1315 266 1353 χυίροντες,
297 1315 410 1354 ἄγγελοι
441 1314 548 1351 δηλαδὴ
588 1316 682 1354 ἀγαθοὶ
711 1317 755 1344 καὶ
782 1315 936 1354 λειτουργοὶ

115 1361 188 1392 Θεοῦ,
202 1361 237 1396 τῇ
253 1361 310 1387 τῶν
332 1359 483 1396 ἀνθρώπων
508 1359 663 1398 συγχαίρειν
692 1360 816 1392 εἷ’ωθότες
847 1370 936 1395 σωτη-

116 1403 173 1441 ρίας
187 1403 214 1430 εἴ
225 1414 268 1441 γε,
286 1403 332 1431 ἐπὶ
349 1403 506 1441 ἁμαρτωλῷ
524 1406 709 1440 μετανοοῦντι,
725 1404 750 1431 ἐν
775 1407 834 1437 τοῖς
857 1405 937 1442 οὐρα-

114 1451 166 1479 νοῖς
185 1449 258 1486 χαρὰ
281 1448 403 1486 γίνεται⁸
428 1448 476 1476 Καί
496 1446 665 1486 περεμϐαλεῖ
690 1449 803 1487 ἅγγελος
833 1449 936 1486 Κυρίου

115 1491 204 1529 κύκλῳ
226 1495 283 1520 τῶν
313 1490 491 1531 φοϐουμένων
517 1493 607 1521 αὐτόν.
623 1493 671 1520 Καὶ
702 1494 776 1520 οὗτοι
807 1493 851 1520 οὖν
870 1493 936 1521 πάν-

114 1546 154 1567 τες
167 1537 192 1564 οἱ
201 1539 251 1564 τοῦ
265 1534 353 1564 Δαϐὶδ
369 1536 456 1576 φίλοι,
473 1538 540 1565 κατὰ
560 1537 606 1565 τὸν
625 1539 675 1570 τῆς
700 1537 832 1576 ἁμαρτίας
856 1537 937 1565 αὐτοῦ

986 250 1154 286 praescripto
1179 252 1280 285 agunt,
1309 250 1433 284 Spiritu:
1456 249 1566 284 quidem
1591 251 1735 285 promptus
1756 252 1807 282 est,

986 302 1050 322 caro
1067 295 1160 322 tamen
1174 294 1290 330 inﬁrma
1306 294 1327 311 ¹⁸
1342 303 1349 327 ;
1367 293 1395 321 in
1411 293 1448 321 iis
1464 301 1541 328 vero,
1558 294 1608 329 qui
1637 294 1806 326 vincuntur,

987 338 1104 366 effertur
1118 347 1196 373 caro,
1213 337 1413 370 etiuvalescit,
1430 338 1528 365 anima
1542 345 1609 365 vero
1634 337 1754 373 languet
1774 346 1807 365 ac
1846 339 1850 342 ”

987 382 1167 410 debilitatur.
1184 383 1266 410 Tunc
1280 382 1504 418 igitur,ait,cum
1521 382 1699 417 peccavi,cor
1709 390 1806 409 meum

987 427 1195 455 conturbatum
1210 429 1264 460 est,
1281 427 1495 463 dereliquitque
1511 435 1558 454 me
1572 426 1665 454 virtus
1694 435 1769 458 mea,
1781 430 1809 454 et

988 471 1067 499 aliud
1084 471 1234 507 quidpiam
1251 479 1337 507 grave
1360 471 1432 498 mihi
1463 471 1578 499 accidit.
1598 472 1703 498 Lumen
1729 471 1808 499 enim

988 516 1131 543 oculorum
1146 524 1269 544 meorum
1280 516 1347 552 (hoc
1362 518 1460 544 autem
1476 518 1538 543 erat
1554 516 1743 551 propheticus
1758 515 1809 551 Spi

989 561 1075 594 ritus,
1088 561 1135 595 qui
1147 560 1241 588 visum
1252 560 1356 588 animaa
1372 560 1466 596 ipsius
1480 560 1705 595 illustrabat),et
1721 562 1810 596 ipsum

988 613 1046 632 non
1060 607 1118 632 erat
1128 613 1251 633 mecum:
1265 613 1312 632 me
1327 605 1434 640 quippe
1449 604 1644 640 dereliquerat
1672 613 1705 632 ac
1716 612 1810 632 reces-

989 651 1079 682 serat,
1094 651 1169 684 Ouia
1183 658 1213 677 in
1227 649 1390 677 malevola":
1409 650 1538 677 animam
1551 657 1606 677 non
1625 649 1753 676 introibit
1767 657 1810 676 sa-

988 695 1103 730 pientia,
1118 702 1167 722 nec
1187 695 1326 722 habitabit
1354 695 1384 722 in
1412 701 1524 730 corpore
1546 694 1654 722 subdito
1681 695 1810 729 peccatis.

990 738 1109 774 Spiritu:
1123 740 1198 767 enim
1210 743 1321 767 sanctus
1348 739 1504 774 disciplinae
1532 739 1644 774 eﬁ'ugiet
1669 739 1770 772 dolum,
1787 744 1812 766 et

989 785 1099 819 auferet
1108 791 1136 811 se
1150 792 1168 811 α
1177 784 1468 819 cogitationibus-quae
1481 785 1547 811 sunt
1557 784 1617 811 sine
1625 783 1766 812 intellectu
1778 784 1810 811 1‘.

989 829 1088 863 Itaque
1104 827 1193 855 simul
1209 830 1241 856 ut
1255 828 1382 863 Spiritus
1397 830 1518 856 sanctus
1543 827 1579 855 ab
1608 827 1659 855 illo
1678 828 1810 861 recessit,

990 871 1109 908 reliquit
1124 880 1191 900 eum
1208 871 1384 906 desolatum,
1401 875 1592 908 posteaquam
1603 872 1810 900 conturbatum

991 916 1086 944 fuerat
1101 925 1150 944 cor
1164 917 1239 952 ejus,
1256 924 1289 944 ac
1302 917 1398 944 fractas
1414 917 1529 944 fuerant
1539 916 1619 944 illius
1627 917 1712 944 vires.
1728 917 1811 944 Tunc

991 961 1068 988 enim
1085 964 1114 989 et
1128 961 1227 989 lumen
1239 961 1391 989 oculorum
1407 963 1471 996 ejus
1485 961 1583 997 ipsum
1595 960 1750 997 dereliquit
1761 961 1811 989 de-

991 1005 1193 1034 solatum.Imo
1208 1006 1296 1034 etiam
1313 1006 1363 1042 qui
1375 1008 1460 1034 antea
1476 1006 1561 1034 amici
1575 1008 1603 1033 et
1613 1006 1734 1041 proximi
1746 1006 1811 1041 ejus

992 1052 1085 1082 erant,
1102 1051 1151 1085 qui
1167 1050 1314 1084 cumipso
1343 1051 1424 1078 omni
1450 1053 1581 1085 tempore
1608 1050 1750 1086 vixerant,
1778 1058 1811 1078 eo

991 1094 1103 1129 relicto,
1119 1095 1156 1122 De
1171 1095 1250 1129 longe
1263 1097 1408 1130 steterunt,
1424 1103 1490 1122 cum
1513 1094 1624 1123 nollent
1655 1094 1730 1122 ultra
1744 1103 1812 1122 cum

991 1140 1055 1174 ipso
1066 1139 1182 1174 degere,
1196 1139 1246 1167 sed
1262 1139 1375 1174 procul,
1388 1143 1419 1166 ut
1441 1139 1565 1172 videtur,
1590 1139 1676 1166 amici
1694 1138 1813 1167 calami-

992 1187 1080 1212 tatem
1101 1184 1303 1219 deplorabant.
1320 1185 1443 1217 Quinam
1456 1188 1554 1212 autem
1574 1184 1627 1218 illi,
1645 1184 1701 1212 nisi
1713 1185 1763 1220 qui
1778 1185 1814 1212 de

991 1229 1139 1264 prioribus
1155 1229 1219 1265 ejus
1236 1229 1320 1257 bonis
1344 1229 1529 1264 laetabantur,
1559 1228 1694 1256 videlicet
1718 1228 1813 1264 angeli

992 1273 1060 1301 boni
1075 1281 1109 1301 ac
1124 1274 1252 1301 ministri
1268 1273 1329 1308 Dei,
1345 1274 1396 1310 qui
1410 1274 1446 1302 de
1462 1274 1615 1301 hominum
1644 1273 1740 1301 salute
1755 1281 1814 1300 una

991 1318 1116 1352 gaudere
1130 1317 1361 1353 solent?Quippe
1376 1318 1412 1345 ob
1428 1320 1609 1353 peccatorem
1625 1317 1813 1352 pmnitentem

991 1362 1130 1397 gaudium
1145 1362 1175 1389 in
1199 1362 1280 1390 caelis
1308 1363 1438 1390 exoritur
1454 1363 1475 1380 ¹⁵
1492 1371 1498 1390 :
1512 1363 1543 1389 Et
1557 1366 1652 1389 castra
1666 1362 1815 1388 metabitur

991 1407 1104 1441 angelus
1116 1407 1227 1434 Domini
1240 1407 1269 1434 in
1284 1408 1403 1434 vir-cuitu
1412 1407 1570 1433 timentium
1596 1413 1659 1433 eum
1675 1406 1706 1432 ιο.
1733 1406 1768 1433 Et
1783 1405 1814 1432 hi

991 1450 1082 1485 igitur
1097 1459 1198 1478 omnes
1213 1450 1332 1478 Davidis
1347 1450 1557 1486 amici,peccati
1573 1450 1668 1485 ipsius
1683 1452 1815 1490 tempore

992 1497 1176 1522 recesserunt
1191 1497 1359 1522 aversantes
1376 1503 1382 1529 ;
1399 1503 1458 1523 non
1481 1497 1579 1522 tamen
1597 1494 1714 1530 penitus
1729 1494 1813 1522 illum

993 1540 1196 1572 deseruerunt,
1213 1541 1242 1567 at
1259 1539 1342 1574 longe
1358 1541 1469 1567 stantes
1483 1538 1730 1575 lugebant.Docet
1744 1547 1815 1566 sane

114 1581 202 1619 καιρὸν
228 1581 390 1618 ἀνεχώρουν
429 1581 681 1620 ἀποστρεφόμενοι·
707 1582 737 1609 οὐ
768 1583 825 1619 μὴν
849 1583 935 1617 πάντη

995 1583 1137 1618 idipsum,
1153 1583 1272 1610 dicens:
1289 1583 1379 1610 Amici
1388 1584 1445 1610 mei
1458 1585 1484 1610 et
1506 1583 1630 1618 proximi
1644 1583 1700 1609 mei
1716 1582 1816 1609 adver-

115 1625 190 1653 αὐτὸν
219 1625 437 1662 κατεΛίμπανον,
456 1626 559 1663 μακρὰν
590 1625 618 1654 δὲ
649 1627 762 1658 ἑστῶτες
777 1626 915 1654 ἔπέστινον
930 1636 936 1642 “

116 1670 129 1697 ὃ
144 1669 176 1704 δὴ
191 1670 238 1698 καὶ
253 1670 325 1698 αὐτὸ
340 1671 397 1706 (67)
413 1669 544 1706 διδάσκει,
561 1670 657 1709 λέγων·
673 1672 707 1699 Οἱ
723 1670 800 1704 φίλοι
826 1682 878 1707 μου
894 1671 938 1698 καὶ

116 1714 140 1741 οἱ
177 1714 299 1749 πλησίον
346 1725 399 1750 μου
428 1714 453 1751 ἐξ
480 1714 599 1746 ἐναντίας
639 1726 690 1751 μου
731 1715 865 1753 ¹ἤγγισαν,
894 1716 939 1743 καὶ

116 1757 237 1794 ἔστησαν.
265 1759 318 1786 Καὶ
343 1759 369 1786 οἱ
394 1758 503 1797 ἔγγιστά
530 1770 593 1796 μου,
618 1759 671 1787 ἀπὸ
700 1760 831 1797 μακρόθεν
860 1759 940 1795 ἔστη-

115 1813 169 1831 σαν.
185 1806 232 1831 ”Ων
250 1803 358 1840 μακράν
386 1814 438 1840 μου
461 1805 626 1840 γενομένων,
644 1803 725 1831 ἄλλοι
748 1804 819 1834 τινες
840 1805 865 1831 οἱ
889 1805 938 1839 τήν

115 1847 244 1885 ἁμαρτίαν
284 1847 457 1885 ἂνεργοῦντις
489 1847 606 1882 πλησίον
637 1859 689 1884 μου
716 1849 874 1886 γενόμενοι,
897 1849 940 1884 ἑξ-

117 1889 265 1927 εόιάζοντο,
283 1892 396 1926 καὶτῆς
421 1891 492 1929 ἐμῆς
516 1894 608 1930 ψυχῆς
633 1893 805 1927 κατὲπαιζον.
822 1893 868 1919 Διὸ
892 1892 938 1920 ἐπ-

113 1935 180 1973 άγει,
198 1936 290 1974 λέγων
306 1946 312 1951 ·
335 1933 521 1971 Ἐξεϐιάζοντο
544 1937 572 1963 οἱ
595 1939 745 1971 ζητοῦντες
767 1937 816 1971 τήν
845 1938 938 1974 ψυχήν

117 1990 174 2015 μου’
190 1981 237 2008 καὶ
269 1982 298 2008 οἱ
329 1982 472 2015 ζητοῦντες
500 1981 534 2008 τὰ
560 1991 629 2008 κακα
657 1991 702 2017 μοι
732 1982 786 2017 (68)
803 1980 938 2015 ἐλάλησαν

115 2025 322 2060 ματαιότητας,
356 2025 401 2051 καὶ
443 2023 605 2058 δολιότητας
649 2023 717 2059 ὅλην
744 2026 793 2059 τήν
836 2024 939 2062 ἡμέραν

114 2067 294 2104 ἔμελίτησαν.
324 2067 411 2096 Πάλαι
443 2069 494 2107 γὰρ
526 2069 600 2097 οὗτοι
630 2068 759 2106 διψῶντες
791 2071 839 2096 τοῦ
873 2069 940 2105 Ξμοῦ

113 2111 237 2148 αἳματος,
253 2113 302 2141 καὶ
325 2113 355 2140 ἐκ
372 2115 484 2150 μακρῶν
499 2113 607 2151 χρόνων
631 2113 777 2151 εὐχόμενοι
799 2113 941 2146 θεάσασθαί

114 2167 163 2192 μου
177 2158 228 2192 τήν
251 2159 371 2191 πτῶσιν,
385 2157 483 2184 ὡσανιὶ
507 2160 602 2194 καιροῦ
627 2156 786 2194 λαϐόμενοι,
803 2158 846 2185 ὅτε
870 2157 941 2186 εἶδον

111 2201 313 2238 καταλείψασαν
332 2212 365 2238 με
381 2203 436 2238 (69)
448 2203 498 2236 τὴν
516 2201 595 2239 ἳσχύν
614 2213 677 2239 μου,
694 2203 738 2230 καὶ
759 2203 790 2229 τὸ
805 2205 862 2241 φῶς
886 2205 940 2230 τῶν

113 2245 262 2284 ὀφθαλμῶν
285 2257 336 2282 μου
352 2246 531 2284 ἀναχωρῆσάν
548 2257 610 2283 μου,
628 2246 692 2278 τούς
715 2257 744 2274 τε
763 2246 860 2286 φίλους
886 2258 938 2283 μου

111 2291 152 2317 καὶ
177 2291 244 2322 τοὺς
269 2289 391 2325 πλησίον
419 2301 472 2326 μου
499 2291 601 2328 μακράν
620 2302 672 2328 μου
693 2291 872 2329 γενομένους·
887 2302 938 2319 πα-

114 2338 246 2372 ραχρῆμα
261 2333 481 2370 ἐπιπηδήσαντες
497 2333 665 2371 ἐξεϐιάζοντο
680 2337 729 2370 τήν
750 2337 846 2374 ψυχήν
874 2346 937 2372 μου,

113 2379 154 2406 καὶ
183 2380 222 2410 ὡς
250 2378 284 2406 ἃν
325 2378 485 2407 ἐθελόκακοι
503 2401 510 2414 ,
536 2379 691 2415 Ἐλάλησαν
731 2380 938 2416 ματαιότητας,

114 2421 185 2450 ἔνδον
202 2421 411 2454 ὖποῦάλλοντίς
439 2434 492 2460 μου
506 2425 540 2461 τῇ
568 2425 645 2461 ψυχῇ
673 2423 803 2461 ματαίους
826 2423 938 2462 λόγους.

993 1635 1056 1655 sum
1070 1635 1113 1655 me
1127 1628 1426 1663 approoinquaverunt,
1437 1629 1463 1654 et
1476 1631 1617 1654 steterunt.
1633 1628 1664 1654 Et
1675 1628 1723 1662 qui
1731 1627 1816 1661 juxta

994 1680 1036 1699 me
1050 1672 1140 1706 erant,
1156 1671 1189 1698 de
1205 1671 1286 1706 longe
1299 1673 1442 1699 steterunt.
1459 1671 1572 1704 Quibus
1595 1671 1695 1707 procul
1712 1679 1758 1698 me
1768 1679 1817 1707 po-

994 1716 1071 1748 sitis,
1082 1716 1132 1743 alii
1148 1716 1268 1751 quidam
1285 1712 1394 1751 peccati
1409 1719 1544 1743 auctores
1555 1716 1640 1750 juxta
1664 1724 1710 1743 me
1740 1717 1818 1743 stau-

993 1762 1050 1795 tes,
1065 1760 1124 1788 vim
1134 1760 1291 1794 faciebant,
1307 1763 1336 1788 et
1350 1760 1454 1788 anime:
1469 1760 1545 1788 369
1558 1760 1721 1788 illudebant
1736 1768 1819 1796 mete.

995 1804 1062 1832 Ideo
1076 1804 1194 1832 subdit:
1208 1804 1267 1832 Vim
1280 1804 1420 1840 faciebant
1430 1806 1480 1839 qui
1505 1805 1665 1839 quarebant
1688 1806 1818 1832 animam

993 1857 1084 1876 meum
1098 1857 1108 1876 .'
1122 1853 1149 1876 et
1164 1850 1212 1884 qui
1225 1849 1405 1884 inquirebant
1429 1850 1503 1876 mala
1533 1848 1613 1882 mihi,
1643 1849 1727 1876 locuti
1754 1850 1818 1876 sunt

994 1894 1142 1928 vanitates,
1159 1895 1185 1920 et
1212 1893 1286 1921 dolos
1310 1894 1366 1921 tota
1392 1893 1436 1920 die
1450 1893 1656 1921 mediabantur.
1686 1893 1717 1920 Hi
1735 1901 1818 1920 nam—

995 1946 1052 1973 que
1066 1938 1136 1965 olim
1151 1938 1283 1966 sitientes
1299 1937 1470 1973 sanguinem
1487 1940 1686 1973 meum,atque
1696 1946 1713 1965 a
1724 1937 1819 1973 longis

995 1985 1071 2010 retro
1087 1982 1271 2018 temporibus
1280 1985 1468 2018 peroptantes
1478 1982 1593 2009 ruinam
1603 1982 1700 2009 videre
1712 1990 1819 2017 meam,

995 2027 1081 2062 quasi
1097 2027 1349 2061 opportunitatem
1364 2027 1452 2059 nacti,
1468 2035 1534 2054 cum
1543 2026 1819 2053 viderentvirtutem

995 2079 1091 2099 meam
1107 2079 1155 2098 me
1170 2070 1403 2106 dereliquisse,et
1414 2070 1511 2097 lumen
1524 2069 1674 2097 oculorum
1687 2078 1819 2098 meorum

996 2124 1013 2142 a
1029 2124 1076 2143 me
1092 2114 1374 2148 recessisse,amicos
1389 2122 1506 2150 quoque
1516 2122 1596 2141 meos
1612 2116 1641 2141 et
1656 2122 1736 2142 meos
1751 2123 1820 2150 pro-

995 2161 1091 2187 ximos
1107 2159 1207 2196 procul
1224 2168 1241 2186 a
1268 2167 1315 2186 me
1330 2161 1470 2192 remotos,
1494 2159 1647 2186 confestim
1677 2159 1822 2187 irruentes

995 2205 1053 2232 vim
1071 2205 1217 2232 faciebant
1232 2204 1337 2231 animai
1353 2211 1443 2238 mete;
1459 2205 1662 2239 atque,utpote
1675 2203 1820 2237 malevoli,

996 2249 1090 2276 Loculi
1104 2250 1168 2276 sunt
1182 2249 1330 2281 vanitates,
1344 2248 1425 2275 intus
1438 2255 1590 2275 sermones
1606 2256 1695 2275 vanos
1714 2248 1818 2275 animaa

996 2301 1066 2320 mena
1082 2294 1285 2328 suggerentes,
1297 2293 1356 2320 imo
1384 2293 1471 2320 etiam
1488 2292 1587 2320 dolose
1606 2291 1819 2326 demulcentes,

994 2345 1028 2365 ac
1039 2337 1227 2373 decipientes,
1244 2337 1328 2372 quasi
1345 2344 1391 2364 me
1406 2336 1440 2364 nd
1460 2337 1537 2364 bona
1549 2336 1732 2369 iuescabant,
1749 2337 1820 2364 dum

994 2381 1024 2408 in
1040 2384 1193 2417 peccatum
1208 2389 1254 2408 me
1264 2381 1425 2408 traherent.
1442 2381 1553 2409 Idcirco
1568 2380 1689 2415 subjieit
1702 2390 1708 2408 :
1725 2382 1757 2409 Et
1771 2381 1821 2409 do-

996 2426 1035 2453 los
1049 2430 1106 2454 tota
1120 2425 1164 2453 die
1178 2425 1394 2454 meditabantur.

113 2466 182 2495 ἀλλὰ
210 2468 258 2495 καὶ
285 2467 331 2495 σὺν
357 2466 432 2504 δόλῳ
457 2467 597 2506 θάλγοντες
619 2469 663 2496 καὶ
689 2469 852 2505 ἀπατῶντες,
869 2470 906 2500 ὡς
932 2468 976 2497 hil
1001 2469 1111 2506 ἀγαθοῖς
1131 2467 1472 2503 ἐδελέαζον,καθέλκοντὲς
1489 2479 1522 2506 με
1542 2469 1581 2500 εἷς
1601 2469 1651 2503 τήν
1675 2469 1819 2506 ἁμαρτίαν.

114 2512 158 2539 Διὸ
173 2511 270 2550 ἐπάγει
286 2513 353 2549 (70)·
366 2512 418 2540 Καὶ
434 2510 599 2548 δολιύτητας
615 2512 683 2549 ὃλην
699 2514 748 2547 τὴν
763 2512 867 2551 ἡμέραν
879 2512 1057 2549 ίμελὲτησαν.

147 2566 169 2584 ¹³
184 2566 291 2595 Matth.
309 2574 384 2601 xxvr,
401 2566 445 2593 41.
461 2566 484 2584 ίδ
497 2568 564 2603 Sep.
582 2576 601 2602 1,
627 2567 653 2602 4,
668 2567 695 2594 5.
715 2567 736 2586 ¹⁶
766 2568 831 2595 Luc.
848 2575 895 2603 xv,
909 2568 936 2595 7.

995 2568 1073 2596 Psal.
1089 2575 1188 2600 xxxul,
1204 2567 1231 2594 8.

157 2619 203 2654 65)
211 2619 298 2647 Colb.
314 2617 570 2655 primus,_iyévsto.

156 2655 203 2689 66)
218 2653 342 2683 Codices
357 2657 426 2688 tres,
444 2653 664 2689 ἐπαναστήσεται.
687 2658 750 2684 Mox
777 2656 860 2688 editi,
882 2655 942 2682 τοί-

114 2698 157 2726 κρν
174 2690 272 2718 αὐτοῦ.
290 2691 360 2726 Reg.
376 2692 535 2724 secundus,
551 2691 641 2726 τοίνυν
663 2690 710 2718 ἀπ’
738 2691 831 2724 αὐτοῦ,
856 2692 940 2719 bene.

114 2724 193 2764 Haud
213 2726 302 2764 longe
319 2724 379 2754 tres
395 2725 684 2764 ωεξηκατᾳλέλοιπε.
709 2729 846 2756 .Subinde
871 2730 941 2764 Reg.

117 2761 410 2800 teriipsLIEarovﬁcm
425 2761 508 2800 αὐτοῦ
523 2763 572 2797 τήν
590 2764 692 2800 ψυχήν.

150 2798 207 2833 (67)
221 2797 305 2826 Unus
320 2806 390 2833 ms.,
403 2797 494 2830 αὐτός.

1031 2620 1087 2656 (68)
1103 2621 1146 2647 Ila
1158 2619 1240 2647 multi
1256 2627 1329 2656 mss.
1346 2620 1378 2647 At
1391 2620 1472 2653 editi,
1489 2619 1531 2648 διὸ
1552 2618 1684 2655 ἐπιλέγει,
1714 2614 1819 2652 ἐξεϐιά-

998 2658 1075 2690 ζοντο
1091 2655 1117 2683 οἱ
1132 2657 1275 2689 ζητοῦντες
1289 2655 1322 2682 τὰ
1340 2655 1410 2682 κακά
1427 2666 1484 2692 μοι,
1501 2657 1577 2684 haud
1594 2656 1718 2692 integre.

1024 2693 1086 2734 ,(ο9)
1098 2692 1240 2734 Sicpolb.
1258 2692 1371 2727 primus
1386 2689 1452 2719 cum
1469 2689 1537 2727 Heg.
1558 2691 1695 2719 secundo.
1714 2689 1819 2717 Deerat

1000 2729 1032 2764 μί
1049 2729 1076 2755 in
1100 2729 1199 2755 editis.

1033 2765 1090 2799 (70)
1109 2765 1149 2791 lta
1165 2772 1234 2791 mss.
1252 2763 1327 2791 Editi
1342 2760 1464 2796 vero,8:6
1479 2761 1523 2788 καὶ
1539 2760 1581 2789 ἐπ.
1600 2760 1820 2796 Reg.secundus

999 2797 1041 2826 διὸ
1057 2798 1188 2826 ἐπιλάγιι.

1017 2808 1041 2826 ιο
1057 2808 1188 2837 επιΛεγιι.
