2018 3146
197 111 238 141 99
669 108 866 140 APPENDIX
887 109 1051 141 OPERUM
1073 108 1108 140 Β.
1130 108 1274 141 BASILII
1297 110 1437 142 MAGNI.

1847 110 1898 142 100

230 177 257 205 6.
274 177 363 205 Vens.
376 177 421 212 14,
438 177 482 205 15.
499 179 554 213 Ego
568 180 661 205 autem
682 178 815 213 tanquam
839 177 941 205 surdus
967 185 1009 206 n01

1115 177 1142 204 6.
1168 176 1241 213 Ἐγὼ
1271 175 1299 204 δὲ
1329 176 1394 205 ὡσεὶ
1422 177 1514 217 κωφὸς
1543 177 1593 206 οὐκ
1618 175 1740 213 ἤκουον,
1768 177 1814 206 καὶ
1840 177 1897 206 ὡσεὶ

195 222 353 255 audiebam,
381 225 407 250 et
421 222 493 250 sient
516 223 608 249 mutus
643 229 698 250 non
729 222 853 257 operiens
881 230 912 250 os
935 230 1028 250 suum.

195 267 228 295 Et
240 269 329 303 factu:
341 275 402 295 sum
421 267 491 294 sicut
506 267 585 294 homo
610 274 666 294 non
693 266 820 302 audiens,
847 269 873 294 et
898 275 953 294 non
973 266 1024 294 ha-

151 317 157 323 '
195 312 259 340 bens
275 313 306 339 in
323 319 372 339 ore
385 319 433 339 suo
449 311 670 346 redargutz'ones.
687 313 846 347 Postquam
878 311 927 347 qui
944 319 1023 347 quae-

195 357 300 384 rebant
316 356 445 383 animam
462 364 569 389 meam,
586 356 759 383 invenerunt
775 355 881 391 ipsam,
893 358 954 383 tum
971 356 1023 383 de-

195 410 277 429 mum
293 401 416 428 inventae
437 400 639 434 illuserunt,ac
652 400 725 428 meis
742 400 827 427 malis
846 400 1022 428 insultantes

194 446 354 479 irruerunl;
370 447 471 481 postea
485 445 629 472 vanitates
657 446 686 472 et
713 443 795 472 dolos
825 447 884 472 tota
909 445 955 472 die
979 444 1021 472 lo-

195 491 370 526 quebantur.
387 490 429 517 Ad
455 490 514 517 hinc
531 489 613 523 inibi,
644 489 718 516 meis
747 489 851 517 amicis
877 489 1019 524 desolato,

194 535 268 563 nihil
285 535 460 571 suppetebat
475 534 552 570 quod
569 533 703 569 dicerem,
729 533 838 569 quippe
857 533 908 569 qui
924 542 1019 561 essem

193 581 304 616 pudore
312 579 460 615 repletus;
475 580 653 615 quapropter
667 582 807 614 tanquam
835 578 943 606 surdus
960 587 1018 607 non

192 624 425 653 audiebam.lmo
436 623 485 651 ille
500 631 553 659 ego
567 623 618 658 qui
628 623 775 658 quondam
787 630 867 650 eram
879 622 1018 659 eloquen-

191 669 338 703 tissimus,
355 670 383 696 et
399 673 540 704 praesente
555 667 702 704 sapientia
731 668 906 702 instructus,
921 668 1017 696 factus

190 722 257 742 sum
273 717 416 749 tanquam
433 713 541 740 surdus
553 720 740 748 nequaquam
752 711 886 746 audiens,
902 714 931 739 et
941 711 1018 740 sicut

191 761 292 786 mutus
309 766 366 786 non
380 757 513 793 aperiens
532 766 564 785 os
590 765 688 785 suum.
715 756 743 784 Si
770 756 889 793 quidem
917 756 1016 786 nullus

191 803 263 831 mihi
279 811 375 831 sermo
391 803 427 830 ad
443 802 645 830 defensionem
670 801 870 836 succurrebat,
888 809 940 829 nec
957 801 1015 830 ullo

189 850 275 885 pacto
290 847 437 880 inimicos,
449 846 540 874 semel
556 846 592 874 sb
608 846 682 882 ipsis
696 846 802 879 victus,
819 845 928 881 alloqui
940 845 1014 874 vale-

189 894 276 925 bam;
293 892 343 920 sed
359 899 439 920 eram
455 892 487 920 Ut
502 891 582 919 homo
597 899 652 918 non
681 891 807 926 audiens,
837 891 862 918 et
889 898 945 918 non
962 890 1012 918 Ιια-

189 939 254 966 bens
269 938 300 965 in
314 945 359 965 ore
373 945 422 965 suo
437 936 655 970 redargutiones.
671 936 823 972 Arguebar
837 936 916 963 enim
939 935 1013 971 ipse,

187 991 245 1010 non
262 985 359 1010 autem
382 982 552 1017 arguebam,
581 989 634 1008 nec
659 980 732 1008 mihi
760 980 937 1008 verecundia
965 988 1013 1008 co-

187 1029 287 1063 operto
302 1026 397 1054 inerat
411 1026 548 1062 loquendi
564 1025 696 1054 libertas.
712 1025 800 1052 Vens.
818 1025 862 1060 16,
879 1025 922 1053 17.
940 1028 1012 1060 Quo-

185 1073 265 1100 niam
280 1072 310 1099 in
326 1075 360 1105 te,
376 1071 501 1104 Domine,
526 1071 646 1106 speravi,
670 1072 699 1097 tu
723 1069 869 1105 exaudiet,
899 1070 1013 1098 Domine

185 1117 256 1144 Deus
283 1123 369 1143 metu.
400 1115 471 1149 Quia
494 1114 568 1142 dixi:
589 1115 626 1142 Ne
655 1114 765 1150 quando
793 1114 1013 1150 supergaudeant

186 1161 257 1188 mihi
263 1160 373 1188 inimici
387 1160 441 1187 mei
456 1168 466 1186 :
480 1162 507 1187 et
518 1159 584 1186 dum
610 1161 814 1187 commoventur
841 1159 920 1195 pedes
946 1160 1011 1192 mei,

185 1212 267 1240 super
281 1213 324 1232 me
337 1212 441 1238 magna
459 1204 543 1232 loculi
556 1206 633 1231 sunt.
649 1203 714 1231 Haec
731 1203 831 1238 utique
846 1203 919 1231 mihi
936 1204 1010 1231 acci-

186 1250 301 1277 derunt.
320 1250 503 1285 Quapropter
529 1249 623 1276 factus
644 1256 711 1276 sum
736 1250 879 1284 tanquam
902 1249 1011 1276 surdus

186 1303 244 1322 non
258 1293 391 1327 audiens,
407 1295 436 1321 et
450 1293 527 1321 sicut
540 1295 642 1320 mutus
653 1300 710 1320 non
727 1292 861 1328 aperiens
870 1300 902 1320 os
911 1301 1009 1320 suum:

183 1341 213 1367 et
227 1339 304 1366 sicut
318 1338 408 1366 homo
425 1345 483 1365 non
496 1337 607 1365 habens
624 1337 847 1373 redargutiones
861 1346 868 1370 ;
881 1337 958 1372 quod
975 1337 1011 1364 ad

187 1383 334 1417 inimicos,
350 1385 492 1418 tanquam
521 1382 557 1409 ab
586 1381 633 1409 his
659 1381 765 1416 victus,
776 1381 850 1409 nihil
866 1381 1009 1409 dicebam.

185 1427 294 1455 Verum
306 1435 364 1455 non
381 1429 533 1463 propterea
548 1427 583 1454 de
597 1426 709 1462 meipso
720 1426 883 1462 desperavi,
899 1428 930 1454 at
954 1426 1009 1453 ite-

187 1480 252 1499 rum
269 1471 371 1507 collegi
383 1479 429 1499 me
440 1471 523 1508 ipse:
540 1471 592 1507 qui
608 1480 625 1498 a
646 1473 762 1507 peccato
791 1471 911 1507 quidem
931 1470 1010 1498 velut

184 1525 201 1544 a
212 1518 306 1544 morte
318 1515 494 1551 resiluerim,
508 1523 541 1543 ac
557 1515 751 1544 confessionis
770 1515 909 1543 remediis
924 1515 1008 1543 ulcus

1081 219 1185 252 ἅλαλος
1213 220 1262 248 οὐκ
1290 221 1404 259 ἀνοίγων
1430 223 1460 249 τὸ
1490 222 1577 259 στόμα
1608 221 1708 250 αὐτοῦ·
1734 222 1779 249 καὶ
1816 221 1898 260 ἐγενό-

1082 276 1135 301 μην
1153 265 1217 292 ὡσεὶ
1243 264 1387 302 ἄνθρωπος
1409 266 1458 294 οὐκ
1481 266 1597 302 ἀκούων,
1613 267 1658 294 καὶ
1682 266 1732 294 οὐκ
1758 266 1830 305 ἔχων
1848 268 1898 304 (7|)

1078 308 1104 336 ἐν
1126 312 1166 346 τῷ
1190 309 1304 347 στόματι
1330 311 1414 339 αὐτοῦ
1438 310 1584 348 ἐλιγμούς.
1608 310 1718 346 Ἐπειδὴ
1745 311 1770 338 οἱ
1792 313 1897 347 ζητοῦν-

1076 364 1119 385 τες
1132 355 1183 389 τὴν
1200 356 1292 393 ψυχήν
1319 366 1381 392 μου,
1407 356 1485 394 εὗρον
1510 356 1605 391 αὐτὴν,
1622 356 1670 388 εἶθ’
1695 357 1817 394 εὑρόντες
1843 367 1898 385 κατ-

1077 399 1198 435 έπςιιζον⁷
1208 397 1340 435 ἐπέϐησαν
1354 398 1382 427 δὲ
1399 400 1612 435 έπιτωθάζοντες
1626 403 1685 432 τοῖς
1701 400 1780 437 ἐμοῖς
1796 404 1896 432 κακοῖς·

1077 444 1134 471 εἶτα
1154 443 1268 471 ἐλάλουν
1298 445 1480 481 ματαιότητας
1503 445 1548 472 καὶ
1574 444 1737 481 δοιιιότητας
1761 444 1831 480 ὅλην
1852 446 1896 480 τὴν

1075 488 1192 526 ἡμέραν.
1210 489 1271 517 Ἐπὶ
1286 489 1394 521 τούτοις
1410 489 1462 528 ἐγὼ
1479 487 1583 527 ἕρημος
1597 490 1715 528 γεγονὼς
1739 492 1793 518 τῶν
1817 491 1898 527 Epiu-

1074 535 1122 560 τοῦ
1146 533 1245 572 φίλων,
1268 533 1343 561 οὐδὲν
1370 535 1445 572 εἶχον
1471 533 1572 572 λέγειν,
1596 534 1729 573 αἱσχύνης
1749 534 1898 573 πεπληρω-

1076 577 1165 614 μένος·
1189 577 1231 606 διὸ
1252 579 1316 606 ὡσεὶ
1344 579 1436 618 κωφὸς
1464 579 1514 607 οὐκ
1538 578 1638 614 ἤκουον
1657 590 1663 595 ·
1689 579 1752 608 ἀλλ’
1774 580 1788 607 ὁ
1814 580 1897 608 πάλαι

1074 621 1257 660 λογιώτατος,
1287 624 1331 652 καί
1365 626 1400 661 τῇ
1428 624 1552 662 παρούσῃ
1589 625 1670 664 σοφίᾳ
1706 625 1896 662 σεσοφισμένος

1072 668 1170 706 γέγονα
1185 669 1250 696 ὡσεὶ
1266 669 1358 708 κωφὸς
1374 670 1430 706 (72)
1452 669 1502 696 οὐκ
1527 669 1644 704 ἀκούων,
1660 669 1704 697 καὶ
1729 669 1766 700 ὡς
1795 668 1897 701 ἅλαλος

1072 713 1123 740 οὒκ
1143 712 1258 750 ἀνοίγων
1274 713 1306 741 τὸ
1331 713 1418 750 στόμα
1445 712 1538 742 αὐτοῦ.
1555 712 1651 745 Οὐδεὶς
1673 713 1723 751 γάρ
1747 724 1795 750 μοι
1817 713 1898 751 λόγος

1070 757 1104 791 ἦν
1133 757 1202 794 πρὸς
1228 757 1402 794 ἀπολογίαν·
1425 756 1486 786 οὐδ’
1514 758 1589 795 εἶχόν
1616 769 1676 785 τινα
1704 760 1761 789 τοῖς
1787 758 1897 796 ἐχθροῖς

1070 802 1312 840 προσφθέγγεσθαι,
1330 803 1397 839 ἅπαξ
1429 803 1473 830 ὑπ’
1500 802 1587 830 αὐτῶν
1617 801 1793 838 νενικημένος
1813 812 1818 818 ·
1836 802 1887 830 ἀλλ

1069 845 1145 883 ἥμην
1170 847 1214 878 Ὠς
1240 846 1381 883 ἄνθρωπος
1409 847 1458 874 οὐκ
1483 847 1601 883 ἀκούων,
1617 846 1661 874 καὶ
1690 846 1739 874 οὐκ
1766 845 1840 884 ἔχων
1869 847 1893 875 ἐν

1068 892 1107 926 τῷ
1132 890 1246 927 στόματι
1271 891 1353 919 αὐτοῦ
1387 891 1533 929 ὶλεγμούς.
1560 890 1736 929 Ἠλιγχόμην
1763 891 1817 929 γὰρ
1845 892 1894 919 αύ-

1067 935 1125 971 τὸς,
1141 934 1203 963 ἀλλ’
1220 935 1270 963 οὐκ
1281 935 1414 974 ἤλεγχον,
1422 935 1485 964 οὐδὲ
1500 937 1574 974 εἶχον
1591 936 1756 974 παῤῥησίαν,
1771 936 1888 974 αἰσχύνῃ

1067 979 1285 1017 κεκαλυμμένος.
1317 982 1377 1010 Ὃτι
1412 980 1456 1008 ἐπὶ
1495 981 1556 1016 σοὶ,
1581 981 1684 1019 Κύριε,
1713 979 1838 1016 ἤλπισα,
1867 980 1896 1008 σὺ

1069 1024 1220 1062 εἶσᾳικούσῃ,
1238 1025 1320 1063 Κύριε
1349 1026 1363 1053 ὁ
1393 1025 1458 1057 Θεός
1490 1036 1552 1062 μου.
1576 1027 1636 1053 Ὅτι
1668 1025 1756 1061 εἶπον,
1788 1026 1893 1062 μήποτε

1067 1069 1222 1108 έπιχαρῶσὶ
1246 1081 1292 1106 μοι
1321 1071 1376 1107 (73)
1394 1071 1419 1097 οἱ
1443 1070 1538 1108 ἐχθροί
1566 1070 1695 1106 μου’καὶ
1724 1069 1750 1097 ἐν
1779 1072 1820 1106 τῷ
1848 1080 1892 1097 σα-

1068 1114 1196 1147 λευθῆναι
1227 1113 1311 1146 πόδας
1338 1125 1401 1152 μου,
1431 1115 1471 1142 ἰπ³
1498 1114 1547 1151 έμέ
1580 1113 1889 1153 ἐμεγαλορῥημόνησαν.

1067 1159 1109 1187 Τὰ
1125 1158 1157 1193 ὂή
1173 1161 1229 1196 (74)
1245 1157 1438 1196 συμϐεϐηκότα
1455 1170 1501 1196 μοι
1527 1161 1621 1188 ταῦτα.
1637 1160 1684 1186 Διὸ
1705 1159 1803 1196 γέγονα
1825 1159 1887 1187 ὡσεὶ

1066 1204 1158 1242 κωςρὸς
1173 1204 1224 1232 οὐκ
1240 1204 1357 1237 ἀκούων,
1373 1204 1418 1231 καὶ
1440 1204 1477 1236 ὡς
1502 1202 1607 1235 ἂλαλος
1631 1204 1683 1232 οὐκ
1711 1204 1830 1237 ἀνοίγων
1859 1204 1891 1232 τὸ

1065 1248 1153 1284 στόμα
1168 1248 1260 1284 αὐτοῦ,
1276 1249 1320 1276 καὶ
1337 1248 1400 1276 ὡσεὶ
1416 1248 1559 1286 ἄνθρωπος
1573 1248 1623 1276 οὐκ
1646 1246 1718 1286 ἔχων
1745 1247 1889 1286 έλεγμούς·

1067 1291 1109 1320 διὸ
1134 1291 1211 1320 οὐδὲν
1235 1294 1303 1331 πρὸς
1324 1293 1388 1325 τυὺς
1413 1293 1529 1331 ἐχθροὺς
1559 1291 1664 1330 ἔλεγον,
1682 1293 1718 1324 ὡς
1735 1292 1764 1320 ἂν
1782 1293 1827 1320 ὑπ’
1842 1293 1889 1321 αύ-

1065 1339 1117 1364 τῶν
1143 1338 1328 1374 νενικημένοσ,
1345 1338 1383 1366 Ού
1408 1339 1462 1374 μὴν
1489 1337 1534 1366 διὰ
1556 1340 1636 1365 τοῦτο
1661 1337 1782 1376 ἀπέγνων
1805 1338 1890 1374 ὶμαυ-

1064 1384 1128 1410 τοῠ·
1145 1386 1259 1420 συνῆγον
1290 1381 1318 1410 δὲ
1346 1382 1427 1411 πάλιν
1453 1382 1581 1419 έμαυτὸν,
1606 1385 1656 1417 τῆς
1683 1383 1729 1419 μὲν
1755 1382 1890 1420 ἁμαρτίας

1065 1427 1103 1459 ὡς
1119 1427 1234 1454 θανάτου
1251 1426 1443 1463 ἀποπηδήσας,
1458 1430 1516 1458 τοῖς
1545 1426 1573 1455 δὲ
1593 1431 1642 1462 τῆς
1663 1427 1889 1465 έξομολογήσεως

1065 1472 1219 1510 φαρμάκοις
1234 1472 1264 1498 τὸ
1280 1471 1398 1507 έμαυτοῦ
1419 1473 1473 1507 (75)
1497 1469 1578 1502 ῑλκος
1603 1470 1733 1507 ἰώμενος.
1748 1471 1803 1499 Καὶ
1827 1471 1892 1503 τοὺς

1064 1515 1280 1553 προσοζέσαντάς
1310 1526 1356 1552 μοι
1384 1514 1524 1553 μώλωπας
1557 1515 1610 1542 ἀπὸ
1647 1519 1696 1550 τῆς
1736 1515 1891 1553 ἇφρόσύνης

185 1569 283 1588 meum
299 1559 474 1588 sanaverim.
491 1560 565 1592 Quin
581 1562 609 1588 et
625 1568 705 1588 meas
720 1560 871 1588 cicatrices
882 1560 917 1587 ab
937 1559 1009 1587 insi-

1069 1570 1132 1597 μου,
1165 1561 1305 1598 θεραπείας
1334 1563 1426 1598 τυχεῖν
1456 1560 1532 1596 ἀξιῶ.
1547 1560 1594 1587 Διὸ
1623 1560 1685 1588 Ἐπὶ
1714 1559 1767 1596 σοὶ,
1794 1559 1890 1597 Κύριε1

187 1605 296 1641 pientia
312 1612 377 1632 mea
392 1605 570 1640 putrefactas
585 1604 700 1640 postulo
716 1605 820 1632 curari.
848 1605 913 1632 Ideo
929 1605 960 1632 In
975 1606 1010 1638 te,

188 1650 313 1683 Domine,
329 1649 457 1685 speravi:
475 1649 549 1676 mihi
565 1649 674 1685 quippe
702 1657 759 1676 non
789 1648 893 1683 ﬁdens,
917 1655 1011 1683 neque

185 1694 275 1722 ullam
287 1693 374 1722 aliam
387 1695 490 1729 praeter
501 1696 528 1721 te
539 1701 621 1729 spem
635 1701 694 1729 prae
704 1692 796 1721 oculis
805 1692 1010 1725 habens,hunc

153 1739 160 1745 ”
182 1739 345 1767 curationis
361 1739 481 1766 modum
497 1737 825 1774 mihiprmscripsiﬁum
841 1737 931 1773 igitur
941 1745 1009 1773 spe-

182 1784 321 1817 raverim,
336 1782 470 1816 Domine,
488 1791 556 1818 spes
584 1785 683 1810 autem
711 1790 769 1809 non
785 1782 945 1809 confundat
960 1783 981 1799 ¹¹¹
998 1790 1005 1816 ;

180 1828 245 1857 ideo
259 1828 375 1861 exaudi,
392 1827 462 1864 quia
478 1827 522 1855 vis
537 1829 568 1855 tu
591 1826 834 1860 misericordiam,
851 1835 946 1862 neque
961 1827 1005 1855 vis

179 1876 303 1901 mortem
319 1873 489 1909 peccatoris,
506 1873 555 1900 sed
573 1871 882 1908 pmnitentiamipsius
898 1871 1006 1903 “.0uia

178 1917 294 1953 speravi
308 1917 339 1945 in
354 1920 392 1951 te,
409 1917 530 1945 obsecro
546 1916 695 1944 obtineam
723 1918 808 1943 tuum
835 1915 976 1943 auxilium
994 1924 1001 1944 :

177 1962 326 1998 Nequando
350 1961 570 1998 supergaudeant
596 1960 668 1988 mihi
696 1961 807 1988 inimici
829 1962 894 1988 mei.
925 1961 1003 1988 Non-

177 2008 248 2035 dum
269 2008 347 2035 enim
364 2008 484 2035 omnino
511 2005 603 2042 gavisi
634 2008 704 2033 sunt
720 2015 726 2040 ;
743 2005 1003 2041 supergaudebunt

177 2055 285 2086 autem,
302 2052 359 2080 nisi
387 2054 469 2079 tuam
495 2059 658 2086 consequar
683 2050 933 2078 misericordiam:
951 2051 1001 2078 sed

176 2105 212 2125 ne
228 2097 466 2134 supergaudeant
482 2096 554 2124 mihi
570 2095 683 2123 inimici
699 2095 768 2130 mei,
784 2096 862 2123 370
873 2095 923 2131 qui
936 2096 1000 2131 jam

173 2143 257 2170 antea
273 2150 340 2169 cum
356 2140 706 2176 commoverenturpedes
722 2139 902 2175 mei,msgna
910 2139 999 2167 locuti

173 2188 244 2214 sunt
261 2194 267 2213 :
284 2187 320 2214 ad
336 2188 364 2213 te
379 2185 546 2221 confugi,ac
557 2185 621 2212 dico
631 2192 637 2212 :
649 2185 707 2212 Non
715 2184 870 2220 confundar
880 2185 909 2212 in
918 2188 999 2213 aeter-

171 2239 239 2259 num
256 2231 288 2266 4°,
303 2238 394 2266 neque
408 2230 546 2258 irrideant
559 2238 602 2257 me
616 2230 726 2257 inimici
738 2231 794 2257 mei
805 2229 880 2257 ’°.Et
895 2237 999 2258 rursus

172 2275 238 2304 dico
256 2283 263 2303 :
279 2275 318 2303 Ad
330 2277 365 2308 te,
379 2275 504 2309 Domine,
521 2274 654 2308 clamabo,
670 2282 706 2302 ne
718 2274 802 2302 sileas
829 2282 849 2302 α
877 2282 932 2308 me,
947 2282 998 2302 ne-

172 2320 284 2356 quando
299 2322 388 2348 taceas
403 2329 420 2348 a
431 2327 484 2353 me,
506 2322 531 2348 et
547 2319 725 2347 assimilabor
735 2319 957 2347 descendentibus
967 2319 998 2347 in

171 2365 263 2394 locum
278 2365 314 2394 9'.
335 2366 370 2393 Et
386 2364 500 2401 reliqua
514 2373 577 2400 quas
594 2364 623 2392 in
637 2364 704 2392 aliis
720 2364 842 2399 psalmis
857 2373 874 2392 a
888 2372 935 2392 me
945 2372 997 2392 va-

1066 1604 1191 1640 ἤλπισα·
1219 1605 1250 1632 οὐ
1275 1605 1327 1642 γὰρ
1355 1604 1463 1641 ἰμαυτῷ
1497 1604 1613 1643 θαρρῶν,
1637 1603 1700 1632 οὐδὲ
1722 1604 1810 1640 ἄλλην
1833 1606 1892 1632 τινὰ

1066 1647 1164 1676 ἐλπίδα
1193 1649 1303 1685 θέμενος
1332 1650 1389 1684 (76)
1417 1649 1472 1686 πρὸ
1500 1649 1649 1686 ὀφθαλμῶν
1678 1649 1696 1684 ἢ
1726 1649 1765 1685 σὲ,
1780 1649 1814 1677 τὰ
1842 1653 1890 1685 τῆς

1064 1693 1162 1724 ῒάσεως
1195 1693 1347 1733 ὑπέγραφον
1388 1693 1507 1730 ἐμαυτῷ.
1537 1692 1649 1729 Ἐπειδὴ
1686 1693 1732 1721 οὖν
1770 1693 1886 1728 ἤλπισα,

1064 1738 1155 1775 Κύριε,
1171 1739 1188 1773 ἡ
1205 1737 1234 1766 δὲ
1249 1737 1328 1770 έλπὶς
1339 1738 1369 1766 οὐ
1384 1738 1569 1776 καταισχύνει,
1584 1737 1628 1766 διὰ
1653 1741 1733 1766 τοῦτο
1762 1737 1888 1767 oio-dmon-

1063 1793 1121 1816 σον,
1137 1783 1179 1810 ὅτι
1197 1783 1315 1818 θελητής
1329 1782 1423 1813 ἐλέους
1439 1794 1461 1810 ει
1477 1783 1519 1817 σὺ,
1535 1783 1581 1810 καὶ
1597 1782 1627 1810 οὐ
1650 1782 1744 1820 βούλει
1769 1783 1815 1810 τὸν
1841 1784 1886 1811 Θά-

1061 1838 1138 1855 νατον
1155 1830 1203 1855 τοῦ
1218 1827 1395 1866 ἀμαρτωλοῦ,
1416 1828 1454 1858 ὡς
1469 1828 1519 1862 τὴν
1537 1828 1679 1864 μετάνοιαν
1701 1826 1794 1855 αὐτοῦ.
1812 1829 1886 1855 Διότι

1061 1871 1168 1906 ἤλπισα
1197 1872 1240 1899 ἐπὶ
1270 1873 1308 1906 σὲ,
1341 1871 1451 1899 ἱκετεύω
1489 1873 1538 1906 τῆς
1575 1872 1649 1910 παρὰ
1678 1873 1728 1899 σοῦ
1757 1871 1886 1909 βοηθείας

1060 1916 1210 1954 ἰπιτυχεῖν,
1228 1917 1272 1952 Μή
1302 1927 1368 1944 ποτι
1396 1916 1548 1954 ἐπιχαρῶσί
1577 1927 1623 1953 μοι
1656 1917 1681 1943 οἱ
1701 1915 1796 1954 ἐχθροί
1823 1927 1886 1953 μου.

1059 1961 1143 1990 Οὔπω
1174 1962 1220 1998 μὲν
1248 1961 1299 1999 γὰρ
1328 1961 1469 1989 παντελῶς
1503 1960 1662 1999 έχτιὶρηιιάν⁸
1693 1960 1888 1999 ὖπιχαροῦνται

1059 2005 1096 2041 δὲ,
1115 2006 1137 2033 εἷ
1154 2007 1192 2043 μὴ
1206 2006 1321 2044 τύχοιμι
1336 2008 1384 2033 τοῦ
1400 2007 1447 2032 σοῦ
1462 2004 1565 2036 ἐλέους·
1583 2004 1701 2032 ἀλλ’ἵνα
1731 2006 1769 2041 μὴ
1787 2005 1886 2044 ἐπιχα-

1059 2051 1169 2089 ρείησάν
1188 2061 1234 2086 μοι
1251 2050 1276 2077 ol
1293 2050 1388 2088 ὲχθροί
1405 2060 1467 2086 μου,
1483 2050 1508 2076 οἳ
1523 2048 1578 2085 ἤδη
1594 2049 1638 2077 καὶ
1655 2049 1786 2087 πρότερον
1801 2049 1828 2077 ἐν
1846 2052 1887 2086 τῷ

1057 2095 1219 2130 σαλευθῆναι
1240 2093 1325 2125 πόδας
1355 2105 1407 2131 μου
1431 2093 1771 2132 μιγαλοῤῥημονήσαντες,
1789 2094 1832 2122 ἐπὶ
1858 2095 1887 2122 σὲ

1055 2140 1217 2178 κατέφυγον,
1243 2138 1287 2166 καί
1312 2148 1404 2177 φημι·
1428 2139 1474 2173 Μὴ
1513 2139 1738 2176 καταισχυνθείην
1770 2138 1808 2170 εἷς
1836 2139 1883 2166 τὸν

1056 2184 1151 2218 αἰῶνα,
1171 2183 1241 2221 μηδέ
1269 2182 1531 2222 καταγελασάτωσάν
1564 2194 1616 2220 μου
1732 2184 1758 2211 οἱ
1787 2184 1884 2222 έχθροί

1057 2240 1120 2266 μου.
1147 2229 1196 2258 Καὶ
1222 2228 1304 2257 πάλιν
1337 2228 1426 2267 φημί·
1454 2229 1524 2266 Πρὸς
1553 2228 1601 2263 σὲ,
1629 2227 1729 2265 Κύριε,
1757 2229 1884 2266 κεκράξο-

1056 2285 1115 2311 μαι,
1143 2275 1181 2311 μή
1215 2274 1437 2312 παρασιωπήσῃς
1461 2273 1506 2300 ἀπ’
1531 2272 1609 2310 ἰμοῦ,
1636 2274 1673 2309 μή
1703 2283 1770 2301 ποτε
1798 2283 1885 2311 παρα-

1054 2319 1197 2356 σιωπήσῃς
1226 2318 1271 2346 ἄπ’
1300 2318 1440 2354 ὶμοῦ,καὶ
1469 2318 1682 2354 ὁμοιωθήσομαι
1711 2320 1770 2348 τοῖς
1798 2329 1882 2346 κατα-

1053 2360 1191 2391 ϐαίνουσιν
1212 2362 1250 2394 είς
1277 2362 1387 2391 λάκκον.
1403 2361 1452 2389 Καὶ
1475 2362 1508 2389 τὰ
1532 2361 1617 2390 λοιπὰ
1640 2362 1666 2389 έν
1689 2364 1746 2393 τοῖς
1775 2362 1880 2401 ἑτέροις

179 2471 182 2474 ·
208 2464 231 2484 ¹⁷
242 2464 325 2494 Rom.
343 2473 370 2500 ν,
384 2465 412 2493 5.
429 2464 450 2482 ¹⁸
466 2464 567 2493 Ezech.
583 2471 663 2498 xvni,
678 2463 725 2498 23,
741 2463 788 2493 32.
809 2463 832 2482 ¹⁰
846 2462 992 2498 Psal.xxx,
1014 2463 1039 2491 1.
1058 2463 1080 2481 ³ο
1096 2461 1173 2491 Psal.
1189 2470 1267 2497 xxxv,
1283 2462 1309 2490 3.
1349 2462 1372 2480 9‘
1389 2461 1465 2490 Psal.
1481 2469 1558 2490 xxvii
1574 2461 1600 2489 1.

209 2564 237 2600 (7
257 2563 320 2601 )lta
336 2563 416 2601 συιδ,
435 2564 535 2601 sextus
546 2570 614 2591 cum
635 2562 762 2601 editione
777 2561 864 2601 Basil:
893 2562 930 2589 At
945 2570 1000 2589 no-

171 2597 233 2629 stra
247 2597 337 2629 editio
354 2599 435 2628 Paris
453 2620 471 2634 .,
487 2597 555 2636 ἔχω.
571 2599 675 2627 Statim
705 2598 782 2625 idem
810 2598 910 2632 codex,
933 2607 996 2624 κατ-

174 2636 280 2664 έπαιξαν
290 2657 296 2664 .

209 2635 354 2707 (ἱέξῖνέὶᾱίιὶ
369 2674 398 2699 et
412 2680 485 2700 mss.
503 2668 647 2707 nonnulli,
677 2666 741 2707 ᾠσιί
764 2667 856 2705 κωφὸς
886 2668 931 2707 καὶ
947 2668 996 2702 ὡς,

171 2705 229 2735 non
245 2709 368 2743 integre.
384 2710 421 2735 At
432 2708 500 2742 Reg.
513 2706 617 2743 tertius
636 2706 665 2732 ut
686 2705 713 2732 in
746 2706 896 2736 contextu,
913 2705 995 2732 bene.

218 2743 264 2779 73)
281 2741 328 2771 Sic
346 2752 417 2771 mss.
434 2746 502 2779 tres.
520 2741 608 2776 Editi,
625 2750 667 2776 με.

219 2776 267 2815 74)
280 2779 349 2807 Cod.
366 2779 429 2813 476,
445 2776 518 2806 τάδε..

1102 2560 1150 2592 75)
1163 2559 1225 2588 Duo
1240 2568 1325 2592 mss.,
1343 2560 1448 2586 ἑαυτοῦ.

1102 2560 1138 2587 75
1163 2560 1225 2588 Duo
1240 2568 1325 2592 mss.,
1343 2560 1448 2586 ἑαυτοῦ.

1100 2560 1150 2631 vei
1163 2596 1231 2632 Reg.
1246 2596 1404 2629 secundus,
1420 2594 1573 2632 Gedipuvog
1593 2594 1698 2622 Statim
1723 2593 1883 2632 Golbertini

1053 2629 1166 2668 primus
1177 2629 1321 2668 et'sextus
1340 2639 1407 2659 cum
1423 2629 1494 2668 Regi
1507 2630 1604 2668 tertio,
1622 2629 1841 2668 καταισχύνετᾳι.

1088 2667 1145 2703 (77)
1161 2667 1206 2694 Sic
1223 2667 1293 2703 Reg.
1307 2666 1549 2696 secundusEditi
1561 2670 1591 2694 et
1606 2666 1879 2702 mss.nonnulli,p,c.

1054 2702 1127 2739 illud
1155 2703 1230 2738 quod
1263 2702 1329 2731 mox
1356 2703 1500 2739 sequitur,
1527 2703 1643 2739 prd-note
1661 2703 1881 2739 παρασιωπήσῃς

1052 2737 1097 2802 ag:
1113 2737 1191 2774 ἐμοῧ,
1208 2739 1287 2767 deest
1303 2737 1422 2775 quidem
1443 2739 1472 2767 in
1485 2737 1582 2774 editis,
1598 2738 1647 2766 sed
1664 2737 1782 2767 in‘mss.
1796 2737 1878 2774 repe-

1052 2783 1076 2802 ri
1093 2782 1137 2802 ur.

1052 2782 1137 2802 τιιωι.
