2018 3146
116 158 176 189 ιοι

663 135 830 187 scutum
850 155 892 186 ια
912 153 1101 185 pSALuUu
1124 154 1277 186 xxxvu.

1773 153 1833 184 102

118 223 248 262 ψαλμοῖς
279 222 409 261 διαφόρος
430 233 476 260 μοι
492 222 643 261 λελεγμῶια
658 223 725 260 (78),
741 221 767 249 ἰν
786 218 821 259 τῇ
835 221 905 259 πρὸς
921 220 950 248 σὶ

1008 219 1059 249 riis
1074 220 1170 249 modis
1192 219 1283 248 relata
1305 221 1386 254 sunt,
1402 219 1432 247 in
1457 218 1509 247 hac
1523 218 1737 255 supplicatione
1752 219 1788 248 ad
1804 221 1833 248 te

121 269 248 306 ἱκετηρία
285 268 418 307 συνάγων,
459 271 510 302 τῆς
540 266 679 306 παρούσης
708 265 834 305 βοηθείας
855 267 950 303 τυχεῖν

121 314 198 350 ἀξιῶ.
226 313 258 340 El
283 314 333 350 γὰρ
357 312 450 340 καὶτὸ.
475 311 593 349 μάλιστα
606 311 768 346 σαλευθῆναι(
784 321 836 347 μου
852 307 950 345 συνέϐη

120 358 184 390 τοὺς
216 356 317 393 πόδας,
337 358 397 389 καθ’
423 357 452 384 ὃν
468 357 561 395 καιρὸν
575 358 593 392 ἡ
619 355 716 394 καρδία
733 366 786 392 μου
801 355 950 394 ἐταράχθη,

120 403 164 431 καὶ
183 401 345 440 ἐγκατέλιπὲ
374 412 407 438 με
429 402 447 436 ἡ
479 401 558 439 ἰσχύς
591 411 653 438 μου,
679 401 723 428 καὶ
751 400 783 428 τὸ
812 402 868 439 φῶς
897 401 951 426 τῶν

123 447 277 485 ὀφθαλμῶν
295 457 346 483 μου
362 447 412 474 οὐκ
434 448 465 481 ἣν
482 447 540 484 μετ’
555 445 633 483 ἐμοῦ,
660 445 723 473 ἀλλ’
739 445 770 472 οὐ
795 444 882 479 πάντη
907 454 952 471 πι-

123 493 271 530 ριετράπην
288 513 296 526 ,
326 490 390 519 οὐδὲ
416 493 515 527 πτῶμα
541 490 635 518 ἔπεσον
659 492 784 517 τοιοῦτοο
803 512 811 524 ,
838 490 895 516 οἷον
926 488 951 516 cl

123 536 272 564 ἀποστάται
288 537 345 573 (79)
368 537 524 574 γενόμονοι.
556 533 667 570 Ἐπειδὴ
698 534 723 563 ἐν
754 534 828 570 αὖτῷ
857 533 951 569 ἐκείνῳ

120 584 162 618 τῷ
181 583 281 618 καιρῷ,
311 580 339 608 ἐν
361 580 401 617 τῷ
423 579 585 615 σαλευθῆναι
612 579 677 612 τοὺς
704 578 788 611 πόδας
817 589 880 615 μου,
909 577 951 605 ἐπ’

121 626 170 663 tle
184 624 486 663 ἐμγαλορῥημόνησαν
511 625 537 652 ol
561 624 657 663 ἐχθροί
688 635 751 661 μου,
776 624 818 651 ἵνα
835 623 873 660 μή
892 633 950 659 μει-

122 671 208 705 ζόνως
232 670 437 708 ἐπικρατήσωσι
458 670 517 697 κατ’
542 669 621 706 ἐμοῦ,
644 668 688 696 ἐπὶ
705 669 734 696 σὲ
747 668 897 706 κατέφυγον
913 668 951 699 ὡς

123 716 166 743 επὶ
181 714 283 751 λιμένα
297 714 447 752 σωτηρίας,
462 714 508 742 τὸν
523 714 567 742 καί
580 713 614 741 τὰ
634 713 729 741 ἀνίατα
745 713 818 751 παρὰ
844 711 950 750 ἀνθρώ-

121 769 184 790 ποις
199 760 249 794 τῆς
265 761 359 796 ψυγῆς
374 758 446 794 πάθη
465 757 591 790 ἰάσασθαι
604 757 764 794 δυνάμενον.

155 806 184 832 7.
210 804 273 832 "Ott
299 803 355 841 ἐγὼ
384 802 423 835 εἲς
452 802 585 841 μάστιγας
611 800 736 839 ἳτοιμος,
766 802 843 836 καὶή
861 800 950 839 ἀλγη-

121 847 175 875 δών
210 858 266 884 μοο
305 847 424 875 ἐνώπιόν
460 847 514 884 μού
549 847 605 874 ἐστι
630 845 785 878 διαπαντός.
811 847 872 875 ’Ότι
901 846 951 880 τήν

1007 266 1118 293 directa
1130 265 1284 302 colligens,
1298 264 1438 293 auxilium
1461 272 1589 300 praesens
1604 265 1720 300 assequi
1735 266 1832 300 cupio.

1007 310 1080 338 Nam
1095 312 1211 338 tametsi
1226 310 1350 346 contigit
1373 311 1406 337 ut
1420 309 1547 336 maxime
1562 309 1700 337 commoti
1725 310 1834 338 fuerint

1007 356 1095 391 pedes
1111 356 1168 383 mei
1184 363 1217 384 eo
1233 357 1365 391 tempore
1380 363 1439 390 quo
1454 363 1504 382 cor
1518 362 1616 381 meum
1627 354 1833 382 conturbatum
1862 363 1866 367 ’

1007 402 1062 435 est,
1075 403 1105 428 et
1119 399 1276 436 dereliquit
1291 407 1338 427 me
1361 399 1453 427 virtus
1474 407 1549 432 mea,
1564 401 1593 426 et
1608 398 1707 427 lumen
1739 399 1834 428 oculo-

1006 453 1072 473 tum
1088 453 1220 473 meorum
1245 453 1302 472 non
1326 446 1388 472 erat
1412 451 1548 478 mecum;
1564 452 1623 471 ΠΟΠ
1639 446 1737 471 tamen
1753 444 1834 479 peni-

1006 491 1054 517 tus
1069 497 1190 517 eversus
1204 497 1282 522 sum,
1298 496 1393 525 neque
1412 487 1442 516 in
1458 488 1547 516 talem
1563 487 1679 515 ruinam
1695 488 1834 524 delapsus

1007 542 1084 569 sum,
1100 534 1129 561 in
1145 533 1263 569 qualem
1279 533 1310 567 ii,
1327 533 1378 569 qui
1401 533 1454 560 abs
1469 535 1497 561 te
1519 541 1640 569 prorsus
1655 533 1834 562 defecerunt.

1006 578 1080 610 Quia
1094 586 1127 606 eo
1141 578 1206 614 ipso
1222 580 1365 614 tempore,
1387 585 1453 605 eum
1477 579 1731 606 commoverentur
1745 578 1834 614 pedes

1007 623 1075 658 mei,
1090 623 1229 651 adversus
1254 631 1300 650 me
1330 631 1437 658 magna
1461 622 1548 650 locuti
1564 624 1634 650 sunt
1648 622 1760 650 inimici
1777 623 1835 651 mei

1006 675 1042 695 ns
1058 668 1198 703 majorem
1211 666 1240 695 in
1257 667 1377 695 modum
1392 669 1493 695 contra
1507 675 1555 695 me
1569 668 1743 703 streperent,
1760 668 1796 695 ad
1807 670 1835 696 to

1005 714 1148 748 tanquam
1163 713 1199 740 ad
1219 712 1324 740 salutis
1350 713 1467 748 portum
1489 711 1616 747 confugi,
1632 712 1682 747 qui
1697 711 1727 739 in
1743 712 1836 740 homi-

1006 757 1094 785 nibus
1110 757 1155 785 vel
1168 757 1349 786 insanabiles
1374 756 1466 784 animi
1497 757 1614 785 morbos
1627 765 1728 785 curare
1743 757 1834 786 vales.

1040 803 1068 829 7.
1083 801 1171 830 Vsus.
1189 802 1232 837 18,
1250 802 1292 830 19.
1319 802 1460 838 Quoniam
1481 809 1529 837 ego
1545 803 1574 829 in
1590 801 1706 836 ﬂagella
1719 806 1836 838 paratus

1004 854 1079 882 eum,
1095 851 1122 875 et
1134 847 1210 875 dolor
1237 855 1313 874 meus
1336 848 1367 875 in
1389 849 1534 882 conspectu
1558 854 1615 874 mea
1635 855 1751 882 semper.
1768 848 1840 881 Quo-

122 892 235 928 ἁνομίαν
270 902 323 929 μου
356 891 410 930 ἐγὼ
443 890 587 929 ἁναγγιλῶ
616 892 661 919 καὶ
693 892 853 928 μεριμνήσω
884 890 949 928 ὑπὲρ

1008 893 1083 919 niam
1104 892 1280 927 iniquitatem
1300 900 1391 920 meam
1406 899 1458 928 ego
1472 892 1655 925 annuntiabo,
1672 894 1699 919 et
1712 893 1836 927 cogitabo

119 941 170 971 τῆς
195 937 334 974 ἁμαρτίας
364 947 428 973 μου.
459 936 603 974 Καταρχὰς
633 935 715 963 εἰπὼν
746 936 811 973 (80),
843 935 886 970 Μὴ
912 937 953 971 τῷ

124 982 203 1018 θυμῷ
230 992 279 1008 σου
308 980 415 1018 ἐλέγξῃς
446 991 490 1016 με,
506 981 549 1008 ἒπὶ
562 983 612 1008 τοῦ
637 980 770 1017 παρόντος
784 979 876 1019 φησίν.
889 981 952 1008 ’Ότι

121 1026 174 1063 ἑγὼ
189 1025 228 1057 εἷς
262 1026 395 1063 μάστιγας
424 1024 548 1062 ἕτοιμος.
576 1025 682 1054 Οὐκοῦν
706 1026 757 1059 τήν
785 1026 838 1061 μὴν
863 1024 949 1062 ὀργῆν

119 1073 291 1108 παραιτεῖται
315 1070 360 1097 καὶ
389 1070 434 1098 τὸν
465 1071 561 1107 θυμὸν,
591 1068 703 1107 ἕτοιμος
725 1069 754 1097 δὲ
778 1069 953 1106 μαστίζισθαι

120 1115 189 1142 εἶναι
214 1114 298 1152 λέγει·
328 1113 384 1142 οἶδε
409 1115 474 1153 γὰρ,
508 1115 551 1142 ὅτι
579 1115 628 1143 "Ov
655 1115 745 1152 ἀγαπᾷ
768 1114 865 1152 Κύριος
892 1124 955 1141 παι-

120 1158 214 1193 δεύει,
257 1162 386 1197 μαστιγοῖ
424 1158 452 1186 δὲ
491 1159 578 1187 πάντα
615 1159 672 1186 υἱὸν
703 1159 732 1186 ὃν
757 1157 952 1197 παραδέχεται.

107 1205 168 1231 ’Διὸ
193 1204 239 1231 καὶ
263 1205 320 1241 (81)
344 1202 425 1242 ἔφερε
451 1204 584 1242 γενναίως
608 1203 656 1234 τὰς
688 1204 816 1240 μάστιγας
838 1204 885 1234 τὶς
910 1202 954 1230 διὰ

119 1251 174 1276 τῶν
191 1248 361 1284 ἰπαλλήλωτ
391 1250 538 1287 συμφορῶν
574 1249 640 1285 μετὰ
654 1248 685 1276 τὸ
712 1248 862 1285 ἁμάρτημα
886 1259 956 1284 συμ,

119 1290 269 1327 ϐεϐηκυίας
283 1293 365 1328 αὐτῷ,
375 1292 404 1324 ἂς
422 1294 439 1328 ἡ
455 1292 562 1330 ἱστορία
576 1295 630 1320 τῶν
647 1291 798 1321 Βασιλειῶν
813 1293 953 1331 περιέχει.

118 1339 170 1365 Καὶ
196 1339 213 1373 ἠ
242 1336 374 1375 ἀλγηδών
405 1348 458 1374 μου
487 1337 602 1365 ἐνώπιόν
629 1337 681 1374 μού
714 1338 768 1365 ἔστι
795 1335 954 1369 διαπαντός.

116 1383 153 1411 Οἱ
179 1383 226 1419 μὲν
252 1382 304 1420 γὰρ
320 1381 423 1410 πολλοὶ
448 1381 537 1417 λήθην
561 1384 702 1409 ποιοῦνται
727 1383 781 1409 τῶν
811 1381 949 1420 προτέρων

119 1427 342 1464 ἁμαρτημάτων,
371 1425 582 1465 ἁδιοιφοροῦντες
612 1426 653 1454 ἔπ’
684 1426 787 1461 αὐτοῖς,
804 1427 849 1454 καὶ
872 1437 952 1454 κατα-

119 1473 295 1509 φρονοῦντες,
326 1471 363 1502 ὡς
394 1470 532 1508 μηδεμιᾶς
566 1470 729 1506 ἐκδικήσεως
753 1471 947 1509 γενησομένης·

120 1517 136 1544 ὁ
161 1515 190 1543 δὲ
211 1516 242 1543 τὸ
269 1514 442 1553 δικαστήριον
453 1518 502 1543 τοῦ
517 1518 584 1543 Θεοῦ
599 1515 652 1553 πρὸ
672 1514 823 1555 ἀφθαλμῶν
840 1514 950 1543 διαπαν-

117 1560 166 1591 τὸς
196 1559 283 1598 ἒχων,
313 1560 358 1588 καὶ
386 1560 587 1596 πεπεισμένος,
619 1561 660 1588 ὅτι
688 1561 783 1592 πάντες
808 1570 948 1598 παραστη-

119 1605 224 1641 σόμεθα
262 1607 304 1641 τῷ
339 1605 442 1642 βήματι
477 1607 525 1632 τοῦ
553 1606 694 1643 Χριστοῦ,

117 1647 233 1681 ἕκαστος
268 1650 303 1677 τὰ
323 1648 367 1677 διὰ
387 1651 437 1677 τοῦ
465 1649 594 1686 σώματος
619 1650 685 1688 πρὸς
710 1650 724 1677 ὃ
754 1648 945 1687 (22)ἓπραξεν,

119 1693 176 1722 εἴτε
210 1693 324 1733 ἀγαθὸν,
356 1693 409 1722 εἴτε
440 1694 564 1732 φαῦλον·
605 1694 631 1722 ἓν
665 1694 766 1733 ἀγωνίᾳ
800 1695 948 1730 καθέστηκε

118 1740 250 1775 πάντοτε,
275 1738 321 1766 καὶ
346 1739 396 1773 τὴν
419 1737 561 1777 ἀλγηδόνα
574 1739 622 1774 τήν
648 1739 673 1766 ἓν
697 1741 732 1777 τῇ
748 1739 842 1767 ἑαυτοῦ
857 1741 946 1778 ψυχῇ,

116 1784 222 1818 ταῦτην
257 1783 380 1811 ἰάσασθαι
420 1783 590 1822 φροντίζων,
631 1784 710 1815 αὐτὸς
749 1785 845 1812 ἑαυτοῦ
883 1795 946 1812 κατ-

119 1831 222 1866 ηγορεῖ
238 1827 282 1855 διὰ
295 1831 348 1856 τῶν
364 1829 434 1865 πρὸς
448 1829 493 1856 τὸν
510 1829 574 1856 Θιὸν
590 1828 823 1867 ἒξνμολογήσεων.
841 1829 887 1856 Διὸ
898 1840 948 1867 φη-

119 1882 173 1899 σιν·
209 1875 241 1900 Ἡ
276 1871 406 1910 ἀλγηδών
437 1884 489 1910 μου
519 1872 634 1900 ἐνώπιόν
673 1874 725 1910 μού
755 1874 809 1901 ἐστι
835 1872 946 1901 διαπαν-

118 1916 179 1951 τὸς,
205 1917 247 1945 ὅτι
276 1918 326 1952 τήν
357 1917 470 1954 ἀνομίαν
503 1928 555 1954 μου
583 1917 636 1956 ὲγώ
665 1917 814 1956 ἁναγγελῶ,
838 1918 882 1946 καὶ
901 1929 947 1955 με-

121 1962 251 1999 ριμνήσω
282 1961 347 2000 ὑπὶρ
367 1966 416 1997 τῆς
437 1962 570 1999 ἁμαρτίας
601 1973 664 1999 μου.
693 1965 793 1997 Ιίιστῆς
814 1961 843 1990 δὲ
857 1964 949 2001 ψυχῆς

120 2006 167 2033 καὶ
194 2003 314 2044 ἀκριϐῶς
337 2006 520 2043 πεπεισμένης
535 2007 596 2045 περὶ
620 2008 669 2042 τῆς
690 2007 805 2045 κρίσεως
819 2007 867 2034 τοῦ
883 2010 949 2035 Θεοῦ

119 2051 303 2088 τυγχάνουσιν
330 2051 357 2077 αὶ
382 2053 505 2078 τοιαῦται
534 2051 630 2090 φωναί.
659 2052 692 2080 O't
722 2050 750 2079 δὲ
774 2051 868 2090 ὶχθροί
898 2062 950 2088 μου

122 2097 202 2130 ζῶσι,
241 2095 285 2122 καὶ
328 2095 539 2133 κεκραταίωνται
576 2096 642 2133 ὑπὲρ
679 2096 738 2132 ἐμὲ·
776 2097 818 2124 καὶ
863 2096 950 2131 ἔπλη-

121 2139 259 2174 θῦνθησαν
294 2140 320 2167 cl
360 2139 502 2176 μισοῦντές
542 2151 575 2177 με
603 2139 714 2172 ἀδίκως.
742 2142 775 2170 Ol
808 2139 950 2168 ἀνταποδι-

122 2181 216 2214 δόντες
257 2193 304 2220 μοι
342 2183 410 2211 κατὰ
448 2185 504 2221 (83)
543 2184 601 2212 ἀντὶ
629 2185 747 2222 ἀγαθῶν,
775 2182 949 2213 ἑνδιέϐαλλόν

124 2237 159 2264 μι
189 2227 248 2255 ἐπεὶ
286 2227 450 2256 κατιδίωκον
492 2229 687 2267 ἁγαθωσύνην.
727 2231 773 2264 Μὴ
811 2230 951 2268 ἑγκαταλί-

1006 945 1059 973 pro
1073 941 1180 973 peccato
1204 946 1273 966 meo.
1290 938 1448 973 Postquam
1477 937 1560 965 initio
1583 937 1673 965 dixit:
1688 940 1727 966 Ne
1740 938 1769 965 in
1792 940 1836 973 fu-

1008 990 1070 1010 rore
1085 986 1132 1010 tuo
1153 991 1257 1018 arguas
1271 991 1327 1017 me,
1350 991 1428 1010 nunc
1445 981 1485 1009 ait
1499 990 1505 1010 :
1524 983 1659 1016 Quoniam
1682 990 1729 1018 ego
1744 983 1773 1010 in
1786 983 1837 1018 ﬂa-

1007 1027 1080 1062 gella
1097 1029 1213 1063 paratus
1226 1035 1297 1054 sum.
1313 1029 1416 1063 Itaque
1432 1026 1506 1054 iram
1522 1027 1643 1063 quidem
1660 1035 1693 1054 ac
1708 1026 1837 1055 furorem

1008 1073 1193 1108 deprecatur,
1210 1074 1345 1108 paratum
1361 1080 1428 1099 vero
1443 1080 1474 1099 se
1485 1079 1549 1100 esse
1565 1072 1600 1099 ad
1620 1071 1735 1107 ﬂagella
1755 1071 1836 1100 dicit.

1009 1117 1094 1145 Novit
1108 1116 1186 1144 enim
1215 1116 1293 1151 quod
1319 1117 1403 1151 Quem
1430 1116 1525 1152 diligit
1553 1117 1694 1151 Dominus,
1710 1117 1836 1151 corripit,

1008 1161 1131 1197 ﬂagellat
1145 1163 1241 1189 autem
1251 1169 1358 1189 omnem
1367 1161 1462 1196 ﬁlium
1472 1169 1553 1196 quem
1568 1161 1669 1197 recipit
1682 1161 1716 1188 ’³.
1728 1162 1837 1194 Quam-

1010 1206 1108 1234 obrem
1129 1206 1216 1233 etiam
1233 1207 1351 1234 strenue
1367 1205 1485 1242 pertulit
1500 1205 1626 1240 ﬂagella,
1643 1214 1706 1241 quas
1724 1213 1776 1241 per
1789 1214 1836 1233 ca-

1009 1250 1156 1278 lamitates
1171 1250 1244 1278 alias
1260 1250 1325 1278 aliis
1337 1251 1524 1278 succedentes
1534 1252 1600 1286 post
1615 1252 1767 1286 peccatum
1779 1250 1836 1286 ipsi

1010 1295 1187 1327 acciderunt,
1205 1303 1327 1332 quisque
1342 1295 1549 1332 complectitur
1564 1297 1730 1331 Regnorum
1743 1295 1836 1323 histo-

1009 1340 1062 1368 ria.
1076 1342 1108 1368 Et
1117 1340 1194 1368 dolor
1206 1349 1282 1368 meus
1297 1341 1329 1368 in
1344 1345 1486 1376 conspectu
1504 1348 1564 1368 meo
1579 1342 1741 1376 estsemper.
1754 1339 1837 1367 Multi

1010 1385 1128 1421 quidem
1145 1386 1273 1421 priorum
1285 1387 1472 1421 peccatorum
1483 1385 1706 1419 obliviscuntur,
1723 1383 1836 1412 nullum

1009 1437 1110 1457 eorum
1138 1429 1280 1457 habentes
1312 1430 1468 1461 rationem,
1493 1437 1526 1456 ac
1546 1437 1580 1456 ea
1604 1430 1835 1463 contemnentes,

1009 1474 1093 1509 quasi
1120 1473 1202 1501 nulla
1227 1474 1326 1501 futura
1354 1473 1393 1501 sit
1422 1473 1512 1507 ultio;
1531 1473 1580 1509 qui
1596 1480 1663 1500 vero
1687 1472 1834 1508 judicium

1009 1518 1059 1546 Dei
1072 1518 1181 1554 iugiter
1200 1518 1288 1545 habet
1315 1518 1352 1545 ob
1380 1517 1491 1551 oculos,
1507 1517 1644 1553 credique
1672 1520 1749 1545 certo
1765 1517 1835 1551 fore,

1009 1565 1041 1590 ut
1066 1570 1167 1590 omnes
1197 1570 1294 1590 coram
1325 1562 1433 1590 Christi
1461 1561 1601 1590 tribunali
1630 1562 1781 1596 sistumur,
1803 1564 1837 1590 ut

725 1604 769 1632 ἵνα
801 1604 946 1641 κομίσηται

1008 1609 1131 1642 reportet
1151 1607 1357 1643 unusquisque
1381 1615 1425 1640 ea,
1456 1615 1522 1642 qua)
1549 1607 1626 1634 ﬁunt
1655 1614 1706 1642 per
1719 1591 1835 1642 corpus,

998 1652 1084 1687 juxta
1101 1651 1129 1678 id
1146 1652 1222 1687 quod
1240 1651 1317 1684 fecit,
1333 1652 1392 1679 sive
1409 1652 1529 1686 bonum,
1550 1651 1609 1679 sive
1631 1650 1742 1678 malum
1759 1651 1794 1684 ³³,
1810 1651 1835 1679 is

1003 1696 1034 1724 in
1059 1696 1203 1724 anxietate
1231 1696 1370 1724 continuo
1399 1698 1544 1729 versatur,
1571 1698 1600 1723 et
1624 1695 1702 1723 hunc
1732 1696 1835 1723 animae

1003 1749 1063 1768 suae
1079 1740 1208 1768 dolorem
1233 1748 1337 1768 sanare
1367 1740 1501 1775 studens,
1529 1749 1580 1776 per
1595 1748 1665 1768 suas
1689 1740 1724 1768 ad
1743 1742 1833 1768 Deum

1003 1785 1204 1813 confessiones
1235 1793 1266 1813 se
1294 1785 1358 1821 ipse
1397 1787 1526 1812 accusat.
1557 1785 1625 1812 Ideo
1651 1785 1718 1812 sit:
1748 1785 1835 1812 Dolor

1004 1837 1083 1857 meus
1108 1830 1138 1857 in
1165 1831 1310 1866 conspectu
1335 1837 1395 1857 meo
1423 1834 1463 1857 est
1488 1837 1594 1865 temper
1622 1829 1751 1865 quoniam
1779 1830 1836 1857 ini-

1005 1875 1141 1910 quitatem
1156 1882 1246 1902 meam
1277 1882 1325 1909 ego
1342 1874 1515 1902 annuntiabo
1533 1879 1559 1902 et
1574 1874 1696 1908 cogitabo
1710 1882 1759 1910 pro
1773 1881 1837 1910 pec-

1005 1924 1065 1948 cato
1079 1927 1148 1947 meo.
1165 1919 1251 1947 'lales
1279 1927 1365 1955 porro
1394 1921 1464 1946 sunt
1487 1927 1573 1946 voces
1600 1919 1703 1947 animai
1720 1918 1793 1954 ﬁdis,
1809 1920 1837 1946 et

1006 1973 1070 2000 quae
1086 1964 1141 1992 sibi
1156 1964 1321 1992 certissime
1337 1963 1518 1999 persuaserit
1531 1963 1678 1999 judicium
1695 1963 1746 1991 Dei
1762 1964 1838 2002 l'utu-

1005 2017 1082 2037 rum.
1095 2008 1182 2036 Vsus.
1197 2009 1294 2036 20-23.
1307 2009 1419 2036 Inimici
1433 2013 1525 2036 autem
1542 2009 1596 2036 mei
1606 2009 1715 2042 vivunt,
1731 2012 1757 2036 et
1771 2016 1838 2036 con-

1005 2053 1111 2089 ﬁrmati
1124 2056 1187 2080 sunt
1210 2061 1293 2088 mper
1304 2061 1365 2080 me:
1382 2055 1407 2080 et
1424 2053 1609 2088 multiplicati
1633 2056 1696 2080 sunt
1711 2053 1762 2088 qui
1772 2052 1837 2080 ode-

1006 2101 1074 2126 runt
1089 2105 1132 2125 me
1146 2098 1250 2133 inique.
1267 2098 1321 2132 Qui
1344 2098 1500 2124 retributh
1514 2096 1585 2124 mihi
1598 2097 1672 2124 mala
1686 2105 1734 2132 pro
1748 2097 1834 2124 bonis.

1007 2142 1189 2171 detrahebant
1203 2142 1284 2177 mihi,
1312 2142 1445 2177 quoniam
1470 2141 1603 2177 sequebar
1623 2141 1781 2169 bonitatem.
1799 2141 1836 2169 Ne

1007 2187 1182 2223 derelinquas
1195 2194 1249 2220 me,
1266 2186 1379 2214 Domine
1393 2186 1464 2214 Deus
1490 2193 1567 2214 mea:
1579 2193 1614 2213 ne
1625 2195 1634 2212 :
1647 2186 1801 2214 discesseris
1816 2194 1836 2214 a

1007 2240 1060 2260 me.
1082 2231 1193 2260 Intende
1212 2231 1243 2259 in
1266 2231 1434 2267 adjutoriuut
1463 2239 1567 2266 meum,
1596 2231 1710 2258 Domine
1737 2231 1836 2259 saluti:

121 2282 177 2309 τηις
203 2282 249 2308 με,
266 2273 348 2310 Κύριε
376 2273 390 2300 ὁ
415 2273 480 2305 Θεός
510 2284 573 2310 μου,
603 2275 641 2311 μὴ
657 2275 776 2312 ἀποστῇς
800 2276 844 2302 ἀπ’
869 2276 947 2312 ἐμοῦ,

1008 2284 1080 2305 mea.
1103 2275 1240 2304 Omnium
1264 2275 1451 2304 inimicorum
1476 2283 1597 2303 suorum
1623 2275 1834 2310 reminiscitur,

123 2317 248 2354 Πρός-χες
283 2317 322 2349 εἰς
354 2318 403 2352 τήν
439 2319 566 2356 βοήθειάν
594 2329 656 2356 μου,
687 2319 767 2356 Κύριε
790 2323 840 2355 τῆς
866 2325 953 2355 σωτὴ-

125 2360 184 2398 ρίας
197 2372 262 2397 μου.
295 2362 405 2390 Πάντων
432 2363 485 2390 τῶν
503 2363 608 2401 ἐχθρῶν
633 2363 715 2391 αὐτοῦ
733 2363 882 2401 μέμνηται,
897 2368 950 2393 τῶν

125 2405 168 2433 ὶπὶ
200 2406 251 2440 τὴν
277 2406 410 2444 ἁμαρτίαν
443 2407 522 2435 αὐτὸν
548 2409 763 2447 κατασυρέντων,
790 2409 902 2437 ἱκετεύει
924 2421 953 2438 τε

125 2451 170 2477 καὶ
184 2451 340 2489 παρακαλεῖ
363 2452 401 2488 μὴ
418 2452 568 2487 ἀποστῆναι
583 2452 664 2480 αὐτοῦ
678 2453 724 2481 τὸν
741 2453 848 2492 Κύριον.
865 2455 954 2492 Ἐώρα

125 2495 177 2533 γὰρ
203 2495 268 2527 τοὺς
308 2496 426 2535 ἐχθροὺς
457 2497 502 2524 καὶ
540 2499 586 2524 νῦν
625 2498 686 2535 περὶ
722 2498 800 2526 αὐτὸν
837 2499 954 2533 ἑστῶτας

163 2568 186 2585 ³³
198 2568 282 2596 Prov.
312 2577 356 2605 tu,
384 2569 436 2604 t2;
468 2569 552 2598 Hebr.
582 2578 633 2605 xu,
646 2571 673 2605 6,
690 2571 713 2589 ”
737 2571 762 2599 ΙΙ
784 2571 850 2599 Cor.
866 2579 894 2606 v,
910 2572 956 2600 10.

232 2639 355 2669 Codices
365 2641 434 2677 duo,
446 2640 590 2679 λεγόμενα.
607 2642 712 2671 Statim
725 2651 803 2672 unus
820 2652 892 2672 mss.
907 2654 954 2680 μοι

163 2686 307 2752 ίῗξῗὲοετ
329 2713 478 2752 εεσιιιξάιιε
502 2713 857 2752 αάάίινιιουσμΑιίίιυθηίο
887 2717 954 2752 9°“

127 2747 216 2788 editio
242 2747 347 2782 Paris.,
365 2747 456 2788 πόδας
472 2759 538 2788 μου,
562 2749 607 2788 καὶ
620 2747 666 2788 inf
689 2747 850 2787 itit-Deest
863 2747 908 2778 κάι
923 2752 952 2779 in

127 2784 221 2811 tribus
238 2792 323 2817 mss.,
340 2793 392 2812 nec
408 2784 529 2813 dubium
546 2786 618 2817 quin
633 2784 736 2816 abesse
751 2788 866 2816 debeat.

164 2819 216 2855 (80)
234 2819 305 2857 Reg.
322 2820 437 2858 tertius,
453 2820 537 2849 ιῒπὼν
552 2819 644 2860 Κύριε,

1006 2321 1056 2357 qui
1073 2329 1139 2349 eum
1154 2321 1189 2348 ad
1205 2323 1357 2356 peccatum
1370 2322 1571 2356 pertraxerunt
1584 2328 1590 2348 :
1608 2323 1637 2348 et
1651 2319 1835 2356 supplicibus

1006 2366 1104 2394 verbis
1130 2368 1194 2394 orat
1217 2374 1250 2393 ac
1275 2368 1411 2401 precatur
1427 2365 1595 2400 Dominum,
1612 2367 1644 2393 ut
1669 2372 1704 2392 ne
1719 2364 1755 2392 ab
1771 2365 1836 2401 ipso

1008 2411 1149 2439 discedat.
1165 2410 1289 2438 Videbat
1304 2411 1382 2438 enim
1408 2410 1544 2438 inimicos
1560 2410 1648 2438 etiam
1665 2418 1742 2438 nunc
1758 2410 1836 2438 circa

1008 2463 1040 2483 se
1053 2457 1176 2490 stantes,
1189 2455 1437 2491 imminentesque
1448 2455 1504 2482 sibi
1518 2464 1524 2489 ;
1541 2462 1594 2482 nec
1606 2454 1702 2491 priore
1718 2455 1791 2482 871
1805 2455 1835 2482 in

1009 2500 1107 2536 ipsum
1124 2499 1248 2529 audacia
1262 2502 1424 2528 contentos.
1442 2501 1624 2536 Quapropter
1639 2499 1783 2529 sollicitus
1798 2506 1835 2528 ne

1044 2644 1100 2680 (81)
1116 2643 1163 2672 Sic
1178 2644 1208 2672 in
1224 2644 1426 2680 duobusrmss.
1442 2644 1546 2680 Deerat
1559 2641 1647 2680 xatin
1662 2640 1758 2680 editis.
1775 2640 1833 2680 Ibl_-

1008 2675 1075 2718 dem
1091 2675 1161 2718 Reg.
1191 2681 1306 2718 tertius,
1333 2679 1411 2718 ἔφερε
1434 2678 1637 2718 γενναίως-’τήν
1666 2675 1769 2718 ἄμυναν
1785 2676 1831 2718 καὶ

1008 2716 1054 2747 τὰς
1071 2713 1210 2752 μάστῗγας-
1241 2713 1358 2745 Strenue
1380 2713 1487 2752 ferebat
1503 2715 1695 2752 vg'natetqm_et
1710 2713 1830 2752 flagella.

1054 2746 1100 2788 8'2)
1116 2746 1242 2788 Ita‘iieg.
1261 2746 1408 2780 secundus
1423 2759 1490 2788 cum
1507 2749 1594 2776 Coisl.
1612 2749 1698 2781 Editi,
1719 2746 1773 2777 an

1055 2789 1098 2824 83)
1112 2787 1231 2818 Codices
1247 2790 1316 2822 tres,
1333 2794 1402 2822 πονη
1408 2787 1450 2824 pot.
