2018 3146
193 149 253 178 103

659 147 858 178 APPENDIX
877 148 1042 180 OPERUM
1062 150 1094 180 S.
1119 149 1260 181 BASIL"
1283 150 1424 182 MAGNI.

1840 155 1898 186 104

190 215 299 243 iterum
313 213 343 242 in
353 214 471 242 eosdem
483 214 604 246 incidat,
615 213 770 248 vigilanter
789 214 948 243 admodum
960 216 1010 243 ait:

1069 215 1114 242 καὶ
1141 214 1339 252 ἐπικειμένους,
1358 215 1428 253 μηδὶ
1453 218 1509 254 (84)
1533 219 1566 254 τῇ
1586 226 1706 256 siposqu
1730 219 1792 246 κατ’
1819 219 1898 247 αὐτοῦ

193 260 309 287 lm'minz'
322 264 414 287 autem
432 260 488 286 mei
507 259 614 286 vivunt.
631 258 693 285 Non
709 258 788 286 enim
810 259 917 287 mortui
933 262 1015 292 sunt,

191 313 286 340 neque
299 304 349 331 ubi
378 303 466 331 semel
491 303 520 330 in
538 311 584 330 me
612 303 729 338 quidvis
745 303 840 331 moliti
856 307 936 337 sunt,
961 305 1014 332 ab-

190 349 296 376 ierunt.
313 348 645 384 Ouapropterscriptum
657 350 716 375 est:
733 348 771 375 Ne
787 349 894 376 beatum
907 349 1015 377 diceris

189 394 281 420 virum
296 395 359 420 ante
374 397 488 420 mortem
504 393 589 427 ipsius
609 392 641 418 ²⁸.
659 391 785 425 Vivunt;
802 393 861 420 imo
877 401 943 420 vero
960 401 1014 420 nu-

190 445 268 464 mero
281 437 368 472 aucti,
391 436 554 464 conﬁrmati
571 439 640 464 sunt
654 444 742 471 super
758 444 811 464 me.
829 436 1014 472 Multiplicati

189 483 260 509 sunt
270 481 346 509 enim
363 481 549 516 quioderuut
562 489 617 513 me,
634 483 662 508 et
678 481 727 516 qui
744 481 945 509 retribuebant
960 482 1013 509 mi-

189 526 216 553 bi
236 526 312 554 malo
329 533 380 561 pro
406 525 510 552 bonis:
528 525 576 560 qui
600 526 724 552 necdum
749 525 890 555 desinunt
904 534 951 553 me
966 534 1013 553 ca-

186 569 336 604 lumniari,
354 570 431 605 quod
448 570 554 597 bonam
579 569 800 604 salutaremque
819 570 897 597 viam
914 578 1012 606 perse-

186 623 269 651 quar,
287 622 358 642 mea:
370 614 534 642 invidentes
550 613 649 642 saluti.
666 615 860 645 Quamobrem
877 615 1012 650 supplico

185 667 219 686 ac
235 667 304 695 rogo
330 666 365 685 ne
381 657 569 693 derelinquas
586 666 643 691 me,
660 658 792 686 Domine.
816 658 918 694 Neque
933 660 1011 686 enim

184 703 265 731 solus
281 703 392 739 possim
414 703 554 730 adversus
577 704 621 730 tot
636 711 669 730 ac
685 705 782 730 tantos
807 703 952 731 resistere.
968 704 1011 731 Tu

184 747 284 783 igitur,
302 750 377 774 Deus
393 755 487 780 meus,
505 755 540 774 ne
553 747 688 774 discedas
700 755 716 774 a
730 754 786 781 me,
803 747 853 774 sed
871 747 951 776 adsis
960 749 1011 775 mi.

184 792 214 819 hi
226 792 343 826 adjutor
359 798 489 826 meisque
500 791 605 819 salutis
621 793 734 819 custos.

184 814 804 872 Ξέιξσῖιῖξῖπῖὲῷέζζτᾶξὲξζέῐιῖιζῗρέηθδς
821 835 866 863 καὶ
882 834 968 873 φύλαξ
983 814 1057 869 τςζςι

433 962 469 990 ΙΝ
490 962 659 990 PSALMUM
679 962 755 990 CXV.

218 1009 244 1035 1.
261 1008 345 1035 Vsus.
363 1008 388 1041 1,
399 1009 426 1034 2.
458 1006 568 1034 Credidi
581 1011 693 1042 propter
708 1007 779 1042 quod
805 1006 912 1034 locutus
927 1015 1007 1039 sum;

180 1061 229 1088 ego
251 1054 343 1080 autem
371 1052 533 1079 humiliatus
552 1060 615 1079 sum
637 1052 731 1079 nimis.
753 1052 810 1086 Ego
835 1057 929 1079 autem
944 1052 1008 1080 dixi

181 1098 209 1125 in
221 1105 332 1125 excessu
347 1105 425 1124 meo:
442 1097 539 1125 Omnis
555 1095 635 1124 homo
650 1096 777 1124 mendax.
795 1096 879 1124 Fides
894 1105 1006 1124 sermo-

181 1142 268 1170 nibus
284 1141 335 1177 qui
347 1142 382 1168 de
398 1143 455 1168 Deo
467 1142 551 1175 ﬁunt,
568 1143 691 1175 praseat:
710 1141 793 1174 ﬁdes,
810 1149 868 1168 non
884 1141 1005 1169 demon-

180 1186 293 1214 stratio.
310 1186 404 1219 Fides,
422 1194 486 1221 quas
501 1185 632 1212 animum
649 1185 684 1212 ad
700 1186 901 1213 assensionem
915 1186 1006 1214 trahit

180 1231 286 1267 magis,
303 1238 392 1266 quam
413 1229 553 1264 methodi,
570 1229 681 1257 ratione
696 1230 803 1257 innixae
817 1237 823 1257 :
841 1230 924 1264 ﬁdes,
941 1238 1004 1266 quas

179 1284 237 1303 non
250 1274 424 1303 necessariis
432 1274 598 1310 geometriae
611 1273 804 1307 illationibus,
817 1274 866 1301 sed
878 1274 1003 1310 Spiritus

178 1319 272 1348 sancti
288 1327 377 1355 opera
395 1319 538 1355 gignitur.
556 1319 586 1346 In
600 1319 713 1346 nomine
726 1318 803 1346 Iesus
823 1318 929 1346 Christi
943 1321 1002 1348 Να-

177 1365 283 1398 zareni,
297 1371 377 1399 surge
389 1365 414 1391 et
437 1363 551 1390 ambula
566 1363 598 1390 ".
622 1365 703 1390 Hanc
718 1370 816 1390 vocem
842 1371 1002 1398 conseque-

178 1409 264 1436 batur
279 1416 353 1444 opus
367 1416 418 1443 per
441 1407 592 1442 Spiritum.
610 1407 649 1434 Ex
673 1407 727 1434 hoc
743 1405 884 1434 miraculo
904 1416 921 1434 a
936 1416 1002 1443 spe-

178 1453 339 1480 ctatoribus
359 1451 524 1480 necessario
546 1451 677 1479 admissa
701 1454 746 1479 est
766 1451 914 1487 Unigeniti
927 1452 1001 1479 divi-

178 1497 265 1525 nitas.
280 1496 347 1524 Ulra
359 1504 415 1530 res,
433 1497 478 1524 dic
490 1496 571 1530 mibi,
585 1496 679 1532 magis
694 1497 729 1523 ad
742 1504 896 1524 assensum
912 1498 1000 1532 cogit,

177 1537 451 1572 propositionumne
475 1544 567 1564 nexus
598 1545 757 1572 congruam
782 1537 1000 1565 conclusionem

177 1590 277 1609 secum
293 1580 484 1615 attrahentes,
512 1590 548 1609 an
570 1582 668 1616 potius
686 1583 802 1609 tantum
823 1581 999 1609 miraculum

178 1626 326 1653 evidenter
340 1627 539 1660 conspectum,
557 1634 672 1653 omnem
688 1625 848 1653 humanam
862 1626 998 1653 virtutem

178 1669 381 1705 exsuperans?
396 1672 532 1697 Attamen
548 1669 711 1697 etiamnum
732 1670 834 1698 isthaac
859 1678 916 1697 non
933 1678 1000 1706 pro-

179 1715 293 1748 bantur,
311 1722 407 1750 neque
429 1713 556 1750 Spiritus
581 1722 669 1750 opera
683 1715 811 1742 sermoni
828 1714 877 1749 qui
893 1714 928 1741 de
945 1717 1001 1742 Deo

177 1761 223 1787 est
238 1759 325 1787 ﬁdem
340 1759 461 1792 faciunt,
478 1759 529 1786 sed
546 1759 708 1787 artiﬁciosa:
724 1759 999 1792 demonstrationes,

175 1812 256 1840 spem
272 1804 302 1832 in
314 1804 472 1832 mundanae
486 1804 636 1839 sapientia:
653 1803 893 1839 persuasionibus
910 1803 998 1831 collo-

174 1852 284 1882 cantes,
299 1857 357 1877 non
379 1849 408 1877 in
434 1848 503 1876 forti
518 1851 546 1876 et
569 1849 647 1876 clara
661 1848 787 1884 Spiritus
813 1848 998 1883 revelatione,

174 1901 274 1929 quam,
292 1901 342 1929 per
361 1901 410 1920 eos
433 1892 482 1928 qui
498 1893 528 1920 in
544 1892 735 1928 simplicitate
750 1892 846 1920 cordis
862 1893 935 1920 citra
948 1901 998 1920 cu-

171 1938 333 1966 riositatem
342 1938 465 1966 credunt
474 1938 542 1971 Deo,
550 1938 586 1966 ob
598 1937 752 1966 mullorem
761 1937 886 1965 salutem
899 1941 997 1966 osten-

171 1983 224 2010 dit.
241 1983 296 2010 Sed
309 1983 421 2010 utinam
432 1985 460 2010 et
475 1982 548 2010 mihi
559 1982 710 2017 contingat
721 1983 809 2018 digne
824 1982 952 2014 credere,
965 1985 998 2010 ut

171 2035 249 2055 nunc
263 2035 374 2062 magna)
390 2026 458 2054 huic
477 2026 525 2054 Dei
555 2026 689 2054 Ecclesia;
716 2026 803 2054 verba
818 2027 949 2062 quinque
965 2026 995 2054 in

170 2075 268 2100 mente
284 2079 350 2099 mea
364 2072 467 2099 dicam.
489 2074 582 2107 Atque
597 2079 682 2098 nemo
698 2070 776 2098 hunc
795 2071 918 2100 irrideat
932 2079 994 2099 ser-

169 2125 296 2150 monem,
306 2117 390 2152 quasi
399 2125 453 2144 nos
461 2117 525 2144 sine
538 2116 598 2144 ulla
606 2116 776 2152 probatione
789 2118 822 2143 ad
833 2116 994 2144 assentien-

168 2162 238 2189 dum
246 2162 282 2189 iis
290 2170 354 2197 qua:
369 2162 506 2196 dicimus,
514 2162 664 2190 audientes
673 2162 859 2189 inducamus.
869 2162 994 2189 Necesse

167 2208 212 2233 est
223 2205 301 2233 enim
315 2205 477 2240 disciplinas
500 2205 631 2240 cujusvis
647 2206 791 2242 principia
811 2206 884 2233 citra
900 2205 991 2233 ullam

166 2249 369 2286 probationem
379 2249 456 2276 tradi
465 2249 662 2283 discentibus;
673 2257 740 2277 cum
747 2250 808 2278 ﬁeri
818 2258 876 2277 non
886 2250 990 2286 possit,

201 2299 224 2317 “
239 2298 324 2326 Eccli.
340 2306 379 2334 x1,
395 2298 439 2325 30.
457 2298 479 2315 ²⁵
495 2300 558 2327 Act.
585 2307 628 2332 Ill,
644 2300 670 2326 6.

1071 259 1162 297 τόλμῃ
1192 261 1386 297 ἀρκουμένους.
1410 262 1456 289 Διὸ
1483 262 1607 299 ἀγωνιῶν
1638 264 1675 299 μὴ
1708 262 1752 290 καὶ
1776 261 1900 299 δεύτερον

1070 307 1128 334 τοῖς
1158 304 1249 335 αὐτοῖς
1278 306 1420 342 περιπέσῃ,
1451 305 1554 344 σφόδρα
1583 306 1770 345 ἐγρηγερότως
1802 309 1892 345 φησίν·

1070 349 1101 374 O't
1128 347 1156 375 δὲ
1182 348 1276 387 ἐχθροί
1307 360 1359 386 μου
1387 353 1478 384 ζῶσιν.
1509 351 1548 379 Οὐ
1577 352 1626 389 γὰρ
1642 353 1813 387 τεθνήκασιν,
1837 351 1897 380 οὐδέ

1070 393 1138 428 ἅπαξ
1164 393 1355 431 ἐνεργήσαντες
1379 395 1520 432 παρῆλθον
1539 405 1546 412 '
1582 394 1624 423 διὸ
1652 396 1820 434 γέγραπται.·
1851 397 1894 431 Μὴ

1072 438 1224 475 μακαρίσῃς
1264 437 1345 476 ἄνδρα
1382 440 1434 477 πρὸ
1472 439 1601 475 τελευτῆς
1641 441 1748 469 αὐτοῦ.
1788 444 1894 468 Ζῶσιν·

1071 481 1144 508 me
1172 482 1216 509 καὶ
1244 483 1454 521 κεκραταίωνται
1484 484 1597 516 πλείους
1626 483 1702 516 ὄντες
1739 486 1807 522 ὑπὲρ
1837 486 1893 522 ἐμὲ.

1069 526 1293 563 Ἐπληθύνθησαν
1322 529 1373 566 γὰρ
1403 529 1429 556 οἱ
1459 529 1600 565 μισοῦντές
1617 540 1660 566 με,
1676 530 1721 557 καὶ
1737 531 1763 557 οἳ
1779 530 1894 557 ἀνταπο-

1069 569 1187 602 διδόντες
1219 583 1264 608 μοι
1293 573 1361 600 κατᾶ
1385 574 1441 601 ἀντί
1472 573 1592 611 ἀγαθῶν
1619 573 1716 605 οἵτινες
1742 575 1818 602 οὕπω
1847 575 1890 602 καὶ

1067 617 1112 642 νῦν
1142 616 1271 644 παύονται
1303 616 1526 649 ἐνδιαϐάλλοντὲς
1558 629 1602 656 με,
1632 618 1689 646 ἐπεὶ
1713 620 1762 653 τήν
1788 619 1890 657 ἀγαθὴν

1067 660 1111 687 καὶ
1121 662 1255 699 σωτήριον
1270 661 1332 689 ὁδὸν
1346 661 1752 702 μεταδιώκω,διαφθονούμενοί
1771 674 1824 700 μου

1065 707 1100 741 τῇ
1128 706 1260 742 σωτηρίᾳ,
1283 706 1384 734 Τούτου
1409 706 1489 745 χάριν
1506 707 1618 735 ἱκετεύω
1647 708 1692 735 καὶ
1715 707 1824 744 δέομαι,
1851 709 1887 745 μὴ

1067 748 1248 786 ἐγκαταλίπῃς
1278 761 1320 786 με,
1348 750 1437 788 Κύριε·
1464 751 1548 788 μόνος
1577 752 1629 790 γὰρ
1655 753 1724 790 πρὸς
1743 753 1891 784 τοσούτους

1066 793 1119 830 οὐχ
1145 794 1203 825 οἷός
1216 795 1240 821 τ’
1255 793 1284 821 ἂν
1302 794 1359 830 εἷήν
1375 795 1506 833 ἀντέχειν.
1528 795 1566 822 Σὺ
1582 795 1639 830 οὖν,
1657 796 1670 824 ὁ
1687 796 1752 828 Θεός
1770 807 1834 833 μου,
1854 798 1890 834 μή

1061 840 1114 874 μῆς
1130 837 1274 875 σωτηρίας.

1268 957 1323 984 ΕΙΣ
1344 956 1412 985 ΤΟΝ
1433 957 1495 984 PIE'
1514 957 1678 985 ΨΑΛΜΟΝ.

1102 1001 1126 1028 1.
1157 1000 1326 1034 Ἐπίστευσα,
1367 999 1408 1027 διὸ
1445 1000 1578 1036 ἐλάλησα·
1619 1001 1674 1038 ὶγὼ
1716 1000 1745 1029 δὶ
1787 1001 1890 1030 ἐταπει-

1062 1045 1151 1080 νώθην
1178 1043 1295 1084 σφόδρψ
1326 1045 1378 1083 ἐγὼ
1409 1044 1438 1072 δὲ
1464 1046 1524 1073 εἶπα
1554 1046 1579 1073 ἐν
1609 1048 1643 1083 τῇ
1673 1046 1794 1074 ἐκστάσει
1826 1057 1886 1083 μου”

1063 1090 1118 1120 Ila:
1147 1088 1289 1127 ἄνθρωπος
1317 1090 1445 1125 ψεύστης.
1477 1090 1569 1121 Πίστις
1595 1091 1717 1125 ἡγείσθω
1743 1094 1796 1118 τῶν
1827 1092 1888 1130 περὶ

1062 1136 1128 1161 Θεοῦ
1151 1133 1239 1172 λόγων
1260 1145 1265 1150 ·
1296 1134 1396 1168 πίστις,
1426 1135 1470 1162 ναὶ
1497 1135 1535 1171 μή
1563 1134 1709 1170 ἀπόδειξις.
1741 1135 1845 1170 Πίστις,
1869 1137 1886 1170 ἡ

1062 1178 1127 1215 ὑπὲρ
1156 1179 1202 1209 τὰς
1223 1177 1336 1216 λογικὰς
1364 1178 1495 1216 μεθόδους
1509 1181 1566 1216 (86)
1579 1180 1628 1213 τὴν
1652 1181 1744 1217 ψυχὴν
1764 1179 1802 1211 εἷς
1819 1191 1885 1217 συγ-

1059 1222 1198 1250 κατάθεσιν
1237 1221 1364 1250 ἕλκουσω
1401 1224 1509 1257 πίστις,
1544 1224 1598 1261 οὐχ
1637 1225 1654 1258 ἡ
1689 1227 1884 1262 γεωμετρικαῖς

1060 1267 1198 1304 ἀνάγκαις,
1228 1267 1289 1295 ἀλλ’
1317 1269 1334 1302 ἠ
1361 1270 1419 1298 ταῖς
1435 1271 1483 1295 τοῦ
1499 1268 1657 1305 ΙΙνεύματος
1677 1267 1823 1306 ἐνεργείαις
1840 1269 1883 1307 ἐγ-

1057 1313 1204 1349 γινομένη.
1243 1313 1286 1341 Ἐν
1321 1315 1361 1349 τῷ
1398 1312 1513 1350 ὀνόματι
1552 1314 1642 1348 Ἰησοῦ
1682 1314 1799 1351 Χριστοῦ
1833 1315 1881 1341 τοῦ

1057 1357 1232 1395 Ναζωραίου,
1258 1356 1360 1394 ἔγειραι
1391 1358 1447 1394 (87)
1476 1358 1521 1385 καὶ
1550 1357 1701 1395 περιπάτει.
1727 1358 1815 1395 Ταύτῃ
1846 1359 1882 1394 τῇ

1057 1403 1133 1440 φωνῇ
1167 1401 1346 1436 ἐπηκολούθει
1374 1402 1405 1429 τὸ
1432 1400 1511 1440 ἔργον
1529 1401 1574 1430 διὰ
1588 1404 1635 1430 τοῦ
1651 1402 1817 1438 Πνεύματος.
1836 1403 1882 1431 Ἐκ

1055 1447 1104 1472 τοῦ
1128 1447 1263 1482 θαύματος
1277 1446 1408 1484 ἀναγκαία
1435 1447 1452 1481 ἡ
1466 1445 1610 1484 παραδοχὴ
1624 1448 1674 1481 τῆς
1689 1446 1816 1481 θεότητος
1832 1449 1881 1474 τοῦ

1057 1489 1223 1527 Μονογενοῦς
1247 1492 1305 1520 τοῖς
1329 1490 1427 1527 ὁρῶσιν
1449 1490 1561 1528 ἐγίνετο.
1587 1491 1620 1519 Τί
1646 1490 1880 1528 ἀναγκαστικώτε-

1057 1544 1102 1571 ρον
1133 1533 1169 1565 εἰς
1194 1535 1249 1571 (88)
1280 1535 1470 1572 συγκατάθεσιν
1505 1535 1575 1572 (εἰπὲ
1606 1536 1683 1572 μοι);
1724 1535 1880 1573 προτάσεων

1055 1578 1156 1606 πλοκαὶ
1184 1579 1215 1606 τὸ
1244 1579 1426 1616 συμπερασμα
1454 1579 1604 1612 ἀκόλουθον
1636 1580 1740 1610 ἑαυταῖς
1771 1579 1883 1619 ἐφελκό-

1060 1633 1148 1659 μεναι,
1173 1623 1190 1658 ἢ
1217 1626 1306 1660 θαῦμα
1329 1626 1457 1651 τοσοῦτον
1483 1625 1602 1662 ὲναργῶς
1627 1624 1777 1662 ὁρώμενον,
1795 1627 1880 1652 πᾶσαν

1058 1668 1202 1703 ἀνθρώπου
1231 1667 1344 1705 δύναμιν
1369 1666 1550 1706 ὑπερϐαῖνον;
1583 1668 1659 1697 Ἀλλ’
1684 1668 1748 1706 οὐχὶ
1770 1669 1815 1696 καὶ
1837 1671 1881 1696 νῦν

1054 1714 1138 1739 ταῦτα
1163 1714 1219 1749 (89)
1242 1712 1393 1750 εὐδοκιμεῖ,
1417 1712 1479 1741 οᾶδὶ
1501 1714 1535 1741 τὰ
1557 1716 1604 1741 τοῦ
1634 1713 1791 1750 Πνεύματος
1816 1711 1880 1751 ἔργα

1054 1757 1099 1783 τὸν
1130 1757 1192 1795 περὶ
1217 1760 1283 1785 Θεοῦ
1311 1757 1391 1796 λόγον
1422 1761 1573 1786 πιστοῦται·
1598 1758 1660 1786 ἀλλ’
1675 1757 1879 1796 ἔντεχνοιάπο-

1056 1799 1162 1837 δείξεις,
1192 1802 1217 1829 ἓν
1246 1804 1285 1839 τῷ
1301 1804 1405 1839 πιθανῷ
1420 1807 1471 1838 τῆς
1493 1805 1540 1831 τοῦ
1563 1803 1668 1839 κόσμου
1684 1803 1780 1841 σοφίας
1795 1802 1877 1840 ἔχου-

1055 1855 1098 1873 σαι
1121 1846 1170 1880 τὴν
1199 1845 1306 1883 ἐλπίδα,
1324 1847 1373 1874 οὐκ
1393 1847 1417 1874 ἓν
1441 1850 1479 1884 τῷ
1506 1847 1612 1886 ἰσχυρῷ
1629 1848 1672 1874 καὶ
1698 1847 1806 1884 ἱναργεῖ
1828 1851 1877 1882 τῆς

1052 1892 1100 1917 τοῦ
1131 1890 1286 1926 Πνεύματος
1311 1891 1520 1929 ἀποκαλύψεως,
1537 1893 1580 1928 ἢν,
1606 1890 1650 1919 διὰ
1676 1894 1730 1919 τῶν
1747 1892 1772 1918 ἒν
1790 1890 1876 1919 ἀπλύ-

1052 1944 1113 1969 τητι
1139 1934 1251 1972 καρδίας
1283 1936 1501 1974 ἀπεριεργάστως
1526 1936 1696 1968 πεποιθότων
1726 1938 1783 1972 Θεῷ
1808 1937 1875 1973 (90),

1045 1982 1101 2015 ,τῆς
1118 1980 1252 2017 σωτηρίας
1275 1979 1362 2008 ἕνεκεν
1375 1983 1430 2008 τῶν
1448 1980 1560 2008 πολλῶν
1586 1979 1778 2009 ἐπιδείκνυται.
1796 1980 1876 2008 Ἀλλ’

1051 2022 1106 2050 lilia
1126 2023 1209 2061 κάμοὶ
1233 2025 1340 2061 γένοιτο
1364 2027 1502 2053 πιστεῦσαι
1524 2025 1615 2060 ἀξίως,
1643 2023 1687 2052 ἴνα
1702 2023 1817 2060 λαλήσω
1831 2027 1874 2052 νῦν

1049 2071 1083 2106 τῇ
1098 2069 1247 2105 Ἐκκλησία
1270 2072 1318 2097 τοῦ
1348 2072 1413 2097 Θεοῦ
1437 2073 1471 2107 τῇ
1500 2070 1606 2108 μεγάλῃ
1628 2069 1712 2107 ταύτῃ
1728 2071 1807 2098 πέντε
1832 2069 1876 2097 λό-

1049 2125 1114 2152 γους
1143 2115 1169 2141 ἒν
1195 2115 1234 2150 τῷ
1259 2114 1301 2141 vo‘i
1318 2125 1380 2151 μου.
1407 2115 1460 2142 Καὶ
1478 2115 1574 2151 μηδεὶς
1590 2114 1817 2152 καταχλευάζέτω
1832 2115 1877 2143 τοι

1050 2158 1145 2195 λόγον,
1171 2159 1208 2189 ὡς
1234 2156 1420 2190 ἀϐασανίστως
1444 2161 1522 2195 ἡμῶν
1550 2160 1587 2191 εἷς
1613 2160 1663 2194 τήν
1690 2160 1756 2198 ὑπὲρ
1772 2160 1809 2187 ὧν
1835 2159 1877 2187 λι-

1047 2214 1132 2240 γομεν
1158 2204 1347 2242 συγκατάθεσιν
1376 2204 1439 2236 τοὺς
1464 2205 1611 2236 ἀκούοντας
1633 2205 1781 2242 ἱναγόντων
1808 2206 1873 2242 (91).

1047 2248 1166 2286 Ἀνάγκη
1200 2249 1250 2286 γὰρ
1285 2249 1399 2284 ἑκάστης
1425 2251 1568 2286 μαθήσεως
1594 2249 1780 2286 ἀνεξιτάστους
1807 2250 1873 2278 εἶναι

203 2348 260 2388 (84)
276 2348 362 2388 Ediit,
378 2347 422 2374 καὶ
447 2346 525 2383 μηδὲ.
551 2348 661 2376 Vocula
686 2347 730 2378 καί
754 2348 784 2376 ln
805 2349 900 2376 tribus
917 2357 987 2376 mss.
1006 2355 1028 2388 D
1046 2348 1233 2388 interpretem
1244 2349 1379 2388 videmus
1391 2359 1398 2377 :
1410 2351 1465 2388 Per
1474 2358 1518 2388 eos
1529 2350 1580 2388 qui
1592 2356 1791 2388 suampmncm
1801 2348 1871 2383 ﬁdu-

169 2393 225 2413 non
241 2384 398 2411 invenitur.

204 2421 260 2457 (85)
277 2420 362 2454 Editi,
389 2429 446 2457 μοι.
463 2420 499 2446 At
524 2421 630 2457 quater
654 2428 739 2455 mss.,
765 2430 827 2456 μου.
845 2420 915 2457 Reg.
943 2428 988 2448 se-

169 2454 308 2488 cundius,
321 2465 373 2492 μου
388 2454 437 2489 τήν
455 2454 603 2492 σωτηρίαν.

206 2493 261 2526 (86)
281 2489 350 2528 Reg.
367 2489 536 2525 secundus,"
555 2489 694 2528 δυνάμεις.
707 2491 761 2519 Sed
776 2492 811 2520 ad
827 2491 990 2527 marginem

170 2528 306 2564 apposita
320 2525 365 2556 est
379 2531 407 2556 et
421 2527 510 2564 lectio,
522 2528 589 2561 alia,
608 2525 748 2563 μεθόδους.

205 2563 260 2600 (87)
275 2565 321 2592 Sic
336 2564 425 2592 editio
436 2563 524 2592 Basil.
539 2572 606 2592 cum
622 2564 716 2591 tribus
732 2572 803 2591 mss.
820 2565 849 2590 et
863 2571 989 2600 cum__sa-

167 2598 217 2628 ero
236 2603 325 2628 textu.
344 2600 438 2628 Editio
458 2608 524 2627 vero
543 2600 632 2628 Paris.
649 2608 715 2627 cum
737 2608 808 2627 mss.
828 2598 989 2632 nonnullis,

168 2633 265 2672 ἕγειρε.
294 2637 360 2663 Mox
379 2636 468 2663 editio
486 2636 578 2669 Paris,
590 2635 619 2662 ἐκ
632 2637 680 2662 τοῦ
704 2635 841 2672 θαύματος
858 2634 919 2671 γάρ.
933 2635 988 2661 Sed

167 2672 317 2709 det-strip
327 2673 356 2699 in
368 2672 495 2700 editione
507 2672 595 2709 Basil.
612 2672 679 2699 etin
697 2671 799 2698 multis
818 2679 889 2698 mss.

201 2708 255 2744 (88)
266 2706 351 2735 Ὀόὶὶ).
369 2710 504 2744 quartus,
517 2706 594 2744 πρός.

199 2739 254 2777 (89)
272 2746 339 2779 Reg.
357 2739 516 2779 secundus,
539 2739 670 2779 saepe.

200 2775 256 2814 (90)
271 2775 355 2813 illud,
370 2777 414 2806 διὰ
429 2781 483 2806 τῶν
499 2775 525 2806 Iv
542 2776 678 2811 ἁπλότητι
702 2775 814 2814 καρδίας
831 2775 991 2814 ᾁπεριεργά-

165 2823 232 2845 σεως
249 2814 418 2847 πεποιθότων
435 2816 503 2842 Θεῶ.
521 2814 563 2844 sio
579 2813 752 2842 conversum
768 2813 845 2850 apud
860 2815 988 2841 veterem

1045 2393 1118 2421 ciam
1134 2386 1163 2412 in
1178 2386 1358 2420 simplicitate
1379 2387 1467 2414 cordis
1478 2387 1507 2413 in
1523 2387 1606 2414 Deum
1616 2385 1796 2421 projecerunt,
1814 2388 1870 2421 etc.

1045 2420 1113 2453 Sed,
1128 2420 1183 2448 nisi
1201 2429 1247 2448 me
1262 2421 1336 2449 fallit
1346 2422 1475 2456 animus,
1487 2422 1593 2450 melius
1608 2420 1643 2449 ad
1657 2420 1785 2449 mentem
1798 2420 1869 2448 seri-

1046 2456 1137 2492 ptoris
1159 2456 1406 2493 interpretabere:
1427 2458 1480 2486 Per
1498 2466 1544 2486 eos
1571 2459 1622 2493 qui
1636 2459 1666 2485 iu
1693 2456 1872 2492 simplicitate

1045 2493 1133 2520 cordis
1144 2493 1216 2520 citra
1228 2494 1418 2521 curiositatem
1437 2495 1552 2522 credunt
1566 2494 1628 2521 Deo.
1646 2494 1758 2520 Etenim
1774 2502 1868 2519 πεποι-

1046 2528 1117 2554 θέναι
1144 2529 1278 2565 scriptori
1308 2530 1385 2557 idem
1415 2537 1479 2557 esse
1507 2530 1584 2565 quod
1599 2530 1750 2561 πιπιῦσαι,
1780 2528 1871 2556 exiis

1046 2572 1109 2610 μυσὶ
1118 2567 1285 2610 sequuntur
1294 2566 1454 2610 phscurum
1464 2574 1522 2593 non
1533 2568 1586 2608 est.
1595 2565 1755 2610 Subjlungit
1769 2565 1868 2610 enim;

1045 2598 1124 2627 ’Ἀλλ’
1139 2598 1193 2631 sire:
1205 2600 1301 2638 adimi
1331 2600 1438 2638 γένοιτο
1459 2602 1611 2638 πιστεύσαι,
1629 2598 1728 2637 ἅιξνίιιυςΓ
1738 2600 1870 2638 Sedulii-

1044 2644 1111 2664 nam
1122 2637 1148 2663 et
1157 2637 1229 2663 mihi
1239 2635 1381 2672 contingat
1392 2638 1478 2673 digne
1491 2637 1607 2666 credere.
1620 2635 1750 2672 Scriptor
1767 2635 1868 2672 igitur,

1045 2672 1181 2707 quisquis
1196 2675 1250 2705 est,
1264 2673 1318 2700 hoc
1330 2673 1402 2700 dicit
1413 2672 1691 2706 {Quemadmodum
1708 2681 1762 2700 usu
1780 2673 1870 2704 venit,

1044 2711 1076 2735 ut
1092 2716 1149 2735 non
1165 2709 1250 2745 pauci
1266 2712 1296 2736 in
1317 2709 1504 2745 simplicitate
1520 2710 1616 2738 cordis
1626 2710 1699 2736 citra
1713 2708 1870 2745 curiosita-

1043 2744 1238 2807 temfcredtant
1250 2745 1319 2772 Deo:
1337 2745 1449 2773 utinam
1461 2749 1490 2774 et
1504 2745 1576 2774 mihi
1590 2753 1706 2781 quoque
1723 2744 1776 2771 hoc
1790 2744 1868 2771 idem

1043 2787 1096 2807 con
1112 2788 1178 2807 iuga
1195 2801 1201 2806 .

1043 2787 1201 2807 conlingat.

1079 2788 1201 2814 nungat.

1079 2815 1135 2851 (91)
1151 2815 1234 2844 Coib.
1255 2819 1389 2852 quartus.
1406 2816 1569 2845 ἀνανόντων.
