2018 3146
69 163 161 212 ’ωδ

681 179 846 210 HOMILIA
865 179 906 209 ΙΝ
927 178 1119 210 PSALMUM
1140 177 1230 209 CXV.

1752 179 1811 210 106

105 246 150 277 τὰς
180 245 269 283 ἀρχὰς
297 247 357 276 τοῖς
386 245 576 282 μανθάνουσιν·
602 243 659 272 ἐπεὶ
693 243 837 281 ἀμήχανον
864 242 928 274 τοὺς

989 245 1021 271 ut
1037 243 1122 279 ii,qui
1133 243 1209 271 circa
1221 242 1316 279 prima
1327 242 1469 279 principia
1480 242 1655 279 litigant,via
1665 245 1694 271 et
1708 244 1811 272 ordine

107 290 167 327 περὶ
197 290 231 318 τὰ
256 292 355 327 πρῶτα
383 289 606 327 ζυγομαχοῦντας
635 287 781 322 δυνηθῆναι
806 286 862 323 ὁδῷ
887 287 930 314 καὶ

105 335 176 370 τάξει
207 333 353 371 προελθεῖν
384 334 422 366 είς
449 334 480 360 τὸ
506 333 595 365 τέλος.
613 333 665 361 Καὶ
693 335 773 360 τοῦτο
789 331 819 359 ἃν
837 332 932 368 μάθοις

105 380 167 416 παρ’
197 379 285 406 αὐτῶν
312 381 365 406 τῶν
391 375 496 414 ἔξωθεν.
514 378 545 404 El
573 378 624 415 γὰρ
657 377 695 414 μὴ
724 376 932 414 συγχῶρήσειας

105 424 151 454 τὰς
177 415 289 461 τέρώτας
318 422 406 460 ἀρχὰς
434 424 474 458 τῷ
500 422 654 460 γιωμέτρῃ,
684 422 826 458 ἀμήχανον
852 419 930 447 αὐτὸν

106 469 138 495 τὰ
152 468 248 505 ἐφιξῆς
275 469 346 504 (91”)
376 466 604 503 συμπιράνασθαι.
633 467 681 494 Καὶ
708 469 758 500 τῆς
784 465 931 502 ἀριθμητι-

106 516 156 547 κῆς
172 513 187 539 ὁ
206 515 265 543 τοῖς
291 512 413 548 πρώτοις
438 511 482 538 καὶ
512 509 715 548 στοιχειώδεσιν
745 510 931 545 ὶνιστάμενος,

105 557 155 591 τὴν
170 556 208 587 είς
221 556 255 584 τὸ
269 556 366 593 πρόσω
381 554 443 582 ὁδὸν
461 554 610 583 διακόπτει.
636 554 756 591 Ὁμοίως
782 553 810 581 δὲ
829 553 873 580 καὶ
890 553 931 580 ἰα-

104 601 195 639 τρικαὶ
225 601 310 638 ἀρχαὶ
339 600 443 636 ἰατροῖς
478 598 678 627 ἀναπόδεικτοι.
709 598 761 626 Καὶ
791 597 875 631 ὅλως,
904 597 930 624 ἐν

105 643 298 682 ὁποιῳδήποτε
325 643 519 680 ἐπιτηδεύματι
544 646 598 671 τῶν
624 642 680 679 ὁδῷ
700 643 745 670 καὶ
770 643 843 678 τάξιι
862 652 930 679 προ-

106 688 201 716 ῗόντων
232 689 275 716 ἰπὶ
302 689 334 716 τὸ
359 688 448 723 τέλος,
479 687 610 715 ἀδύνατον
634 689 688 714 τῶν
714 686 830 725 πρώτων
862 686 931 713 ὑπο-

105 733 203 766 θέσεων
233 732 367 770 ἀπδείξεις
394 732 542 768 ἐπιζητεῖν·
574 731 638 760 ἀλλ’
669 732 771 769 ἀνάγκη
801 731 850 761 τὰς
876 732 930 757 τῶν

106 777 226 815 λογικῶν
251 779 357 815 τεχνῶν
387 776 474 815 ἀρχὰς
497 776 675 811 ἀνεξετάστως
700 773 929 812 παραδεξάμενον,

105 822 135 849 τὸ
150 821 180 849 lx
194 824 250 849 τῶν
269 821 452 850 ὑποτιθέντων
475 822 531 857 (92)
557 820 706 848 ἀκόλουθον
721 818 746 846 ἐν
762 822 821 849 τοῖς
837 819 951 858 ἐφεξῆς⁶

107 864 277 894 ἇπιϐλέπειν.
295 867 372 893 Οὕτω
402 864 435 900 δὴ
465 865 511 893 οὖν
527 866 616 893 καὶτὸ
642 868 691 899 τῆς
720 863 862 900 θεολογίας
881 873 930 898 μυ-

109 912 231 948 στήριον,
247 911 299 945 τὴν
330 910 360 938 ἐκ
381 913 432 944 τῆς
456 907 635 937 ἀϐασανίστου
663 909 780 939 πίστεως
809 907 931 958 επιζητιῖ
946 926 969 958 Β

109 955 310 993 συγκατάθεσιν.
341 958 480 983 Πιπιῦσαι
519 955 569 992 γὰρ
604 953 653 987 δεῖ,
683 953 774 992 φησὶν,
805 951 846 979 ὅτι
875 950 929 978 ἔστι

107 1000 182 1032 Θεὸς,
209 1000 274 1037 οὖχὶ
292 1002 419 1034 ζητῆσαι,
449 998 513 1026 οὐδὶ
538 1001 728 1036 ζυγομαχῆσαι
757 997 788 1024 τὸ
813 996 839 1023 τί
863 995 929 1024 ἐστι.

106 1044 155 1072 Καὶ
170 1043 255 1079 ὅλως,
272 1044 295 1071 εἶ
319 1045 337 1078 ἡ
353 1043 442 1075 πίστις
471 1043 661 1079 ἐλπιζομένων
686 1041 756 1069 ἐστὶν
786 1040 930 1069 ὑπόστασις

104 1089 286 1126 πραγμάτων,
302 1088 346 1116 καὶ
370 1087 485 1126 ἶλεγχος
502 1088 532 1115 οὐ
550 1086 735 1124 βλεπομένων,
754 1086 791 1121 μή
808 1083 931 1124 φιλονιί-

103 1143 142 1160 κει
159 1132 228 1160 ἰδεῖν
253 1131 308 1168 ἤδη
324 1134 357 1160 τὰ
387 1134 491 1170 μακρὰν
521 1131 697 1168 ἀποκείμενα,
717 1129 787 1167 μηδὶ
801 1129 834 1157 τὰ
848 1127 930 1160 ἐλπς-

104 1178 204 1214 ζόμενα
227 1175 369 1216 ἀμφίϐολα
397 1177 579 1213 καταστήσῃς,
597 1175 642 1203 διὰ
669 1176 700 1203 τὸ
731 1175 816 1211 μήπω
841 1174 928 1201 αὐτῶν

104 1220 232 1254 δύνασθαι
248 1222 317 1249 κατὰ
329 1222 379 1256 τὴν
393 1223 491 1259 γνῶσιν
506 1220 681 1259 ἐφάπτεσθαι.

137 1313 165 1340 2.
181 1313 270 1338 Ταῦτα
293 1312 340 1347 μὶν
365 1309 411 1338 οὗν
436 1309 557 1338 καθόλου
583 1310 645 1347 περὶ
674 1309 791 1339 πίστιως
808 1306 852 1335 διὰ
866 1306 929 1338 τοὺς

105 1355 335 1393 λογομαχοῦντας
363 1355 407 1382 καὶ
439 1354 464 1382 ἒν
491 1354 594 1392 ῥήμασι
623 1356 710 1384 κενοῖς
742 1350 855 1390 ἔχοντας
881 1351 931 1386 τήν

105 1399 217 1428 ἐλπίδα.
242 1403 321 1427 Δοκεῖ
333 1398 362 1427 δὲ
379 1410 425 1437 μοι
437 1400 451 1427 ὁ
476 1399 502 1427 ιν
518 1399 597 1437 χερσὶ
616 1398 727 1436 ψαλμὸς
743 1397 781 1428 ὡς
795 1397 864 1434 πρὸς
879 1396 928 1430 τὴν

104 1445 278 1482 προάγουσαν
295 1444 321 1472 ἐν
347 1446 386 1480 τῷ
407 1444 520 1471 κατόπιν
544 1442 649 1481 ψαλμῷ
671 1441 791 1470 διάνοιαν
814 1439 930 1468 ἀκολου-

105 1489 162 1522 θίάν
184 1488 269 1527 ἔχειν.
299 1489 365 1517 Eine
391 1489 442 1526 γὰρ
470 1487 534 1516 tua?
565 1487 746 1525 Εὐαρεστήσοι
772 1488 811 1521 τῷ
835 1484 929 1522 Κυρίῳ

103 1533 128 1562 ιν
156 1533 238 1571 χώρᾳ
265 1533 384 1566 ζώντων.
414 1533 488 1560 Ἐπεὶ
519 1532 565 1560 οὗν
592 1533 654 1570 περὶ
686 1531 724 1567 μὴ
751 1528 929 1568 βλεπομένης

102 1579 196 1616 χώρας
212 1576 377 1615 διαλέγεται,
394 1577 431 1608 ὡς
455 1579 546 1615 σαφῶς
572 1576 760 1612 ἐπιστάμενος,
776 1575 826 1609 τὴν
842 1572 929 1601 αἰτίαν

102 1606 252 1650 ἶποδῖδωσι
267 1606 315 1649 10.6
346 1606 406 1658 περὶ
424 1606 501 1648 ’τῶνι
514 1606 625 1656 ἀδήλων
650 1606 810 1657 δίορισμοῦ,
823 1617 926 1655 λέγων·
944 1606 966 1640 C

100 1667 271 1702 Ἐπίστευσα,
301 1665 343 1693 δτι
372 1665 426 1693 ἔστι
463 1677 506 1698 τις
539 1666 620 1703 χώρα
649 1665 766 1699 ζώντων·
796 1662 837 1690 διὸ
867 1661 928 1690 ἐλά-

102 1711 247 1745 λησα,δτι
276 1710 457 1748 Εὖαριστήσω
485 1710 511 1738 ἐν
538 1711 607 1747 αὐτῇ
636 1712 676 1745 τῷ
705 1708 805 1746 Κυρίῳ.
835 1706 927 1737 Ὅλως

103 1754 141 1790 δὲ,
157 1757 175 1790 ὴ
194 1754 256 1783 ἄνευ
274 1755 390 1787 πίστεως
405 1755 448 1782 ἐπὶ
463 1755 495 1782 τὸ
510 1753 603 1782 λαλεῖν
620 1753 757 1792 ἐρχομένη
775 1753 851 1790 φυγὴ
868 1751 925 1779 δια-

103 1803 182 1834 κονῇς
205 1799 333 1837 ληρήσει⁷
358 1800 416 1827 κατ’
435 1797 543 1831 οὐδενὸς
569 1798 747 1835 ὑποκειμένου
767 1799 813 1825 τὸν
843 1796 925 1833 λόγον

103 1844 272 1882 προάγουσα.
303 1844 392 1881 Ἀρχή
426 1843 517 1871 τοίνυν
555 1843 639 1881 λόγου
665 1841 809 1880 ἔμφρονος,
838 1841 927 1873 πίστις

99 1888 222 1926 ἰσχυρῶς
238 1890 272 1925 τῇ
285 1887 381 1926 καρδίᾳ
394 1890 444 1915 τοῦ
466 1887 615 1918 λαλοῦντος
640 1887 812 1926 ἰνιδρυμέυη.
829 1888 926 1915 Ἔπει-

98 1943 141 1966 τα,
157 1932 240 1964 πόθεν
268 1933 336 1968 ἡμῖν
367 1931 478 1960 δυνατὸν
506 1932 537 1959 τὸ
564 1931 626 1969 περὶ
645 1932 694 1966 τήν
718 1931 807 1958 πίστιν
821 1931 925 1958 τέλειον

99 1977 263 2013 κατορθοῦν,
279 1976 386 2015 ἐφεξῆς,
411 1976 516 2014 ἐπάγει,
544 1975 642 2013 λέγων’
669 1975 740 2013 Ἐγὼ
762 1975 791 2003 δὲ
820 1975 925 2002 ἐταπει-

100 2023 193 2055 νώθην
223 2020 337 2060 σφόδρα.
366 2021 397 2049 Ὁ
419 2021 470 2059 γὰρ
500 2022 537 2057 μὴ
561 2021 728 2051 ταπεινώσας
753 2020 848 2047 ἑαυτοῦ
875 2020 925 2054 τὴν

102 2065 234 2100 διάνοιαν,
253 2064 323 2102 μηδὶ
347 2066 414 2093 κατὰ
439 2065 558 2102 μίμησιν
582 2067 630 2092 τοῦ
655 2064 824 2093 Ἀποστόλου
837 2063 925 2102 λέγων

98 2112 142 2146 τὸ,
166 2109 307 2149 Ἀδελφοί,
336 2110 391 2148 ἐγὼ
419 2110 536 2147 ἐμαυτὸν
564 2109 640 2137 οὔπω
670 2109 814 2147 λογίζομαι
838 2119 927 2136 κατει-

101 2155 231 2194 ληφέναι,
247 2154 320 2182 ἀλλὰ
334 2157 468 2190 περινοῶν
495 2155 590 2186 οὐσίας
611 2157 677 2182 Θεοῦ
701 2155 868 2191 κατάληψιν,
883 2156 929 2182 καὶ

99 2200 139 2235 τῷ
155 2198 222 2235 ἰδίῳ
237 2198 363 2236 λογισμῷ
377 2199 514 2237 ἑκμετρῶν
534 2199 568 2226 τὰ
588 2199 724 2238 ἀνέφικτα,
741 2201 784 2228 καὶ
800 2203 929 2229 τοσοῦτον

101 2243 282 2281 λογιζόμενος
299 2243 427 2271 ιῖναιτὸν
454 2244 517 2271 Θεὸν
541 2244 603 2271 ὓσον
630 2244 710 2275 αὐτὸς
734 2247 774 2281 τῷ
804 2245 930 2283 λογισμῷ

988 288 1143 322 procedere
1159 287 1274 315 valeant
1289 287 1323 314 ad
1342 287 1440 314 tinem.
1455 287 1545 322 quue
1562 287 1605 315 vel
1620 296 1653 315 ex
1668 288 1740 324 ipsis
1764 297 1811 316 ex-

988 331 1077 358 ternis
1090 331 1254 367 disciplinis
1266 331 1316 358 tibi
1333 331 1399 359 licet
1414 331 1535 359 discere.
1558 332 1671 359 Etenim
1700 333 1724 360 si
1740 341 1811 369 geo-
1853 347 1855 349 ι

988 379 1085 404 metris
1097 377 1191 412 prima
1208 385 1264 404 non
1290 375 1468 404 concesseris
1499 376 1654 412 principia,
1684 385 1718 405 ea
1745 386 1810 413 quas

987 423 1152 456 sequuntur
1181 420 1355 448 concludere
1384 422 1495 456 nequit.
1526 421 1559 448 Et
1591 421 1641 456 qui
1670 421 1810 449 arithme-

987 465 1050 492 ticae
1066 465 1220 500 principiis
1235 465 1311 492 372
1328 472 1360 491 ao
1372 465 1524 492 elementis
1540 473 1570 492 se
1585 466 1716 501 opponit,
1732 466 1808 494 viam

987 509 1021 536 ad
1038 509 1177 537 ulteriora
1196 509 1355 544 intercipit.
1385 509 1527 537 Similiter
1548 513 1645 537 autem
1670 519 1764 546 neque
1793 519 1810 539 a

987 554 1110 582 medicis
1126 554 1276 581 medicina
1288 554 1432 589 principia
1447 558 1570 589 possunt
1600 555 1806 583 demonstrari.

987 602 1019 626 Et
1035 600 1063 627 in
1080 600 1243 634 summa,in
1253 608 1441 635 quacumque
1457 600 1637 635 professione
1652 609 1715 636 quae
1726 602 1810 629 viaet

986 644 1087 671 ordine
1098 644 1132 672 ad
1149 644 1236 672 finem
1250 644 1396 680 procedat,
1405 644 1567 680 primarum
1575 646 1809 681 propositionum

986 688 1252 715 demonstrationes
1268 697 1324 716 non
1341 690 1453 723 queunt
1470 688 1578 724 inquiri
1592 698 1598 723 ;
1615 689 1665 717 sed
1690 698 1810 718 necesse

986 735 1040 766 est,
1055 734 1086 759 ut
1101 733 1125 760 is
1137 732 1187 768 qui
1220 733 1328 760 artium
1345 733 1456 761 ratione
1471 733 1637 760 innixarum
1654 734 1810 770 principia,

987 776 1051 804 sine
1067 776 1237 812 probatione
1252 777 1382 810 admisit,
1411 777 1438 804 id
1456 777 1532 813 quod
1563 786 1596 804 ex
1620 778 1684 813 jam
1706 779 1810 814 positis

986 829 1169 856 consequens
1185 823 1239 855 est,
1256 822 1286 848 in
1302 821 1422 856 hisque:
1443 821 1546 848 deinde
1576 824 1740 857 sequuntur
1768 823 1810 850 in-

987 865 1100 900 spiciat.
1116 865 1162 893 Sic
1178 874 1247 893 sane
1262 865 1348 892 etiam
1356 865 1508 900 theologis:
1524 866 1696 902 mysterium
1709 875 1808 895 assen-

986 918 1051 936 sum
1068 918 1101 937 ex
1118 909 1173 937 [ide
1188 909 1369 945 probationis
1393 912 1509 945 experte
1528 909 1662 945 requirit.
1694 911 1809 942 Credere

985 955 1060 982 enim
1069 956 1184 990 oportet,
1200 954 1307 990 inquit,
1320 955 1385 990 quia
1396 956 1436 982 est
1446 954 1521 982 Deus
1536 955 1576 982 9°:
1594 963 1651 982 non
1668 964 1808 991 quaerere,

985 1007 1080 1034 neque
1102 1007 1169 1026 cum
1194 999 1380 1027 contentione
1407 1000 1569 1035 expendere
1597 999 1666 1035 quid
1692 1000 1739 1028 sit.
1769 1002 1809 1029 Ae

985 1043 1116 1076 tandem,
1133 1042 1158 1070 si
1174 1043 1247 1070 fides
1261 1051 1358 1070 rerum
1375 1051 1438 1078 quas
1458 1046 1616 1078 sperantur
1643 1045 1809 1073 substantia

985 1089 1039 1121 est,
1056 1090 1196 1114 eteorum
1213 1095 1276 1122 quae
1293 1095 1350 1114 non
1380 1088 1516 1115 videntur
1545 1090 1751 1124 argumentum
1765 1090 1807 1123 '7;

986 1141 1021 1159 ne
1036 1132 1249 1167 contendejam
1266 1133 1363 1160 videre
1374 1140 1438 1167 qua:
1454 1132 1554 1167 procul
1572 1135 1641 1160 sunt
1662 1133 1807 1169 reposita:

986 1185 1079 1213 neque
1090 1185 1123 1205 ea
1139 1186 1202 1213 quae
1209 1179 1375 1212 sperantur,
1391 1177 1530 1213 ambigua
1545 1180 1668 1213 statuas,
1680 1181 1809 1215 propter-

985 1230 1018 1249 ea
1042 1222 1120 1257 quod
1146 1222 1277 1249 nondum
1301 1230 1401 1249 eorum
1442 1221 1636 1258 cognitionem
1666 1223 1810 1259 attingere

986 1267 1117 1302 potuisti.
1199 1298 1202 1302 ,

1018 1311 1045 1338 2.
1063 1313 1096 1339 Et
1112 1311 1230 1347 quidem
1251 1311 1331 1338 istae
1346 1312 1380 1339 de
1398 1311 1454 1339 fide
1467 1313 1583 1347 propter
1597 1320 1647 1340 eos
1669 1312 1721 1348 qui
1744 1321 1809 1340 ver-

985 1358 1056 1385 bosa
1072 1359 1098 1385 et
1114 1356 1295 1384 contentiosa
1310 1357 1519 1392 disceptatione
1533 1359 1808 1393 argutantur,atque

985 1401 1013 1429 in
1029 1401 1125 1428 verbis
1140 1401 1278 1428 inanibus
1293 1409 1373 1436 spem
1388 1400 1541 1433 collocant,
1558 1401 1633 1429 dicta
1644 1402 1806 1437 generatim

985 1446 1052 1473 sint.
1062 1446 1203 1473 Caeterum
1217 1445 1346 1480 psalmus
1363 1445 1413 1480 qui
1429 1445 1457 1472 in
1475 1445 1612 1472 manibus
1629 1447 1683 1478 est,
1699 1453 1807 1482 cogna-

984 1490 1092 1518 tionem
1108 1498 1174 1517 cum
1192 1489 1362 1524 praecedenti
1372 1489 1515 1517 sententia
1527 1489 1630 1524 psalmi
1648 1490 1808 1526 superioris

983 1534 1091 1562 habere
1107 1534 1177 1560 mihi
1194 1534 1319 1561 videtur.
1336 1533 1415 1561 Dixit
1429 1533 1508 1562 enim
1521 1533 1580 1561 illic
1598 1543 1604 1561 ε
1622 1533 1739 1562 Placebo
1753 1535 1804 1562 Do-

984 1580 1059 1606 mino
1076 1579 1104 1605 in
1120 1579 1228 1613 regione
1245 1578 1368 1605 vivorum
1382 1578 1416 1606 ’⁸.
1433 1578 1504 1606 Cum
1522 1578 1611 1614 igitur
1630 1579 1665 1606 de
1689 1579 1807 1615 regione

986 1630 1049 1658 quae
1066 1631 1122 1650 non
1139 1622 1262 1657 videtur,
1271 1623 1406 1656 disserat,
1422 1625 1563 1658 tanquam
1579 1623 1670 1651 rclare
1700 1623 1806 1659 sciens,

982 1675 1040 1694 suis
1056 1667 1091 1694 de
1104 1667 1238 1695 obscuris
1261 1667 1433 1695 assertionis
1463 1668 1604 1695 rationem
1630 1667 1735 1703 reddit,
1763 1668 1807 1696 di-

982 1719 1050 1739 cens
1064 1720 1070 1738 :
1089 1711 1201 1739 Credidi
1216 1712 1372 1746 quamdam
1390 1719 1454 1739 esse
1467 1711 1624 1739 viventium
1644 1712 1805 1748 regionem:

982 1756 1094 1791 propter
1107 1756 1180 1791 quod
1193 1755 1255 1783 dixi
1268 1764 1277 1782 :
1295 1756 1411 1784 Placeba
1426 1756 1456 1783 in
1472 1756 1536 1791 ipsa
1551 1756 1676 1784 Domino.
1694 1757 1724 1784 In
1741 1757 1806 1784 uni-

981 1812 1098 1832 versum
1114 1803 1325 1837 autem,anima
1339 1811 1402 1838 qua:
1417 1803 1491 1830 citra
1506 1803 1592 1830 fidem
1609 1802 1688 1839 loqui
1704 1811 1806 1839 aggre-

982 1848 1072 1881 ditur,
1089 1847 1215 1875 inaniter
1225 1847 1343 1883 garriet,
1357 1848 1596 1883 quandoquidem
1622 1848 1656 1874 ad
1687 1847 1803 1875 nullum

983 1893 1205 1920 fundamentum
1223 1893 1310 1919 refert
1321 1894 1602 1928 sermonemJtaque
1614 1892 1731 1919 initium
1747 1901 1806 1920 ser-

982 1937 1077 1965 monis
1088 1937 1241 1973 prudentis
1250 1939 1294 1964 est
1306 1937 1377 1964 ﬁdes
1385 1936 1412 1964 in
1421 1937 1508 1964 corde
1527 1936 1675 1972 loquentis
1685 1936 1806 1964 firmiter

981 1981 1237 2010 insidens.Deinde
1252 1982 1435 2009 continenter
1450 1981 1612 2016 subjungit,
1625 1989 1683 2017 qua
1695 1981 1807 2009 ratione

981 2026 1187 2062 perfectionem
1201 2025 1266 2052 tidei
1284 2025 1400 2060 assequi
1417 2025 1576 2060 possimus,
1593 2025 1664 2052 dum
1678 2025 1735 2052 ait:
1754 2025 1808 2059 Ego

982 2072 1075 2098 autem
1089 2070 1256 2097 humiliatus
1280 2077 1342 2096 sum
1364 2070 1459 2096 nimis.
1488 2069 1540 2101 Qui
1571 2068 1649 2096 enim
1679 2071 1808 2096 mentem

984 2124 1068 2144 suam
1086 2123 1142 2142 non
1157 2114 1304 2146 humiliat,
1314 2121 1410 2149 neque
1420 2114 1456 2140 ad
1473 2113 1666 2141 imitationem
1678 2112 1809 2148 Apostoli

985 2159 1072 2187 dicit:
1085 2160 1205 2192 Fratres,
1222 2166 1269 2192 ego
1285 2167 1329 2185 me
1343 2157 1466 2185 nondum
1489 2159 1614 2185 arbitror
1637 2157 1811 2193 comprehen-

986 2204 1055 2232 disse
1070 2204 1108 2237 ’9;
1122 2203 1254 2230 imovero
1265 2202 1314 2238 qui
1331 2203 1365 2230 de
1389 2202 1517 2230 essentia
1546 2201 1594 2229 Dei
1619 2201 1810 2238 comprehen-

986 2248 1082 2276 denda
1096 2247 1213 2283 cogitat,
1231 2255 1263 2274 ac
1279 2246 1397 2282 propria
1412 2246 1631 2274 ratiocinatione
1646 2246 1811 2281 incompre-

104 2285 278 2324 περιέλαϐεν
303 2288 348 2315 καὶ
379 2288 464 2324 ὅλως,
494 2288 508 2315 ὁ
536 2288 582 2316 τὺν
610 2288 711 2316 οἰκεῖον
739 2292 800 2316 νοῦν
833 2290 929 2328 μέτρον

987 2292 1144 2320 hensibilia
1157 2291 1289 2323 metitur,
1306 2293 1333 2319 et
1349 2293 1438 2318 Deum
1465 2291 1625 2318 arbitratur
1654 2298 1718 2318 esse
1746 2291 1812 2317 tan-

104 2335 159 2360 τῶν
176 2330 262 2360 ὄντων
277 2333 452 2368 ποιούμενος,
469 2332 500 2359 οὐ
528 2332 715 2370 λογιζόμενος,
734 2333 776 2361 ὅτι
791 2335 854 2372 ῥᾷόν
875 2335 930 2363 ἐστι

107 2376 212 2414 κοτύλῃ
245 2379 330 2414 μικρᾷ
354 2377 404 2411 τήν
429 2379 516 2404 πᾶσαν
540 2376 674 2405 θάλασσαν
707 2377 883 2416 ἐκμετρῆσαι,
913 2378 931 2414 ἤ

107 2424 146 2457 τῷ
174 2421 340 2458 ἀνθρωπίνῳ
368 2423 404 2456 νῷ
432 2423 482 2453 τῆς
514 2421 615 2460 ἀφάτου
646 2423 856 2459 μεγαλειότητος
884 2427 933 2451 τοῦ

107 2464 173 2493 Θιοῦ
210 2464 432 2503 πιριδράξασθαι,
457 2465 516 2500 εἰκῆ
546 2466 726 2505 φυσιούμενος
754 2467 798 2495 καὶ
822 2467 933 2506 ἐπαιρό-

112 2520 190 2546 pavo;
204 2511 240 2545 τῇ
263 2510 424 2546 ματαιότητι
444 2511 493 2537 τοῦ
516 2510 578 2541 νοὸς
604 2510 697 2544 αὐτοῦ,
713 2511 743 2539 οὗ
766 2510 874 2539 δύναται
892 2512 936 2540 λι-

111 2565 168 2591 γῑιν
192 2555 235 2582 τὸ.
263 2554 437 2589 Ἐπίστευσα,
468 2553 510 2581 διὸ
538 2554 671 2590 ἐλάλησα·
698 2555 791 2590 ἐπειδὴ
818 2556 883 2585 οὐδὲ
903 2558 935 2585 τὸ

111 2598 204 2637 ἐφεξῆς
227 2598 337 2636 ἐπάγειν
367 2599 444 2634 αὐτῷ
473 2597 593 2633 δυνατὸν,
620 2599 663 2634 τὸ,
692 2599 761 2637 Ἐγὼ
777 2599 805 2628 δὲ
829 2601 935 2629 ἐταπει-

113 2644 200 2678 νώθην
227 2641 342 2681 σφόδρα·
371 2642 448 2681 τύφῳ
465 2643 516 2681 γὰρ
544 2642 590 2670 καὶ
619 2642 763 2680 ἀλαζονείᾳ
790 2647 868 2683 συζῇ,
891 2647 936 2674 καὶ

986 2340 1061 2368 tum.
1077 2338 1220 2372 quantum
1237 2335 1299 2370 ipse
1316 2335 1427 2362 ratione
1451 2336 1604 2362 assecutus
1619 2336 1683 2362 est:
1700 2336 1730 2362 et
1754 2341 1813 2361 uno

987 2381 1083 2415 verbo,
1096 2381 1144 2416 qui
1164 2380 1309 2415 propriam
1327 2382 1464 2413 mentem,
1477 2379 1678 2407 universorum
1695 2387 1814 2406 mensu-

989 2435 1050 2454 ram
1078 2425 1191 2457 statuit,
1204 2433 1260 2451 non
1273 2424 1440 2460 intelligens
1457 2423 1570 2451 facilius
1586 2432 1650 2451 esse
1670 2425 1702 2450 ut
1727 2431 1816 2459 parva

990 2470 1087 2499 cotula
1102 2471 1195 2497 totum
1211 2469 1391 2496 admetiatur
1406 2477 1496 2504 mare,
1513 2477 1602 2503 quam
1615 2470 1752 2496 utmente
1762 2469 1816 2495 hu-

991 2523 1078 2542 mana
1092 2512 1318 2541 inenarrabilem
1331 2512 1381 2540 Dei
1401 2513 1582 2547 majestatem
1594 2511 1815 2548 compleetatur,

991 2559 1101 2587 frustra
1117 2557 1235 2585 inﬂatus
1251 2559 1279 2584 et
1293 2557 1329 2584 ob
1345 2557 1452 2585 mentis
1463 2565 1522 2584 suae
1538 2556 1697 2584 vanitatem
1709 2556 1814 2590 elatus,

992 2611 1049 2631 non
1065 2604 1161 2638 potest
1175 2602 1271 2629 dicere
1286 2601 1357 2629 illud
1377 2609 1383 2629 :
1401 2601 1516 2629 Credidi
1529 2605 1642 2636 propter
1651 2599 1722 2635 quod
1745 2599 1817 2626 locu-

994 2653 1037 2676 tus
1052 2656 1111 2675 sum
1125 2656 1131 2681 ;
1144 2655 1210 2674 eum
1228 2655 1264 2674 ne
1274 2646 1303 2674 id
1319 2646 1437 2680 quidem
1455 2646 1531 2682 quod
1555 2645 1699 2680 sequitur,
1723 2643 1818 2679 possit

147 2716 170 2733 *θ
185 2715 274 2743 Hebr.
292 2723 331 2748 x1,
346 2715 374 2742 6.
412 2715 434 2732 ⁷⁷
452 2714 523 2742 ibid.
542 2716 567 2743 1.
605 2716 627 2733 ³⁸
641 2716 716 2744 Psal.
734 2725 809 2752 cxxv,
823 2719 850 2745 9.
890 2719 929 2747 "l

986 2719 1030 2756 .ip.
1049 2728 1089 2754 ιιι,
1104 2719 1146 2746 13.

148 2783 217 2823 (21ft
230 2781 367 2823 gicmss.
384 2783 520 2823 quatuor.
536 2781 606 2823 (ξοιι)
628 2785 772 2820 .quartus,
790 2783 862 2820 ἑξῆς.
878 2785 929 2814 Edi

986 2785 1012 2813 τὸ
1028 2784 1132 2823 ὲφιξῆς.

151 2816 209 2854 (92)
226 2817 309 2846 Colb.
327 2816 460 2853 quartus,
477 2816 639 2849 ὑποθέσεων.

277 2881 409 2912 Parant.
433 2881 488 2912 Gn.
511 2881 604 2913 XXX.
