2018 3146
201 180 261 210 10⁵1

668 179 868 210 APPENDIX
891 180 1056 211 OPERUM
1080 181 1112 211 S.
1135 181 1278 212 BASILII
1300 183 1439 214 MAGNI.

1851 183 1906 214 108

200 245 388 281 subjungere,
405 244 560 280 Egonutem
579 244 746 273 humiliatus
774 253 835 273 sum
867 246 963 273 nimis.
993 247 1024 273 In

1086 243 1221 279 διακένοις
1245 246 1364 285 ῥήμασιν
1391 246 1588 286 ἐπαγάλλεται,
1612 247 1642 276 τὺ
1667 248 1696 276 ἐκ
1720 251 1770 283 τῆς
1794 247 1909 279 πίστεως

202 290 277 318 fastu
293 290 371 318 enim
389 291 417 317 et
432 289 461 316 in
477 289 616 325 superbia
642 289 731 317 vitam
762 289 853 326 degit.
872 290 1028 325 verbisque

202 335 340 362 inanibus
359 334 496 367 exsultat,
512 334 695 362 intereadum
713 334 777 362 ﬁdei
799 335 890 362 robur
917 343 1028 370 nequa-

203 388 290 415 quam
307 379 446 415 possidet.
464 378 573 406 Deinde
590 387 646 406 non
664 379 907 414 deprimitsolum
925 380 1030 406 semet-

204 425 312 461 ipsum,
330 423 381 451 sed
394 423 482 450 etiam
498 430 584 450 omne
600 422 689 450 simul
703 423 857 450 hominum
870 431 963 459 genus
971 422 1027 451 sibi

205 470 343 505 agnatum
361 476 393 495 ac
410 469 521 495 naturae
533 467 655 495 socium.
686 469 774 494 Vens.
796 467 823 494 2.
852 469 908 504 Ego
937 467 1027 500 enim,

203 513 309 548 inquit,
326 512 431 540 dixiin
445 519 556 539 excessu
570 519 648 543 meo;
669 511 765 539 Omnis
789 511 869 539 homo
896 511 1026 539 mendax.

204 556 296 588 Quare
311 556 360 592 qui
377 556 432 584 fide
448 564 504 583 non
522 555 651 591 adjutus,
664 556 714 583 sed
741 564 775 583 ex
801 564 832 583 se
862 563 1028 584 sermonem

204 609 361 638 aggressus
375 602 429 636 est,
447 602 547 637 utpote
558 600 704 628 industria
717 600 846 629 humana
871 601 906 629 ad
925 601 1028 628 verita-

203 647 261 673 tem
286 644 590 681 comprehendendam
620 645 780 679 conﬁdens,
810 645 937 673 mendax
960 647 1026 678 est;

202 689 309 726 quippe
325 689 511 725 quimultum
528 697 545 716 θ.
558 689 681 717 veritate
698 689 823 717 aberret.

238 733 314 761 878
325 732 503 769 3.,Ga3terum
515 733 555 760 ait
569 733 678 761 dixisse
689 741 720 760 se
733 733 810 761 hunc
824 742 988 761 sermonem
998 734 1026 763 in

203 786 333 807 excessu.
351 777 421 809 Quis
437 779 534 805 autem
558 779 602 805 est
617 778 663 805 hic
681 778 843 806 excessus?
866 778 929 806 Sive
959 779 1028 814 quia

203 824 398 859 undecunque
412 822 573 849 humanam
590 824 724 850 naturam
744 823 973 858 consideraram,
999 827 1027 851 et

203 868 333 896 nuncubi
351 867 428 895 inter
448 867 581 895 homines
605 867 704 904 aliqua
730 870 807 896 esset
827 868 934 896 veritas
964 877 1026 904 per-

202 914 351 941 scrutatus
372 919 464 945 eram,
481 919 548 939 cum
578 914 676 939 tamen
707 912 780 940 citra
808 912 857 940 Dei
882 912 1024 940 auxilium
1042 927 1065 960 B

202 966 347 993 nusquam
364 956 566 984 eaminvenire
582 964 709 993 possem,
724 957 867 985 attonitus
884 958 978 985 factus
989 959 1025 986 ob

202 1011 263 1030 rem
278 1000 657 1037 inopinatam,exclamavi:
675 1001 770 1029 Omnis
798 1001 876 1029 homo
896 1002 1024 1030 mendax.

201 1047 265 1075 Sive
281 1047 309 1074 in
326 1054 445 1074 excessu
462 1045 511 1073 illo
526 1054 612 1081 quem
629 1054 725 1073 coram
742 1046 861 1074 Anchus
887 1047 1024 1080 confinxi,

201 1089 379 1120 comitialem
397 1091 532 1118 morbum
547 1089 753 1126 insaniamque
765 1090 910 1119 simulans
923 1100 930 1118 :
945 1093 1023 1127 post-

200 1144 289 1172 quam
304 1135 434 1163 intellexi
450 1143 496 1163 me
506 1143 539 1163 eo
554 1135 706 1163 devenisse
718 1136 871 1171 angustiis,
890 1137 922 1163 ut
937 1135 1024 1163 decli-

201 1180 289 1209 nandi
305 1179 425 1217 periculi
435 1180 469 1207 ab
477 1179 814 1215 hostibusimpeudentis
823 1188 912 1208 causa
923 1182 1024 1208 contra

201 1233 296 1253 meam
313 1223 407 1260 ipsius
421 1224 631 1252 conscientiam
649 1224 798 1258 mentirer,
815 1226 844 1252 et
873 1232 936 1260 quae
965 1232 1022 1252 non

201 1271 299 1298 essent
314 1269 471 1305 fingerem:
489 1271 560 1296 tunc
577 1268 655 1297 dixi:
673 1268 768 1296 Omnis
788 1269 868 1296 homo
892 1268 1022 1304 mendum,

200 1314 255 1342 etsi
269 1316 365 1342 tamen
378 1321 434 1341 non
447 1321 481 1340 ex
497 1313 753 1349 proposito,neque
766 1313 795 1340 in
812 1313 1023 1341 detrimentum

201 1358 411 1395 proximorum,
428 1357 478 1385 sed
495 1358 614 1385 omnino
630 1357 666 1385 ob
678 1356 863 1385 calamitosas
880 1358 1023 1393 quasdam

201 1411 305 1432 causas
322 1403 357 1431 ad
369 1402 556 1431 mendacium
564 1402 690 1438 confugi.
702 1402 784 1437 Atqui
793 1401 954 1438 pugnantia
965 1410 1023 1430 non

201 1448 333 1485 loquitur
342 1447 493 1483 Propheta,
511 1446 552 1474 uti
568 1446 701 1474 nonnulli
717 1446 855 1482 sophistae
867 1446 963 1482 ipsum
977 1454 1024 1474 co-

201 1500 322 1529 arguere
337 1493 491 1526 conantur,
502 1491 573 1519 dum
588 1492 689 1519 dicunt
703 1491 733 1519 in
750 1490 931 1519 circuitionis
959 1499 1024 1526 pro-

201 1538 287 1565 brum
305 1536 478 1572 Prophetam
489 1536 639 1564 incidisse.
661 1536 690 1563 Si
709 1536 787 1563 enim
812 1535 908 1563 omnis
937 1535 1024 1563 homo

202 1580 431 1615 mendax,David
447 1583 545 1608 autem
560 1581 598 1608 sit
609 1588 722 1617 quoque
733 1580 838 1614 homo;
855 1579 1024 1615 eratutique

201 1626 301 1662 etipse
317 1625 460 1659 mendax;
484 1625 507 1652 si
532 1633 597 1652 vero
622 1625 757 1659 mendax,
782 1627 810 1652 et
830 1624 857 1651 in
887 1624 934 1652 his
959 1633 1024 1661 quin

202 1671 329 1698 afﬁrmat
343 1670 415 1697 tldes
433 1669 664 1697 adhibendanon
680 1670 817 1701 θεὴ.ουοά
834 1668 858 1696 si
874 1668 1023 1696 hicsermo

201 1724 286 1744 verus
296 1723 353 1743 non
369 1715 422 1749 est,
439 1716 527 1750 atque
543 1713 631 1741 homo
646 1713 743 1741 omnis
759 1721 816 1740 non
829 1715 873 1741 est
888 1714 1024 1748 mendax,

203 1760 340 1788 Davidem
356 1759 444 1787 etiam
461 1758 604 1786 mendacii
621 1758 742 1786 crimine
757 1757 951 1785 absolvemus.
972 1757 1025 1786 Ve-

203 1813 270 1833 rum
284 1804 309 1832 ei
325 1812 382 1832 non
398 1803 549 1837 mentitur,
562 1803 716 1830 credamus
741 1802 797 1838 ipsi
820 1802 847 1829 in
875 1801 934 1830 illis
961 1811 1023 1838 quas

204 1850 340 1878 enuntiat
351 1849 520 1877 :credentes
535 1855 601 1875 vero
617 1855 720 1875 rursus
730 1855 868 1883 cogemur
891 1855 947 1875 non
965 1856 1025 1876 cre-

204 1895 282 1922 dere.
296 1895 390 1928 Quare
405 1893 430 1921 si
445 1900 544 1920 verum
556 1892 632 1920 dicat
649 1891 843 1926 David,solvit
857 1899 1023 1920 sermonem

203 1940 339 1974 suum,ut
354 1937 404 1974 qui
419 1940 447 1965 et
457 1937 545 1965 homo
560 1936 639 1970 sit,et
649 1944 705 1964 non
723 1935 899 1964 mentiatur:
912 1938 1023 1972 contra,

204 1984 228 2013 si
240 1983 392 2018 mentitur,
409 1991 443 2010 ex
457 1990 488 2010 se
503 1981 592 2009 habet
607 1982 684 2009 unde
696 1980 783 2008 fidem
801 1980 913 2009 nullam
943 1981 1023 2010 inve-

202 2029 273 2057 niat.
290 2028 360 2061 Quis
375 2027 454 2056 enim
483 2026 613 2055 attendet
631 2025 807 2054 mentienti?
834 2026 927 2058 Quare
956 2035 1023 2054 cum

200 2073 291 2103 semel
307 2071 504 2109 pronuntiarit
518 2079 635 2099 omnem
651 2070 802 2098 hominem
818 2079 882 2099 esse
902 2071 1023 2099 menda-

200 2116 438 2152 oem,mentiatnr
446 2115 534 2144 David
546 2119 576 2143 ut
589 2124 676 2143 suum
683 2115 1021 2143 conﬁrmetsermonem:

200 2164 251 2190 aut
267 2161 292 2189 si
306 2169 408 2189 verum
424 2160 486 2196 ipse
502 2159 582 2193 dicit,
599 2158 733 2187 dissolvit
756 2159 961 2187 assertionem.
986 2161 1023 2188 At

200 2206 261 2234 haec
278 2206 397 2241 quidem
413 2204 630 2232 ludiﬁcantium
646 2206 726 2238 sunt,
739 2205 767 2231 et
777 2204 942 2239 eorum,qui
959 2212 1022 2232 ver-

198 2250 304 2278 borum
319 2248 449 2285 str0pbis
465 2257 496 2276 ac
511 2248 648 2276 versutiis
662 2247 846 2275 obiectantur
859 2255 956 2275 coram
968 2248 1021 2275 im-

1084 289 1192 328 ίσχυον,
1220 292 1258 328 μὴ
1287 293 1467 329 κεκτημένος.
1497 293 1561 320 Εἶτα
1587 293 1641 331 οὐχ
1668 292 1761 321 ἑαυτὸν
1785 296 1908 320 ταπεινοῖ

1086 333 1176 372 μόνον,
1194 335 1266 363 ἀλλὰ
1280 336 1324 363 καὶ
1339 339 1426 364 πᾶσαν
1457 337 1527 374 ὁμοῦ
1549 338 1599 372 τήν
1624 340 1736 376 συγγενῆ
1760 338 1849 373 ἑαυτῷ
1861 337 1904 364 καὶ

1082 381 1212 407 κοινωνὸν
1238 381 1288 415 τὴς
1313 380 1417 420 φύσεως
1443 382 1650 420 ἂνθρωπότητα.
1674 382 1746 419 Ἐγὼ
1765 382 1815 420 γὰρ
1834 382 1902 416 εἶπα,

1083 425 1175 463 φησὶν.
1191 425 1218 452 ἰν
1246 427 1279 462 τῇ
1304 425 1423 453 ἐκστάσει
1455 436 1516 462 μου.
1547 427 1603 457 Hic
1614 425 1756 465 ἄνθρωπος
1772 425 1902 464 ψεύστης-

1082 469 1162 496 "an:
1186 470 1199 497 ὁ
1230 470 1267 506 μὴ
1297 469 1327 498 ἐκ
1341 471 1459 502 πίστεως
1488 470 1688 508 βοηθούμενος,
1715 471 1778 499 ἀλλ’
1803 469 1905 502 οἴκοθεν

1083 513 1126 541 ἐπὶ
1141 515 1185 542 τὸν
1203 514 1285 552 λόγον
1300 514 1452 552 ἐρχόμενος
1473 516 1555 552 (92‘),
1571 518 1631 546 ταῖς
1657 514 1839 553 ἀνθρωπίναις
1856 525 1904 542 παι

1083 561 1225 596 ρασκευαῖς
1240 559 1308 597 πρὸς
1322 560 1371 594 τὴν
1394 559 1547 597 κατάληψιν
1568 563 1619 595 τῆς
1645 559 1774 596 ἀληθείας
1789 559 1906 599 θαῤῥῶν,

1083 603 1200 641 ψεύστης
1217 603 1284 639 ἐστὶ,
1300 603 1445 642 παραπολὺ
1460 608 1510 640 τῆς
1526 604 1654 640 ἀληθείας
1670 604 1819 632 ἐκπίπτων.

1117 739 1143 766 3.
1160 736 1261 765 Τοῦτον
1277 735 1304 764 δέ
1320 747 1400 776 φησιν
1418 736 1556 775 ιῖρηκὲναι
1572 737 1617 765 τὸν
1628 736 1711 776 λόγον
1724 737 1749 765 ἰν
1764 737 1798 774 τῇ
1813 737 1906 766 ἐκστά-

1082 782 1191 812 σει,Τίς
1213 780 1240 809 δέ
1256 780 1324 809 ἐστιν
1353 783 1370 816 ἡ
1394 781 1533 817 {xc-rach;
1561 785 1639 810 ’Ἠτοι
1669 781 1710 809 ὅτι
1737 780 1905 820 περιϐλεψά-

1083 836 1161 863 μενος
1182 825 1231 859 τήν
1257 825 1429 863 ἀνθρωπίνην
1459 825 1550 862 φύσιν,
1580 826 1625 853 καὶ
1651 824 1903 864 διερευνησάμενος,

1082 869 1109 897 εἷ’
1133 869 1185 897 πού
1214 869 1256 900 τίς
1284 869 1354 897 ἐστιν
1383 869 1409 897 ἰν
1436 871 1590 908 ἀνθρώποις
1621 870 1746 906 ἀλήθεια,
1775 869 1906 907 μηδαμοῦ

1080 913 1179 949 ταύτην
1211 914 1301 952 εὑφιῖν
1336 912 1458 950 δυνηθεὶς
1485 913 1546 942 ἄνευ
1582 918 1632 950 τῆς
1655 915 1729 952 παρὰ
1762 917 1810 942 τοῦ
1840 918 1905 943 Θεοῦ

1083 958 1221 996 βοηθείας,
1237 955 1374 994 ῖκθαμϐος
1389 959 1535 996 γινόμενος
1564 958 1608 986 ἐπὶ
1633 961 1673 996 τῷ
1697 957 1843 996 παραδόξῳ
1857 958 1905 986 τοῦ

1079 1003 1249 1041 πράγματος,
1279 999 1409 1038 ἐξεϐόησα
1439 1004 1503 1040 (93),
1520 1002 1561 1031 δτι
1590 1004 1648 1034 Πᾶς
1677 1002 1821 1042 ἅνθρωπος
1846 1003 1908 1041 ψεύ-

1080 1057 1155 1082 σνης·
1174 1050 1191 1082 ῆ
1208 1046 1233 1073 ἓν
1261 1048 1296 1083 τῇ
1325 1046 1444 1074 ἐκστάσει
1475 1047 1575 1086 ἐκείνῃ,
1604 1049 1638 1081 ἦν
1663 1048 1906 1086 κατεσχηματισά-

1081 1102 1134 1128 μην
1163 1091 1205 1119 ἐπὶ
1235 1093 1283 1118 τοῦ
1324 1091 1451 1129 Ἀγχοὺς,
1483 1091 1631 1130 ἐπιληψίαν
1668 1092 1712 1120 καὶ
1744 1093 1902 1132 παραφορὰν

1080 1136 1293 1174 ὑποκρινάμενος
1310 1137 1389 1173 (93‘),
1406 1135 1574 1172 ἐπειδῆιῖδον
1598 1136 1637 1168 εἲς
1654 1136 1772 1175 ἀνάγκην
1789 1135 1902 1165 ἐλθόντα

1078 1179 1193 1217 ἐμαυτὸν
1223 1182 1271 1208 τοῦ
1299 1181 1513 1217 καταψεύσαοθαι
1552 1181 1683 1217 όμαυτοΰ,
1711 1181 1756 1209 καὶ
1784 1181 1903 1209 ἀναπλά-

1078 1231 1172 1256 σασθαι
1201 1224 1234 1252 τὰ
1260 1225 1297 1261 μὴ
1328 1223 1402 1261 ὄντα²
1420 1225 1485 1263 ὑπὲρ
1509 1228 1557 1253 τοῦ
1582 1226 1626 1253 τὸν
1656 1225 1710 1253 ἀπὸ
1738 1227 1794 1253 τῶν
1817 1225 1901 1253 πολε-

1079 1269 1148 1307 μίων
1163 1267 1284 1297 κίνδυνον
1301 1269 1434 1308 ἐκφυγεῖν,
1460 1269 1520 1297 τότε
1542 1269 1627 1305 εἷπον,
1653 1269 1694 1298 ὅτι
1718 1273 1774 1302 Πᾶς
1797 1269 1900 1308 ἅνθρω-

1077 1324 1128 1345 πος
1156 1313 1283 1351 ψεύστης·
1311 1314 1359 1341 κᾶν
1399 1314 1437 1351 μὴ
1466 1315 1534 1342 κατὰ
1562 1314 1730 1353 προαίρεσιν,
1761 1313 1826 1351 μηδ’
1856 1315 1899 1343 ἐπὶ

1078 1360 1152 1394 κακῷ
1166 1360 1220 1385 τῶν
1244 1356 1374 1393 πλησίον,
1391 1357 1464 1385 ἀλλὰ
1479 1359 1586 1389 πάντως
1615 1357 1659 1386 διά
1683 1368 1756 1391 τινας
1770 1368 1902 1396 περιστα-

1077 1402 1153 1433 τικᾶς
1166 1401 1252 1433 αἰτίας
1281 1401 1453 1440 καταφεύγων
1482 1401 1525 1429 ἐπὶ
1540 1402 1571 1430 τὸ
1600 1401 1743 1440 ψεύδεσθαι
1767 1403 1834 1440 (94).
1860 1403 1900 1432 Ού

1081 1447 1133 1484 μὴν
1150 1447 1237 1483 δαυτῷ
1251 1446 1405 1483 περιπίπτει
1430 1447 1497 1473 κατὰ
1524 1447 1571 1474 τὸν
1597 1445 1696 1485 λόγουν
1717 1448 1901 1486 ὁΠροφήτης,

1080 1491 1169 1529 ὥσπερ
1185 1491 1256 1523 τινὶς
1277 1493 1330 1518 τῶν
1359 1493 1522 1530 σοφιστικῶν
1551 1490 1736 1529 ἐπιχειροῦσιν
1753 1491 1835 1519 αὐτὸν
1860 1490 1903 1519 δι-

1080 1535 1216 1574 ελέγχειν,
1239 1537 1279 1571 τῷ
1303 1535 1371 1562 κατὰ
1399 1535 1566 1574 περι-τροπὴν
1596 1534 1705 1573 ἐλέγχῳ
1727 1535 1903 1572 ἰμπεπτωκὲ-

1080 1591 1123 1608 ναι
1140 1581 1209 1617 (94⁵)
1225 1579 1348 1617 λέγοντες
1363 1580 1409 1607 τὸν
1435 1581 1593 1619 Προφήτην.
1619 1579 1650 1607 Εἰ
1665 1580 1716 1618 γὰρ
1732 1582 1784 1612 πᾶς
1798 1579 1904 1617 ἄνθρω-

1079 1635 1130 1656 πος
1146 1625 1274 1661 ψεύστης,
1299 1624 1442 1661 ἅνθρωπος
1467 1622 1496 1651 δὶ
1518 1624 1563 1652 καὶ
1580 1625 1594 1652 ὁ
1623 1621 1716 1651 Δαϐίδ·
1734 1624 1852 1661 ψεύστης
1868 1624 1903 1659 ἦν

1078 1669 1122 1696 καὶ
1135 1669 1215 1700 αὐτὸς
1232 1667 1371 1703 δηλονότι·
1389 1667 1413 1695 εἷ
1439 1668 1467 1696 δὶ
1490 1668 1619 1706 ψεύστης,
1637 1668 1669 1695 οὐ
1685 1668 1841 1696 πιστευτὲον
1856 1669 1904 1696 αὖ-

1077 1716 1116 1750 τῷ
1131 1713 1192 1751 περὶ
1209 1713 1245 1740 ὦν
1274 1712 1460 1750 ἀποφαίνεται.
1487 1714 1534 1748 Μὴ
1564 1711 1642 1744 ὄντος
1663 1712 1691 1741 δὲ
1720 1712 1840 1748 ἀληθοῦς
1854 1716 1904 1741 τοῦ

1079 1757 1162 1795 λόγου
1175 1757 1284 1794 τούτου,
1302 1756 1372 1794 μηδὲ
1396 1755 1471 1788 ὄντος
1495 1758 1594 1789 παντὸς
1615 1758 1758 1796 ἀνθρώπου
1774 1757 1903 1794 ψεύστου,

1079 1801 1218 1841 ἀφήσομεν
1232 1801 1276 1829 καὶ
1292 1801 1336 1829 τὸν
1358 1799 1440 1829 Διϐὶδ
1466 1805 1517 1837 τῆς
1531 1804 1580 1829 τοῦ
1601 1801 1716 1839 ψεύδους
1730 1801 1817 1833 αἰτίας
1833 1803 1902 1839 (95).

1078 1846 1112 1875 Ei‘
1128 1845 1156 1874 δὲ
1181 1847 1212 1874 οὐ
1237 1845 1374 1883 ψεύδεται,
1398 1846 1584 1882 πιστεύσωμεν
1610 1846 1683 1883 αὖτῷ
1698 1847 1759 1884 περὶ
1780 1847 1817 1874 ὧν
1835 1846 1904 1874 ἀπο-

1079 1891 1209 1930 φαίνεταιν
1226 1891 1396 1921 πιστεύοντες
1413 1889 1451 1925 δὲ,
1476 1890 1558 1918 πάλιν
1582 1890 1621 1922 εἷς
1644 1891 1695 1926 τὴν
1716 1893 1765 1918 τοῦ
1780 1891 1903 1919 ἀπιστεῖν

1078 1936 1197 1973 ἀνάγκην
1227 1935 1479 1973 περιαχθησόμεθα.
1520 1936 1601 1963 Ὥστε
1627 1935 1650 1963 εἰ
1693 1936 1740 1972 μὶν
1774 1934 1903 1972 ἀληθεύει

1079 1978 1173 2014 Δαϐὶδ,
1187 1979 1245 2008 λύει
1258 1980 1304 2007 τὸν
1321 1979 1416 2007 ἑαυτοῦ
1443 1979 1536 2017 λόγον,
1566 1979 1612 2007 καὶ
1640 1980 1782 2016 ἅνθρωπος
1798 1979 1845 2017 ὢν,
1859 1980 1905 2008 καὶ

1080 2025 1118 2062 μὴ
1135 2023 1310 2062 ψευδόμενος·
1334 2023 1356 2052 εί
1383 2023 1411 2051 δὶ
1433 2023 1570 2061 ψεύδεται,
1600 2024 1709 2056 αὐτόθεν
1738 2022 1796 2062 ἔχει
1811 2025 1843 2052 τὸ
1866 2026 1904 2062 μὴ

1077 2069 1256 2102 πιστεύεσθαι·
1284 2068 1325 2100 τίς
1350 2068 1400 2107 γὰρ
1425 2069 1547 2107 προσέξει
1577 2068 1807 2106 ψευδολογοῦντι;
1825 2070 1907 2097 Ὥστε

1077 2113 1170 2149 ἐπειδὴ
1196 2113 1264 2148 ἅπαξ
1291 2113 1445 2152 ἀπεφήνατο
1473 2114 1560 2141 πάντα
1583 2113 1726 2151 ἄνθρωπον
1753 2113 1819 2141 εἶναι
1839 2114 1906 2151 ψεύ-

1077 2170 1152 2194 στην,
1168 2157 1306 2196 ψευδὲσθω
1329 2155 1423 2194 Δαϐἱδ,
1449 2155 1494 2185 ἵνα
1509 2158 1553 2185 τὸν
1579 2157 1661 2196 λόγον
1686 2159 1868 2194 πιστώσηται·
1886 2159 1905 2194 ἢ

1076 2202 1217 2238 ἀληθεύων
1231 2202 1321 2237 αὐτὸς,
1338 2202 1473 2240 παρέλυσε
1486 2203 1535 2238 τήν
1552 2202 1696 2239 ἀπόφασιν.
1714 2202 1801 2231 Ἀλλᾶ
1820 2205 1907 2231 ταῦτα

1078 2249 1124 2284 μὶν
1142 2248 1293 2282 παιζόντων
1320 2247 1385 2283 leti,
1414 2247 1459 2274 καὶ
1488 2250 1548 2278 ταῖς
1576 2249 1630 2275 τῶν
1656 2247 1746 2286 λόγων
1771 2250 1905 2287 στροφαῖς

198 2294 301 2332 peritis
313 2303 320 2322 :
332 2294 437 2323 veritas
452 2301 519 2322 vero
534 2292 599 2328 ipsa
614 2300 802 2328 nequaquam
819 2292 860 2320 sic
875 2301 906 2320 se
921 2293 1019 2321 habet.

1079 2291 1306 2330 ἓπαγαλλομὲνων
1334 2292 1404 2330 πρὸς
1432 2291 1495 2323 τοὺς
1523 2291 1659 2329 ἀπείρους¹
1691 2292 1720 2319 τὸ
1746 2290 1774 2319 δὲ
1796 2291 1904 2327 ἀληθὲς

198 2340 340 2368 Dicuntur
355 2339 501 2374 siquidem
517 2337 664 2371 homines,
689 2337 738 2373 qui
761 2337 900 2365 humanis
926 2337 1022 2365 adhuc

196 2384 349 2413 aﬂ'ectibus
360 2383 556 2411 distinentur:
570 2382 619 2410 sed
629 2382 677 2418 qui
689 2381 802 2409 carneis
819 2382 1021 2410 affectionibus

192 2430 255 2465 jam
262 2428 542 2456 sublimioreil‘ectus
549 2429 634 2461 est,et
642 2434 692 2462 per
698 2426 806 2454 mentis
814 2426 1019 2462 perfectionem

195 2473 231 2501 ad
247 2474 356 2501 statum
372 2472 488 2500 transiit
503 2471 686 2507 angelorum,
703 2470 752 2498 hic
778 2478 845 2498 cum
871 2471 906 2499 de
931 2471 1020 2500 rebus

194 2517 333 2546 humanis
348 2517 488 2553 loquitur,
499 2525 515 2544 a
526 2515 637 2544 caeteris
650 2515 752 2552 utique
762 2523 792 2543 se
806 2515 869 2552 ipse
881 2516 1016 2545 secernit.

228 2627 284 2664 (92)
296 2627 403 2664 Nostra
417 2625 506 2664 editio
515 2625 608 2664 Raris.
623 2632 657 2664 ex
671 2625 922 2664 typographorum
939 2625 1015 2654 osci-

191 2660 286 2691 tantis.
301 2671 352 2699 pro
363 2661 511 2698 ἐρχόμενος
527 2661 613 2688 habet
627 2660 792 2724 ἀρξόμενος.

227 2699 283 2724 (93)
299 2701 342 2724 lta
356 2701 468 2724 sentem
480 2705 551 2724 mss.
574 2698 611 2724 At
635 2705 650 2724 e
673 2699 717 2724 ιιι.
747 2695 792 2724 ιεει

227 2699 283 2734 (93)
299 2692 342 2726 ita
356 2692 468 2734 septem
480 2705 551 2724 mss.
574 2698 611 2724 At
635 2692 717 2732 editi,
747 2692 882 2731 ἰξεϐόησι,
909 2696 1013 2724 clama-

189 2735 240 2762 vit.

227 2770 271 2803 (93
287 2771 294 2805 )
309 2769 356 2796 Sic
371 2768 459 2797 editio
472 2768 561 2796 Basil.
578 2776 644 2805 cum
665 2767 796 2805 quinque
811 2775 883 2794 mss.
899 2767 936 2794 At
949 2767 1012 2794 edi-

190 2806 229 2833 tio
251 2802 344 2833 Paris.
362 2806 390 2832 et
410 2813 487 2833 unus
515 2806 564 2832 aut
592 2802 761 2839 alter’ms”
784 2802 1009 2839 ὑποκρινομενος,

189 2844 272 2870 Hunc
287 2841 385 2870 locum
400 2840 520 2877 prolixis
535 2840 613 2869 notis
627 2838 810 2868 illustravere
835 2838 957 2867 Ducisus
981 2842 1010 2867 et

1077 2336 1130 2375 οὐχ
1146 2337 1233 2367 οὕτως
1246 2334 1315 2374 ἔχει.
1340 2336 1497 2364 ’Ἀνθθωποι
1523 2336 1574 2374 γὰρ
1590 2335 1719 2374 λέγονται
1745 2336 1771 2363 οἳ
1785 2338 1844 2368 τοῖς
1859 2336 1907 2363 ἀν-

1075 2381 1223 2419 θρωπίνοις
1239 2380 1279 2408 ἔτι
1303 2381 1444 2418 παθήμασι
1469 2380 1660 2418 κατεχόμενοι·
1682 2381 1696 2407 ὁ
1722 2378 1751 2408 δὶ
1765 2379 1906 2417 ὑψηλότε-

1076 2437 1122 2464 ρος
1145 2425 1199 2461 ἢδη
1229 2427 1283 2453 τῶν
1310 2427 1445 2462 σαρκικῶν
1475 2425 1643 2462 παθημάτων
1671 2425 1831 2462 γενόμενος,
1857 2425 1904 2452 καὶ

1075 2470 1119 2498 διὰ
1132 2471 1182 2505 τὴν
1208 2472 1257 2497 τοῦ
1279 2472 1327 2497 νοῦ
1354 2469 1495 2497 τελείωσιν
1525 2470 1594 2507 πρὸς
1622 2471 1672 2505 τὴν
1698 2480 1753 2497 ⁸των
1779 2469 1906 2507 ἀγγέλων

1072 2516 1232 2544 κατάστασιν
1257 2513 1393 2552 μετελθὼν
1419 2514 1497 2552 (96⁹’),
1520 2514 1599 2546 οὗτος
1615 2513 1678 2542 ὅταν
1708 2515 1771 2553 περὶ
1791 2516 1845 2542 τῶν
1863 2515 1907 2542 ἀν-

1072 2623 1284 2653 Gombeﬂsius:
1301 2632 1376 2660 quas
1391 2622 1442 2660 qui
1461 2623 1569 2651 curiosi
1599 2626 1680 2660 sunt,
1704 2623 1800 2660 legere
1824 2612 1908 2660 pote;

1071 2662 1162 2732 ru(thli)
1177 2696 1423 2732 Reg.rseoundus,
1435 2693 1594 2732 ψεύσασθαι.

1115 2717 1614 2768 ὀξέίὶΞῶιὲἒζᾱὶἶοῗέκῇεἶῷἷιῐᾷὲιι

1085 2765 1258 2829 ἱ(ἓὶὸγΡιεεὶἰ
1274 2768 1423 2795 secundus
1443 2770 1472 2795 et
1491 2769 1602 2801 sextus,
1629 2766 1679 2800 τήν
1704 2767 1753 2793 τοῦ
1780 2765 1902 2802 ψεύδους

1067 2813 1082 2829 α
1095 2813 1109 2830 τ
1124 2813 1165 2830 αν.

1099 2839 1170 2876 (95')
1184 2838 1226 2868 lta
1240 2847 1313 2867 msl.
1330 2842 1403 2867 octo.
1421 2837 1508 2874 Editi,
1523 2836 1655 2869 ἀνελθών.
