2018 3146
105 137 165 168 109

687 132 853 164 HOMlLIA
875 132 914 163 IN
936 131 1127 164 PSALMUM
1149 133 1239 164 CXV.

1755 131 1815 163 110

105 201 252 240 θρωπίνων
269 199 442 238 διαλέγηται,
465 199 559 227 ἑαυτὸν
584 198 767 236 ὑπεξαιριῖται
791 200 846 225 τῶν
872 197 933 226 λοι-

998 198 1134 226 νιθῑιᾱιοίἰ
1149 198 1227 228 enim
1242 206 1344 235 expers
1359 200 1413 232 est,
1430 198 1481 234 qui
1493 198 1566 227 dixit
1579 207 1586 227 :
1601 199 1658 234 Ego
1667 197 1729 226 dixi
1744 206 1754 226 :
1766 198 1815 226 Di:

104 249 160 274 πῶν
190 244 345 281 δηλονότι.
370 242 504 281 Ἀψευδὴς
525 244 576 282 γὰρ
601 244 615 271 ὁ
643 243 736 271 εἰπών·
762 243 834 280 Ἐγὼ
861 242 931 270 εἶπαι·

105 292 167 319 Θεοί
202 290 274 324 ἐστε,
312 289 358 317 καὶ
389 289 443 316 υἱοὶ
479 288 608 325 Ὑψίστου
642 288 748 319 πάντες·
792 287 869 323 ὑμεῖς
907 285 937 314 δὶ

108 336 145 367 ὠς
159 334 303 372 ἅνθρωποι
333 334 525 369 ἀποθνήσκετε.
555 332 616 360 Θεοί
644 332 711 361 ἐστε.
742 331 853 363 Πάντως
868 330 896 358 δὶ
911 330 939 358 εἴ

103 391 157 408 τινι
181 378 262 416 ἄλλῳ
287 379 354 415 (96),
376 377 421 405 καὶ
444 379 485 414 τῷ
505 375 587 405 Δαϐὶδ
602 378 619 412 ἡ
634 376 746 412 τοιαύτη
764 376 936 414 προσηγορία

106 423 260 461 πρέπουσαι,
286 421 335 449 Καὶ
359 421 410 458 γὰρ
435 421 480 448 καὶ
499 421 557 452 υἱὸς
573 420 708 457 Ὑψίστου,
724 421 738 447 ὁ
754 420 799 448 διὰ
811 424 862 456 τῆς
877 421 936 457 ἀρε-

105 471 155 502 τῆς
173 467 351 503 ᾠχιιωμὲνος
365 467 436 501 Θεῴ,
450 465 495 492 καὶ
511 465 560 492 οὐκ
574 465 751 500 ἀποθνήσκων
769 465 806 496 ὠς
828 464 935 502 ἅνθρω-

106 521 170 547 πος,
187 509 263 538 ἀλλᾶ
279 512 366 544 ζῶντα
381 508 453 546 ἔχων
469 508 495 536 ἐν
512 509 599 545 ἑαυτῷ
612 510 657 536 τὸν
674 509 737 537 Θδόν
754 510 835 545 (96‘).

141 557 169 584 4.
197 554 268 592 Ἐγὼ
299 554 345 581 οὖν
370 554 457 587 εἶπον,
481 552 573 592 φησὶν,
609 552 635 580 ἐν
664 555 698 590 τῇ
727 552 846 580 ἐκστάσει
871 562 933 589 μου·

106 602 161 631 Πᾶς
199 597 344 635 ἄνθρωπος
377 596 506 634 ψεύστης.
538 597 724 625 ’Λκουέτωσαν
764 597 790 624 οἱ
817 599 851 634 τῇ
888 597 935 634 μὶν

107 643 187 681 σαρκὶ
217 641 263 670 διὰ
290 645 344 670 τῶν
375 641 543 678 παθημάτων
571 641 805 681 συμπεφυρμένοι,
833 641 879 669 τὸν
907 640 936 668 δὲ

105 690 168 716 νοῦν
201 687 303 714 ἑαυτῶν
336 685 526 724 ὑπιραίροντες
556 688 611 714 τῶν
651 686 860 723 ὑπερκοσμίων’
899 686 936 712 ὧν

106 732 170 764 τοὺς
188 730 343 769 λογισμοὺς
355 733 504 768 καθαιρεῖν,
520 730 566 758 καὶ
591 731 622 757 τὸ
646 730 747 767 ὕψωμα
760 734 810 765 τῆς
825 729 936 767 καρδίας

106 777 196 804 αὐτῶν
216 779 268 810 τῆς
303 775 538 812 καταπαιρομένης
567 777 614 802 τοῦ
641 777 718 809 Θεοῦ,
748 775 839 805 κοινὸς
866 773 935 802 ἔστω

108 821 211 852 σκοπὸς
241 823 306 847 πᾶσι
332 822 391 851 τοῖς
417 820 655 855 ἀντιποιουμένοις
674 823 724 854 τῆς
740 816 883 850 εὐσεϐείας.
901 818 935 847 Τί

989 244 1066 277 estis,
1081 245 1106 271 ei
1130 243 1186 279 ﬁlii
1208 244 1343 271 Altiuimi
1365 251 1458 271 omnes
1487 250 1531 271 vos
1559 245 1648 271 autem
1667 243 1739 271 sicut
1766 241 1814 270 ho-

989 290 1078 316 mines
1088 289 1250 316 moriemini
1259 288 1291 315 ³ο.
1308 288 1353 315 Dii
1372 288 1447 315 estis.
1461 287 1586 315 Omnino
1612 289 1709 315 autem
1725 287 1751 314 si
1765 286 1815 314 cui

990 333 1084 366 alteri,
1100 333 1188 360 etiam
1199 332 1255 368 ipsi
1271 332 1371 360 Davidi
1381 331 1540 367 appellatio
1552 331 1722 367 hujusmodi
1733 339 1812 360 com-

990 377 1071 413 petit.
1087 377 1160 404 Nam
1176 380 1205 404 et
1219 377 1297 404 illius
1313 376 1459 404 Altissimi
1474 379 1529 409 est,
1545 377 1593 411 qui
1611 384 1661 412 per
1674 375 1813 403 virtutem

990 422 1180 457 conjungitur
1194 421 1264 456 Deo,
1281 429 1332 449 nec
1349 421 1473 448 moritur
1488 423 1520 448 ut
1534 420 1632 456 homo,
1650 420 1700 448 sed
1715 420 1813 448 viven-

992 469 1048 494 tem
1065 467 1093 494 in
1110 466 1268 502 semetipso
1285 466 1374 494 habet
1391 466 1491 493 Deum.

1026 556 1051 583 4.
1068 556 1123 591 Ego
1139 555 1239 591 igitur,
1255 554 1362 590 inquit,
1378 553 1440 582 dixi
1454 555 1485 581 in
1500 562 1611 582 excessu
1625 562 1683 582 meo
1697 563 1703 582 :
1720 554 1815 583 Omni:

990 601 1067 628 homo
1082 599 1211 627 mendax.
1234 599 1362 627 Audiant
1383 598 1415 631 ii,
1436 599 1487 634 qui
1512 598 1629 626 etiamsi
1644 600 1725 627 carni
1748 600 1816 635 qui-

990 645 1055 672 dem
1071 652 1121 678 per
1135 643 1274 671 libidines
1290 651 1323 670 ac
1339 643 1408 670 vitia
1423 642 1572 670 commisti
1594 642 1654 670 sint
1668 645 1756 679 atque
1771 644 1814 671 af—

990 688 1049 722 ﬁxi,
1065 691 1164 716 tamen
1187 690 1314 715 mentem
1341 695 1424 715 suam
1448 687 1484 715 ad
1500 687 1629 715 cmlestia
1652 687 1813 716 extollunt:

990 740 1113 768 quorum
1141 732 1343 768 cogitationes,
1370 739 1403 759 ac
1431 731 1526 759 cordis
1553 734 1654 759 contra
1673 731 1765 760 Deum
1782 740 1813 760 se

989 777 1136 804 offerentis
1150 776 1337 804 altitudinem
1348 775 1482 803 demoliri
1499 783 1530 803 ac
1542 775 1718 811 subvertere,
1736 784 1814 804 com-

990 821 1089 848 munis
1105 829 1211 855 scopus
1227 821 1266 848 sit
1280 828 1381 848 eorum
1397 820 1595 854 omnium,qui
1606 820 1741 847 virtutem
1754 829 1814 848 am-

107 864 297 893 ἆνταποδώσω
324 866 365 900 τῷ
399 864 493 902 Κυρίῳ
521 864 582 901 περὶ
608 865 715 891 πάντων
751 864 786 891 ὧν
821 864 934 891 ἀνταπέ-

108 909 120 914 -
169 909 175 914 ,
325 911 346 914 _
393 909 398 914 .
591 907 595 914 .
660 907 668 914 ι
689 909 710 914 ,.
818 907 848 914 ...
911 905 923 914 ιι

998 865 1166 893 )lectuntur.
1184 865 1270 892 Vsas.
1287 865 1314 897 3,
1331 864 1357 892 4.
1379 864 1450 898 Quid
1470 864 1624 892 retribuam
1635 864 1748 893 Domino
1762 873 1812 900 pro

108 909 193 937 δωκὲν
226 916 298 946 ubi;
325 909 462 945 Ποτήριον
494 907 628 946 σωτηρίου
660 907 794 945 λήψομαι.
818 907 865 939 Εἲς
892 905 935 934 aif-

108 960 203 989 σθησιν
229 952 317 985 ἐλθὼν
346 955 400 980 τῶν
434 952 539 990 μυρίων
567 953 641 990 παρὰ
668 954 716 980 rei}
731 955 798 980 Θεοῦ
814 951 934 990 δωρεῶν,

108 998 152 1026 ὅτι
176 998 206 1025 ἐκ
229 1000 279 1025 τοῦ
305 997 343 1034 μὴ
369 994 446 1027 ὄντος
471 997 510 1027 εἷς
524 997 556 1024 τὸ
571 997 637 1024 εἶναι
664 998 807 1034 παρήχθη·
825 996 866 1024 ὅνι
882 996 935 1023 ἀπὸ

106 1047 157 1078 τῆς
174 1043 228 1080 γῆς
254 1040 438 1077 διαπλασθεές,
463 1040 540 1078 λόγῳ
567 1041 722 1077 τετίμηται,
739 1041 763 1068 ἂν
778 1041 801 1077 ᾧ
825 1041 870 1068 καὶ
884 1041 933 1075 τήν

108 1087 202 1115 ιῖιιόνα
227 1089 320 1125 φορεῖν
352 1084 462 1113 δύναται
498 1088 546 1113 τοῦ
575 1085 746 1122 ἐπουρανίου’
776 1084 868 1113 ἔπειτα
890 1085 935 1113 καὶ

109 1133 176 1169 πρὸς
203 1132 254 1166 τὴν
281 1130 349 1167 ὑπερ
372 1132 421 1157 τοῦ
434 1129 527 1168 γένους
543 1132 596 1157 τῶν
613 1129 761 1168 ἀνθρώπων
777 1129 936 1166 οἰκονομίαν

109 1175 226 1210 ἀπιδὼν,
260 1175 302 1203 ὅτι
344 1174 437 1202 ἑαυτὸν
471 1174 485 1202 ὁ
514 1173 612 1212 Κύριος
639 1172 722 1202 ἔδωκε
751 1173 850 1212 λύτρον
877 1175 936 1202 ἀντὶ

110 1220 220 1248 πάντων
332 1220 425 1255 ἡμῶν,
450 1218 590 1255 ἐπαπορεῖ,
607 1218 651 1246 καὶ
673 1221 745 1253 ζητεῖ
760 1219 787 1246 ἐν
803 1222 866 1246 πᾶσι
880 1221 937 1249 τοῖς

114 1265 285 1303 ὑπάρχουσιν
311 1263 396 1300 αὐτῷ,
413 1263 438 1290 τί
453 1261 525 1298 ἄξιον
539 1262 631 1301 ἐξεύρῃ
645 1262 733 1300 δῶρον
748 1266 787 1299 τῷ
802 1263 934 1301 Δεσπότῃ.

110 1309 143 1338 Τί
169 1308 217 1337 οὗν
245 1307 337 1347 φησίν,
366 1306 551 1335 ἀνταποδώσω
575 1309 614 1343 τῷ
637 1307 745 1345 Κυρίῳ;
771 1307 807 1335 Οὐ
833 1307 935 1342 θυσίας,

113 1352 176 1382 οὐδὶ
197 1352 411 1387 ὁλοκαυτώσεις,
437 1350 499 1379 οὐδὲ
512 1353 562 1387 τὴν
577 1351 606 1379 ἐκ
617 1355 668 1386 τῆς
680 1356 798 1388 νομικῆς
812 1351 937 1389 λατρείας

112 1397 268 1436 θεραπείαν,
285 1396 351 1424 ἀλλ’
364 1396 447 1430 αὐτὴν
469 1399 554 1423 πᾶσαν
571 1397 640 1433 (97·)
654 1396 703 1430 τήν
719 1396 837 1433 ἐμαυτοῦ
853 1398 935 1431 ζωήν·

110 1442 155 1470 χαί
171 1441 217 1469 διὰ
240 1441 333 1476 τοῦτο,
364 1441 441 1479 φησὶ,
472 1441 607 1478 Ποτήριον
637 1442 773 1478 σωτηρίου
799 1439 937 1477 λήψομαι,

113 1487 144 1514 τὸ
175 1486 201 1514 ἐν
230 1488 291 1516 τοῖς
320 1486 408 1523 ἀγῶσι
434 1487 493 1517 τοῖς
523 1485 588 1522 ὑπὲρ
614 1486 665 1517 τῆς
691 1482 826 1516 εὐσεϐείας
844 1485 937 1520 πάθος,

108 1530 141 1558 τὸ
172 1530 257 1568 μέχρι
283 1529 398 1562 θανάτου
434 1529 502 1566 πρὸς
540 1529 590 1564 τὴν
623 1529 756 1566 ἁμαρτίαν
796 1529 938 1556 ἀντικατα-

113 1564 236 1610 στῆναίξ·
249 1575 385 1610 ποτήριον
414 1564 512 1612 λὲνων.
536 1576 621 1601 Τοῦτο
635 1572 658 1600 δ’
674 1564 704 1601 div
720 1571 762 1608 είή
779 1573 845 1611 ὅπερ
861 1573 939 1605 αὐτὸς
955 1564 976 1596 C

109 1619 232 1654 ὀὸίόαξεν
262 1619 277 1646 ὁ
307 1619 406 1656 Σωτὴρ
436 1618 462 1646 ἰν
492 1620 550 1649 τοῖς
581 1617 768 1656 Εὐαγγελίοις.
797 1619 894 1656 Πάτερ,
917 1618 939 1646 εἰ

110 1664 242 1700 δυνατὸν,
272 1662 432 1700 παρελθὲτω
459 1663 491 1690 τὸ
519 1664 654 1700 ποτήριον
674 1665 765 1690 τοῦτο·
789 1662 833 1690 καὶ
858 1662 940 1690 πάλιν

109 1712 171 1740 τοῖς
195 1710 343 1745 μαθηταῖς
374 1707 491 1739 Δύνασθι
520 1709 591 1734 πιεῖν
625 1706 656 1734 τὸ
686 1707 829 1744 ποτήριον,
854 1707 868 1734 ὂ
888 1706 940 1745 ἐγὼ

113 1753 214 1790 μίλλω
230 1753 322 1780 πίνειν
339 1753 394 1788 (98)
412 1750 533 1787 ,ὶδήλου
549 1750 578 1778 δὶ
591 1751 636 1779 τὸν
653 1752 776 1786 θάνατον,
793 1751 821 1778 ὃν
837 1749 942 1778 κατεδέ-

113 1808 181 1836 χετο
198 1797 267 1833 ὑπὲρ
283 1799 334 1831 τῆς
347 1798 395 1823 τοῦ
411 1797 517 1832 κόσμου
533 1796 681 1833 σωτηρίας.
707 1795 756 1823 Διά
766 1797 849 1823 τοῦτο
864 1795 942 1834 φησὶ,

112 1843 256 1879 Ποτίριον
282 1840 419 1878 σωτηρίου
449 1840 591 1877 λήψομαι·
621 1839 753 1874 τουτὲο-ει,
784 1838 868 1876 διψῶν
899 1839 943 1867 ἐπὶ

111 1888 163 1922 τὴν
180 1885 227 1914 διὰ
242 1888 292 1913 τοῦ
324 1884 478 1923 μαρτυρίου
496 1883 638 1912 τελείωσιν
653 1882 782 1922 ἔρχομαι,
799 1884 944 1912 ἀνάπαυσιν

113 1932 209 1969 ψυχῆς
224 1929 271 1957 καὶ
288 1930 431 1966 σώματος,
448 1928 497 1956 οόκ
512 1927 666 1966 ἀλγηδόνας
678 1929 746 1964 (98’)
761 1928 901 1964 τιθέμενος
914 1929 948 1956 τὰ

114 1976 140 2004 ἐν
156 1978 217 2006 τοῖς
242 1974 311 2012 ὑπὲρ
336 1977 387 2008 τῆς
414 1970 550 2004 εὐσεϐείας
580 1973 664 2010 ἀγῶσι
687 1972 879 2010 προσαγόμενα
902 1983 948 2000 κο-

117 2021 265 2057 λαστήρια.
292 2018 425 2055 Έμαυτὸν
452 2017 510 2052 οὗν,
538 2017 617 2056 φησὶ,
646 2015 737 2044 θυσίαν
750 2017 888 2054 προσοίσω
902 2023 950 2049 καὶ

117 2063 278 2103 προσφορὰν
306 2065 346 2098 τῷ
374 2061 478 2100 Κυρίῳ,
508 2060 602 2095 ἐπειδὴ
628 2062 712 2088 πάντα
745 2061 893 2099 μικρότερα
912 2061 952 2089 τί-

116 2115 197 2146 θεμαι
224 2109 274 2142 τῆς
299 2107 372 2143 ἀξίας
395 2105 444 2135 τοῦ
470 2105 709 2143 εὐεργετήσαντος.
732 2105 779 2132 Καὶ
794 2105 893 2136 ταύτας
904 2106 952 2138 τὰς

114 2152 281 2191 ἆπκγγελίας
299 2152 418 2189 ἑτοίμως
443 2150 502 2190 ἔχω
531 2151 583 2179 ὑπὸ
610 2151 725 2188 μάρτυρι
747 2151 827 2178 παντὶ
839 2153 879 2186 τῷ
895 2151 954 2188 λαῷ

114 2198 257 2226 ἀποτῖσαι.
291 2197 343 2228 Τὰς
373 2197 425 2234 γὰρ
459 2195 542 2234 εὐχάς
581 2206 634 2231 μου
672 2195 808 2222 ἀποδώσω
836 2195 954 2223 ἐναντίον

989 910 1115 938 omnibus
1131 917 1194 946 quae
1209 910 1337 937 retribuit
1351 909 1443 937 mihi?
1458 909 1576 937 Calicem
1589 909 1722 937 salutaris
1737 911 1812 938 acci-

988 956 1075 990 piam.
1094 955 1318 982 lnnumerorum
1344 954 1393 981 Dei
1413 954 1491 981 874
1517 954 1662 982 donorum
1677 955 1814 982 conscius

991 1000 1094 1034 factus,
1111 999 1188 1034 quod
1204 1007 1238 1025 ex
1262 997 1354 1025 nihilo
1374 1001 1452 1025 esset
1467 998 1496 1025 in
1521 998 1615 1026 lucem
1633 999 1814 1034 productus:

990 1044 1067 1079 quod
1083 1052 1098 1071 e
1113 1045 1190 1071 terra
1207 1043 1360 1076 formatus,
1374 1043 1484 1070 ratione
1493 1042 1638 1076 excultus,
1656 1051 1713 1078 qua
1725 1044 1815 1071 etiam

990 1090 1054 1124 ejus
1070 1088 1121 1124 qui
1135 1087 1260 1115 caelestis
1271 1090 1316 1115 est
1325 1088 1484 1124 imaginem
1496 1088 1569 1115 ferre
1580 1089 1679 1124 posset
1691 1096 1697 1115 :
1711 1088 1816 1116 deinde

991 1134 1026 1162 ad
1046 1133 1092 1161 Dei
1110 1141 1225 1169 quoque
1236 1133 1487 1168 dispensationem
1499 1141 1551 1168 pro
1565 1133 1696 1161 humano
1710 1141 1816 1169 genere

992 1179 1097 1206 factam
1114 1177 1282 1213 respiciens,
1300 1177 1378 1212 quod
1397 1178 1536 1205 Dominus
1558 1177 1749 1213 semetipsum
1768 1179 1816 1206 de-

991 1223 1064 1250 derit
1073 1222 1281 1257 redemptionis
1288 1222 1414 1257 pretium
1428 1230 1478 1257 pro
1486 1222 1625 1250 omnibus
1632 1222 1817 1258 nobis,inops

991 1269 1036 1296 est
1050 1266 1174 1300 consilii,
1187 1270 1215 1294 et
1226 1267 1254 1293 in
1267 1266 1314 1294 his
1325 1266 1462 1294 omnibus
1479 1275 1542 1302 qua
1554 1267 1610 1302 ipsi
1621 1267 1817 1302 suppetebant

991 1311 1096 1347 quaerit
1104 1311 1253 1346 quodnam
1269 1310 1377 1338 donum
1395 1311 1518 1338 Domino
1528 1311 1650 1346 dignum
1666 1311 1815 1346 reperiret.

993 1356 1063 1390 Quid
1080 1356 1178 1391 igitur,
1197 1356 1302 1391 inquit,
1319 1355 1471 1383 retribuam
1487 1356 1600 1382 Domino
1612 1355 1627 1382 ‘I
1647 1357 1709 1382 Non
1726 1355 1816 1383 sacri-

994 1401 1070 1433 ﬁcia,
1087 1409 1144 1427 non
1160 1399 1344 1431 holocausta,
1361 1408 1418 1426 non
1440 1399 1545 1434 legalis
1569 1399 1666 1427 cultus
1681 1400 1818 1427 observa-

994 1445 1112 1477 tionem,
1131 1445 1181 1471 sed
1205 1444 1300 1479 ipsam
1328 1451 1422 1471 meam
1448 1443 1536 1471 vitam
1561 1451 1688 1471 omnem.
1704 1445 1739 1471 Et
1753 1452 1818 1472 eam

995 1490 1030 1517 ob
1054 1497 1188 1520 causam.
1217 1489 1345 1520 Calicem,
1375 1488 1483 1523 inquit.
1511 1488 1646 1515 salutaris
1671 1489 1820 1524 accipiam,

994 1533 1124 1561 laborem
1142 1540 1229 1568 quem
1247 1533 1276 1559 in
1291 1531 1409 1567 pietatis
1425 1532 1635 1560 certaminibus
1649 1532 1779 1568 pertulit,
1793 1534 1822 1560 et

996 1577 1192 1606 constantiam
1207 1585 1265 1612 qua
1279 1576 1314 1604 ad
1327 1579 1450 1604 mortem
1466 1585 1558 1612 usque
1571 1579 1685 1612 peccato
1702 1577 1821 1609 restitit,

994 1622 1114 1650 calicem
1129 1620 1294 1657 appellans.
1319 1623 1379 1648 Hoc
1396 1621 1494 1656 ipsum
1510 1623 1609 1648 autem
1627 1621 1723 1654 fuerit,
1741 1621 1820 1657 quod

995 1667 1126 1695 Salvator
1140 1665 1203 1701 ipse
1219 1664 1248 1692 in
1265 1664 1428 1701 Evangeliis
1445 1665 1565 1692 docuit:
1583 1667 1675 1700 Pater,
1695 1666 1721 1693 si
1735 1666 1820 1702 possi-

997 1711 1056 1739 bile
1069 1715 1118 1743 est,
1135 1713 1256 1737 transeat
1267 1710 1344 1737 calix
1357 1710 1409 1737 iste
1420 1710 1453 1736 θ’.
1470 1710 1505 1737 Et
1520 1718 1623 1737 rursus
1638 1710 1674 1737 ad
1688 1710 1819 1744 discipu-

997 1756 1057 1783 los:
1081 1755 1198 1782 Potestis
1228 1754 1318 1782 bibere
1342 1754 1468 1789 calicem,
1497 1762 1577 1789 quem
1605 1762 1653 1787 ego
1681 1754 1819 1781 bibituru:

997 1800 1087 1828 sum”
1097 1799 1307 1835 ?Signilicabat
1318 1802 1415 1826 autem
1421 1801 1545 1826 mortem
1557 1807 1645 1834 quam
1653 1807 1703 1833 pro
1715 1797 1819 1825 mundi

999 1846 1094 1873 salute
1110 1852 1216 1880 pessus
1231 1845 1285 1871 est.
1314 1844 1389 1877 Ideo,
1413 1843 1520 1878 inquit,
1547 1843 1669 1870 Calicem
1687 1842 1823 1870 salutari:

1000 1889 1158 1922 accipiam;
1186 1888 1241 1915 hoc
1256 1890 1311 1920 est,
1340 1887 1444 1915 sitiens
1467 1887 1503 1915 ad
1534 1887 1666 1924 martyrii
1680 1887 1824 1915 contendo

1002 1933 1298 1967 consummationem,
1313 1932 1553 1968 quandoquidem
1564 1931 1709 1968 supplicia
1723 1932 1753 1959 in
1769 1931 1827 1967 pie-

1002 1977 1072 2006 tatis
1087 1977 1298 2004 certaminibus
1324 1976 1415 2010 illata,
1442 1977 1548 2004 animae
1575 1979 1604 2003 et
1625 1976 1755 2011 corporis
1785 1984 1828 2003 re-

1005 2022 1115 2057 quiem,
1131 2029 1189 2048 non
1203 2020 1333 2048 dolorem
1349 2021 1434 2047 duco.
1460 2021 1504 2048 Me
1521 2020 1584 2055 ipse
1606 2020 1706 2056 igitur,
1721 2020 1829 2055 inquit,

1006 2066 1154 2093 victimam
1171 2067 1198 2091 et
1213 2063 1390 2092 oblationem
1404 2064 1523 2092 oll‘erem
1536 2063 1676 2092 Domino:
1692 2064 1831 2099 quoniam

1007 2110 1106 2138 omnia
1122 2108 1331 2137 benefacientis
1356 2108 1497 2144 dignitate
1518 2111 1588 2144 puto
1604 2116 1668 2136 esse
1682 2108 1830 2136 interiora.

1007 2155 1101 2190 Atque
1116 2153 1203 2181 hasce
1220 2152 1429 2189 promissiones
1445 2155 1520 2180 teste
1539 2153 1620 2180 omni
1644 2152 1752 2189 populo
1766 2161 1832 2188 per-

1009 2198 1120 2227 solvere
1137 2200 1257 2234 paratus
1273 2205 1351 2224 sum.
1368 2198 1456 2224 Vens.
1472 2197 1499 2224 5.
1526 2197 1591 2224 Vota
1603 2197 1680 2225 enim
1696 2205 1757 2225 mea
1770 2196 1833 2225 red-

115 2243 219 2274 πειντὸς
246 2243 296 2269 τοῦ
322 2240 390 2269 λαοῦ
414 2241 507 2269 αὐτοῦ.
539 2240 604 2268 Εἶτα
630 2240 777 2278 προτροπὴ
793 2240 862 2276 πρὸς
887 2240 941 2267 cui»

1007 2243 1074 2271 dam
1088 2243 1118 2269 in
1132 2243 1278 2275 conspectu
1292 2242 1381 2269 omnis
1396 2241 1493 2276 populi
1509 2243 1580 2277 ejus.
1604 2241 1713 2269 Deinde
1728 2241 1833 2269 adhor-

118 2286 257 2324 ἇχροσιτὰς
288 2286 354 2324 ὑπὲρ
380 2287 430 2313 τοῦ
460 2285 498 2322 μή
530 2283 739 2322 καταπλαγῆναι
768 2284 812 2312 τὸν
830 2284 951 2319 θάνατον⁸

117 2332 204 2368 Τίμος
221 2351 230 2364 ,
271 2331 353 2367 φησὶν
371 2351 378 2364 ,
409 2329 528 2357 ὶναντίον
560 2329 659 2365 Κυρίου
676 2351 683 2363 ,
714 2329 728 2356 ὁ
757 2327 869 2359 θάνατος
897 2331 951 2356 τῶν

121 2375 204 2404 ὁσίων
237 2374 330 2402 αὐτοῦ.
360 2374 404 2408 Μὴ
434 2374 579 2410 ὀκνήσητε,
610 2373 688 2410 φησί,
718 2373 786 2410 πρὸς
802 2373 892 2410 ἀγῶνα
904 2373 950 2400 τὸν

122 2419 220 2454 καλὸν,
248 2419 276 2446 οὶ
304 2417 453 2456 ἄνθρωποι,
484 2417 555 2455 μηδὲ
585 2416 798 2452 ἂποδειλιάσητι
813 2417 881 2454 πρὸς
896 2418 952 2454 (99)

1007 2290 1086 2315 tatur
1102 2287 1262 2321 auditores,
1279 2288 1312 2314 ut
1327 2293 1362 2313 ne
1379 2286 1537 2313 formident
1553 2288 1688 2314 mortem.
1704 2285 1792 2314 Vens.
1806 2286 1834 2314 6.

1007 2332 1147 2363 Pretiosa,
1163 2330 1270 2365 inquit,
1287 2331 1317 2357 in
1341 2331 1484 2365 conspectu
1506 2330 1618 2357 Domini
1640 2338 1715 2358 mars
1729 2335 1835 2358 sancto-

1007 2384 1070 2403 rum
1080 2376 1147 2410 ejus.
1160 2375 1264 2408 Nolite,
1277 2375 1330 2406 ait,
1338 2382 1443 2410 segnes
1453 2382 1517 2402 esse
1528 2375 1562 2401 ad
1576 2375 1654 2402 hunc
1661 2374 1837 2410 praeclarum

1008 2427 1142 2455 agonem,
1158 2427 1208 2446 vos
1225 2419 1369 2452 homines,
1383 2426 1477 2454 neque
1489 2418 1617 2446 timentis
1633 2422 1836 2453 mortem,non

161 2478 184 2496 ⁸ο
201 2476 279 2506 PsaJ.
295 2485 386 2510 tum,
402 2477 429 2511 6,
444 2477 472 2504 7.
507 2477 531 2495 ³⁸
549 2476 653 2504 Matth.
674 2483 750 2509 xxvx,
766 2475 811 2503 39.
851 2475 874 2493 ⁸⁸
887 2476 989 2505 Matth.
1007 2486 1055 2513 xx,
1069 2478 1115 2504 22.

145 2535 223 2579 -(9§l
232 2534 282 2579 §ic
297 2533 366 2562 editi
377 2537 406 2562 et
421 2542 493 2562 mss.
505 2533 651 2562 nonnulli.
668 2532 724 2560 Alii
737 2533 857 2568 quidam
870 2541 953 2569 mss.,

127 2568 181 2599 τῶν
194 2568 302 2598 ἄλλων.

161 2607 233 2641 (96')
251 2605 334 2642 Regii
346 2606 495 2633 secundus
517 2607 544 2632 et
559 2606 671 2639 sextus,
695 2602 825 2641 Χριστόν.
843 2603 955 2632 Ibidem

127 2639 185 2672 duo
204 2639 376 2673 meum...

162 2679 221 2714 (97)
238 2677 306 2705 llao
322 2675 351 2704 in
367 2677 475 2714 Catena
494 2676 610 2714 Corder:
628 2675 747 2714 Origeni
761 2675 955 2714 tribuuntur;

127 2709 231 2749 inqua
246 2715 347 2740 tamen
364 2721 415 2748 pro
430 2711 536 2738 πάντων
553 2711 661 2747 legitur
680 2709 806 2744 πολλῶν,
823 2719 873 2742 pro
888 2711 957 2738 mul-

127 2751 171 2776 tis.
183 2748 339 2776 Onomodo
352 2748 503 2776 scripserit
513 2750 624 2776 auctor.
637 2756 695 2775 non
707 2747 803 2775 dicam
817 2747 936 2776 quidem
949 2755 956 2775 :

127 2751 171 2778 iis.
183 2751 339 2783 Quomodo
352 2751 503 2784 scripserit
513 2751 624 2780 auctor,
637 2756 695 2775 non
707 2751 803 2775 dicam
817 2751 936 2782 quidem
949 2755 956 2775 :

128 2787 178 2814 sed
196 2786 348 2814 affirmare
363 2792 485 2819 possum
500 2784 530 2812 in
546 2783 656 2811 nostris
672 2791 744 2811 mss.
765 2781 872 2810 πάντων
889 2791 958 2811 oon-

1010 2536 1122 2563 stantcr
1138 2534 1210 2569 legi.

1046 2571 1113 2605 (97')
1130 2569 1178 2597 Sic
1196 2569 1330 2605 quinque
1345 2570 1470 2605 mss.,Art
1484 2569 1565 2605 editi,
1581 2568 1653 2596 ἀλλὰ
1676 2569 1725 2602 τὴν
1741 2570 1838 2596 πᾶσαν.

1046 2606 1103 2648 ςίξὶζ)
1119 2604 1240 2648 Codices
1258 2604 1394 2642 quatuor,
1419 2604 1433 2631 ὃ
1449 2604 1501 2642 ἐγὼ
1516 2604 1596 2632 πίνω.
1621 2607 1689 2638 Reg.
1705 2606 1841 2640 quartus,

1014 2640 1109 2677 μέλλω
1124 2643 1207 2669 πιεῖν.
1267 2640 1274 2642 “
1469 2640 1472 2642 ’

1019 2677 1117 2720 “(98:2
1130 2678 1170 2704 lta
1181 2676 1271 2705 editio
1284 2676 1370 2704 Basil.
1384 2679 1412 2703 et
1420 2683 1491 2703 mss.
1501 2677 1621 2711 septem.
1632 2674 1725 2701 Editio
1735 2673 1840 2708 Paris,

1014 2712 1204 2785 ἀλῖέλςῧόίῗέείἱ
1221 2747 1371 2776 secundus
1386 2749 1414 2774 et
1428 2747 1528 2774 sextus
1542 2743 1685 2772 omittunt
1696 2743 1776 2781 πρός.
