2018 3146
199 162 253 191 Hi

665 159 863 190 APPENDIX
889 158 1053 190 OPEBUM
1076 159 1109 189 S.
1131 158 1270 189 BASlLll
1293 159 1431 189 MAGNI.

194 228 274 256 enim
288 227 425 255 interitus
435 229 491 262 est,
506 226 558 254 sed
575 226 640 253 vitae
655 225 785 257 occasio;
804 233 861 252 non
882 227 928 252 est
942 223 1014 251 inte-

1075 223 1122 250 τεν
1150 222 1276 251 θάνατον·
1299 223 1329 251 οὗ
1356 223 1408 261 γὰρ
1429 224 1518 262 φθορά
1541 224 1623 258 ἔστιν,
1641 223 1714 253 ἀλλὰ
1727 228 1802 260 ζωῆς
1817 226 1906 265 ἀφορ-

195 281 247 309 gra
259 272 375 306 deletio,
396 271 447 299 sed
471 271 615 298 transitus
641 270 676 297 ad
703 269 857 296 honorem.
877 268 1020 296 Caeterum

193 318 272 352 apud
285 317 420 344 homines
434 323 536 343 avaros
550 314 670 350 quidam
683 313 787 350 lapilli,
800 313 910 341 ﬂoridis
920 311 1020 340 colori-

194 363 250 390 bus
267 361 422 397 fulgentes,
439 360 534 388 vocari
549 359 644 387 solent
663 359 783 394 pretiosi
799 367 805 385 :
830 360 860 385 at
874 366 938 385 vere
954 357 1018 384 Pre-

194 409 264 435 tiosa
278 415 321 434 res
335 408 374 434 est
388 414 460 433 more
474 407 632 433 sanctorum
647 404 716 438 ejus.
733 403 805 430 Cum
821 403 919 430 anima
929 401 1018 428 vitam

195 459 298 488 puram
309 458 408 486 agens,
421 458 438 477 a
447 449 545 477 carnis
556 448 692 476 sordibus
703 448 805 478 libera,
819 445 955 474 mascula:
968 448 1019 473 aut

194 504 269 532 regis
285 503 398 531 expers,
415 503 449 522 ex
477 493 628 521 laboribus
652 501 704 528 pro
733 492 840 527 pietate
862 489 1018 518 exantlatis

194 540 318 577 gloriam
343 539 457 574 adepta,
479 537 602 574 justitiaa
630 545 735 564 corona
756 535 901 570 redimita,
917 543 950 562 ac
965 542 1018 570 per

193 585 253 612 haec
269 583 367 611 omnia
377 583 494 610 virtutis
505 581 725 618 pulchritudine
737 579 923 616 przeiulgens,
937 578 1017 606 stite-

192 629 230 656 rit
245 637 310 656 sese
325 627 447 656 Domino
462 629 547 662 atque
573 626 776 653 universorum
787 623 893 660 judici,
916 623 1015 659 gratiae

191 673 377 709 splendorem
393 671 518 708 pretioso
534 670 615 698 omni
626 670 723 705 lapide
737 669 909 696 lucidiorem
922 667 1015 704 possi-

189 717 272 750 dens,
287 716 433 753 quomodo
450 715 540 750 hujus
552 713 678 742 hominis
691 721 769 741 mors
781 721 878 740 coram
895 712 1015 739 Domino

189 769 247 789 non
263 761 350 788 fuerit
366 759 516 795 pretioaa?
532 759 572 786 Ne
589 758 678 794 igitur
700 760 869 785 sanctorum
885 756 1014 784 virorum

188 814 223 834 ex
239 805 293 833 hao
308 805 367 832 vita
380 804 489 831 exitum
504 804 670 838 lugeamus,
686 802 736 830 sed
753 802 851 837 potius
866 803 976 833 ortum,
986 802 1015 828 et

189 858 292 877 eorum
308 850 337 876 in
353 849 428 876 hanc
443 848 534 875 vitam
552 848 728 882 ingressum.
743 846 816 875 Nam
831 845 968 873 introitus
983 844 1013 872 in

189 895 268 922 hunc
282 893 426 922 mundum
441 892 612 928 adjunctam
633 891 720 918 habet
744 889 934 926 ignominiam
950 897 1012 917 sor-
1028 906 1052 939 Β

188 939 271 966 dium
287 937 444 972 fetor-isque
459 938 486 964 et
498 944 600 963 earum
616 943 725 969 rerum,
738 942 863 971 quarum
880 942 916 961 ne
930 941 1012 969 aspe-

188 986 269 1011 ctum
284 982 404 1018 quidem
420 981 504 1009 facile
525 981 600 1008 ferre
616 982 714 1015 posset
739 979 816 1006 ullus
831 986 948 1018 eorum,
961 977 1010 1012 qui

187 1024 252 1050 vitae
266 1017 351 1050 nobis
367 1024 500 1049 auctores
511 1022 589 1048 sunt.
602 1020 654 1047 Per
666 1019 736 1047 talia
748 1018 824 1046 enim
839 1017 1011 1045 necessitate

188 1070 299 1095 natura;
309 1067 487 1094 constitutus
498 1067 542 1092 est
553 1073 662 1092 carnem
675 1062 835 1091 nativitatis
846 1063 1008 1099 ingressus.

186 1112 302 1146 Contra,
318 1110 412 1138 exitus
428 1109 492 1137 etis
508 1109 556 1145 qui
569 1108 638 1136 hinc
649 1108 681 1135 fit
696 1109 851 1136 abscessus
864 1106 1009 1143 pretiosus

185 1159 231 1184 est
245 1158 273 1183 et
283 1155 406 1183 illustris
419 1163 426 1188 ;
438 1162 497 1181 non
507 1153 641 1181 omnium
652 1152 818 1186 hominum,
832 1151 883 1179 sed
895 1158 1007 1184 eorum,

184 1201 235 1237 qui
249 1202 350 1229 sancte
364 1201 393 1227 et
404 1199 485 1233 juste
501 1197 577 1225 hanc
600 1197 688 1224 vitam
703 1198 916 1231 transegerunt.
939 1197 1006 1222 Pre-

184 1245 259 1273 tiosa
270 1244 360 1280 igitur
369 1245 415 1271 est
425 1251 514 1277 mors,
526 1250 585 1269 non
591 1241 738 1277 pretiosus
748 1240 902 1268 hominum
913 1241 1006 1267 ortus.

183 1289 343 1317 Seminatur
353 1289 442 1320 enim,
472 1287 578 1322 inquit,
604 1287 634 1313 in
662 1285 845 1321 ignobilitate,
869 1287 958 1318 surgit
978 1284 1008 1311 in

184 1333 259 1362 815
289 1333 399 1368 gloria:
419 1332 574 1359 seminatur
599 1331 630 1358 in
652 1330 836 1365 corruptione,
861 1329 949 1364 surgit
974 1328 1007 1355 in

183 1378 390 1414 incorruptione
397 1377 430 1404 ³³.
443 1376 585 1412 Compara
597 1375 695 1410 itaque
705 1376 830 1402 mortem
842 1373 984 1401 nativitati
999 1383 1005 1407 ;

183 1423 218 1451 ad
235 1431 301 1450 eum
317 1422 367 1458 qui
378 1421 519 1449 liberatus
529 1422 574 1448 est
588 1418 863 1455 ignominia,lugere
877 1418 1004 1445 desinas.

183 1467 257 1495 Cum
277 1465 398 1494 Judaice
414 1465 577 1497 interirent,
601 1463 799 1492 abominanda
821 1465 905 1490 erant
920 1463 1005 1490 cada-

183 1519 268 1539 vera:
286 1511 336 1538 ubi
350 1510 474 1546 contigit
490 1518 569 1537 mors
584 1517 636 1545 pro
652 1508 780 1542 Christo,
797 1507 925 1543 reliquiae
941 1515 1006 1534 san-

182 1558 298 1584 ctorum
311 1555 375 1590 ejus
391 1557 460 1582 sunt
475 1553 618 1589 pretiosae.
635 1555 728 1580 Antea
742 1552 894 1579 dicebatur
909 1559 1004 1579 sacer-

182 1599 303 1628 dotibus
318 1601 346 1627 et
361 1587 495 1626 Nazareis
506 1598 548 1625 3‘:
565 1598 622 1625 Non
637 1596 899 1625 contaminabimini
920 1603 1003 1631 super
1019 1587 1040 1620 C

180 1643 242 1672 ullo
255 1645 362 1672 mortuo
373 1651 384 1674 ,·
401 1646 446 1670 et:
463 1642 494 1670 Si
516 1643 579 1677 quis
605 1641 726 1676 tetigerit
740 1640 865 1676 cadaver,
881 1641 1005 1667 immun-

182 1688 231 1716 dus
244 1689 297 1715 erit
323 1686 459 1724 usquead
487 1694 646 1722 vesperam,-
677 1686 756 1718 item,
785 1685 901 1713 Lavabit
923 1686 1004 1713 vesti-

181 1737 275 1760 menta
287 1740 348 1759 sua.
365 1733 448 1759 Nunc
458 1734 557 1759 autem
573 1730 625 1766 qui
637 1729 774 1765 martyris
785 1737 852 1757 ossa
867 1729 1004 1765 tetigerit,

181 1785 217 1805 ex
232 1776 379 1805 insidente
390 1776 419 1803 in
434 1783 554 1811 corpore
565 1774 659 1810 gratia
671 1774 828 1809 quamdam
840 1773 1005 1801 sanctitatis

183 1821 432 1858 participationem
457 1819 573 1855 accipit.
590 1819 716 1847 Pretiosa
736 1821 775 1846 est
792 1818 882 1854 igitur
895 1819 924 1846 in
940 1826 1003 1846 con-

181 1871 274 1902 spectu
288 1866 401 1894 Domini
414 1872 487 1892 mors
506 1868 662 1892 sanctorum
685 1863 754 1898 ejus.
771 1864 811 1890 Ne
827 1862 1003 1898 pretiosissi~

182 1911 239 1938 mis
254 1910 398 1938 vilissima
419 1909 561 1945 praeferto,
586 1915 681 1944 neque
706 1907 780 1935 male
803 1908 1001 1943 commutatis,

181 1955 270 1983 vitam
283 1954 423 1982 caducam
437 1953 527 1981 statui
542 1951 739 1988 corruptionis
755 1952 863 1988 experti
877 1960 910 1979 ac
926 1952 1002 1980 felici

180 2001 390 2036 praeponentes.
407 1998 557 2034 Siquidem
574 1999 678 2033 praeter
692 1997 858 2033 ignominiaa
875 1996 1003 2024 ail'ectio-

179 2052 242 2078 nes,
251 2043 360 2080 quibus
370 2041 525 2078 voluptarii
537 2041 669 2078 plerique
681 2041 806 2076 subjecti
817 2043 897 2075 sunt,
904 2041 1000 2069 adhuc

177 2089 266 2116 etiam
289 2088 353 2116 vitae
379 2086 580 2120 necessitates,
607 2086 881 2122 magnanimitatem
896 2085 999 2113 animae

176 2133 355 2168 frangentes,
371 2132 466 2168 ipsam
490 2131 578 2159 veluti
605 2131 742 2167 redigunt
765 2131 794 2157 in
819 2130 1000 2164 servitutem,

175 2179 245 2205 dum
260 2177 296 2204 ad
312 2177 408 2204 carnis
421 2175 595 2203 famulatum
607 2175 687 2202 illam
699 2175 867 2202 detrahunt.
884 2174 937 2202 Ubi
949 2183 999 2202 au-

175 2224 234 2249 tem
250 2221 387 2254 servitus,
404 2220 464 2248 illic
480 2229 544 2248 esse
563 2222 591 2247 et
606 2219 798 2255 ignominiam
823 2219 924 2255 liquet.
944 2220 996 2247 Fu-

173 2265 281 2302 gienda
305 2265 394 2301 igitur
416 2267 460 2292 est
490 2265 557 2298 vita,
586 2264 633 2291 cui
664 2263 825 2300 ignominia
841 2264 1014 2299 conjuncta,

1063 2265 1081 2292 ’ὁ
1107 2264 1273 2303 μεγαλοφυὲς
1300 2265 1567 2301 κατακάμπτουσαι,

173 2312 227 2338 est.

1078 268 1127 304 μή·
1157 267 1207 294 οὐκ
1228 267 1379 305 ἀφανισμός
1404 267 1460 295 ἐστι
1484 269 1631 303 παντελὴς,
1653 268 1726 297 ἀλλὰ
1755 269 1906 306 μετάϐασις

1076 312 1144 348 πρὸς
1168 313 1263 349 τιμήν.
1287 312 1364 350 Παρᾶ
1380 313 1426 349 μὲν
1444 312 1490 340 οὖν
1505 316 1563 344 τοῖς
1580 313 1734 351 ἀνθρώποις
1748 318 1806 346 τοῖς
1823 315 1906 355 φιλο-

1075 355 1206 388 πλούτοις
1223 355 1325 384 λιθίδιά
1347 367 1417 393 τινα,
1440 358 1569 395 ἀνθηροῖς
1596 359 1742 396 χρώμασιν
1774 360 1903 397 ὑπολάμ-

1074 411 1169 435 ποντα,
1195 401 1273 437 τίμια
1296 401 1411 440 πέφυκεν
1443 402 1632 438 ὀνομάζεσθαν
1661 403 1756 439 Τίμιον
1777 405 1846 441 (99')
1873 404 1903 432 δὲ

1073 444 1184 480 ἀληθῶς
1212 446 1226 473 ὁ
1255 446 1370 477 θάνατος
1398 449 1452 474 τῶν
1483 447 1565 474 ὁσίων
1596 446 1689 476 αὐτοῦ.
1718 448 1900 487 εὈτιινψυχή

1072 490 1260 527 κακαθαρμένη
1276 493 1316 527 τῷ
1332 490 1394 528 βίῳ,
1420 490 1548 529 ἐλευθέρα
1576 493 1629 518 τῶν
1659 493 1709 526 τῆς
1734 493 1832 529 σαρκὸς
1850 505 1901 529 μοι

1072 533 1228 570 λυσμάτωνί
1254 536 1291 571 μὴ
1315 532 1416 572 ἔχουσα
1440 535 1537 562 σπῖλον
1553 535 1571 569 ἢ
1589 535 1692 573 ῥυτίδα,
1716 535 1746 564 ἐκ
1759 539 1813 564 τῶν
1832 538 1901 576 ὑπὲρ

1070 582 1120 613 τῆς
1154 576 1289 610 εὐσεϐείας
1325 579 1435 616 ἀγώνων
1476 578 1668 616 δεδοξασμένῃ,
1697 580 1742 608 καὶ
1774 581 1820 608 τὸν
1851 584 1902 615 τῆς

1071 622 1244 658 δικαιοσύνης
1267 622 1456 660 ἀναδησαμένη
1483 625 1623 663 στέφανον,
1651 624 1681 652 ἐκ
1701 624 1808 653 πάντων
1835 626 1901 653 τού-

1069 678 1123 694 των
1139 666 1356 705 ύπερλάμπουσα
1370 671 1410 704 τῷ
1438 667 1536 696 κάλλει
1559 670 1609 703 τῆς
1636 669 1746 707 ἀρετῆς,
1771 673 1899 708 παραστῇ

1069 714 1109 748 τῷ
1124 711 1243 749 Δισπότῃ
1267 712 1311 739 καὶ
1336 713 1416 750 κριτῇ
1443 714 1497 740 τῶν
1523 712 1608 747 ὅλων,
1637 714 1735 745 παντὸς
1750 713 1830 746 λίθου
1846 725 1896 743 πο-

1070 754 1201 787 λυτελοῦς
1231 755 1419 794 διαυγεστέραν
1434 758 1484 791 τὴν
1511 756 1540 784 lx
1558 758 1608 792 τῆς
1627 757 1752 797 χάριτος
1782 758 1896 798 φαιδρό-

1068 810 1137 834 τητα
1149 801 1314 837 κεκτημένη,
1329 803 1387 832 πῶς
1403 801 1468 839 οὐχὶ
1483 801 1578 838 τίμιος
1587 804 1636 829 τοῦ
1650 802 1778 830 τοιούτου
1791 803 1897 841 ἀνθρώ-

1068 855 1118 871 πον
1135 844 1253 872 ἐναντίον
1270 845 1370 883 Κυρίου
1384 846 1397 873 ὁ
1414 845 1526 878 θάνατος
1540 855 1546 880 ;
1564 847 1609 881 Μὴ
1625 846 1714 874 τοίνυν
1733 845 1896 884 ὀδυρώμεθα

1067 888 1114 919 τὰς
1129 888 1247 921 ἐντεῦθεν
1264 888 1372 924 ἐξόδους
1385 892 1440 916 τῶν
1454 890 1537 917 ὁσίων
1553 889 1669 926 ἀνδρῶν,
1686 890 1758 919 ἀλλὰ
1785 891 1892 927 μᾶλλον

1065 933 1113 964 τὰς
1127 934 1242 971 γενέσεις
1265 934 1311 960 καὶ
1334 934 1382 965 τὰς
1408 933 1446 965 είς
1472 934 1521 968 τήν
1546 935 1617 968 ζωὴν
1632 934 1733 970 ταύτην
1745 935 1892 972 παρόδους.

1065 977 1097 1006 Ἡ
1114 978 1161 1014 μὶν
1176 978 1226 1016 γὰρ
1243 977 1281 1009 εἷς
1310 979 1355 1005 τὸν
1376 977 1479 1014 κόσμον
1503 980 1598 1006 τοῦτον
1624 977 1741 1015 εἷ’σοδος,
1767 978 1802 1007 δι’
1832 980 1892 1008 ἄτι-

1066 1021 1130 1058 μίας
1145 1021 1199 1049 ὲο-τί
1225 1021 1310 1059 ῥυπου
1333 1022 1378 1049 καὶ
1394 1020 1538 1057 δυσωδίας,
1566 1023 1611 1050 καὶ
1632 1023 1668 1051 ὧν
1699 1022 1756 1051 οὐδ’
1783 1024 1812 1051 ἂν
1841 1025 1892 1059 τὴν

1065 1065 1124 1093 Θέαν
1152 1065 1274 1098 εὐκόλως
1299 1066 1447 1104 ἀνάσχοιτό
1471 1077 1513 1098 τις
1537 1068 1612 1104 (100)
1637 1071 1689 1102 τῆς
1717 1070 1790 1103 ζωῆς
1811 1069 1892 1106 ἡμων

1063 1110 1286 1148 καθηγουμένωψ
1311 1109 1356 1138 διὰ
1382 1112 1433 1149 γὰρ
1455 1114 1508 1138 τῶν
1529 1111 1658 1139 τοιούτων
1674 1113 1691 1146 ἡ
1707 1111 1827 1150 πάροδος
1841 1117 1893 1148 τῆς

1063 1154 1192 1193 σαρκίνης
1207 1156 1338 1193 γενέσεως
1361 1158 1400 1192 τῷ
1422 1157 1471 1188 τῆς
1487 1156 1592 1195 φύσεως
1608 1156 1749 1194 ἀναγκαίῳ
1778 1158 1817 1193 (1)
1847 1168 1892 1185 νε-

1063 1199 1256 1236 νομοθέτηται.
1273 1200 1305 1228 Ἢ
1317 1199 1346 1227 δὲ
1361 1199 1452 1235 ἔξοδος
1465 1200 1510 1227 καί
1526 1201 1543 1235 ἡ
1561 1200 1707 1238 ἀπαλλαγὴ
1720 1202 1738 1236 ἡ
1755 1201 1889 1238 ἐντεῦθεν,

1063 1244 1141 1280 τιμία
1168 1244 1214 1271 καὶ
1243 1245 1410 1282 περιφανήςο
1438 1243 1469 1272 οὗ
1495 1244 1602 1272 πάντων
1628 1245 1786 1282 ἀνθρώπων,
1815 1245 1890 1274 ἀλλὰ

1061 1290 1115 1315 τῶν
1131 1288 1213 1319 ὁσίως
1229 1288 1273 1315 καὶ
1289 1287 1402 1320 δικαίως
1414 1289 1459 1316 τὸν
1477 1289 1588 1316 ἐνταῦθα
1604 1288 1663 1327 βίον
1686 1287 1887 1328 διενεγκόντων.

1060 1332 1157 1368 Τίμιος
1185 1333 1230 1359 οὖν
1251 1332 1265 1359 ὁ
1287 1333 1408 1369 Θάνατος,
1425 1332 1492 1370 οὐχὶ
1519 1333 1598 1369 τιμία
1626 1335 1680 1361 τῶν
1702 1334 1854 1371 ἀνθρώπων
1870 1336 1887 1369 ἡ

1061 1377 1173 1414 γένεσις.
1205 1376 1347 1413 Σπείρεται
1378 1376 1441 1414 γὰρ,
1471 1376 1563 1415 φησὶν,
1597 1376 1624 1404 ἐν
1651 1377 1756 1414 ἀτιμίᾳ,
1785 1377 1886 1416 ἐγιίρε-

1060 1431 1103 1447 ται
1139 1420 1165 1448 ἐν
1202 1418 1283 1458 δόξῃ·
1320 1420 1456 1459 σπείρεται
1496 1420 1521 1448 ἐν
1554 1422 1666 1461 φθορᾷ,
1701 1421 1833 1460 ἆγείρεται
1860 1423 1886 1450 ἓν

1061 1464 1203 1504 ἀφθαρσίᾳ.
1230 1466 1378 1504 Σόγκρινον
1403 1465 1492 1493 τοίνυν
1508 1467 1541 1503 τῇ
1579 1467 1680 1503 γενέσει
1695 1467 1740 1494 τὸν
1757 1467 1886 1502 θάνατον,

1059 1510 1105 1537 καὶ
1129 1511 1228 1537 παῦσαι
1264 1508 1430 1547 ὀδυρόμενος
1453 1510 1499 1537 τὸν
1527 1513 1578 1544 τῆς
1605 1509 1716 1546 ἀτιμίας
1743 1509 1886 1539 ἀπαλλασ-

1060 1553 1185 1590 σόμενον.
1214 1555 1279 1583 ’Ότι
1306 1553 1463 1585 Ἰουδαϊκῶς
1493 1554 1671 1590 ἀπέθνησκον,
1691 1553 1827 1592 βδελυκτὰ
1852 1557 1885 1590 ἦν

1059 1598 1092 1625 τὰ
1116 1601 1275 1634 θνησιμαῖα·
1305 1598 1349 1626 ὅτε
1378 1599 1443 1635 ὑπὲρ
1471 1599 1590 1636 Χρισταῦ
1621 1600 1635 1626 ὁ
1660 1599 1784 1630 θάνατος,
1806 1599 1887 1636 τίμια

1059 1642 1093 1669 τα
1108 1644 1146 1679 (2)
1171 1642 1285 1679 λείψανα
1299 1645 1352 1670 τῶν
1367 1643 1448 1670 ὁσίων
1466 1643 1556 1672 αὐτοῦ.
1584 1643 1640 1681 Πρὸ
1655 1643 1752 1671 τούτου
1776 1643 1885 1682 ἐλέγετο

1058 1690 1117 1718 τοῖς
1146 1687 1246 1723 ἱερεῦσι
1271 1687 1314 1715 καὶ
1342 1690 1400 1718 τοῖς
1430 1688 1601 1724 Ναζωραίοις
1626 1687 1669 1723 τὸ,
1698 1688 1735 1715 Οὐ
1767 1689 1885 1726 μιανοή-

1060 1737 1135 1763 σεσθε
1163 1732 1201 1768 (3)
1239 1730 1280 1759 ἐπ’
1317 1729 1404 1759 οὐδενὶ
1432 1731 1584 1767 τεθνηκότι·
1614 1732 1660 1760 καὶ
1685 1732 1727 1768 τὸ,
1758 1733 1818 1760 Ἐάν
1845 1743 1887 1764 τις

1058 1774 1160 1812 ἅψηται
1199 1777 1317 1813 νεκροῦ,
1362 1776 1510 1814 ἀκάθαρτος
1554 1774 1627 1804 ἔσται
1669 1775 1720 1808 ἕως
1759 1777 1882 1815 ἰσπίρας·

1058 1819 1102 1847 καὶ
1130 1820 1172 1853 τὸ,
1198 1820 1299 1848 Πλυνεῖ
1328 1821 1424 1848 ἑαυτοῦ
1453 1821 1485 1848 τὰ
1506 1821 1613 1857 ἱμάτια.
1642 1821 1708 1848 Νυνὶ
1734 1819 1762 1849 δὲ
1783 1821 1796 1848 ὁ
1812 1821 1884 1858 ἀψά-

1060 1875 1140 1901 μινος
1171 1863 1269 1892 ὀστέων
1300 1864 1455 1902 μάρτυρος,
1485 1862 1618 1902 λαμϐάνει
1646 1866 1707 1893 τινὰ
1741 1866 1884 1902 μετουσίαν

1057 1909 1192 1946 ἀγιασμοῦ
1221 1908 1247 1935 ἐν
1263 1912 1313 1944 τῆς
1327 1911 1366 1945 τῷ
1389 1909 1495 1946 σώματι
1511 1908 1729 1947 παρεδρευούσης
1753 1911 1882 1948 χάριτος.

1056 1954 1152 1990 Τίμιος
1182 1954 1227 1981 οὖν
1255 1953 1372 1981 ἐναντίον
1407 1954 1509 1991 Κυρίου
1538 1955 1553 1981 ὁ
1583 1955 1695 1986 θάνατος
1721 1957 1774 1982 τῶν
1799 1955 1880 1983 ὁσίων

1055 1998 1147 2026 αὑτοῦ.
1173 1999 1220 2033 Μὴ
1249 2001 1402 2036 προτιμᾶτι
1428 2001 1481 2025 τῶν
1507 1997 1704 2035 πολυτιμήτων
1725 1999 1759 2026 τὰ
1782 1999 1881 2036 ἀτιμό-

1054 2053 1130 2079 τατα,
1162 2041 1233 2080 μηδὶ
1265 2043 1344 2070 κακοὶ
1374 2042 1554 2071 συναλλάκται
1582 2043 1696 2081 γίνεσθε,
1727 2043 1777 2078 τήν
1805 2050 1881 2083 φθει-

1055 2088 1174 2126 ρομένην
1209 2088 1280 2122 ζωὴν
1315 2088 1366 2122 τῆς
1397 2087 1532 2127 ἀφθάρτου
1560 2087 1605 2114 καὶ
1635 2088 1769 2126 μακαρίας
1800 2099 1881 2116 κατα-

1055 2132 1171 2163 στάσεως
1201 2134 1409 2168 προτιμῶντες.
1436 2133 1516 2159 Ἀνευ
1546 2132 1598 2170 γὰρ
1627 2134 1679 2159 τῶν
1707 2133 1879 2169 παθημάτων

1052 2179 1102 2210 τῆς
1132 2175 1250 2212 ἀτιμίας,
1282 2177 1323 2206 οἷς
1353 2176 1379 2202 οἱ
1402 2174 1529 2203 πλεῖστοι
1558 2178 1612 2203 τῶν
1635 2175 1794 2215 φιληδόνων
1813 2177 1880 2204 ὑπό-

1052 2231 1164 2254 κεινται,
1187 2218 1224 2247 ἔτι
1249 2220 1294 2247 καὶ
1311 2220 1337 2247 αἱ
1362 2221 1430 2247 κατὰ
1445 2220 1490 2247 τὸν
1516 2220 1574 2258 βίον
1591 2223 1694 2258 χρεῖαι,
1715 2224 1765 2255 τῆς
1786 2222 1880 2259 ψυχῆς

1604 2263 1688 2292 οἱονιῖ
1717 2263 1879 2293 δουλοῦνται

1050 2309 1158 2344 αὐτὴν,
1197 2310 1264 2347 πρὸς
1298 2310 1347 2343 τὴν
1389 2309 1535 2346 ὑπηρεσίαν
1573 2312 1622 2344 τῆς
1661 2309 1759 2347 σαρκὸς
1795 2320 1878 2337 κατα-

172 2354 310 2391 σύρουσαι.
339 2354 426 2380 Ὅπου
454 2351 483 2380 δὲ
509 2351 629 2386 δουλιία,
659 2351 715 2380 ἐκεῖ
743 2350 828 2387 δῆΛον
856 2352 897 2380 ὅτι
925 2354 970 2381 καὶ
996 2354 1101 2392 ἀτιμία.
1131 2353 1264 2382 Φευκτὲον
1294 2353 1340 2381 οὖν
1369 2354 1418 2389 τὴν
1450 2355 1534 2390 ζωήν,
1607 2354 1638 2381 τὸ
1668 2352 1766 2391 ἄτιμον
1791 2365 1876 2393 παρα-

170 2399 285 2427 πέφυκεν
291 2420 298 2427 .

226 2409 298 2427 υκεν.

203 2409 231 2471 ἔ.
247 2442 337 2478 Nihil,
351 2442 457 2479 inquit,
474 2450 580 2478 perago
594 2442 703 2478 magni,
715 2441 786 2470 dum
802 2442 856 2471 tibi
873 2443 994 2472 Domino

169 2487 299 2517 retribuo
315 2496 362 2516 me
390 2488 499 2523 ipsum.
516 2489 585 2514 Nam
614 2494 717 2514 servus
740 2489 810 2515 tuus
835 2496 902 2516 cum
924 2489 992 2524 sim,

203 2551 226 2569 ³³
243 2551 254 2579 Ι
269 2552 332 2578 Cor.
348 2558 396 2586 xv,
411 2550 456 2585 43,
472 2550 517 2577 42.
555 2549 578 2566 ³⁴
592 2549 681 2576 Levit.
697 2557 738 2584 ιι,
754 2550 799 2585 39,
815 2551 859 2578 40.

186 2613 270 2675 (θρὶξ)
283 2613 352 2649 Reg.
363 2609 583 2647 sextus,tlp.to<.
595 2610 689 2639 Editio
701 2613 801 2640 nostra
812 2612 894 2640 etalii
906 2621 992 2649 mss.,

166 2658 270 2684 τιμιον.

203 2685 275 2718 (100)
292 2683 479 2712 Desideratur
492 2683 557 2710 τῶν.
573 2683 652 2710 Eol'r.

215 2721 238 2755 1)
256 2717 336 2747 Colb.
358 2722 492 2755 quartus,
509 2718 639 2755 γινὲσεως
655 2717 816 2755 ἀναγκαίως.

215 2723 225 2747 1
256 2723 336 2747 Uolb.
358 2723 492 2754 quartus,
509 2723 639 2755 γινὲσεως
655 2723 816 2755 ἀναγκαίως.

211 2723 238 2790 2)
254 2755 377 2791 Exillis,
393 2754 472 2791 τίμια
486 2755 529 2785 τά.
555 2758 622 2788 etc.,
645 2755 828 2791 occasionem
849 2754 937 2790 coepit
951 2754 988 2782 li-

163 2790 280 2826 brarius
296 2790 337 2819 ita
349 2790 495 2819 scribendi
521 2791 550 2818 in
571 2790 703 2826 margine
732 2791 800 2826 Reg.
818 2790 910 2818 sexti:
926 2791 986 2818 Ὅτι

164 2824 205 2853 δεῖ
223 2828 303 2862 τιμᾷν
326 2827 359 2854 τὰ
378 2826 492 2863 λείψανα
516 2827 569 2853 τῶν
596 2824 689 2862 ἁγίων·
715 2824 853 2862 Βειίἷμιίαε
879 2831 987 2855 sancto-

1084 2445 1110 2473 5.
1128 2442 1214 2473 Οὖδὶν
1231 2444 1280 2480 (4),
1296 2443 1372 2482 φησὶ,
1399 2443 1468 2481 μέγα
1482 2444 1565 2478 ποιῶ,
1591 2443 1707 2480 ἐμαυτόν
1723 2453 1766 2470 σοι
1781 2441 1876 2471 ἀποδι‹

1049 2487 1165 2524 δοὺςτῷ
1179 2487 1310 2525 Δεσπότῃ.
1333 2486 1437 2519 Δοῧλος
1458 2488 1511 2526 γὰρ
1535 2487 1573 2516 ὢν
1602 2488 1659 2524 σὸς,
1690 2488 1717 2515 οἱ
1744 2486 1876 2526 προσάγω

1047 2621 1109 2640 rum
1126 2613 1261 2640 honorare
1274 2613 1388 2648 oportet.

1079 2648 1118 2684 (3)
1132 2649 1178 2676 Sic
1194 2646 1310 2676 codices
1325 2656 1386 2684 sex.
1413 2646 1573 2684 Editirvero
1592 2655 1664 2684 cum
1685 2646 1764 2684 Colb.
1783 2646 1875 2684 septi-

1045 2683 1304 2725 mo'puvtiijatut.
1330 2683 1402 2711 Illud
1430 2683 1629 2725 quodustatim
1656 2683 1801 2725 sequitur,
1818 2683 1871 2713 ἰως

1044 2718 1167 2757 ἑσπέρας,
1182 2728 1215 2761 ex
1230 2723 1357 2761 quatpor
1371 2718 1447 2747 mss.’
1468 2718 1648 2747 addidimus.
1669 2718 1782 2746 Ibidem
1797 2727 1870 2747 mss.

1044 2755 1213 2791 non'pauci,
1229 2755 1312 2782 αὐτοῦ
1327 2755 1370 2782 τά.

1078 2789 1174 2827 (4)Ἰῑβ
1189 2800 1260 2819 mss.
1277 2799 1328 2820 sex
1338 2799 1405 2819 cum
1415 2790 1542 2818 editione
1559 2789 1641 2818 Basil.
1658 2790 1695 2818 At
1709 2790 1800 2818 editio
1811 2791 1866 2817 Pa-

1043 2825 1111 2862 ris},
1122 2825 1198 2854 οὐδὲν
1213 2827 1268 2856 οὖν.
