2018 3146
120 168 181 199 113

708 168 873 199 HOMlLlA
895 167 933 196 IN
958 165 1148 196 PSALMUM
1171 165 1259 196 CXV.

1774 163 1831 192 114

121 233 153 260 τὸ
185 233 233 260 σὺν
262 236 368 268 κτῆμα.
398 231 507 262 Πάντως
533 233 582 269 γὰρ
610 243 658 259 του
686 243 829 263 κτισαντος
854 230 949 259 δοῦλον

1008 233 1089 258 tuam
1114 231 1165 258 tibi
1182 239 1398 267 possessionem
1414 232 1512 259 onero.
1528 230 1652 258 Omnino
1681 229 1760 256 enim
1785 236 1831 256 res

125 277 245 315 ὑπάρχει
273 277 304 304 τὸ
333 276 488 312 ἐκτισμένον
514 278 563 313 (5).
578 277 658 304 Ὥστε
673 276 703 303 οὐ
719 275 873 314 προαιρέσει
890 273 951 302 δοῦ-

126 321 174 352 λος
193 321 292 358 μόνον,
309 320 380 349 ἀλλὰ
393 319 438 348 καί
462 320 548 359 φύσει.
574 321 635 352 Υἱὸς
660 321 712 358 γάρ
738 320 793 356 εἷ’μι
813 324 863 355 τῆς
892 330 952 346 παι-

127 365 224 401 δίσκης
257 376 319 399 σου,
343 367 373 400 ἢν
397 366 577 400 νηπιάζουσαν
603 366 642 402 (6)
665 365 710 392 καὶ
733 363 836 401 κομιδῇ
869 362 954 392 παῖδα

127 410 299 448 παραγαγὼν
318 409 332 437 ύ
355 409 462 447 ἐχθρὸς,
484 409 528 437 καὶ
555 409 711 444 ἀποστήσας
734 413 783 444 τῆς
813 413 862 444 σῆς
891 407 952 436 δου-

127 454 217 489 λείας,
248 453 352 489 δούλην
381 457 430 489 τῆς
464 453 596 491 ἁμαρτίας
626 453 760 489 ἐποίησιν.
791 452 869 482 Ἀλλ’
897 453 953 480 ἔπι-

127 499 236 537 στρὲφω
251 498 297 526 καὶ
312 497 488 536 ἆπανατρέχω
502 498 571 535 πρὸς
585 498 629 525 τὸν
646 497 671 533 ἐξ
686 498 776 536 ἀρχῆς
805 497 953 533 Δεσπότην,

127 543 174 571 καὶ
204 542 380 580 ἐπιγινώσκω
409 542 458 576 τήν
492 542 606 580 ἀρχαίαν
641 541 785 570 δουλείαν.
807 542 951 580 Διὲῤῥηξας

126 587 190 618 τοὺς
220 586 338 623 δεσμούς
368 597 430 623 μου.
459 585 569 622 Ἐπειδή
610 597 643 623 με
677 589 731 614 τῶν
766 585 872 623 δεσμῶν
901 590 951 621 τῆς

126 631 261 668 ἁμαρτίας
276 630 477 669 ἠλευθέρωσας,
493 631 630 658 κατελθὼν
647 631 684 662 εἰς
706 630 781 668 ᾅδου,
797 632 841 658 καὶ
868 630 951 661 λύσας

123 677 176 711 τήν
209 675 407 714 ἆνθρωπότητα
420 677 459 712 (7)
485 675 619 712 δεσμῶτιν
645 675 724 703 οὖσαν
752 678 800 704 τοῦ
829 676 951 711 θανάτου,

124 721 171 747 καί
188 720 215 747 ἂν
231 723 292 752 ταῖς
306 719 434 758 ἀφύκτοις
451 719 568 758 εἱρκταῖς
587 722 636 748 τοῦ
662 718 728 754 ᾃδου
751 721 952 758 κατεχομένην,

127 763 173 792 διὰ
185 764 268 792 τοῦτό
284 775 326 792 σοι
356 764 438 798 θύσω,
455 763 519 802 οὐχὶ
542 764 695 802 τετράποδα
718 763 888 802 διχηλοῦντα
907 765 951 793 καὶ

127 809 326 847 μηρυκίζοντα,
341 808 403 836 οὐδὲ
424 809 515 844 πτηνὰ
536 810 649 847 καθαρὰ,
679 810 696 845 ἦ
721 809 864 847 σεμίδαλιν
886 810 950 837 ἀνα-

127 853 319 890 πιποιημινην
349 852 477 890 ἐλαίῳ,ἢ
507 850 617 881 λίϐανον
647 852 774 892 διαφανῆ,
799 854 816 889 ἢ
842 854 873 882 τὸ
902 858 951 889 τῆς

127 897 276 930 συνθέσεως
299 897 385 925 ἐκεῖνο
407 898 532 934 θυμίαμα
556 898 649 934 (ταῦτα
672 899 723 936 γάρ
749 909 791 926 σοι
817 900 890 936 παρὰ
901 902 952 934 τῆς
965 915 990 948 Β

127 943 180 979 γῆς
209 943 390 981 προσφέρεται
418 944 457 977 τῷ
486 942 638 979 Δισπότῃ)·
658 942 722 971 ἀλλ’
751 943 766 970 ὅ
787 943 857 970 ἐσ-ιιν
884 943 949 980 ἆμὸν

131 985 200 1013 ἴδιον
215 990 319 1023 κτῆμα,
334 986 378 1014 καὶ
394 985 506 1024 καρδίας
521 988 644 1024 γέννημα
658 991 708 1022 τῆς
726 986 804 1023 ἐμῆς,
826 989 877 1022 τήν
901 989 949 1022 σήν

127 1029 287 1068 δοεολογίαν
312 1030 338 1066 ἐξ
367 1030 450 1065 αὐτῆς
478 1031 590 1066 ἀνοίσω,
609 1030 698 1069 ὥσπερ
727 1032 779 1059 ἀπὸ
807 1032 951 1067 θυσιαστη-

125 1075 186 1112 ρίου
214 1075 290 1106 τινὸς
317 1078 368 1110 τῆς
400 1075 521 1112 ἱμαυτοῢ
549 1074 680 1107 διανοίας.
705 1076 754 1103 Καὶ
781 1076 951 1115 ἱερουργήσω

124 1130 168 1147 σοι
198 1120 249 1154 τήν
275 1123 326 1154 τῆς
355 1119 481 1150 αἰνέσεως
511 1120 601 1148 θυσίαν
618 1142 627 1156 ,
659 1121 764 1157 μυρίων
795 1119 951 1149 ὁλοκαυτω-

125 1163 218 1200 μᾶτων
245 1163 444 1202 προτιμοτὲραν
473 1164 515 1191 σοὶ
542 1167 583 1200 τῷ
611 1164 755 1202 ἀπροσδεεῖ
777 1165 821 1192 καὶ
853 1165 951 1202 τελείῳ

123 1208 199 1244 θεῷ,
231 1209 261 1239 ’ὸς
291 1208 345 1236 οὐκ
370 1208 490 1240 ἀπαιτεῖς
521 1210 677 1245 σωματικὰς
716 1209 824 1244 θυσίας,
853 1210 877 1238 ἐν
907 1211 950 1242 αἶς

126 1251 339 1279 πλεονεκτοῦσιν
354 1252 380 1279 οἱ
397 1252 591 1290 εὐπορώτεροι,
607 1251 681 1280 ἀλλὰ
700 1253 749 1287 τὴν
774 1254 826 1280 ἀπὸ
842 1255 879 1291 (8)
896 1253 950 1281 δια-

125 1296 238 1330 θέσεως,
255 1295 301 1323 καί
317 1294 429 1333 καρδίας
451 1294 585 1331 ἀληθινῆς
607 1295 816 1335 ἐξομολόγησιν,
831 1299 864 1332 ἧς
887 1298 951 1335 μάτ-

124 1350 180 1368 εστι
196 1343 279 1367 πᾶσιν
296 1339 322 1375 ἐξ
339 1341 399 1367 lacu
422 1343 480 1371 τοῖς
505 1340 695 1378 βουλομένοις.
712 1342 768 1373 Τὰς
792 1342 874 1380 εὐχάς
898 1353 951 1379 μου

123 1386 165 1420 τῷ
207 1384 300 1421 Κυρίῳ
335 1383 470 1412 ἀποδώσω
505 1383 624 1412 ἐναντίον
664 1386 763 1416 παντὸς
796 1388 844 1413 τοῦ
883 1385 950 1414 λαοῦ

125 1428 222 1457 αὐτοῦ.
243 1428 320 1456 Θύων
335 1427 363 1455 δέ
379 1439 420 1456 σοι
446 1429 496 1463 νην
520 1427 630 1464 αἴνεσιν,
647 1429 701 1467 οὐχ
724 1431 761 1461 ὡς
787 1430 950 1468 ἐπαισχυνό-

129 1483 209 1509 μενος
225 1474 275 1510 (9),
291 1472 378 1510 λάθρα
401 1483 453 1500 που
477 1473 520 1500 καὶ
545 1473 570 1500 ἐν
600 1473 764 1511 παραϐύστῳ
788 1475 870 1510 θύσω,
887 1475 950 1513 φιύ-

127 1527 183 1554 γων
198 1518 248 1549 τὰς
272 1517 390 1554 μίμψεις
414 1520 468 1545 τῶν
483 1515 601 1545 ἀσεϐῶν·
627 1518 700 1546 ἀλλὰ
719 1517 862 1555 πάνδημόν
891 1530 951 1547 τινα

125 1561 217 1589 θυσίαν
240 1560 399 1596 ἐπιτελὲσω,
415 1562 461 1589 τὸν
486 1561 550 1589 λαὸν
574 1562 638 1590 δλον
667 1562 798 1590 κοινωνὸν
822 1567 872 1599 τῆς
901 1562 950 1591 λα-

123 1605 216 1642 τρείας
245 1603 413 1644 παραλαϐών
441 1607 508 1643 (10).
528 1606 614 1638 Τόπος
643 1605 671 1634 δὲ
694 1608 761 1644 ἡμῖν
783 1611 833 1643 τῆς
859 1608 950 1641 θυσίας

123 1649 356 1688 ἀποδειχθήσεται
387 1650 421 1677 τὰ
454 1651 522 1687 μέσα
558 1651 603 1678 καὶ
646 1651 859 1690 περιφανέστατα
897 1656 946 1687 τῆς

122 1693 318 1732 Ἰερουσαλήμ.
344 1694 507 1729 Ἀκούσατε,
536 1695 562 1722 οἱ
597 1695 646 1730 τήν
673 1695 836 1731 Ἐκκλησίαν
871 1707 950 1724 διατα-

124 1738 319 1775 λιμπάνοντες,
335 1739 380 1766 καὶ
396 1739 422 1766 ΞΑ
437 1738 525 1770 οἱθιοις
539 1742 642 1770 κοινοῖς
656 1740 865 1779 συστρεφόμενοι
881 1742 947 1778 (11),

120 1783 155 1810 τὰ
172 1782 253 1815 ἄθλια
268 1785 316 1810 τοῦ
331 1783 426 1819 τιμίου
450 1783 577 1820 σώματος
598 1784 806 1822 ἀπορῥήγματα,
823 1786 864 1813 ὅτι
890 1787 946 1824 χρὴ

122 1827 170 1858 τάς
197 1827 281 1865 εὐχὰς
310 1827 468 1855 ἀποδιδόναι
504 1827 529 1855 ἐν
561 1828 636 1865 μᾶσῳ
672 1830 721 1864 τῆς
746 1829 945 1866 Ἰερουσαλήμ·

121 1871 258 1907 τουτέστι,
281 1875 332 1907 τῆς
357 1871 520 1907 Ἐκκλησίας
543 1875 595 1900 τοῦ
618 1875 693 1901 Θεοῦ.
718 1872 787 1902 Οὖδὶ
808 1874 859 1911 γὰρ
881 1874 949 1901 κατὰ

121 1916 173 1949 τήν
199 1914 319 1943 παλαιὰν
348 1915 472 1954 λατρείαν
494 1915 563 1944 ἴδιον
589 1916 648 1952 ἐξῆν
671 1917 775 1954 ἑκάστῳ
798 1919 948 1956 πήγνυσθαι

123 1961 338 1998 θυσιαστήριον,
363 1959 426 1988 ἀλλ’
451 1961 478 1988 ’ἐν
514 1959 690 1989 ἀποδέδεικτο
724 1965 782 1993 τοῖς
815 1963 947 1997 θυσιάζειν

123 2005 354 2042 προαιρουμένοις
379 2006 443 2041 (12).
461 2004 499 2032 Σὺ
524 2004 554 2033 δὲ
580 2005 741 2043 ἆντεγιίρεις
758 2008 798 2042 τῷ
817 2006 871 2034 τῶν
896 2018 947 2034 πα-

121 2049 211 2086 τέρων
236 2049 419 2087 θυσιαστηρίῳ
454 2050 560 2087 βωμὸν,
584 2050 628 2077 καὶ
657 2052 710 2088 πῦρ
741 2051 866 2082 ἀνάπτεις
899 2051 948 2079 ἀλ-

122 2092 234 2130 λότριον
251 2093 293 2120 ἄπ’
304 2093 398 2127 αὐτοῦ,
416 2092 486 2130 μηδὲ
498 2096 537 2130 τῷ
549 2094 660 2130 παλαιῷ
675 2096 731 2131 (13)
746 2094 947 2133 παραδείγματι

119 2137 380 2176 σωφρονιζόμενος,
412 2138 569 2176 ἀνθρώπους
621 2139 855 2177 κατιφθαρμένους
900 2141 946 2167 τὸν

119 2183 184 2209 νοῦν
216 2181 423 2219 ἐπισπώμενος,
448 2182 493 2210 καὶ
520 2183 692 2220 συμμιαίνων
721 2183 813 2215 αὐτοῖς
843 2184 946 2213 ἑαυτόν.

1008 277 1111 302 creatae
1128 275 1274 303 Creatoris
1290 284 1380 304 servas
1395 279 1473 303 sunt.
1491 276 1586 308 Quare
1601 283 1659 301 non
1681 273 1831 301 voluntate

1009 319 1114 353 solum,
1141 319 1192 346 sed
1203 322 1309 347 natura
1321 320 1409 348 etiam
1426 328 1492 347 sum
1506 327 1619 347 servus.
1638 317 1727 345 Filius
1751 317 1829 344 enim

1009 372 1074 390 sum
1091 363 1202 391 ancillae
1218 366 1284 398 tute,
1295 373 1382 400 quam
1395 363 1543 400 parvulam
1557 372 1590 390 ac
1600 370 1719 399 prorsus
1735 361 1830 388 infan-

1008 409 1067 435 tem
1083 407 1198 435 seduxit
1209 408 1364 443 inimicus;
1381 410 1410 436 et
1426 411 1581 444 postquam
1596 415 1661 435 eam
1677 415 1693 434 θ.
1707 408 1758 433 tua
1769 413 1830 432 ser-

1007 453 1098 481 vitute
1115 454 1247 488 removit,
1264 454 1358 491 ipsam
1374 454 1462 483 eﬁ‘icit
1485 453 1595 491 peccati
1624 460 1748 481 servam.
1773 450 1828 478 Ve-

1008 506 1074 525 rum
1090 500 1218 526 revertor
1242 502 1270 527 et
1293 508 1410 527 recurro
1439 499 1475 527 ad
1503 499 1632 535 primum
1660 497 1828 530 Dominum,

1007 545 1193 579 veteremque
1208 552 1334 580 agnosco
1350 544 1532 572 servitutem.
1547 543 1634 571 Vsus.
1653 543 1670 569 7
1696 542 1831 578 Dirupisti

1007 587 1122 615 vincula
1135 596 1207 615 mea.
1225 589 1466 624 Quandoquidem
1482 591 1533 616 tuo
1548 588 1577 615 in
1606 587 1755 615 infernum
1782 586 1831 616 de-

1008 640 1113 659 scensu
1129 640 1145 660 a
1161 633 1270 668 peccati
1285 633 1409 661 vinculis
1421 642 1467 661 me
1480 633 1621 666 liberasli,
1633 634 1721 667 atque
1729 631 1830 659 huma-

1008 683 1076 703 nam
1088 678 1223 704 naturam
1240 678 1340 705 mortis
1354 677 1505 705 astrictam
1521 676 1657 711 vinculis,
1681 679 1709 703 et
1725 675 1753 702 in
1784 675 1828 702 in-

1007 719 1079 747 ferni
1097 721 1272 755 carceribus,
1290 722 1368 749 unde
1382 722 1502 749 evadere
1529 729 1587 748 non
1613 721 1710 755 datur,
1726 720 1829 747 deten—

1007 765 1079 798 tam,
1095 763 1254 798 exsolvisti,
1272 765 1380 792 idcirco
1397 765 1450 792 tibi
1472 764 1643 793 sacriﬁcabo
1668 772 1725 791 non
1756 771 1828 799 qua-

1006 807 1139 843 drupede.
1153 809 1278 836 divisam
1291 809 1431 845 ungulam
1439 809 1579 837 habentia
1593 811 1621 836 et
1637 807 1827 840 ruminantia,

1006 859 1101 887 neque
1115 853 1245 881 volatilia
1260 855 1381 889 munda,
1398 857 1449 882 aut
1464 853 1658 889 similaginem
1671 852 1733 880 oleo
1757 851 1827 879 sub-

1006 898 1112 930 actam,
1129 900 1179 925 aut
1194 898 1263 925 thus
1279 898 1420 933 lucidum,
1451 904 1503 926 aut
1530 897 1725 933 compositum
1755 895 1828 924 illud

1004 941 1166 977 thymiama
1176 942 1247 978 (haec
1256 944 1333 971 enim
1341 943 1394 971 tibi
1403 943 1549 970 Dominoa
1559 944 1636 970 terra
1644 941 1826 976 otl‘eruntur).

1005 987 1054 1013 sed
1067 995 1128 1022 quas
1140 990 1184 1015 est
1199 995 1264 1016 mea
1278 988 1438 1023 pebuliaris
1455 987 1613 1024 possessio,
1622 986 1705 1022 etqui
1714 989 1759 1014 est
1770 994 1828 1014 mei

1006 1030 1103 1057 cordis
1117 1030 1203 1065 fetus,
1219 1031 1461 1066 gloriﬁcationem
1473 1034 1553 1059 tuam
1565 1038 1599 1058 ex
1612 1030 1675 1066 ipso
1685 1032 1828 1065 tanquam

1006 1081 1040 1100 ex
1055 1073 1153 1109 aliqua
1170 1083 1242 1103 mea:
1257 1075 1365 1103 mentis
1389 1084 1439 1103 ara
1467 1076 1598 1103 oﬂ‘eram.
1628 1076 1715 1102 Vens.
1745 1075 1771 1101 8.
1797 1074 1829 1101 Et

1006 1118 1168 1153 sacriﬁcabo
1178 1119 1229 1146 tibi
1243 1120 1340 1148 hoslim
1352 1119 1454 1154 laudis,
1470 1119 1634 1148 innumeris
1649 1118 1828 1147 holocaustis

1007 1162 1220 1198 pretiosiorem,
1236 1164 1299 1198 tibi,
1316 1164 1571 1200 inquam,nullius
1600 1164 1641 1192 rei
1669 1163 1779 1199 indiga,
1800 1164 1828 1190 et

1006 1207 1132 1242 perfecto
1148 1209 1214 1241 Deo,
1231 1208 1281 1243 qui
1297 1208 1458 1244 corporalia
1481 1208 1625 1236 sacriﬁcia
1652 1208 1760 1244 quibus
1783 1207 1827 1234 di-

1005 1250 1094 1278 tiores
1108 1251 1270 1285 abundant,
1287 1253 1407 1280 minime
1431 1252 1566 1288 requiris,
1597 1253 1646 1280 sed
1667 1251 1827 1279 confessio-

1006 1303 1073 1322 nem
1088 1303 1121 1322 ex
1136 1296 1238 1323 atl‘ectu
1254 1299 1283 1324 et
1310 1305 1344 1324 ex
1373 1297 1459 1325 corde
1486 1305 1552 1325 vero
1581 1296 1826 1332 proficiscentem,

1006 1339 1090 1373 cujus
1105 1347 1208 1367 omnes
1223 1341 1272 1375 qui
1285 1341 1396 1375 volunt,
1418 1341 1578 1377 participe;
1594 1349 1628 1368 ex
1643 1348 1724 1375 equo
1741 1340 1823 1367 ﬂant.

1009 1384 1069 1411 Vota
1083 1392 1144 1411 mea
1156 1385 1270 1412 Domino
1283 1385 1395 1414 reddam
1411 1386 1443 1413 in
1457 1389 1601 1421 conspectu
1625 1385 1716 1412 omnis
1731 1384 1828 1419 populi

1004 1428 1073 1463 ejus.
1090 1428 1162 1456 Cum
1173 1429 1251 1457 enim
1262 1429 1316 1457 tibi
1331 1429 1500 1457 sacriﬁcabo
1512 1429 1627 1456 laudem
1640 1437 1647 1456 ε
1665 1436 1722 1456 non
1749 1427 1828 1455 velut

1004 1473 1191 1507 erubescens,
1207 1473 1373 1502 clanculum
1389 1476 1418 1502 et
1431 1474 1461 1501 in
1476 1473 1647 1502 abscondito
1662 1473 1724 1500 loco
1739 1472 1828 1500 sacri-

1005 1516 1108 1550 ﬁcabo,
1124 1517 1283 1552 impiorum
1294 1518 1514 1554 objurgationes
1525 1518 1641 1554 fugiens
1653 1525 1659 1544 :
1672 1517 1722 1545 sed
1734 1515 1828 1552 publi-

1005 1568 1071 1588 cum
1081 1562 1229 1596 quoddam
1240 1562 1415 1590 sacriﬁcium
1424 1557 1538 1597 faciam,
1546 1561 1677 1590 adhibito
1686 1561 1721 1589 ad
1731 1561 1827 1588 cultus

965 1594 986 1628 ο
997 1594 1184 1638 consortium
1202 1608 1279 1635 876
1295 1607 1402 1644 populo
1427 1607 1518 1636 omni.
1531 1594 1679 1635 'Caaterum
1691 1605 1827 1634 sacriﬁcii

1002 1650 1098 1678 locum
1111 1652 1324 1680 constituemus
1348 1652 1476 1680 mediam
1491 1654 1519 1680 et
1540 1659 1681 1687 perquam
1709 1649 1827 1686 conspi-

1004 1707 1087 1726 cuam
1099 1699 1322 1736 Jerosolymam.
1348 1700 1406 1728 Vos
1426 1700 1474 1735 qui
1498 1699 1702 1735 derelinquitis
1726 1698 1825 1726 Eccle-

1003 1743 1089 1777 siam,
1100 1745 1128 1771 et
1143 1744 1174 1771 in
1191 1745 1319 1780 profanis
1334 1744 1470 1772 domibus
1485 1746 1646 1772 conventus
1661 1743 1759 1779 agitis,
1774 1751 1826 1770 vos

1003 1788 1053 1824 qui
1065 1789 1171 1816 misera
1180 1790 1299 1825 pretiosi
1314 1789 1443 1825 corporis
1457 1790 1620 1825 fragmenta
1630 1788 1713 1822 estis,
1725 1787 1824 1815 audite

1003 1833 1080 1867 quod
1092 1841 1191 1868 preces
1207 1841 1240 1861 ac
1256 1836 1320 1861 vota
1339 1833 1462 1869 persolvi
1478 1835 1592 1869 opertat
1614 1833 1642 1860 in
1659 1831 1753 1859 medio
1778 1831 1825 1858 Je-

1003 1877 1131 1905 rusalem
1146 1886 1153 1911 ;
1170 1877 1224 1905 hoc
1235 1880 1290 1911 est,
1305 1877 1439 1905 Ecclesiae
1454 1877 1514 1905 Dei.
1532 1880 1631 1913 Neque
1646 1876 1722 1904 enim
1741 1876 1826 1910 juxta

1002 1920 1247 1955 veteremvcultum
1259 1921 1378 1948 cuilibet
1387 1921 1491 1948 licebat
1497 1920 1646 1957 propriam
1656 1921 1825 1948 construere

1003 1973 1099 1992 aram:
1117 1966 1166 1993 sed
1182 1966 1270 1993 unica
1284 1965 1320 1992 iis
1333 1965 1383 2001 qui
1399 1965 1563 1993 sacriﬁcare
1577 1964 1679 1993 velunt
1688 1963 1826 2000 designa-

1001 2010 1032 2035 ta
1046 2011 1101 2036 est.
1115 2009 1157 2036 Tu
1175 2011 1274 2036 tamen
1298 2017 1380 2036 aram
1399 2011 1499 2037 contra
1523 2011 1639 2045 patrum
1668 2016 1749 2036 aram
1776 2015 1825 2034 ex-

1002 2052 1104 2084 struis,
1115 2054 1142 2080 et
1153 2052 1346 2088 superipsam
1358 2052 1485 2080 alienum
1498 2052 1630 2080 incendis
1645 2052 1753 2087 ignem.
1770 2050 1825 2079 Ne-

1002 2104 1057 2131 que
1076 2097 1163 2124 veteri
1178 2096 1310 2132 exemplo
1325 2096 1443 2132 sapiens
1458 2097 1564 2131 factus,
1580 2096 1674 2124 allicis
1691 2095 1826 2123 homines

1004 2142 1100 2168 mente
1115 2142 1263 2177 coruptos,
1280 2143 1366 2176 teque
1381 2149 1441 2168 una
1455 2149 1522 2169 cum
1539 2140 1612 2176 ipsis
1636 2139 1822 2175 coinquinas.

1003 2186 1133 2218 Quorum
1149 2185 1315 2221 exemplum
1331 2185 1432 2221 fugite,
1457 2193 1509 2213 vos
1538 2185 1654 2213 Domini
1679 2184 1823 2221 populus:

120 2227 170 2253 Ὠν
188 2225 301 2265 φύγοιτε
315 2227 366 2261 τὴν
383 2226 510 2263 μίμησιν,
519 2227 597 2264 ὑμεῖς
608 2228 622 2255 ὁ
634 2227 700 2260 λαὸς
708 2230 756 2256 τοῦ
767 2229 869 2267 Κυρίου
881 2231 948 2266 (14),

1007 2239 1057 2258 nec
1071 2239 1089 2258 a
1102 2233 1184 2266 parte
1199 2238 1300 2258 eorum
1316 2229 1366 2265 qui
1381 2229 1453 2258 salvi
1462 2230 1547 2265 ﬁunt,
1561 2230 1748 2266 separemini,
1760 2237 1826 2266 per-

158 2319 196 2354 (5)
207 2319 366 2357 Qolbertini
377 2319 490 2357 primus
501 2323 529 2348 et
539 2320 660 2357 quintus
671 2329 738 2349 cum
752 2321 821 2357 Reg.
833 2324 947 2357 quarto,

158 2330 196 2354 (υ)
207 2330 366 2348 υοιυθηιιιι
377 2330 490 2356 primus
501 2330 529 2348 et
539 2330 660 2356 qumtus
671 2330 738 2349 cum
753 2330 792 2349 ne
815 2341 821 2348 .
854 2330 947 2357 uerto,

121 2353 293 2391 ἔκτισμὲνον,
322 2355 441 2386 καὶυῖὸς
456 2359 504 2390 τῆς
533 2354 680 2391 παιδίσλης
706 2366 764 2384 σου.
794 2330 852 2385 ἓθὲ
880 2367 949 2386 cum

121 2390 283 2429 yerbailla,
299 2391 378 2429 xii...
395 2390 465 2426 υἱός,
481 2394 547 2429 etc,
580 2390 680 2429 statim
708 2393 853 2429 legantur,
885 2394 949 2429 ipsa

121 2425 192 2466 huic
207 2427 270 2454 loco
285 2427 361 2456 male
373 2436 487 2456 annexa
502 2428 615 2456 fuisses
625 2425 754 2456 librariis
765 2425 882 2458 credere
897 2425 950 2466 par

122 2464 199 2535 Θῗῖᾶῦ)
214 2497 334 2535 codices
345 2501 473 2535 quatuor
484 2507 535 2535 pro
546 2499 722 2534 νηπιάζονσιν
731 2500 840 2528 habent
851 2500 947 2535 νηπίαν

125 2531 217 2561 οὖσαν.
234 2531 442 2572 Μρσοτοᾟυιιο
451 2531 547 2563 locum
560 2531 596 2564 de
605 2531 663 2572 Eva
674 2531 950 2572 accipiendum'esse

123 2577 190 2596 eum
207 2570 329 2605 resipsa
343 2569 492 2606 loquatur,
510 2579 568 2599 non
586 2571 714 2600 multum
729 2569 848 2601 necesse
863 2575 948 2609 puta—

125 2613 203 2682 ωἳῗ)
217 2641 316 2675 Recte,
332 2643 366 2669 ut
389 2641 474 2675 solet.
490 2642 602 2682 notavit
616 2643 749 2677 Ducaeus,
764 2651 833 2682 voce
843 2642 950 2682 ἀνθρωτ

127 2675 232 2715 πιότητα
243 2685 305 2715 non
314 2685 399 2705 omne
407 2686 500 2715 geuge
510 2678 664 2707 hominum
670 2675 951 2715 comprehendi,'sed

130 2712 275 2751 quosdam
289 2712 445 2751 duntaxat.
456 2714 528 2749 Ejus
545 2717 643 2751 notam
655 2712 870 2751 legas—suadeo.

132 2747 264 2812 plggita
279 2756 329 2776 sex
344 2756 416 2778 mss.
433 2750 470 2777 At
478 2747 587 2779 Vocula
600 2749 653 2778 ἀπό
668 2747 749 2779 deest
764 2751 794 2779 in
823 2751 952 2780 editione

168 2818 208 2855 (9)
223 2821 268 2848 ιιι
283 2825 357 2848 mss.
379 2821 503 2857 septem.
532 2819 611 2850 Editi
637 2828 716 2857 vero,
740 2818 950 2860 αἴσχυνόμινος.

1039 2322 1095 2358 (10)
1112 2322 1173 2356 Illa,
1190 2321 1214 2348 ἐν
1233 2320 1329 2352 αὐλαῖς
1345 2321 1420 2348 ο¹ίκου
1436 2321 1536 2358 Κυρίου
1552 2321 1577 2348 ἰν
1605 2321 1678 2358 μὲσῲ
1707 2331 1754 2348 σου
1778 2321 1826 2348 Ἰε-

1004 2355 1160 2394 ρουσαλήμ,
1176 2360 1243 2394 post
1265 2367 1363 2386 vocem
1378 2355 1555 2394 παραλαϐών,
1571 2355 1742 2386 ἱῐιόιίἱὶίοιιθ
1772 2357 1827 2386 Pa-

1004 2394 1111 2431 ris,_ct
1137 2394 1166 2431 ip
1192 2394 1272 2431 Golb.
1291 2395 1403 2431 (quinto
1432 2394 1589 2431 leguntur:
1621 2394 1671 2422 sed
1696 2402 1763 2422 cum
1780 2394 1824 2431 Vin

1004 2429 1131 2457 editione
1146 2429 1232 2457 Basil.
1245 2432 1273 2457 et
1289 2429 1318 2458 in
1334 2430 1400 2458 aliis
1416 2429 1528 2466 septem
1544 2439 1615 2458 mss.
1646 2431 1762 2466 desint,
1779 2430 1825 2466 ip-

1004 2475 1037 2493 sa
1053 2474 1104 2501 pro
1120 2466 1328 2494 additamentis
1338 2465 1526 2495 librariorum
1536 2466 1707 2501 habuimus,
1720 2465 1826 2494 delevi-

1004 2509 1139 2529 musuue.

1170 2537 1248 2574 Regii
1256 2537 1419 2574 secundus,
1430 2538 1544 2571 tertius,
1557 2540 1680 2574 quartus
1691 2538 1718 2574 et
1727 2537 1826 2565 sextus

1005 2581 1071 2600 cum
1088 2573 1203 2600 duobus
1216 2572 1390 2601 Colbertinis
1412 2572 1443 2601 et
1458 2582 1524 2602 cum
1541 2572 1627 2602 Goisl.
1643 2573 1720 2600 Editi
1747 2580 1824 2607 vero,

1004 2607 1225 2646 ἀναστεφόμενοι,
1242 2611 1388 2646 versantes.

1107 2643 1181 2681 'Reg.
1199 2645 1356 2682 secundus,
1375 2643 1567 2682 βουλομένοις,

1041 2675 1098 2715 (13)
1113 2675 1279 2713 Auctorem,
1300 2675 1528 2709 dum'scribleret
1543 2680 1605 2715 illa,
1621 2675 1691 2715 μὴδὶ
1705 2679 1745 2712 τῷ
1766 2686 1825 2715 ,πα-

1005 2712 1092 2754 λαιῷ,
1104 2719 1172 2754 etc.,
1189 2716 1224 2744 ad
1240 2718 1331 2754 caput
1343 2716 1489 2754 decimum
1519 2712 1636 2754 [ιονίιὶσὶ
1648 2712 1824 2754 _respexisse

1005 2751 1105 2780 vident
1118 2753 1169 2787 qui
1184 2759 1241 2779 non
1253 2751 1372 2780 omnino
1384 2751 1471 2780 rudes
1480 2753 1550 2779 sunt
1562 2751 1789 2785 Soriptnrarum.

1042 2787 1097 2823 (ili)
1111 2787 1191 2816 Colb.
1207 2789 1342 2823 quartus,
1358 2787 1435 2814 Θεοῦ.
