2018 3146
125 125 180 155 117

489 126 692 159 COMMENT.
716 128 754 159 IN
779 128 912 159 ISAIAM
937 104 1188 161 PROPHE'l-‘AM.
1211 131 1451 162 PROOEMIUM.

1764 129 1823 159 118

121 190 151 216 τὸ
165 189 230 217 αὐτό
247 199 254 224 ;
272 190 361 222 καθὼς
376 190 420 218 καὶ
436 190 581 226 ἐκλήθητε.
592 193 635 223 Εἷς
651 193 761 230 Κύριος,
779 194 827 230 μία
839 193 937 227 πίστις,

999 205 1087 223 unum
1102 197 1235 232 baptisma
1247 206 1256 224 :
1271 206 1343 224 unus
1357 201 1427 226 Deus
1442 198 1468 225 et
1491 197 1582 230 Pater,
1607 196 1655 231 qui
1675 198 1714 224 est
1737 203 1822 231 super

120 233 147 261 ἓν
174 233 325 272 βάπτισμα’
357 235 393 266 sic
422 236 486 266 Θεὸς
513 236 558 262 καὶ
590 237 691 274 Πατὴρ,
722 237 736 264 ὁ
763 237 807 264 hri
836 238 942 265 πάντων

119 277 162 304 καὶ
189 276 235 305 διὰ
258 279 367 305 πάντων
395 278 439 306 καὶ
464 278 489 306 ἐν
515 282 607 308 πᾶσιν.
632 279 702 308 Ἰδοὺ
717 279 773 315 δὴ,
796 281 821 308 τί
845 280 941 315 καλὸν,

119 322 136 356 ἢ
163 321 189 350 τί
216 323 341 360 τερπνὸν,
371 322 434 350 ἀλλ’
465 323 482 358 ἢ
512 324 542 351 τὸ
569 327 704 352 κατοικεῖν
735 323 870 364 ἀδελφοὺς
897 325 941 353 hri

117 367 147 394 τὸ
162 366 225 394 αὐτό
239 381 246 401 ;
261 368 312 395 οὐκ
327 366 353 395 ἐν
374 367 443 404 οἷ’κῳ
470 368 551 405 μόνον
574 372 734 407 σωματικῷ,
751 369 824 400 ἀλλὰ
846 371 890 397 καὶ
914 370 940 398 ιν

117 410 202 448 τούτῳ
215 413 256 447 τῷ
282 411 350 449 ἁγίῳ
369 413 413 439 καὶ
432 416 620 450 ⁴η’νει.›μ.α·τι›ιῴ.
646 414 676 443 Ὁ
702 414 754 452 γὰρ
775 414 849 447 οἶκός
876 425 939 452 μου,

117 457 204 495 φησὶν,
222 456 299 488 οἶκος
314 461 473 496 προσευχῆς
488 458 667 494 κληθήσεται.
687 458 774 488 Ἀλλά
788 460 832 487 καὶ
856 460 938 497 ἡμεῖς

115 503 161 528 τοῦ
189 500 272 528 αὐτοῦ
313 501 401 539 μύρου
439 502 648 540 χαιτηξιώθημεν
687 505 712 531 οἱ
750 503 936 543 φωτισθέντες.

117 545 240 582 Έμόρισι
276 546 329 583 γὰρ
367 547 467 578 πάντας
495 548 570 583 ἡμᾶς
597 550 631 585 τῇ
669 547 825 586 δικαιοσύνῃ
856 549 938 577 αὐτοῦ

116 590 225 626 Χριστὸς
240 591 254 617 ὁ
269 591 369 628 Σωτὴρ
386 591 476 628 ήμῶν·
490 590 524 618 δι’
541 591 572 619 οὖ
588 593 633 620 καὶ
659 593 718 629 μεθ’
738 593 769 620 οὗ
792 595 832 630 τῷ
852 593 937 632 Πατρὶ

114 634 207 670 καὶτῷ
236 634 306 672 ἁγίῳ
333 634 469 671 Πνιύματι
496 634 559 671 δόξα
580 637 627 663 καὶ
654 636 879 676 μιγαλοπράπεια
898 637 936 670 εἰς

997 249 1101 274 omnes,
1118 245 1145 268 et
1158 250 1209 277 per
1223 243 1326 274 omnia,
1338 244 1363 269 el
1375 243 1406 269 in
1416 242 1542 270 omnibus
1552 241 1583 268 ³⁸.
1596 242 1662 268 Ecce
1670 249 1744 269 nunc
1754 240 1819 277 quid

999 285 1110 318 bonum,
1126 286 1167 313 vel
1182 286 1248 322 quid
1262 287 1429 322 jucundum,
1444 287 1504 314 nisi
1527 286 1654 313 habitare
1676 286 1776 320 fratres
1788 285 1818 312 in

996 332 1106 358 unum?
1122 339 1178 358 non
1197 331 1225 358 in
1240 339 1380 366 corporea
1396 331 1503 365 solum,
1529 331 1579 358 sed
1605 330 1692 357 etiam
1717 330 1746 357 in
1762 330 1817 357 hac

997 378 1100 403 sancta
1115 377 1203 411 atque
1219 375 1364 411 spiritusli
1389 376 1487 403 domo.
1515 375 1616 402 Domus
1640 375 1718 402 enim
1744 382 1815 408 mea,

996 419 1103 455 inquit,
1119 420 1215 448 domus
1231 421 1368 448 orationis
1384 420 1526 448 vocabitur
1534 420 1566 447 ιθ.
1579 419 1653 451 Quin
1665 422 1694 447 et
1704 427 1757 446 nos
1767 427 1817 458 qu!

995 463 1105 492 fuimus
1124 464 1274 500 illustrati,
1291 465 1392 493 eodem
1410 466 1560 501 unguento
1586 463 1687 492 donati
1702 471 1806 491 sumus

994 510 1069 536 Nam
1084 510 1215 537 Salvator
1230 512 1331 538 noster
1346 509 1479 537 Christus
1500 517 1603 536 omnes
1628 516 1682 536 nos
1701 507 1818 544 justitia

995 561 1050 581 sua
1070 553 1170 582 unxit:
1187 562 1239 590 per
1253 562 1341 589 quem
1357 557 1386 581 et
1401 561 1468 581 cum
1490 561 1547 589 quo
1570 554 1648 581 Patri
1673 554 1702 580 et
1716 554 1817 580 sancto

993 597 1117 635 Spiritui
1134 598 1228 635 gloria
1243 600 1271 627 et
1284 599 1422 634 majestas
1446 597 1476 626 in
1502 597 1608 626 saecula
1631 597 1816 626 saeculorum.

991 645 1096 671 Amen.

113 677 172 708 τσὺς
186 678 288 710 αἰῶνας
301 680 356 706 τῶν
373 678 491 708 αἰώνων.
508 679 605 716 ’Δμήν.

145 736 168 754 ⁸³
182 735 289 773 Ephcs.
303 745 344 772 ιν,
359 737 388 771 5,
404 738 430 766 ϐ.
448 737 472 756 ’θ
487 737 592 767 Matth.
607 747 665 773 xxx,
683 739 726 767 13.

807 839 1114 889 MONITUM.

145 968 378 998 Commentariun
393 969 452 1004 ille,
468 970 504 998 de
518 978 575 1006 quo
592 971 676 999 nobis
687 980 764 999 nunc
775 971 1018 1008 proloquendum,
1028 970 1052 998 si
1065 978 1123 998 non
1134 969 1263 1004 aliunde,
1275 971 1306 998 at
1316 969 1420 998 merito
1431 971 1528 998 tamen
1540 969 1715 1005 antiquitate
1725 977 1808 997 com-

114 1013 271 1041 mendatur.
289 1014 365 1042 Nam
379 1014 456 1042 inter
471 1015 572 1043 doctos
587 1016 660 1043 satis
675 1016 809 1044 convenit
830 1016 859 1044 id
875 1024 950 1052 opus
965 1018 1016 1044 aut
1031 1015 1067 1043 ad
1083 1017 1220 1050 quartum
1235 1014 1375 1043 saeculum
1391 1014 1546 1050 pertinere,
1563 1016 1614 1042 aut
1628 1014 1704 1042 adid
1716 1013 1809 1041 aetatis

111 1058 235 1093 proxime
251 1059 403 1086 accedere.
419 1059 484 1087 Haec
500 1062 598 1087 autem
615 1060 816 1097 interpretatio
831 1063 864 1088 ut
878 1061 909 1088 in
924 1060 1062 1096 vulgatis,
1079 1060 1119 1087 ita
1134 1059 1163 1087 in
1181 1068 1252 1087 mss.
1270 1067 1387 1095 quoque
1405 1059 1577 1094 imperfecta
1591 1060 1646 1092 est,
1669 1066 1764 1094 neque
1779 1057 1810 1085 in

110 1101 162 1135 his,
178 1110 272 1138 neque
289 1103 320 1130 in
335 1103 395 1131 illis
409 1103 488 1131 ultra
503 1106 591 1140 caput
605 1105 752 1133 decimum
766 1107 881 1134 sextum
898 1104 978 1133 Isaiae
994 1104 1170 1132 extenditur.
1188 1104 1254 1131 Fuit
1266 1106 1363 1132 tamen
1376 1103 1534 1139 aliquando
1546 1105 1673 1138 tempus,
1685 1110 1749 1130 cum
1762 1110 1811 1130 ex-

111 1148 195 1174 staret
206 1147 336 1184 integra,
353 1148 377 1174 si
393 1148 467 1176 ﬁdos
482 1150 527 1177 est
543 1150 699 1177 Possevino
714 1158 719 1177 :
736 1150 798 1186 qui,
814 1158 880 1178 cum
895 1152 1007 1178 veteres
1023 1149 1113 1176 libros
1128 1148 1325 1176 Messenensis
1337 1148 1518 1176 bibliotheca
1529 1149 1671 1182 recenset,
1683 1147 1723 1174 ita
1734 1147 1810 1174 scri-

109 1190 148 1217 bit
161 1192 232 1226 App.
250 1199 321 1227 pag.
338 1192 382 1226 37,
400 1192 434 1219 ad
451 1192 559 1220 calcem
575 1193 672 1229 operis
686 1202 693 1227 ;
711 1193 903 1229 Copiosissima
917 1195 948 1221 in
963 1194 1065 1222 Isaiam
1085 1193 1248 1228 prophetam
1264 1195 1300 1220 ι).
1318 1192 1418 1220 Basilii
1433 1192 1634 1227 interpretatio.
1651 1191 1723 1227 Opus
1739 1192 1810 1218 inte-

107 1242 184 1268 grum
198 1237 223 1262 et
239 1243 342 1263 rarum
356 1236 387 1263 in
401 1236 451 1272 fol.
468 1237 548 1269 Quod
565 1237 591 1265 si
606 1238 773 1274 explanatio
786 1238 816 1266 in
832 1237 945 1274 reliqua
959 1238 1040 1266 Isaias
1066 1237 1162 1273 capita
1185 1237 1227 1265 ita
1251 1239 1312 1264 erat
1336 1237 1455 1272 copiosa
1479 1236 1508 1263 in
1533 1236 1588 1264 hoc
1614 1236 1808 1264 Msssamensi

107 1277 188 1313 libro,
203 1282 234 1306 ut
249 1283 299 1308 est
313 1288 381 1316 pars
397 1289 441 1316 ea,
457 1289 546 1317 quam
563 1282 593 1310 in
609 1282 705 1318 priora
719 1283 865 1311 sexdecim
879 1283 976 1319 capita
989 1283 1149 1316 habemus;
1166 1290 1224 1309 non
1235 1282 1317 1310 video
1329 1281 1378 1317 qui
1390 1281 1453 1309 ﬁeri
1467 1281 1604 1316 potuerit,
1616 1283 1647 1308 ut
1657 1280 1806 1308 volumine

108 1330 162 1350 uno
173 1325 253 1351 tanta
269 1324 553 1353 commentariorum
571 1325 663 1354 moles
675 1327 981 1362 comprehenderetur.
998 1326 1068 1354 Utut
1082 1326 1143 1354 hac
1159 1328 1239 1359 sunt,
1255 1334 1290 1354 ea
1303 1326 1339 1353 de
1355 1334 1384 1353 re
1396 1326 1432 1353 ad
1444 1327 1578 1353 nostrum
1588 1327 1806 1360 procuratorem

107 1366 267 1402 generalem
289 1367 319 1395 in
335 1369 417 1396 curia
431 1369 562 1397 Romana
579 1369 769 1406 scripsimus:
786 1371 837 1398 sed
852 1370 926 1398 nihil
942 1370 1012 1398 certi
1029 1369 1197 1398 didicimus.
1214 1370 1297 1398 Nunc
1312 1369 1401 1406 igitur
1415 1369 1543 1397 rumoris
1558 1369 1658 1396 nescio
1674 1368 1744 1404 quid
1756 1376 1806 1395 su-

110 1415 200 1447 perest
215 1413 360 1440 duntaxat
373 1413 524 1446 Messanae,
541 1414 757 1442 famosissimas
772 1417 832 1443 tres
847 1415 961 1442 codices
977 1423 1066 1442 manu
1083 1417 1217 1442 exaratos
1238 1414 1308 1442 olim
1332 1422 1348 1441 θ
1371 1413 1548 1441 bibliotheca
1571 1413 1806 1441 Reverendorum

107 1456 220 1484 Patrum
237 1456 356 1484 ordinis
368 1457 467 1484 Sancti
483 1457 583 1485 Basilii
599 1466 616 1485 a
630 1459 758 1493 quodam
774 1458 877 1486 Siciliae
893 1467 1015 1495 prorsge
1031 1458 1086 1486 alio
1103 1461 1271 1494 exportatcs
1283 1458 1382 1492 fuisse,
1396 1458 1432 1486 ob
1443 1458 1532 1493 idque
1542 1457 1605 1484 ﬁeri
1618 1457 1762 1492 potuisse,
1776 1457 1808 1483 ut

109 1499 268 1529 Basilianus
289 1500 339 1528 ille
354 1501 443 1529 codex
458 1509 525 1529 cum
542 1501 609 1530 aliis
622 1503 738 1530 duobus
753 1503 870 1531 ablatus
886 1503 935 1531 sit.
952 1503 1008 1531 Sed
1026 1511 1094 1530 eum
1110 1511 1205 1538 neque
1221 1502 1406 1530 Possovimus
1428 1510 1523 1538 neque
1547 1501 1703 1537 quisquam
1729 1500 1806 1528 alius

109 1542 180 1571 dicat
195 1544 275 1572 hunc
292 1553 324 1572 se
337 1544 446 1573 librum
463 1548 514 1573 aut
528 1545 636 1574 vidisse
651 1549 703 1574 aut
719 1546 832 1582 legisse,
849 1555 908 1574 non
923 1548 968 1575 est
983 1547 1061 1582 quod
1078 1547 1113 1574 de
1128 1554 1161 1574 eo
1177 1547 1332 1582 querendo
1348 1546 1474 1574 multum
1491 1545 1678 1574 laboremus:
1694 1553 1727 1573 eo
1742 1553 1802 1572 ma-

108 1587 158 1624 gis,
173 1589 250 1624 quod
267 1589 520 1618 verisimillimum
536 1590 576 1618 sit
590 1590 678 1618 talem
693 1590 801 1618 librum
818 1599 970 1627 nunquam
986 1591 1143 1619 exstitisse.
1662 1589 1668 1593 ’

135 1633 342 1669 Imperfectum
357 1633 441 1662 illum
458 1635 488 1662 in
503 1634 610 1662 Isaiam
625 1635 877 1663 Commentarium
888 1636 950 1671 jam
967 1644 984 1664 a
998 1636 1085 1671 longo
1098 1637 1228 1669 tempore
1238 1635 1345 1663 Basilio
1359 1635 1464 1671 Magno
1475 1635 1620 1663 tributum
1632 1635 1723 1662 fuisse
1733 1642 1801 1661 con-

102 1678 165 1704 stat.
182 1679 262 1706 Inter
279 1677 355 1705 alios
371 1679 595 1707 numerabimus
609 1679 768 1707 Maximum
785 1682 952 1716 martyrem,
977 1680 1121 1708 Joannem
1149 1681 1372 1711 Damascenum,
1400 1680 1573 1716 Symeouem
1598 1678 1801 1715 Logothetam,

103 1721 255 1750 Antonium
274 1722 436 1757 Melissam,
448 1723 603 1751 Tarasium
616 1723 814 1759 patriarcham
825 1724 1192 1760 Constantinopolitanum,
1204 1727 1232 1752 et
1242 1727 1390 1752 auctorem
1402 1723 1583 1752 Scholiorum
1591 1725 1758 1751 Graecorum
1770 1722 1800 1750 in

103 1765 243 1801 Epistolas
257 1766 447 1803 apostolicae.
462 1768 543 1800 Quod
560 1768 584 1796 si
601 1768 778 1796 recentiores
794 1776 922 1804 quoque,
938 1769 986 1804 qui
1001 1769 1065 1804 ejus
1080 1769 1176 1804 operis
1191 1768 1331 1796 Basilium
1347 1769 1486 1804 Magnum
1512 1770 1661 1796 auctorem
1679 1767 1804 1800 faciunt,

103 1817 250 1839 recensere
265 1811 507 1847 aggrederemur,
522 1812 585 1840 dies
601 1820 654 1840 nos
669 1812 805 1840 deficeret
819 1815 847 1840 et
863 1812 976 1841 charta.
993 1812 1125 1841 Celebree
1140 1815 1210 1841 sunt
1225 1813 1412 1846 Tilmannus,
1436 1813 1571 1845 Ducieus,
1597 1811 1802 1843 Combeﬁsius,

103 1853 207 1883 Natalis
223 1855 546 1892 Alexander,Dupinus,
560 1856 775 1890 Tillemontius,
794 1856 957 1893 Lequienus
971 1859 999 1885 et
1014 1857 1063 1884 alii
1080 1865 1168 1893 prope
1183 1857 1340 1884 innumeri.
1351 1857 1466 1890 Contra,
1479 1858 1563 1893 pauci
1575 1857 1646 1884 sunt
1658 1855 1708 1891 qui
1720 1854 1804 1882 aliter

104 1899 237 1935 sentiant,
255 1900 340 1935 iique
354 1900 383 1927 in
401 1900 508 1928 litteris
523 1909 582 1928 non
599 1901 640 1928 ita
655 1909 768 1938 magna
783 1901 978 1935 auctoritatis,
994 1904 1114 1937 excepto
1127 1902 1240 1930 Patavio
1252 1902 1313 1929 viro
1324 1902 1410 1938 longe
1423 1901 1593 1930 doctissimo
1606 1909 1612 1928 :
1624 1899 1675 1935 qui
1687 1899 1803 1927 nullum

104 1943 216 1978 quidem
230 1946 443 1980 argumentum
459 1945 495 1972 ad
511 1953 596 1973 suam
612 1945 780 1981 opinionem
796 1945 979 1982 probandam
995 1945 1126 1981 protulit,
1143 1946 1194 1973 sed
1212 1949 1414 1974 asseveranter
1435 1948 1533 1973 tamen
1558 1944 1760 1981 pronuntiavit
1774 1943 1803 1970 id

103 1994 170 2022 opus
185 1989 290 2016 Basilii
308 1997 366 2016 non
381 1997 456 2017 esse.
473 1989 544 2025 Ejus
560 1993 660 2018 autem
674 1990 761 2018 verba
779 1990 840 2018 hac
856 1993 925 2018 sunt
939 1992 1010 2018 tom.
1028 1990 1065 2018 lll
1081 1991 1168 2018 Theol.
1185 1990 1258 2025 dog.,
1274 1990 1325 2018 lib.
1342 1999 1362 2024 ι,
1378 1998 1402 2018 c.
1418 1991 1446 2024 2,
1463 1999 1490 2018 n.
1516 1990 1532 2017 4
1546 1999 1553 2017 :
1579 1992 1684 2017 Rursus
1709 1989 1805 2016 auctor

103 2031 374 2061 Commentariorum
388 2033 423 2062 ad
437 2034 553 2069 Isaiam,
569 2035 619 2070 qui
634 2034 739 2062 Basilio
754 2035 841 2062 solent
855 2035 981 2067 inscribi,
997 2042 1046 2062 nec
1057 2039 1121 2062 sunt
1136 2039 1230 2062 tamen
1245 2035 1334 2069 illius,
1350 2034 1460 2062 videtur
1472 2035 1557 2062 etiam
1577 2036 1737 2070 corporan
1751 2041 1803 2059 an-

104 2076 171 2110 gelos
184 2078 292 2112 facere.
309 2077 401 2110 Quam
418 2077 537 2113 quidem
554 2077 732 2106 sententiam
750 2078 901 2114 amplexus
917 2078 985 2114 sim,
1002 2077 1075 2106 satis
1091 2077 1266 2113 intelligitur
1279 2077 1323 2105 vel
1339 2085 1374 2105 ex
1397 2086 1431 2105 eo
1454 2077 1526 2112 loco,
1551 2077 1602 2104 ubi
1626 2077 1704 2104 hunc
1719 2077 1803 2104 Com-

104 2121 281 2149 mentarium
296 2121 444 2149 edendum
460 2122 558 2150 curavi
575 2122 638 2158 (a):
654 2122 706 2150 sed
721 2124 896 2159 argumenta
911 2123 985 2158 ipsa,
1002 2131 1068 2158 quas
1083 2122 1119 2150 ad
1133 2129 1198 2150 eam
1214 2122 1462 2158 comprobandum
1478 2121 1595 2155 adduxi,
1621 2120 1702 2157 legas
1716 2119 1803 2147 velim

102 2163 130 2192 in
146 2166 318 2194 Prefatione
332 2174 386 2194 suo
401 2166 504 2194 ordine
519 2166 593 2194 loco.

132 2223 200 2253 (α)ῐά
210 2225 252 2249 est
261 2224 335 2256 inter
343 2223 433 2256 dubia.
444 2224 482 2248 Ex
491 2224 657 2256 argumentis
668 2225 758 2249 tamen
769 2231 785 2250 a
798 2225 828 2249 D.
845 2224 923 2250 Prud.
940 2224 1051 2250 Murano
1067 2224 1154 2250 allatis
1167 2225 1194 2249 in
1214 2224 1272 2249 Vita
1289 2223 1386 2253 Basilii.
1400 2224 1470 2249 inter
1487 2224 1604 2256 genuina
1623 2229 1804 2256 annumeraan

108 2253 156 2288 dus
165 2257 222 2285 est;
239 2255 288 2288 se}
305 2257 335 2279 ut
347 2254 472 2288 prdinem
484 2262 500 2280 a
510 2253 537 2280 ιζ
551 2255 605 2280 Jul.
620 2256 748 2281 Garnerio
762 2256 917 2281 institutum
933 2263 1082 2288 servemus,
1095 2263 1176 2288 quem
1191 2256 1330 2282 inversum
1354 2255 1465 2281 moleste
1485 2253 1586 2281 ἥδη-ειη
1610 2254 1718 2286 eruditi,
1739 2254 1806 2280 nihil

105 2287 243 2311 mutamus.
259 2286 332 2311 Enn.
347 2285 423 2311 Pan.

352 2369 678 2417 EPMHNEIA

248 2441 308 2469 ΕΙΣ
328 2441 397 2470 ΤΟΝ
416 2440 608 2469 ΗΡΟΦΗΤΗΝ
627 2440 776 2470 ΗΣΑΙΑΝ.

341 2493 541 2523 ΠΡΟΟΙΜΙΟΝ
557 2494 662 2530 (20-21)
668 2515 675 2522 .

139 2599 162 2626 1.
188 2598 308 2635 Εῧξασθι
338 2600 375 2637 μὴ
406 2600 526 2638 γενέσθαι
554 2599 604 2634 τὴν
629 2601 718 2639 φυγὴν
749 2601 824 2638 ὑμῶν
855 2611 927 2640 χιι-

140 2656 163 2673 ‘°
178 2656 283 2685 Matth.
299 2665 376 2691 xxiv,
390 2658 438 2685 20.

1169 2371 1246 2400 πε
1266 2335 1617 2419 ENABRATIO

1113 2443 1161 2471 ΙΝ
1195 2443 1472 2473 ΡΗΟΡΗΕΤΑΙ
1508 2442 1675 2472 ιδΑιΑΜ

1284 2496 1505 2526 PROOEMIUM.

1018 2602 1044 2630 1.
1062 2602 1143 2630 Orate
1157 2610 1192 2631 ne
1207 2603 1257 2638 ﬁat
1271 2604 1340 2639 fuga
1353 2605 1444 2632 vestra
1464 2604 1554 2632 hiems
1577 2603 1619 2631 vel
1640 2602 1759 2632 Sabban
1773 2601 1805 2630 ⁸ο.

75 2738 78 2739 ,
141 2713 188 2754 (29
203 2714 420 2754 21)“!tntiquus
443 2715 535 2754 codex
552 2714 865 2754 Combef._:_Bapz).nloo
879 2717 930 2754 «nec

998 2715 1144 2754 φροίμιον.
1161 2717 1256 2745 Editi:
1274 2716 1363 2754 Λόγος
1389 2716 1411 2743 α’
1435 2717 1541 2752 inepte.
1567 2715 1630 2743 Non
1643 2714 1734 2754 enim
1758 2715 1805 2744 hic

112 2748 373 2794 μιγάλεθέξήγησῐς
386 2749 426 2794 εἰς
446 2750 492 2794 τίίὲ
509 2750 662 2794 family?
687 2750 818 2794 ’ῌσαΐανη
833 2751 932 2794 πρασί-

998 2748 1161 2794 )rimus_est
1171 2748 1377 2794 sermceor'um
1391 2760 1465 2794 quos
1475 2748 1592 2794 a’pctcr,‘
1600 2751 1738 2794 quisqpis
1750 2754 1806 2794 est,

113 2783 184 2819 μιόν.
201 2783 273 2823 Regi
284 2783 452 2815 secundus:
468 2786 526 2815 Τοῦ
538 2783 690 2813 ’Βασὶλέίου
705 2783 932 2823 ὶρμηνέία,’θίο.,

1001 2796 1019 2816 n
1032 2788 1205 2825 prophetam
1220 2788 1326 2818 Isaiam
1337 2783 1529 2823 conscripsit:
1542 2787 1593 2815 sed
1603 2783 1749 2824 quoddam
1763 2783 1808 2815 est
