2018 3146
117 165 166 193 ﬁt
482 161 685 192 COMMENT.
706 161 746 191 ΙΝ
771 160 903 191 lSAlAM
929 157 1180 189 PROPHETAM.
1204 157 1445 188 PROtEMIUM.

1767 156 1825 184 1‘22

114 228 317 264 καίθαυμαστὸν
334 225 501 264 σύμϐουλον,
517 226 561 254 καὶ
573 226 680 253 συνετόν
692 225 838 263 ἀκροατήν·
850 225 937 260 Ἣμᾶς

996 235 1023 260 et
1030 232 1267 267 conjectorem,et
1278 231 1485 259 admirandum
1497 231 1691 258 oonsultorem
1698 231 1785 262 .879
1792 232 1822 257 et

116 272 142 300 δὲ
151 271 340 310 ιῧχεσθαιχρή
353 269 445 300 λαϐεῖν
456 272 487 299 τὸ
497 275 548 306 τῆς
560 270 658 309 σοφίας
669 270 804 304 καὶτὸτῆς
813 270 940 306 γνώσεως

114 318 158 344 καὶ
173 318 205 344 16
219 320 270 351 τῆς
283 315 457 347 διδασκαλίας
472 316 606 353 χάρισμα,
625 315 697 342 ὥστε
711 313 867 350 πάνταὸμοῦ
882 324 941 341 συν-

116 360 251 398 δρκμόντα
261 363 304 397 τῷ
313 362 471 398 ἡγεμονικῷ
482 362 562 396 ἡμῶν
575 360 723 387 ἐκιτυπῶσαι
736 360 786 392 τήν
795 359 883 392 πάσης
892 361 941 392 τῆς

116 406 360 444 προφητευομένης
371 405 500 440 ἀληθείας
521 405 673 443 μόρφωσιν.
691 404 767 432 Ἔστι
783 402 812 430 δὲ
826 405 874 430 τοῦ
893 403 939 440 μὶν

118 449 199 488 λόγου
212 453 263 484 τῆς
275 450 400 486 γνώσεως
412 449 493 487 χρεία
503 450 570 485 πρὸς
582 449 611 476 τὸ
626 449 735 485 θεωρεῖν
749 450 798 475 τοῦ
815 447 941 484 Πνεύμα-

116 505 160 526 τος
175 496 208 522 τὰ
222 494 439 532 ἀπόῤῥηταστοῦ
465 492 494 521 δὶ
520 492 603 532 λόγου
626 496 676 528 τῆς
700 493 804 531 σοφίας,
826 492 893 530 πρὸς
908 492 939 519 τὸ

117 538 308 567 κατασκευάσαι
339 539 384 566 καὶ
413 538 601 575 ἐξεργάσασθαι
629 538 662 565 τὰ
697 536 939 573 συνεστραμμίνως

118 584 142 612 ἂν
170 583 369 622 βραχυλογίαις
395 581 663 619 ἔκδεδομάνα”’“ίδιον
689 581 740 620 γὰρ
766 585 816 616 τῆς
844 580 939 618 σοφίας

116 629 145 656 τὸ
154 628 278 656 ἐκτείνειν
293 627 402 665 λόγους.
431 627 564 663 Ἐξέτιιιια
588 626 650 665 γὰρ,
672 625 855 663 φησὶ,λόγους
871 627 938 661 (30),

118 672 206 699 καἱοῦ
220 672 393 709 προσείχετε.
423 672 540 699 Ἔπειτα
563 671 594 698 16
623 674 673 705 τῆς
700 669 875 700 διδασκαλίας
888 669 939 696 χά-

119 726 199 754 ρισμα
214 716 252 748 εἷς
267 715 420 752 οἰκοδομὴν
444 715 497 743 τῶν
523 716 688 743 ἀκουόντων.
715 715 774 751 Χρή
800 714 890 742 τοίνυν
905 714 939 750 τῇ

118 762 191 797 ψυχῇ
214 762 263 787 τοῦ
289 759 443 796 μέλλοντος
461 759 642 798 προφητεύειν
658 760 708 794 τὴν
731 757 942 793 ἐπιτηδειότητα

117 805 327 842 προϋποκεῖσθαι
351 804 380 832 ἐκ
402 803 451 831 τοῦ
474 804 515 843 ἐφ’
541 805 595 839 (31)
620 805 688 840 ἡμῖν
712 804 874 839 κινήματος,
895 801 941 829 ’ἱνα

118 849 131 876 6
144 849 168 876 ἐν
179 852 237 880 τοῖς
253 848 335 881 ὅλοις
359 848 443 886 λόγος
464 849 512 879 τὰς
540 849 745 886 ἁρμονιωτέρας
760 847 851 885 ψυχὰς
867 845 942 874 ἐκλε-

117 893 236 930 γόμενος,
254 893 280 921 ἐν
299 894 342 925 αἷς
357 892 420 920 οὐδὲ
447 893 543 930 μικρόν
559 903 584 920 τι
607 892 711 929 κίνημα
724 894 774 941 106
787 893 940 940 «1011113106
957 909 979 941 Β

117 941 163 972 τῆς
184 939 277 975 ψυχῆς
304 938 468 975 ἇσύμφωνόν
496 937 551 965 ὶστι
581 937 649 973 πρὸς
683 937 728 964 τὸν
766 935 847 974 λόγον
873 935 942 963 κατά

118 982 164 1016 τὴν
188 981 334 1019 ἀναλογίαν
359 985 410 1016 τῆς
439 981 647 1019 ἐνυπαρχούσης
677 980 866 1019 εὖαρμοστίας,
889 980 939 1013 τὴν

119 1025 147 1053 ἐκ
171 1028 217 1053 τοῦ
257 1025 334 1058 θείου
376 1026 536 1062 Ηνεύματος
571 1025 703 1062 ἐνέργειαν
744 1024 874 1062 ἐπαγάγῃ.
904 1024 939 1050 Οὖ

120 1069 197 1106 μόνον
225 1068 254 1097 δὲ
282 1071 301 1105 ἡ
317 1072 372 1097 τῶν
400 1072 493 1102 παθῶν
518 1068 673 1104 καταστολὴ
701 1069 828 1107 ἀναγκαία
843 1069 881 1100 είς
893 1068 939 1096 τὸν

118 1113 294 1151 εὐτρεπισμὸν
312 1118 363 1149 τῆς
379 1113 522 1152 ὑποδοχῆς
544 1116 593 1141 τοῦ
615 1113 780 1150 Πνεύματος,
797 1112 880 1146 ἀλλὰ,
895 1113 940 1140 καὶ

117 1158 147 1185 τὸ
165 1158 261 1195 μὲτρον
292 1162 345 1194 τῆς
374 1159 436 1196 περὶ
463 1159 514 1193 τήν
537 1158 625 1186 πίστιν
654 1157 809 1192 διαθέσεως,
838 1158 882 1184 καὶ
909 1157 940 1184 τὸ

119 1203 250 1241 συμφέρον
267 1202 352 1230 αὐτοῦ
365 1213 395 1230 τε
409 1205 459 1230 τοῦ
475 1201 681 1240 ὑποδεχομένου
774 1203 824 1237 τήν
846 1203 939 1239 χάριν,

117 1247 159 1274 καὶ
185 1249 239 1274 τῶν
270 1248 343 1275 κατὰ
371 1248 464 1285 καιρὸν
481 1247 645 1282 ἆκουοντων,
662 1246 680 1281 ἢ
705 1247 750 1274 καὶ
774 1246 813 1277 εἲς
831 1246 938 1284 ὕστερον

119 1291 282 1327 μεθτξόντων
299 1295 351 1326 τῆς
367 1291 397 1319 ἐκ
419 1294 473 1319 τῶν
494 1293 641 1330 προφητῶν
669 1290 813 1329 ὠφελείας.
833 1289 939 1317 Δίδοται

116 1335 174 1373 γὰρ,
203 1336 300 1373 φησὶν,
332 1336 438 1372 ἑκάστῳ
471 1337 489 1370 ἡ
516 1336 666 1374 φανέρωσις
706 1337 753 1362 τοῦ
782 1335 939 1371 Πνεύματος

116 1379 179 1416 πρὸς
205 1380 236 1408 τὸ
266 1381 419 1419 συμφέρονθ’
457 1380 502 1407 καὶ
538 1379 633 1408 πάλιν
665 1380 736 1407 Κατὰ
759 1380 809 1414 τήν
841 1379 938 1406 ἀναλο-

113 1424 169 1461 γίαν
184 1428 234 1459 τῆς
260 1425 391 1457 πίστεως.
421 1425 578 1464 Ἀνξφικτον
605 1425 702 1460 μὲντον
734 1425 789 1460 (33)
804 1423 835 1451 16
850 1423 884 1461 τῇ
895 1424 938 1450 ἀν-

116 1469 231 1506 Θρωπίνῃ
256 1469 338 1508 φύσει
362 1472 532 1506 παραστῆσαι
557 1469 602 1496 τὸν
629 1467 712 1506 λόγον
732 1472 783 1503 τῆς
808 1467 939 1506 διαφόρου

114 1512 244 1551 ἐνεργείας
259 1514 338 1551 παρὰ
351 1516 399 1541 τοῦ
415 1513 489 1541 θείου
500 1513 656 1550 Πνεύματος
666 1515 725 1544 τοῖς
736 1512 821 1547 ἀξίοις
834 1512 939 1549 ἐγγινο-

117 1558 203 1594 μένης·
248 1559 313 1585 καθ’
343 1557 373 1585 δν
407 1559 421 1585 6
465 1558 512 1594 μὶν
553 1557 719 1597 προφητείαν
760 1556 936 1591 πιστεύεται,

114 1589 262 1644 καὶταύτην
277 1602 324 1630 ἐπὶ
338 1589 505 1644 τοσόνδεείὉ
517 1601 545 1630 δὲ
555 1589 711 1640 χαρίσματα
727 1600 850 1638 ῐαμάτων
866 1589 937 1638 λαμξ
953 1589 974 1622 C

115 1643 193 1681 ὅάνει,
208 1647 254 1674 καὶ
270 1649 358 1674 ταῦτα
371 1643 504 1682 τηλικοίδε
517 1648 584 1684 (34)·
601 1647 645 1674 καὶ
671 1645 756 1678 ἄλλος
767 1646 937 1683 ἐνεργήματα

115 1688 249 1728 δυνάμεων
269 1691 402 1727 μειζόνων
430 1691 447 1725 ἢ
472 1690 651 1728 μικροτέρων.
673 1692 764 1719 Ταῦτα
787 1690 837 1727 γὰρ
856 1691 938 1727 μόνος

116 1733 179 1761 οἶδεν
197 1735 210 1762 ὁ
234 1737 270 1772 τῇ
298 1732 528 1772 ἑκάστουψυχῆς
552 1735 612 1770 ἀξίᾳ
635 1734 804 1770 ὲνατενίζων,
819 1734 936 1765 καὶτοῖς

115 1778 286 1817 ἆθιωρήτοις
300 1783 349 1814 τῆς
375 1778 550 1814 δικαιοσύνης
575 1779 684 1817 μέτροις
706 1777 817 1817 διαιρῶν
833 1779 937 1815 ἱκάστῳ

115 1823 145 1849 τὰ
156 1823 223 1860 πρὸς
239 1823 328 1860 ἀξίαν.

146 1868 170 1895 3.
187 1870 249 1899 Πῶς
276 1869 462 1906 προεφήτευον
484 1869 511 1895 αἱ
539 1869 653 1906 καθαραὶ
676 1867 721 1895 καὶ
737 1866 870 1905 διατυγεῖς
885 1869 937 1905 ψυ-

115 1912 177 1949 χαίς
193 1912 287 1940 Οἱονεὶ
312 1912 450 1950 κάτοπτρα
474 1912 604 1950 γινόμενα
628 1916 677 1947 τῆς
702 1911 774 1943 Θείας
795 1911 937 1950 ἰνεργείας,

114 1957 159 1990 τὴν
183 1954 302 1996 ἔμφασιν
317 1958 417 1994 τρανὴν
443 1957 487 1984 καὶ
505 1957 657 1995 ἀσύγχυτον
686 1957 730 1984 καὶ
755 1956 832 1984 οὐδὲν
847 1955 937 1984 ἐπιθο-

117 1999 245 2036 λουμένην
261 2001 294 2029 ἐκ
305 2003 359 2028 τῶν
376 2004 467 2034 παθῶν
492 2005 543 2036 τῆς
558 2002 657 2040 σαρκὸς
672 2000 865 2029 ἐπεδείκνυντο.
883 2003 936 2028 Πᾶ-

116 2055 139 2071 σι
156 2046 202 2082 μὶν
219 2047 278 2083 (35)
293 2046 346 2084 γὰρ
361 2045 473 2084 πάρεστι
487 2047 519 2074 τὸ
541 2047 617 2084 ἅγιον
645 2047 765 2082 Ηνεῦμα·
793 2044 864 2073 ἀλλᾶ
877 2048 936 2076 τοῖς

117 2089 160 2125 μὲν
173 2091 354 2128 καθαρεύουσι
376 2093 430 2118 τῶν
456 2093 548 2123 παθῶν
575 2091 624 2125 τήν
647 2089 717 2118 ἰδίαν
742 2089 865 2129 ἐμφαίνει
890 2088 936 2117 δύ-

114 2144 201 2170 ναμιν·
217 2138 277 2166 τοῖς
305 2133 334 2162 δὲ
360 2136 392 2162 τὸ
407 2135 571 2173 ἡγεμονικὸν
601 2134 802 2173 συγκεχυμένον
826 2133 935 2172 ἔχουσιν

115 2177 165 2206 ἀπὸ
177 2182 231 2207 τὼν
256 2183 308 2214 τῆς
333 2179 466 2217 ἁμαρτίας
488 2180 605 2214 σπίλων,
623 2179 721 2207 οὐκέτι.
753 2181 797 2206 Δεῖ
825 2177 853 2205 δὲ
868 2179 936 2215 πρὸς

114 2224 146 2259 τῇ
161 2224 328 2262 καθαρότητι
339 2223 385 2251 καὶ
399 2224 431 2251 τὸ
453 2223 558 2260 ὁμαλὸν
582 2225 631 2258 τῆς
657 2224 800 2254 εὐσταθοῦς
818 2223 874 2259 (36)
888 2233 935 2250 κα-

997 277 1162 304 auditorem
1179 275 1393 311 intelligentem
1406 276 1437 303 ⁸⁸,
1451 275 1541 303 Nobis
1554 283 1621 303 vero
1637 276 1819 310 precandum

997 323 1030 349 ut
1059 320 1237 356 accipiamus
1266 319 1426 356 sapientia.
1448 329 1479 348 ac
1498 320 1637 354 scientiae,
1655 327 1747 353 neque
1764 328 1821 346 non

998 365 1137 392 doctrinae
1154 365 1316 397 donum,ut
1331 365 1431 391 omnia
1442 365 1529 391 simul
1547 364 1750 392 concurrentia
1763 364 1820 390 for-

998 418 1074 436 mam
1086 408 1182 436 omnia
1199 408 1328 435 veritatis
1345 417 1409 444 quia
1426 408 1579 444 prophetia
1596 408 1773 442 continetur,
1790 408 1820 435 in

996 453 1149 490 principali
1166 453 1257 480 animi
1273 454 1363 480 nostri
1381 457 1461 488 parte
1476 453 1659 488 imprimant.
1676 455 1755 488 Opus
1776 455 1820 480 est

996 500 1093 525 autem
1105 505 1240 525 sermone
1256 497 1383 525 scientias
1397 497 1431 524 ad
1449 497 1675 533 contemplanda
1694 496 1821 532 Spiritus

995 548 1118 569 arcana:
1136 550 1271 569 sermone
1284 549 1349 569 vero
1373 541 1534 577 sapientiae,
1546 542 1580 569 ad
1598 541 1768 577 apparanda
1792 543 1821 568 et

996 586 1154 614 excolenda
1167 594 1200 613 ea
1212 594 1275 621 qum
1292 587 1424 613 contorte
1440 594 1472 613 ac
1489 585 1589 621 paucis
1602 588 1672 612 sunt
1696 585 1818 621 prolata.

994 630 1145 666 Siquidem
1159 629 1307 664 sapientia!
1320 629 1470 664 proprium
1483 632 1528 657 est
1540 629 1698 665 producere
1709 637 1819 656 sermo-

995 682 1073 702 nem.
1089 674 1135 701 Ait
1149 674 1225 701 enim
1244 682 1250 700 :
1268 673 1389 701 Produxt
1403 681 1551 706 sermones,
1565 676 1592 701 et
1612 681 1667 701 non
1695 673 1819 701 atlendi-

995 719 1045 746 stis
1057 719 1088 746 ιν.
1106 718 1246 746 Praeterea
1258 719 1396 745 doctrinas
1410 720 1527 746 domum
1542 719 1711 754 pertinetad
1728 718 1819 746 {ediﬁ-

996 763 1138 791 oationem
1151 763 1450 798 audientium.1taque
1462 772 1495 790 ex
1511 763 1593 790 liberi
1606 763 1717 790 arbitrii
1736 765 1817 790 motu

996 808 1024 834 in
1042 807 1140 834 anima
1155 808 1219 841 ejus
1236 808 1285 842 qui
1302 807 1342 834 sit
1358 807 1758 842 prophetaturusprazjaceat
1770 815 1820 835 ne-

996 860 1077 879 cesse
1093 854 1139 878 est
1153 851 1286 887 quaedam
1306 851 1452 884 habilitas,
1466 855 1498 878 ut
1514 852 1634 878 verbum
1651 851 1722 878 illud
1741 851 1817 887 quod

996 898 1041 923 est
1056 896 1085 923 in
1102 896 1249 930 omnibus,
1266 896 1336 923 dum
1349 896 1442 930 magis
1455 895 1633 931 compositos
1644 895 1747 931 deligit
1758 896 1819 923 aui-

996 948 1070 973 mos,
1086 940 1116 967 in
1132 940 1239 976 quibus
1252 948 1303 967 nec
1315 940 1437 975 exiguus
1449 940 1604 967 affectuum
1618 939 1707 967 animi
1720 943 1818 967 motus

995 984 1129 1012 dissonat
1144 993 1209 1011 cum
1223 985 1334 1012 ratione
1345 985 1430 1018 juxta
1445 984 1607 1020 analogian)
1629 984 1818 1020 praecedentis

995 1028 1274 1064 aptitudinis,divini
1292 1028 1419 1064 Spiritus
1435 1029 1556 1056 inducat
1578 1027 1748 1056 efﬁcaciam.
1765 1028 1820 1055 Ne-

995 1081 1052 1109 que
1063 1081 1128 1100 vero
1140 1072 1235 1100 solum
1248 1073 1406 1108 requiritur
1417 1072 1571 1100 affectuum
1585 1072 1744 1105 sedatio,ut
1754 1072 1820 1108 quis

996 1118 1031 1145 ad
1048 1117 1270 1153 suscipiendum
1282 1117 1422 1152 Spiritum
1440 1119 1558 1152 paratus
1575 1117 1614 1143 sit
1628 1119 1656 1144 et
1671 1119 1821 1152 aptus,ve-

995 1170 1060 1189 rum
1073 1162 1159 1188 etiam
1178 1162 1298 1197 quidam
1313 1162 1341 1188 in
1358 1161 1456 1188 animo
1466 1169 1534 1197 erga
1546 1161 1631 1188 ﬁdem
1643 1161 1819 1196 modus,uti-

993 1206 1129 1240 litaeque,
1149 1208 1210 1232 tum
1228 1205 1316 1240 hujus
1331 1205 1378 1241 qui
1391 1205 1516 1241 gratiam
1529 1205 1644 1240 accipit,
1661 1207 1725 1232 tum
1750 1205 1818 1233 illo-

995 1259 1059 1278 rum
1075 1250 1123 1285 qui
1140 1250 1168 1276 in
1185 1252 1316 1286 tempore
1330 1250 1475 1277 audiunt:
1489 1253 1540 1277 aut
1555 1258 1655 1277 eorum
1668 1250 1753 1277 etiam
1767 1249 1818 1285 qui

995 1295 1024 1322 in
1040 1297 1188 1330 posterum
1202 1302 1235 1322 ex
1253 1294 1401 1330 prophetis
1415 1295 1541 1321 fructum
1559 1294 1723 1330 percepturi
1738 1297 1820 1322 sunt.

994 1339 1081 1367 Datur
1095 1339 1184 1372 enim,
1201 1339 1306 1374 inquit,
1324 1339 1473 1374 unicuique
1488 1339 1678 1374 manifestam
1698 1338 1818 1373 Spiritus

994 1384 1029 1411 ad
1044 1384 1198 1411 utilitatem
1213 1383 1235 1400 ⁵ο
1247 1396 1254 1416 ;
1267 1391 1300 1410 ac
1318 1391 1421 1410 rursus
1438 1392 1444 1410 :
1466 1383 1618 1410 Secundum
1635 1383 1771 1409 rationem
1786 1383 1817 1417 ﬁ-

993 1427 1038 1455 dei
1048 1428 1169 1455 “.Sane
1184 1436 1273 1463 supra
1293 1430 1404 1454 natura
1433 1428 1508 1455 vires
1533 1429 1588 1460 est,
1604 1426 1739 1453 exhibere
1769 1435 1817 1453 ra-

994 1471 1104 1499 tionem
1121 1472 1298 1506 modumque
1314 1471 1433 1499 diversae
1448 1471 1704 1506 operutionis,qum
1720 1479 1736 1497 a
1750 1471 1816 1506 Spi—

994 1515 1051 1543 ritu
1068 1515 1278 1543 divinoaccidit
1293 1515 1322 1542 in
1339 1515 1383 1542 bis
1399 1515 1449 1551 qui
1467 1515 1716 1542 merrnturJuxta
1728 1523 1815 1550 quam

994 1560 1062 1587 huic
1074 1559 1227 1595 prophetia
1239 1560 1476 1593 committitur,et
1485 1559 1512 1586 id
1526 1559 1644 1595 quidem
1657 1560 1691 1587 ad
1703 1561 1815 1586 certum

994 1604 1210 1632 modum.Alius
1222 1604 1409 1638 accipitdona
1421 1604 1620 1637 sanationum,
1631 1607 1718 1639 atque
1729 1611 1762 1631 ea
1779 1603 1814 1630 ad

992 1651 1101 1676 certam
1114 1648 1376 1682 mensuram-,alius
1388 1657 1453 1675 vero
1462 1648 1646 1683 operationes
1657 1647 1813 1682 virtutum,

992 1693 1138 1728 majorum
1154 1694 1204 1720 aut
1217 1692 1375 1720 minorum.
1388 1693 1471 1720 Enim
1486 1701 1553 1720 vero
1569 1692 1650 1720 solus
1664 1692 1720 1719 ista
1735 1692 1815 1719 novit

992 1737 1042 1772 qui
1058 1737 1203 1773 cujusque
1217 1737 1321 1764 animae
1335 1737 1470 1764 meritum
1489 1737 1606 1773 penitus
1628 1737 1770 1769 intuetur,
1785 1738 1814 1764 et

992 1781 1323 1817 invisibilibusjustitice
1340 1782 1487 1809 mensuris
1503 1790 1568 1816 quae
1579 1789 1612 1808 ex
1623 1780 1728 1808 merito
1743 1781 1815 1807 sunt

993 1825 1151 1861 unicuique
1167 1825 1327 1854 distribuit.

1026 1871 1053 1897 3.
1077 1871 1227 1902 Quomodo
1257 1870 1472 1906 prophetabant
1496 1879 1575 1906 purae
1600 1878 1633 1898 ac
1661 1868 1812 1905 pellucidae

992 1915 1119 1942 animae?
1133 1915 1241 1950 Nempe
1254 1923 1293 1942 eae
1308 1914 1388 1943 velut
1405 1914 1524 1950 specula
1539 1915 1619 1942 facta:
1630 1913 1733 1941 divina:
1745 1921 1811 1948 ope-

992 1959 1283 1995 rationis,imaginem
1293 1959 1437 1995 integram
1445 1960 1472 1986 in
1478 1959 1689 1994 confusumque
1696 1961 1724 1985 et
1733 1957 1814 1985 nulla

992 2011 1026 2031 ex
1042 2005 1123 2039 parte
1148 2003 1300 2031 aﬂ‘ectibus
1325 2003 1422 2031 carnis
1446 2004 1594 2030 turbatam
1624 2004 1813 2038 repraesenta-

991 2048 1148 2075 bant.Nam
1165 2048 1304 2075 omnibus
1320 2048 1438 2083 quidem
1451 2048 1535 2075 adest
1543 2047 1668 2083 Spiritus
1680 2048 1810 2074 sanctus:

991 2092 1041 2120 sed
1055 2092 1092 2119 iis
1103 2092 1153 2127 qui
1169 2092 1234 2128 puri
1246 2095 1317 2119 sunt
1329 2092 1493 2124 affectibus,
1506 2091 1684 2127 peculiarem
1698 2091 1814 2118 exhibet

990 2138 1126 2164 virtutem
1140 2146 1146 2170 ;
1164 2139 1194 2164 at
1208 2145 1274 2164 vero
1283 2136 1319 2163 iis
1330 2144 1456 2172 quorum
1473 2144 1556 2163 mens
1583 2135 1692 2172 peccati
1718 2135 1812 2163 sordi-

990 2181 1046 2208 bus
1062 2181 1260 2216 perturbatur,
1279 2180 1410 2208 minime.
1434 2180 1553 2216 Oportet
1582 2182 1681 2208 autem
1710 2181 1814 2215 praeter

991 2225 1159 2261 puritatem,
1186 2224 1349 2252 constantis
1378 2224 1468 2252 animi
1493 2223 1719 2260 aequabilitatem
1736 2223 1815 2251 exhi-

114 2268 262 2300 ταστάσεως
279 2267 487 2296 ἐπιδείκνυσθαι.
513 2269 552 2297 Οὐ
577 2269 627 2307 γὰρ
644 2269 658 2295 6
683 2267 839 2304 ἀνωμάλως
863 2265 936 2305 ἔχων

995 2269 1070 2298 bere.
1087 2270 1187 2305 Neque
1203 2270 1280 2297 enim
1293 2270 1343 2305 qui
1359 2269 1513 2304 inaequalis
1522 2271 1567 2296 est
1582 2268 1671 2296 animi
1685 2269 1761 2296 circa
1769 2276 1815 2295 ca-

116 2312 172 2349 περὶ
186 2312 377 2352 σωφροσύνην,
407 2310 535 2350 καθαρός·
567 2311 630 2340 ἀλλ’
646 2313 660 2340 6
687 2313 718 2340 16
744 2311 872 2351 φρόνημα
886 2313 935 2345 τῆς

117 2356 209 2393 σαρκὸς
224 2356 356 2392 ὑποτάξας
379 2359 419 2393 τῷ
445 2357 593 2394 live-5pm.
622 2358 724 2395 Ὥσπερ
751 2357 803 2394 γὰρ
830 2358 856 2384 αἱ
880 2359 934 2385 τῶν

116 2400 267 2437 προσώπων
292 2400 422 2440 ἐμφάσεις
450 2401 501 2429 οὐκ
526 2401 552 2428 ἐν
579 2402 677 2432 πάσαις
697 2403 761 2442 ταῖς
786 2401 865 2433 ὓλαις
894 2401 935 2439 γί-

116 2454 232 2482 γνογται,
250 2445 323 2473 ἀλλὰ
351 2445 378 2473 ἄν
401 2446 460 2477 ταῖς
487 2445 616 2481 λειότητά
637 2456 698 2474 τινα
718 2445 764 2473 καὶ
780 2445 934 2484 διαφάνειαν

115 2490 300 2525 κεκτημέναις·
333 2490 419 2522 οὕτως
450 2490 499 2517 οὐκ
525 2490 551 2517 ἐν
575 2491 673 2522 πάσαις
701 2493 761 2522 ταῖς
788 2492 890 2528 ψυχαῖς
915 2492 932 2526 ἡ

991 2314 1131 2347 stitatem,
1162 2322 1254 2350 purus
1271 2316 1324 2348 est,
1342 2314 1392 2341 sed
1423 2314 1471 2349 qui
1497 2313 1595 2341 carnis
1621 2312 1812 2349 petulantiam

991 2358 1116 2394 subjecit
1146 2359 1278 2395 Spiritui.
1309 2358 1560 2390 Quemadmodum
1582 2357 1660 2385 enim
1676 2357 1813 2385 vultuum

989 2403 1133 2438 imagines
1149 2412 1206 2431 non
1222 2403 1252 2430 in
1277 2402 1407 2438 qualibet
1435 2402 1558 2431 materia
1573 2403 1745 2436 redduntur,
1762 2402 1813 2430 sed

990 2448 1020 2475 in
1048 2447 1094 2475 his
1120 2448 1262 2475 duntaxat
1276 2447 1488 2483 qumlwvorem
1518 2455 1551 2475 ac
1578 2446 1813 2482 perluciditatem

990 2492 1150 2527 quamdam
1160 2492 1308 2526 obtinent;
1319 2492 1359 2519 ita
1366 2500 1424 2520 non
1435 2492 1465 2520 in
1475 2491 1657 2528 quibuslibet
1665 2491 1814 2519 mentibus

148 2573 168 2592 ⁸⁸
183 2574 238 2603 13a.
255 2583 297 2609 ιιι,
312 2577 340 2602 2.
378 2575 401 2593 ‘9
416 2575 498 2604 Prov.
517 2585 537 2610 ι,
551 2576 597 2604 24.
635 2576 657 2594 ⁵ο
672 2576 683 2604 Ι
698 2577 761 2604 Cor.
777 2584 827 2610 xu,
842 2577 870 2604 7.
908 2576 930 2594 ³ί

995 2584 1029 2604 ω.
1043 2584 1094 2610 xu,
1109 2577 1135 2604 6.

146 2659 201 2700 (30)
212 2659 532 2722 Aquila,__SImmachus
548 2663 577 2689 et
587 2661 747 2690 Theodotio
762 2670 814 2698 pro
831 2659 931 2697 λόγους

148 2696 275 2722 lderunt.
291 2705 354 2722 γιιο
391 2705 453 2722 μου.
469 2705 583 2722 manum
597 2705 697 2722 meam.

113 2694 275 2733 ediderunt,
291 2694 373 2733 χιῖρᾶ
390 2705 453 2733 μου,
469 2705 583 2733 manum
597 2705 697 2726 meam.

157 2731 201 2768 31)
217 2731 462 2768 Ηοείὲθουοᾶοε,
474 2731 511 2759 ἐν.

157 2765 201 2805 ἓξ)
217 2765 297 2805 {de'm
313 2768 411 2801 codex,
425 2765 586 2805 δεχομένου.

147 2789 202 2838 ea
217 2789 635 2840 ingessi-uistargam,
653 2803 712 2841 μιν.

1033 2695 1077 2732 35)
1093 2695 1224 2725 Sic—mss.
1242 2700 1312 2725 tres.
1329 2697 1417 2725 Deest
1432 2697 1478 2732 μὲν
1495 2697 1524 2723 in
1540 2695 1638 2732 editis.

1034 2661 1080 2697 34)
1097 2661 1168 2697 Reg.
1185 2661 1344 2693 secundus,
1361 2659 1390 2688 δὲ
1403 2660 1565 2696 τηλικαῦτα.

1034 2662 1069 2689 34
1097 2661 1168 2697 Reg.
1185 2661 1344 2693 secundus,
1361 2661 1390 2688 δὲ
1403 2661 1565 2696 τηλικαῦτα.

1033 2698 1067 2724 35
1093 2698 1140 2725 Sic
1153 2705 1224 2725 mss.
1242 2700 1312 2725 tres.
1329 2697 1417 2725 Deest
1432 2697 1478 2732 μὲν
1495 2697 1524 2723 in
1540 2695 1638 2723 editis.

1033 2661 1164 2775 3ﬁi_fteg.
1179 2733 1326 2775 secundus
1342 2741 1410 2761 cum
1427 2736 1550 2767 utroque
1560 2729 1702 2764 Combef.,
1718 2728 1811 2756 εὐστα-

986 2767 1059 2799 Θοῦς.
1069 2767 1165 2802 Ἐειὶῦι
1182 2768 1335 2800 εὐπειθοῦς.
