2018 3146
214 144 271 174 12⁵7

683 147 880 178 APPENDIX
903 148 1065 179 OPERUM
1089 150 1122 179 S.
1145 148 1286 179 BASILll
1308 148 1447 179 MAGNI.

211 218 311 245 porem
328 209 506 245 appellatum
523 219 588 239 esse
609 212 717 240 mentis
744 221 907 241 excessum.
933 213 1038 248 Cujus-

1095 213 1113 246 ἡ
1143 215 1178 249 γῆ
1206 210 1305 251 ἔφριξε.
1322 213 1384 250 Χρὴ
1402 211 1431 239 δὶ
1445 212 1498 239 ἀπὸ
1511 213 1565 249 τῶν
1581 213 1679 239 κοινῶν
1697 210 1805 238 ἰννοιῶν
1822 210 1920 246 ὡρμη-

211 254 290 281 modi
301 257 345 282 est
360 254 604 292 illud:0bstupuit
620 257 768 291 cmium,et
785 258 899 285 horruit
914 260 991 285 terra
1002 258 1035 285 ⁵⁸.

211 299 298 326 Porro
315 300 464 327 fatendum
481 303 526 328 est
541 309 558 328 a
572 302 780 329 communibus
805 302 959 338 principiis
972 310 1035 337 pro-

210 344 302 371 fectos
314 351 405 370 nosea
414 352 477 379 quae
488 345 650 372 secundum
660 346 788 373 litteram
796 347 943 374 contraria
954 349 1035 379 sunt,

210 387 240 415 in
252 388 309 415 Deo
325 396 382 414 non
398 388 569 423 intelligere.
584 389 674 421 Quale
687 393 731 417 est
750 391 836 426 juxta
863 399 1035 418 communes

1093 256 1200 293 μένους,
1218 257 1281 294 περί
1296 258 1362 284 Θεοῦ
1378 257 1411 283 τὰ
1426 256 1628 292 ἐναντιούμενα,
1651 255 1713 283 ὅσον
1730 255 1774 282 Ini
1788 256 1824 291 τῇ
1838 252 1918 288 λέξει,

1091 299 1250 338 ὁμολογεῖν,
1283 302 1321 337 μὴ
1355 303 1437 329 νοεῖν.
1463 302 1538 336 Οἴον,
1564 301 1633 328 κατὰ
1663 300 1711 331 τὰς
1734 299 1826 330 κοινὰς
1852 308 1918 335 προ-

1091 344 1187 381 λὴψεις
1203 345 1259 372 ἐστὶ
1274 346 1330 381 (53)
1344 346 1393 379 τήν
1411 345 1483 377 θείαν
1499 345 1577 383 φύσιν
1593 345 1706 383 ἀγαθὴν,
1722 344 1764 370 καὶ
1783 342 1917 379 ἀόργητον

1090 389 1134 416 καὶ
1151 389 1254 416 δικαίαν
1271 389 1432 426 ὁμολογεῖν.

211 432 405 467 acceptiones,
422 433 550 460 divinam
566 437 713 468 naturam,
731 435 849 469 bonam,
862 435 910 462 iraa
922 438 1070 470 expertem
1084 442 1118 462 ac
1131 436 1244 469 justam
1260 443 1325 462 esse
1340 435 1484 462 conﬁteri.

246 477 273 504 6.
297 477 386 508 Quale
413 477 436 504 si
463 477 614 514 Scriptura
651 479 744 507 Deum
772 480 870 511 irasci.
913 488 1036 508 mmrore

213 521 300 554 afﬁci,
311 524 363 548 aut
379 522 526 556 pcenitere,
542 524 593 550 aut
604 526 706 558 printer
722 524 861 552 meritum
881 523 980 560 aliquo
993 524 1034 552 uti

213 565 307 593 dicat:
325 566 396 600 quid
413 566 469 593 sibi
481 567 570 593 velint
584 568 672 595 verba
687 569 877 603 quaerendum
907 571 951 596 est
967 576 974 602 ;
1003 576 1036 595 ac

212 609 337 637 sollicite
353 610 540 646 cogitandum
557 613 704 646 quomodo
719 620 754 640 ea
773 613 926 640 restituere
942 612 1034 646 possi-

212 662 289 681 mus.
307 653 368 681 Non
385 657 483 682 autem
499 656 645 690 oportebit
661 657 815 692 prmelaras
832 657 867 684 de
887 657 944 684 Deo
972 657 1035 692 opi-

212 699 314 725 niones
331 698 509 727 subvertere.
547 701 643 735 Atque
669 701 705 728 ad
733 709 801 729 eum
818 702 937 728 modum
962 701 1037 728 citra

212 742 355 770 oilensam
372 745 402 769 tn
418 743 576 778 Scripturis
591 745 784 779 versabimur,
799 746 869 772 dum
886 748 913 772 et
933 754 967 772 ex
987 745 1034 779 iis,

212 795 276 822 quas
294 787 377 814 facile
390 788 498 823 percipi
516 792 650 823 possunt.
667 790 882 823 adjuvabimur,
900 793 929 817 et
944 790 980 818 ab
999 790 1035 816 iis

213 839 276 866 quae
306 833 375 858 sunt
403 831 550 859 intellectu
575 833 751 866 difficiliora,
770 842 827 861 non
842 834 1034 861 oﬂ‘endemur.

213 875 293 906 Quod
306 875 331 902 si
347 875 413 910 quis
430 875 500 903 illud
528 876 632 904 divinas
648 877 804 913 Scriptura:
834 878 903 905 vitio
928 881 1034 910 vertat,

213 919 291 954 quod
309 928 365 947 non
383 920 495 953 doceat,
516 929 608 956 neque
620 922 762 956 producat
777 931 810 950 ea
821 931 883 957 qua:
900 923 1038 957 prodesse

214 964 336 998 possint,
350 964 374 992 is
391 966 552 1000 perpendat
564 966 731 994 universam
751 975 850 994 rerum
868 966 1036 994 mortalium

214 1008 440 1042 ordinationem,
472 1018 528 1037 non
558 1010 654 1038 solum
670 1010 699 1038 in
729 1011 806 1038 882
822 1011 1036 1047 spiritualibus,

213 1060 314 1079 verum
332 1053 420 1080 etiam
436 1053 465 1080 in
482 1054 772 1090 iuferioribns,atque
787 1056 822 1082 ad
844 1055 932 1082 vitam
949 1055 1038 1091 perti-

215 1097 355 1124 nentibus
371 1098 511 1133 negotiis;
525 1099 746 1135 consideretque
760 1107 823 1127 eam
838 1100 973 1134 vim,quas
984 1107 1037 1135 gu-

216 1141 317 1168 bernat
328 1142 758 1175 universa,brutisanimalibus
774 1144 889 1171 facilem
897 1145 932 1171 ad
947 1145 1037 1171 vitam

214 1185 354 1213 tuendam
370 1187 552 1215 occasionem
579 1188 730 1220 tribuisse,
758 1188 932 1216 alimentum
962 1188 1037 1216 ultro

214 1230 574 1265 praebensmperimeutum
586 1235 689 1267 sponte
703 1235 854 1268 agnatum,
875 1241 890 1260 θ
905 1232 973 1268 pilis
988 1235 1039 1260 aut

215 1273 264 1309 plu
271 1274 325 1301 mis
337 1274 509 1303 indumenta
522 1285 528 1303 ι
539 1276 689 1304 hominem
701 1282 798 1304 autem
814 1277 983 1311 solum,nud
989 1286 1038 1304 um

215 1319 400 1353 producens;
418 1320 559 1347 rationem
572 1321 704 1348 omnium
721 1321 839 1349 illorum
864 1321 926 1349 vice
946 1322 1036 1356 dedit,

216 1370 268 1397 per
282 1371 369 1398 quam
386 1366 463 1391 artes
479 1367 598 1400 repertae
614 1368 693 1400 sunt,
710 1365 818 1400 quibus
833 1366 882 1393 illa
896 1366 952 1394 sibi
965 1375 1038 1401 sup-

215 1407 335 1441 peditet,
362 1409 441 1443 puta,
458 1408 663 1443 architectura,
681 1410 815 1443 textoris,
846 1410 1036 1446 agricultura,

216 1451 317 1478 aeraria
333 1451 452 1485 fabrica;
467 1453 706 1488 quandoquidem
723 1454 798 1490 quod
825 1455 924 1482 deerat
938 1463 1038 1491 corpo-

215 1494 341 1527 ribus,ld
357 1496 476 1524 animus
483 1505 533 1531 per
544 1498 666 1525 rationis
676 1499 789 1533 copiam
799 1499 1036 1534 supplet.0uem-

217 1539 376 1567 admodum
394 1540 483 1575 igitur
494 1542 589 1577 opifex
601 1545 699 1570 noster
711 1543 739 1570 in
756 1543 802 1571 his
814 1545 1035 1573 commoditates
1049 1536 1071 1570 (ἶ

216 1584 279 1611 vitea
295 1584 381 1611 nobis
396 1584 472 1612 haud
490 1586 634 1619 invidens,
646 1587 744 1615 omnia
756 1596 814 1615 una
828 1588 981 1616 nobiscum
999 1590 1036 1617 si-

218 1628 326 1655 militer
340 1629 434 1656 brutis
450 1630 570 1664 produci
587 1639 620 1658 ac
637 1633 781 1666 procreari
798 1641 856 1660 non
882 1634 1035 1668 permisit;

217 1673 267 1699 sed
283 1672 361 1700 velut
376 1673 485 1708 ingenii
501 1675 669 1702 exercitium
686 1684 783 1703 rerum
804 1678 1036 1705 necessariarum

217 1717 346 1752 inopiam
363 1717 448 1745 nobis
464 1719 655 1755 excogitavit;
673 1720 773 1747 itidem
790 1724 818 1748 et
832 1721 862 1748 in
878 1722 1038 1757 Scripturis

216 1762 284 1788 data
299 1769 386 1796 opera
416 1762 507 1789 voluit
539 1771 604 1791 esse
628 1764 836 1792 obscuritatem
864 1766 900 1792 ad
930 1766 1038 1794 mentis

216 1808 322 1832 nostra
338 1806 507 1840 utilitatem,
535 1808 591 1835 vim
622 1809 715 1843 ipsius
731 1817 764 1836 ao
791 1809 931 1837 virtutem
961 1811 1037 1838 exci-

216 1853 293 1877 tans.
310 1851 441 1878 Primum
455 1851 587 1887 quidem,
600 1855 632 1880 ut
648 1852 694 1880 his
709 1856 862 1888 occupata,
880 1862 897 1881 a
911 1855 1037 1882 deterio-

218 1894 298 1921 ribus
314 1897 460 1923 avocetur.
489 1895 599 1923 Dcinde
628 1897 705 1932 quod
733 1905 796 1932 quas
827 1897 926 1926 labore
955 1902 1039 1934 parta

218 1941 298 1972 sunt,
313 1947 356 1972 ea,
370 1940 466 1966 nescio
482 1947 539 1974 quo
555 1943 648 1976 pacto,
666 1941 761 1977 magis
789 1944 937 1976 amantur,
959 1951 1038 1979 qua:-

219 1991 276 2018 que
291 1982 377 2018 longo
400 1986 530 2019 tempore
559 1985 745 2020 contingunt.
773 1987 958 2014 constantius
974 1996 1038 2023 per-

219 2029 440 2056 manent.Porro
457 2037 520 2063 quas
535 2029 618 2057 facile
635 2030 835 2065 parantur,his
846 2040 903 2059 non
920 2033 1039 2067 perinde

219 2071 301 2099 avide
317 2071 452 2100 fruimur.
471 2073 636 2109 Negligitur
663 2074 741 2102 enim
767 2082 865 2103 rerum
887 2076 1039 2104 obviarum

219 2115 311 2151 copia.
327 2124 422 2152 neque
439 2116 500 2144 ulla
515 2118 648 2145 custodia
659 2118 764 2154 dignas
781 2119 925 2155 ducit,qui
942 2121 1040 2156 possi-

219 2160 277 2186 det.
294 2160 475 2196 Quapropter
489 2163 518 2188 et
531 2162 714 2189 somniorum
727 2163 853 2191 obscura
865 2166 894 2190 et
909 2165 1040 2194 involuta

1125 480 1152 506 6.
1181 479 1242 506 Ἐὰν
1268 478 1314 506 οὖν
1328 478 1516 516 ὀργιζόμενον,
1531 478 1549 513 ἢ
1566 477 1746 514 λυπούμενον,
1762 478 1780 511 ὴ
1799 486 1916 513 μεταμε-

1091 521 1216 558 λόμενον,
1247 524 1264 558 ἢ
1296 524 1334 559 μή
1364 526 1421 550 κατ’
1450 523 1522 558 ἀξίαν
1544 523 1597 549 τινὶ
1614 522 1759 560 χρώμενον
1778 522 1796 555 ἡ
1822 521 1916 558 Γραφή

1090 566 1175 603 λὲγιι,
1194 570 1282 602 ζητεῖν
1312 568 1445 604 προσήκει
1471 567 1502 594 τὸ
1530 570 1580 601 τῆς
1596 566 1694 602 λέξεως
1717 564 1859 603 βούλημα,
1873 564 1916 591 καὶ

1092 614 1235 649 μιριμνᾷν,
1273 611 1333 639 τίνα
1369 611 1470 649 τρόπον
1499 612 1718 645 ἀποκαταστῆσαι
1745 608 1915 645 δυνηθῶμεν

1090 655 1155 694 οὐχί
1171 655 1200 683 δὲ
1215 656 1370 693 ἀνατρέπειν
1386 656 1432 687 τὰς
1450 653 1611 693 ἀξιολόγους
1635 655 1695 691 περὶ
1717 656 1784 681 Θεοῦ
1811 652 1918 688 ὑπολή-

1090 701 1159 736 ψεις.
1176 700 1224 727 Καὶ
1248 700 1333 731 οὕτως
1356 700 1537 737 ἀπροσκόπως
1567 699 1741 735 ἐντευξόμεθα
1769 700 1828 728 ταῖς
1853 700 1919 734 Γρα-

1091 747 1163 782 φαῖς,
1180 744 1232 771 ἀπὸ
1247 744 1293 780 μὲν
1316 747 1369 771 τῶν
1387 743 1530 779 εὖλήπτων
1557 743 1758 782 ὠφελούμενοι,
1774 741 1804 769 ἐκ
1819 741 1849 769 δὲ
1863 743 1915 769 τῶν

1092 789 1277 827 ἁσοιφεστὲρων
1305 788 1336 816 οὐ
1364 785 1636 826 παραϐλαπτόμενοι.
1665 787 1726 816 Ἐὰν
1755 786 1783 814 δὲ
1804 797 1847 818 τις
1874 785 1917 823 ἔγ·

1091 831 1163 869 καλῇ
1178 834 1212 865 τῆ
1229 833 1286 868 Θείᾳ
1300 835 1405 870 Γραφῇ,
1422 833 1459 864 ὡς
1479 834 1510 860 ού
1535 831 1714 868 διδασκαλικῇ
1731 830 1794 859 οὐδὲ
1809 830 1917 868 ἰνεργη-

1091 879 1154 913 τικῇ
1192 879 1245 904 τῶν
1282 877 1445 916 ὠφελεῖσθαι
1481 875 1660 913 δυναμένων,
1690 875 1916 912 καταμανθανὲτω

1092 924 1177 949 πᾶσαν
1190 922 1239 956 τήν
1253 924 1305 949 τῶν
1323 922 1498 958 ἀνθρωπίνων
1522 921 1714 957 διακόσμησιν,
1731 920 1781 947 οὐκ
1805 919 1831 947 ἐν
1858 922 1914 950 τοῖς

1092 969 1284 1002 πνευματικοῖς
1312 967 1404 1003 μόνον,
1419 966 1549 994 ἀλλὰκαὶ
1574 965 1599 993 ἐν
1626 968 1684 996 τοῖς
1713 963 1916 1001 ὑποδεεστέροις

1092 1010 1136 1038 καὶ
1152 1014 1209 1042 τοῖς
1233 1012 1300 1038 κατὰ
1311 1012 1355 1039 τὸν
1375 1011 1433 1049 βίον
1449 1014 1615 1049 πράγμασιν
1632 1011 1673 1038 ὅτι
1698 1013 1757 1041 τοῖς
1783 1009 1831 1046 μὶν
1849 1009 1916 1037 ἁλό-

1091 1065 1150 1092 γοις
1167 1054 1279 1084 εὔκολον
1305 1054 1391 1083 ἔδωκε
1413 1057 1462 1090 τὴν
1489 1056 1555 1094 πρὸς
1570 1056 1601 1083 τὸ
1617 1055 1663 1092 ζῇν
1688 1055 1826 1092 ἀφορμήνσ
1856 1063 1917 1091 τρο-

1093 1100 1142 1138 φὰς
1178 1100 1357 1137 αὐτομάτους,
1385 1101 1429 1128 καὶ
1459 1100 1559 1135 σκέπην
1596 1099 1727 1138 αύτοφυᾶ·
1755 1098 1797 1126 καὶ
1827 1098 1862 1125 τὰ
1889 1097 1917 1125 ἐκ

1091 1147 1195 1182 τριχῶν
1212 1145 1256 1172 καὶ
1278 1147 1384 1182 πτερῶν
1407 1143 1542 1181 ἃνδύματο
1570 1145 1587 1179 ἡ
1615 1144 1649 1171 τὰ
1677 1143 1819 1179 σύμπαντα
1840 1142 1917 1169 οἱκοο

1091 1191 1214 1225 νομοῦσα
1242 1188 1355 1226 δύναμις
1385 1189 1539 1227 ἐχαρίσατο’
1569 1188 1615 1216 τὸν
1644 1187 1673 1215 δὶ
1701 1186 1844 1224 ἄνθρωπον
1870 1197 1917 1223 γυ-

1094 1233 1159 1270 μνὸν
1189 1234 1392 1271 παραγαγούσα,
1420 1233 1502 1271 λόγον
1527 1231 1624 1260 ἔδωκεν
1655 1232 1713 1259 ἀντὶ
1732 1232 1852 1265 πάντων,
1883 1229 1916 1257 δι’

1093 1276 1124 1304 οὗ
1151 1276 1178 1305 αἵ
1205 1289 1234 1306 τε
1263 1280 1318 1315 (54)
1334 1278 1489 1316 ποριστικαὶ
1506 1278 1666 1312 συνέστησαν
1690 1276 1794 1314 τέχναι,
1812 1274 1916 1302 οἷκοδο-

1095 1322 1174 1358 μικὴ,
1206 1322 1347 1360 ὑφαντικὴ,
1375 1322 1505 1360 γεωργίαι
1536 1321 1715 1359 χαλκευτικήθ
1739 1320 1771 1348 τὸ
1785 1322 1845 1350 τοῖς
1861 1320 1917 1346 σώ-

1095 1377 1173 1403 μασιν
1197 1365 1284 1394 ἐνδέον
1310 1366 1521 1403 ἃναπληρούσης
1549 1367 1598 1398 τῆς
1614 1367 1710 1402 ψυχῆσ
1732 1366 1766 1401 τῇ
1781 1363 1915 1400 παρουσίᾳ

1091 1413 1140 1438 τοῦ
1156 1410 1249 1449 λόγου,
1277 1412 1378 1449 Ὥσπερ
1403 1410 1448 1438 οὗν
1469 1410 1495 1437 ἰν
1515 1409 1633 1445 τούτοις,
1664 1409 1731 1447 οὐχὶ
1761 1407 1912 1446 βασκαίνων

1092 1456 1159 1492 ἡμῖν
1181 1455 1249 1493 πρὸς
1273 1456 1304 1483 τὸ
1329 1457 1376 1492 ζῇν
1392 1455 1536 1493 ἀφορμῶν,
1561 1454 1759 1491 παραπλησίως
1773 1455 1832 1483 τοῖς
1849 1451 1914 1479 ἀλό-

1092 1511 1153 1538 γοις
1168 1501 1430 1538 συναπογιννηθῆναι
1454 1500 1540 1526 πάντα
1564 1499 1577 1526 ὁ
1602 1497 1769 1535 δημιουργός
1783 1498 1864 1534 ἡμῶν
1882 1496 1913 1523 οὗ

1090 1544 1288 1582 συνεχώρησεν,
1313 1543 1385 1572 ἀλλὰ
1407 1544 1457 1578 τὴν
1482 1541 1585 1571 ἔνδειαν
1607 1545 1661 1570 τῶν
1684 1541 1845 1580 ἀναγκαίων,
1869 1552 1914 1578 γυ-

1094 1590 1204 1626 μνάσιον
1228 1591 1296 1625 ἡμῖν
1321 1592 1371 1624 τῆς
1397 1587 1514 1618 διανοίας
1537 1587 1749 1625 ἐμηχανήσατο’
1773 1585 1844 1613 οὕτω
1869 1584 1912 1613 καὶ

1091 1635 1140 1668 τὴν
1164 1634 1190 1661 ὲν
1214 1636 1273 1664 ταῖς
1299 1635 1417 1672 Γραφαῖς
1443 1632 1570 1668 ἀσάφειαν
1596 1631 1637 1659 ἐπ’
1663 1630 1782 1670 ὠφελείᾳ
1793 1632 1842 1658 τοῦ
1867 1631 1913 1657 νοῦ

1093 1677 1233 1716 διεγείρων
1263 1677 1345 1705 αὐτοῦ
1373 1679 1422 1712 τὴν
1449 1677 1601 1715 ἐνέργειαν,
1631 1674 1800 1711 ἐπετήδευσε.
1831 1675 1913 1712 Πρῶ-

1091 1733 1137 1749 τον
1165 1723 1223 1758 μὶν,
1244 1721 1288 1749 ’ίνα
1315 1721 1423 1754 τούτοις
1452 1720 1688 1759 ινασχολούμινοσ
1715 1722 1768 1747 τῶν
1780 1719 1915 1757 χειρόνων

1092 1765 1262 1805 ἁφέλκηται·
1290 1765 1384 1793 ἔπειτα
1413 1766 1454 1793 δτι
1480 1766 1515 1793 τὰ
1541 1765 1618 1801 πόνῳ
1650 1763 1782 1800 κτηθέντα
1809 1761 1916 1800 μᾶλλόν

1092 1821 1151 1841 πως
1179 1811 1338 1848 ἀγαπᾶται,
1365 1811 1408 1838 καὶ
1438 1811 1471 1837 τὰ
1495 1808 1540 1837 διὰ
1570 1811 1675 1847 μακροῦ
1703 1808 1805 1846 χρόνου
1831 1817 1916 1845 προσ-

1093 1865 1227 1892 γενομενα
1257 1854 1445 1892 μονιμώτερον
1473 1853 1642 1892 παραμένει·
1672 1853 1709 1880 ὧν
1736 1852 1765 1880 δὲ
1794 1851 1873 1890 ῥᾳδία
1898 1853 1916 1885 ἡ

1093 1903 1198 1934 κτῆσις,
1227 1899 1258 1926 οὐ
1287 1897 1519 1937 περισπούδαστος
1547 1899 1564 1933 ἡ
1595 1896 1765 1927 ἁπολαυσις.
1795 1896 1915 1924 Εὖκατα-

1094 1954 1228 1982 φρονητος
1241 1944 1293 1981 γὰρ
1308 1944 1392 1978 ἡτῶν
1415 1942 1572 1981 προχείρων
1602 1941 1745 1979 παρουσία,
1769 1941 1814 1968 καὶ
1839 1939 1918 1968 οὐδε-

1096 1991 1160 2025 μιᾶς
1181 1987 1304 2026 φυλακῆς
1320 1986 1465 2024 ἀξιουμένη
1491 1989 1550 2018 τοῖς
1570 1985 1676 2024 ἓχουσι.
1703 1985 1751 2012 Διὰ
1764 1987 1846 2012 τοῦτο
1873 1983 1918 2011 καὶ

1093 2033 1110 2067 ἠ
1135 2035 1188 2060 τῶν
1212 2032 1321 2070 ὀνείρων
1339 2032 1417 2071 φύσις
1442 2032 1547 2070 ἀσαφὴς
1577 2030 1622 2058 καὶ
1646 2029 1752 2067 πλαγία
1767 2051 1775 2064 ,
1809 2028 1854 2056 καὶ
1888 2027 1918 2055 ού

1097 2079 1194 2114 μικρᾶς
1215 2075 1330 2113 διομὲνη
1346 2080 1396 2111 τῆς
1413 2075 1442 2103 ἰκ
1455 2078 1504 2103 τοῦ
1518 2077 1565 2102 νοῦ
1581 2074 1746 2112 ἐντρεχείαςθ
1761 2073 1806 2101 καὶ
1822 2071 1918 2106 πολλὴ

1095 2120 1235 2159 συγγένεια
1262 2121 1329 2157 πρὸς
1347 2121 1381 2148 τὰ
1410 2120 1440 2148 ἐκ
1468 2122 1521 2147 τῶν
1552 2118 1663 2157 ὀνείρων
1688 2117 1834 2156 αἰνίγματα
1860 2119 1921 2148 τοῖς

1095 2167 1163 2193 κατὰ
1177 2165 1318 2203 ὶπίκρυψιν
1345 2165 1371 2193 tv
1385 2167 1419 2202 τῇ
1435 2166 1529 2203 Γραφῇ
1555 2163 1747 2200 δηλουμένοις.
1771 2163 1849 2191 *Οθεν
1874 2161 1919 2188 καὶ

220 2205 265 2231 est
273 2204 402 2238 ratio,ita
408 2207 439 2232 ut
450 2213 507 2232 non
517 2206 693 2233 mediocrem
701 2207 849 2234 desideret
855 2207 945 2236 animi
956 2217 1040 2245 saga-

1096 2211 1195 2248 Ἰωσήφ
1221 2210 1265 2237 καὶ
1296 2208 1399 2244 Δανιὴλ
1433 2211 1474 2245 τῷ
1508 2209 1671 2247 προφητικῷ
1709 2206 1860 2245 χαρίσματι
1887 2205 1921 2233 τὰ

220 2247 349 2281 citatam,
363 2248 532 2285 habentque
545 2250 761 2278 insomniorum
777 2251 936 2288 a‘nigmata
947 2253 1039 2289 pluri-

220 2300 301 2320 mum
313 2293 466 2321 afﬁnitatis
478 2301 545 2321 cum
558 2294 594 2321 iis
609 2303 672 2330 quis
685 2295 714 2322 in
725 2295 1039 2334 Scripturaallegorico

218 2339 246 2363 ct
260 2344 460 2365 arcanosensu
474 2338 774 2374 significantur.Unde
784 2340 928 2377 etJoseph
944 2345 972 2370 et
984 2343 1039 2371 Da-

219 2381 275 2408 niel
291 2389 342 2416 per
357 2382 515 2418 prophetiae
544 2383 654 2410 donum
666 2384 792 2411 'somnia
819 2385 1039 2422 diguoscebant,

218 2426 456 2461 quandoquidem
472 2427 536 2462 ipsa
552 2435 603 2463 per
617 2436 648 2455 se
664 2428 851 2464 cogitationis
863 2431 907 2458 vis
918 2439 975 2459 non
991 2441 1038 2460 sa-

217 2469 255 2497 tis
270 2469 347 2497 valet
361 2471 397 2498 ad
413 2471 474 2498 veri
490 2471 675 2508 indaginem.
697 2473 827 2509 Denique
843 2475 956 2503 accedit
982 2476 1039 2504 huc

216 2514 292 2549 quod
309 2514 372 2542 vitae
390 2524 506 2552 quoque
522 2517 635 2552 purilas
648 2518 818 2553 requiritur,
831 2521 863 2546 ut
879 2520 914 2547 ad
932 2529 1039 2548 navan-

217 2559 285 2586 dam
300 2560 401 2587 virtuti
413 2560 515 2588 morali
525 2562 686 2597 operam,id
699 2564 775 2598 quod
787 2563 815 2590 in
823 2564 981 2599 Scripturis
992 2566 1040 2593 ob-

215 2603 349 2632 volutum
356 2605 807 2643 est,dignoscamus.Bequiritur
815 2610 913 2636 autem
924 2612 1035 2645 praeter.

252 2686 275 2704 η
291 2686 400 2715 Jerem.
414 2696 446 2723 ιι,
463 2688 505 2716 12.

326 2767 368 2808 I_ta
382 2768 462 2806 Regii
487 2769 601 2808 primus
627 2770 795 2808 attentius.
819 2770 912 2808 Deest
929 2769 985 2798 ἐστι
1010 2772 1040 2800 in

218 2801 315 2830 editis.
329 2803 399 2840 Reg.
416 2801 577 2841 ἡοιιὶιιίιιε,
593 2805 666 2832 τοῦτ’
682 2803 737 2833 ἔστι
752 2805 801 2840 τὴν
817 2804 900 2834 θείαν.

1096 2254 1219 2292 ὀνείρατα
1249 2253 1434 2292 διεγίνωσκον,
1465 2252 1558 2287 ἐπειδὴ
1586 2252 1635 2280 οὐκ
1664 2252 1781 2288 αύεάρκη
1802 2251 1836 2277 τὰ
1865 2252 1918 2278 τῶν

1094 2299 1204 2327 ἐννοιῶν
1234 2299 1302 2336 πρὸς
1316 2299 1365 2333 τὴν
1381 2299 1464 2336 Θήραν
1478 2299 1527 2332 τῆς
1547 2296 1687 2332 άΛηθείας.
1704 2296 1773 2333 Πρὸς
1789 2294 1823 2329 δὴ
1838 2297 1919 2322 τοῦτο

1095 2344 1176 2381 χρεία
1194 2345 1244 2378 τῆς
1271 2343 1298 2370 ἓν
1320 2345 1359 2378 τῷ
1386 2342 1438 2380 βίῳ
1462 2343 1661 2379 καθαρότητος,
1683 2340 1752 2367 ὥστε
1776 2340 1822 2367 καὶ
1849 2339 1919 2376 πρὸς

1094 2389 1143 2422 τὴν
1159 2391 1209 2422 τῆς
1233 2388 1331 2422 ἠθικῆς
1354 2387 1450 2423 ἀρετῆς
1478 2384 1649 2421 ἐπιτήδευσιν
1675 2385 1706 2412 τὸ
1721 2385 1747 2411 ιν
1775 2385 1829 2420 (55)
1857 2385 1918 2413 ταῖς

1094 2435 1214 2471 Γραφαῖς
1237 2431 1444 2468 κικαλυμμὶνον
1473 2430 1681 2469 διαγνωσθῆναι.
1705 2428 1789 2466 Χρεία
1809 2427 1838 2455 δδ
1850 2428 1919 2465 πρὸς

1094 2479 1128 2514 τῇ
1153 2470 1318 2514 καθαρότητι
1342 2477 1391 2502 τοῦ
1409 2476 1469 2512 βιου
1483 2475 1527 2502 καὶ
1542 2478 1592 2510 τῆς
1607 2474 1634 2501 ἓν
1649 2476 1710 2504 ταῖς
1724 2474 1842 2511 Γραφαῖς
1860 2470 1920 2499 δια-

1093 2518 1202 2558 τριϐῆς,
1224 2519 1270 2547 ἵνα
1299 2520 1329 2547 τὸ
1357 2519 1540 2556 σεμνοπρεπὲς
1564 2519 1609 2546 καὶ
1627 2518 1756 2555 μυστικὸν
1768 2519 1821 2543 τῶν
1839 2516 1918 2548 θείων

1094 2564 1196 2603 λογίων
1213 2565 1242 2592 ὶκ
1262 2567 1312 2599 τῆς
1337 2566 1469 2602 συνεχοῦς
1485 2563 1602 2600 μελέτης
1618 2562 1758 2598 δντυπωθῇ
1771 2563 1806 2598 τῇ
1822 2559 1916 2598 ψύχῇ.

1094 2611 1153 2636 Ὅτι
1171 2607 1200 2636 δὲ
1214 2608 1274 2646 βίου
1287 2607 1355 2636 ὅλου
1364 2607 1448 2636 δεῖται
1459 2609 1476 2643 ὴ
1489 2610 1542 2636 τῶν
1554 2607 1632 2635 θείων
1644 2606 1735 2644 λόγων
1745 2604 1923 2642 μελετηβυν-

1132 2772 1189 2810 (ξι)
1201 2769 1291 2810 sise.
1307 2771 1401 2810 rem.
1417 2770 1486 2810 αἵγε,
1497 2771 1577 2810 Em-

1132 2772 1176 2808 (54
1202 2772 1238 2799 Αἵ
1252 2781 1291 2806 τε,
1307 2772 1401 2800 Forte.
1417 2772 1486 2810 αἵγε,
1497 2772 1577 2800 Enn.

1132 2772 1190 2845 (55;
1201 2807 1289 2845 Edlti,
1305 2805 1360 2838 ἰπί.
1375 2810 1413 2836 At
1425 2816 1498 2837 mss.
1509 2809 1582 2843 tros,
1597 2804 1635 2834 ἐν.
