2018 3146
102 178 152 208 129

457 176 660 207 ΟΟΜΜΕΝΤ.
683 177 723 207 ΙΝ
745 177 880 208 ISAIAM
904 178 910 207 l

967 177 1157 209 )PHETAM.
1183 178 1422 211 PROCEMIUM.

1731 182 1789 213 130

102 242 194 277 ίστησιν
209 242 264 277 (56)
281 241 294 269 ὃ
309 241 446 272 Μωϋσέως
463 240 536 278 βίος·
553 241 583 272 ὃς
611 241 655 268 ἰπὶ
682 241 730 278 μὶν
813 243 909 279 πρώτῃ

967 244 1030 271 vita
1045 244 1202 280 puritatem
1224 245 1343 272 assidua
1357 245 1387 272 in
1403 245 1559 282 Scripturis
1575 248 1790 282 exercitatio;ut

99 284 390 324 τεσσαρακονταετηρίδι
419 284 565 320 ἐπαιδεύθη
587 285 628 319 1τὰ
663 286 838 323 Αἰγυπτίων,
868 285 911 313 ἐπὶ

101 330 127 359 δὲ
150 333 183 368 τῇ
212 330 321 368 δευτέρᾳ
352 329 656 368 ⁵ιέσιταροικονταετηρίδι
698 329 741 358 ἐπὶ
780 330 913 369 προφάσει

100 378 143 403 τοῦ
165 375 313 411 ποιμαίνειν
346 374 389 402 ἐπὶ
422 374 470 405 τὰς
505 373 621 411 ἐρημίας
650 374 852 412 ἀναχωρήσας,
877 376 911 411 τῇ

101 420 191 456 θεωρίᾳ
203 422 256 447 τῶν
273 417 356 446 ὅντων
373 418 555 456 ἀπεσχόλασε.
572 419 623 447 Καὶ
653 418 723 446 οὕτω
752 417 848 446 λοιπὸν
861 422 911 453 τῆς

101 467 143 492 τοῦ
169 466 232 491 Θεοῦ
260 463 415 502 ἐπιφανείας
442 463 565 498 ἀξιωθεὶς
597 463 663 499 μετὰ
699 464 748 497 τήν
788 462 910 500 δευτέραν

101 506 407 546 τεσσαρακονταετηρίὸα,
432 505 514 542 ἅκῳν,
547 507 598 534 ὑπὸ
627 510 679 542 τῆς
705 507 911 544 φιλανθρωπίας

100 556 143 581 τοῦ
156 555 226 588 Θεοῦ,
243 552 310 589 πρὸς
337 553 386 586 τὴν
411 553 465 579 τῶν
491 552 640 588 ἀνθρώπων
666 551 823 588 ἐπιμέλειαν
848 562 911 579 κατ-

101 596 206 635 ηνίχθη.
221 597 269 624 Καὶ
287 595 349 623 οὔδε
376 595 437 624 τότε
459 594 591 630 διηνεκῶς
617 598 657 632 τῷ
678 599 819 633 πρακτικῷ
843 606 911 632 παρ-

101 643 168 678 ίμενι
195 641 264 679 βίῳ,
282 639 355 668 διλλᾶ
382 640 427 668 καὶ
456 641 524 678 πρὸς
553 641 599 668 τὸν
629 639 774 668 ἐποπτικὸν
800 640 911 677 ἐπανῄει

99 685 233 716 πολλάκις.
249 685 326 712 Ὅθεν
342 684 386 712 καὶ
408 684 447 716 εἰς
468 685 518 718 τὴν
543 683 728 722 Αἵγυπτιακὴν
755 683 910 720 είδωλομα-

98 730 149 758 νίιν
163 729 211 757 ὅλα
227 729 369 767 ὑπηνέχθη
385 730 444 764 (57)
458 729 491 756 τὰ
512 728 619 764 πλήθη,
632 729 672 765 τῷ
697 731 756 765 Θιῷ
785 725 910 760 συνόντος

97 776 139 802 τοῦ
152 774 223 811 ἁγίου
238 772 336 811 ἀνδρὸς
351 773 378 800 ἂν
392 775 433 809 τῷ
449 770 519 809 ὄρει.

969 289 1107 322 maiestas
1114 291 1201 324 atque
1210 297 1347 316 arcanum
1359 289 1523 317 divinorum
1535 291 1716 326 eloquiorum
1727 301 1790 328 per-

968 335 1054 368 petua
1069 333 1258 360 meditatione
1274 333 1371 361 animo
1388 335 1739 369 imprimaturﬂzeterum,
1752 338 1788 365 ad

968 376 1134 404 divinorum
1149 378 1304 405 verborum
1320 379 1569 411 exercitationem.
1586 381 1678 408 totam
1698 382 1788 409 vitam

967 420 1095 455 impendi
1113 424 1245 456 oportere
1260 422 1365 457 Moysis
1382 422 1440 449 vita
1455 423 1650 451 demonstrat:
1662 425 1711 459 qui
1728 425 1791 461 qui-

967 466 1032 492 dem
1050 466 1153 500 primis
1172 466 1367 502 quadraginta
1377 468 1462 494 annis
1474 468 1614 503 Egyptiis
1625 469 1790 504 disciplinis

967 509 1121 537 institutus
1136 513 1180 537 est
1192 519 1199 543 ;
1211 509 1311 538 alteris
1325 513 1418 538 autem
1431 512 1516 538 annis
1525 512 1720 548 quadraginta
1735 514 1789 542 hoc

966 556 1103 589 praetextu
1119 557 1262 589 tanquam
1280 557 1417 588 pasturus
1430 556 1541 586 oves.in
1551 556 1725 585 solitudines
1741 566 1789 586 se-

966 599 1184 631 cedens,rerum
1201 599 1441 633 contemplationi
1454 608 1570 635 operam
1587 601 1677 628 dedit.
1695 603 1789 637 Atque

965 642 1005 669 ita
1022 642 1158 678 deinceps
1174 646 1239 678 post
1255 642 1308 670 hos
1330 643 1527 678 quadraginta
1546 653 1640 672 annos
1671 646 1718 672 Dei
1744 646 1788 672 vi-

967 687 1048 714 sione
1060 687 1167 723 dignus
1182 687 1312 721 habitus,
1328 687 1449 720 invitus;
1466 696 1517 723 per
1535 689 1583 715 Dei
1609 689 1636 715 in
1654 689 1789 718 homines

966 731 1110 764 studium,
1127 732 1162 758 ad
1174 731 1326 758 hominum
1340 739 1440 759 curam
1451 732 1788 768 descendit.Quauquam

966 783 1002 802 ne
1018 777 1081 802 tum
1097 775 1216 811 quidem
1232 775 1350 803 assidue
1365 776 1393 802 in
1417 775 1554 811 negotiali
1580 776 1639 804 vita
1655 785 1789 812 perseve-

99 820 270 854 ravit,vernm
285 818 413 846 subinde
433 819 470 846 ad
492 818 750 854 oontemplativam
766 819 977 846 revertebatur.
995 819 1076 847 Unde
1092 822 1120 847 et
1136 820 1170 846 ad
1189 820 1321 856 Egyptia
1341 828 1406 847 cum
1424 820 1570 848 idolorum
1593 821 1705 849 cultum
1722 822 1788 850 uni-

99 871 172 892 versa
186 864 306 891 inducta
329 865 374 891 est
393 862 562 897 multitudo,
590 862 652 890 viro
680 862 730 890 illo
756 865 858 891 sanato
881 863 910 891 in
932 866 1030 891 monte
1045 872 1111 891 cum
1130 864 1186 891 Deo
1202 864 1395 900 colloquente.

129 910 153 936 7.
168 909 296 937 Τοιοῦτος
314 906 342 934 δε
356 917 397 938 τις
412 906 457 934 καὶ
472 907 486 934 ὁ
503 906 610 940 Ἠλίας,
625 907 671 934 τὸν
685 908 739 934 τῶν
760 906 909 943 ἀνθρώπων
925 910 949 942 Β

102 950 177 990 ὄχλον
193 950 411 988 ἀποδιδράσκων,
427 951 473 978 καὶ
495 951 557 988 περὶ
581 951 628 982 τὰς
653 950 767 988 ἐρημίας
787 950 911 990 φιλοχω-

102 999 157 1035 ρῶν.
179 997 209 1025 El
237 996 331 1024 τοίνυν
361 999 421 1027 τοῖς
444 995 531 1033 ἁγίοις
558 997 624 1032 μετὰ
645 997 734 1031 πάσης
759 996 910 1028 εὐσταθείας

100 1043 140 1068 τοῦ
161 1043 323 1078 ἡγεμονικοῦ
349 1040 472 1068 ἐπονεῖτο
502 1044 550 1075 τῆς
579 1040 709 1076 ἀληθείας
738 1042 755 1076 ἡ
786 1041 909 1077 ζήτησις,

99 1088 149 1117 πῶς
164 1085 208 1112 οὐκ
223 1084 325 1123 ἄλογον
338 1085 401 1116 τοὺς
426 1084 548 1122 καρποὺς
572 1087 627 1112 τῶν
652 1085 757 1123 μυρίων
781 1084 908 1121 καμάτων

100 1130 152 1157 ἄνευ
172 1129 241 1160 τινὸς
271 1129 461 1166 πραγματείας
491 1129 647 1164 ἐπιζητεῖνς
674 1130 757 1167 Τήρει
786 1129 836 1166 γὰρ
865 1129 910 1156 καὶ

98 1173 190 1208 Ἠλίαν,
207 1174 267 1212 μεφ’
282 1174 349 1204 ὅσας
365 1173 554 1211 ἀναχωρήσεις
583 1174 627 1201 καὶ
649 1174 766 1211 ἡσυχίας
789 1174 834 1200 καὶ
862 1183 909 1201 κα-

99 1218 187 1254 μάτους
202 1217 267 1246 ἰδεῖν
283 1218 350 1245 Θεὸν
365 1217 469 1253 ἠξιώθη
571 1217 708 1248 Ὑπόθεσις
722 1220 771 1245 τοῦ
788 1215 909 1256 βιϐλίου,

97 1263 226 1300 ἡφανερὰ,
243 1263 287 1290 καὶ
305 1262 416 1289 αὐτόθεν
432 1261 538 1298 ληπτή.
556 1261 667 1297 Ἐπειδὴ
697 1263 765 1290 κατὰ
793 1262 910 1300 χρόνους

96 1306 193 1344 γέγονεν
217 1307 231 1334 ὑ
255 1308 416 1345 προφήτης,
438 1305 464 1334 ἐν
488 1308 529 1338 οἷς
555 1306 715 1334 ἐπλεόνασεν
729 1308 747 1342 ἡ
771 1306 862 1343 κακία,
877 1306 911 1334 τὰ

100 1352 187 1389 μεγέθη
213 1354 267 1379 τῶν
292 1350 484 1387 ἀποκειμένων
520 1350 612 1382 αὐτοῖς
646 1353 736 1379 κακῶν
761 1350 909 1388 διηγεῖται,

98 1397 135 1423 καὶ
159 1397 205 1430 τήν
231 1395 322 1424 αἰτίαν
347 1399 396 1430 τῆς
423 1395 507 1433 ὀργῆς
531 1398 580 1423 τοῦ
606 1399 673 1424 Θεοῦ
697 1395 912 1433 προτάσσει,’ίνα

99 1439 132 1470 εἷς
147 1441 282 1476 μετάνοιαν
306 1439 404 1471 αὐτοὺς
423 1439 553 1477 ἐναγάγῃ.
581 1442 693 1478 Πρῶτον
719 1440 766 1476 μὲν
797 1438 911 1478 ἄρχεται

99 1486 146 1511 τῶν
170 1485 234 1512 κατὰ
261 1488 315 1519 τῆς
344 1483 474 1515 Ἰουδαίας
502 1483 611 1521 λόγων·
641 1482 747 1519 ἐπειδὴ,
772 1485 841 1511 κατὰ
865 1484 912 1511 τὸν

100 1528 198 1565 Πέτρον,
212 1529 242 1558 Ὀ
265 1528 422 1566 καιρὸςῆν
444 1530 493 1555 τοῦ
514 1527 640 1565 ἄρξασθαι
671 1529 702 1555 τὸ
739 1531 826 1565 κρῖμα
859 1528 911 1555 ἀπὸ

97 1574 137 1598 τοῦ
163 1571 237 1600 οἴκου
266 1575 321 1600 τοῦ
347 1574 433 1600 Θεοῦ·
463 1574 582 1611 φυσικῶς
610 1572 660 1610 γὰρ
689 1575 748 1602 τοῖς
776 1572 907 1599 οἰκειοτά-

96 1626 145 1647 τοις
166 1617 281 1654 μάλιστα
307 1616 523 1654 χαλεπαίνομεν,
539 1617 603 1644 ὅταν
631 1616 669 1647 εἷς
695 1617 768 1653 ἡμᾶς
793 1616 908 1654 ἐξαμαρ-

96 1661 194 1690 τάνωσι.
222 1662 273 1691 Καὶ
304 1661 332 1688 ἐν
365 1663 405 1697 τῷ
436 1660 580 1695 Ἰεζεκιήλ,
605 1661 619 1688 ὁ
645 1661 742 1698 Κύριος
772 1661 911 1698 προστάσ-

97 1715 142 1732 σων
161 1707 216 1743 (59)
242 1705 408 1740 κολάζεσθαι
436 1706 500 1736 τοὺς
527 1705 732 1742 ἡμαρτηκότας.
761 1706 829 1732 Ἀπὸ
854 1706 908 1732 τῶν

96 1749 167 1786 ἁγίων
196 1760 247 1786 μου
267 1749 394 1786 ἅρξασθε,
409 1748 486 1788 φησί.
504 1749 552 1776 Διὰ
570 1751 653 1776 τοῦτο
677 1749 730 1776 ἀπὸ
753 1752 803 1784 τῆς
832 1748 909 1777 ἐκλε-

96 1797 154 1828 κτῆς
172 1797 217 1822 τοῦ
232 1797 301 1822 Θεοῦ
321 1795 415 1832 χώρας
438 1792 552 1831 ἤρξατο,
569 1794 613 1821 καὶ
641 1794 694 1821 ἀπὸ
721 1798 771 1829 τῆς
801 1794 909 1825 πόλεως

95 1836 116 1864 ἐν
181 1839 211 1866 τὸ
238 1839 427 1876 ἀγιαστήριον,
457 1838 636 1876 ἀπαγγέλλων
674 1838 708 1866 τὰ
743 1838 908 1874 ἐπικείμενα,

96 1880 205 1919 δεύτερον
231 1881 406 1917 Βαϐυλῶνος,
425 1883 482 1910 εἶτα
499 1884 548 1917 τῆς
579 1880 765 1917 Μωαϐίτιδος,
780 1883 836 1910 εἶτα
859 1887 909 1910 Δα-

96 1929 200 1961 μασκοῦ,
223 1929 351 1963 πέμπτον
381 1926 531 1965 Αἴγύπτου,
561 1928 617 1954 εἶτα
639 1929 688 1962 τῆς
713 1927 830 1964 ἆρήμου,
855 1928 910 1954 εἶτα

93 1970 313 2008 τῆςῚόουμαίας,
334 1971 391 1998 εἶτα
418 1974 469 2006 τῆς
496 1970 630 2010 φάραγγος
661 1971 744 2005 Σιὼν,
775 1972 830 1999 εἶτα
857 1971 908 1998 Τύ-

95 2023 147 2051 ρου,
162 2016 214 2044 εἶτα
237 2018 296 2044 τῶν
321 2014 505 2053 τετραπόδων.
527 2015 638 2054 Ἐφεξῆς
664 2015 774 2046 τούτοις
803 2015 858 2042 ἐστὶ
877 2015 909 2043 τὰ

95 2059 148 2096 περὶ
160 2060 189 2087 τὸ
203 2058 494 2098 τεσσαρεσκαιδίκατον
520 2058 579 2091 ἔτος
605 2061 657 2092 τῆς
679 2058 819 2097 βασιλείας
835 2060 909 2094 Ἑζε-

95 2103 148 2130 κίου
161 2105 328 2142 γεγενημίνα
340 2114 346 2119 ·
365 2104 424 2140 μεθ’
439 2103 455 2131 ἃ
475 2105 639 2143 προφητιῖαί
664 2104 728 2132 εἰσιν
755 2103 816 2131 ἄνευ
835 2104 909 2135 τινὸς

95 2151 244 2186 προγραφῆς
260 2150 328 2186 (60),
345 2149 418 2183 πάθη
433 2149 485 2183 τῆς
503 2147 686 2186 Ἰερουσαλὴμ
706 2149 750 2176 καὶ
776 2150 825 2182 τῆς
840 2151 908 2176 Ἰου-

96 2189 163 2224 δαίας
181 2191 433 2231 προαγγέλλουσαι,
454 2193 498 2220 καὶ
523 2193 557 2220 τὰ
577 2192 639 2230 περὶ
662 2195 718 2220 τῶν
741 2192 767 2220 ἐν
791 2193 825 2230 τῇ
850 2191 910 2221 δια-

97 2239 183 2273 σπορᾷ,
200 2238 243 2264 καὶ
270 2237 333 2275 περί
355 2240 405 2272 τῆς
430 2237 533 2264 τούτων
557 2235 700 2272 ἐπανόδου,
727 2237 794 2273 μετὰ
814 2237 845 2265 τὸ
866 2237 908 2264 ἐκ-

97 2278 268 2318 πληρωθῆναι
281 2282 333 2316 τὴν
350 2280 437 2318 δίκην,
453 2281 498 2309 καὶ
513 2281 546 2308 τὰ
560 2281 622 2319 περὶ
637 2283 756 2319 Χριστοῦ
775 2282 847 2319 πάσῃ
872 2284 907 2319 τῇ
923 2275 946 2307 D

96 2325 238 2362 προφητείᾳ
264 2325 465 2363 ὶνεσπαρμίνα·
481 2325 594 2353 ἑκάστου
621 2328 676 2353 τῶν
704 2327 765 2358 καθ’
788 2326 907 2363 ἱστορίαν

96 2366 262 2406 λεγομένων,
292 2369 338 2397 καὶ
377 2369 424 2397 τοῦ
463 2372 595 2406 μυστικοῦ
633 2370 906 2409 συγκαταπεπλεγμὲ-

95 2422 141 2440 νων
158 2415 222 2451 (61).

128 2499 169 2527 ⁸⁸1
183 2502 259 2528 Petr.
275 2509 315 2534 ιν,
332 2500 376 2528 17.
391 2500 414 2519 ⁶¹
431 2499 532 2528 Ezech.
549 2508 588 2535 1x,
604 2501 632 2528 6.

101 2584 260 2657 ιπξῦἰζὲὶξξ.
278 2586 434 2621 secundus,
451 2584 596 2613 δείκνυσιν.
614 2586 725 2614 [bidem
749 2588 809 2614 tres
825 2594 910 2620 mss.,

131 2656 185 2689 (57)
201 2658 270 2693 Reg.
289 2657 435 2693 secundus
453 2656 576 2693 ὑπήχθη.
595 2657 748 2692 Aliquanto
766 2659 832 2692 post
842 2657 910 2692 Reg.

101 2691 353 2748 secundpsfroivov
367 2691 430 2722 τοὺς
445 2691 627 2730 ἁγίους.Εάἱῆ
644 2691 672 2721 et
687 2694 744 2721 duo
760 2691 808 2720 alii
826 2691 911 2728 mss},

101 2734 152 2748 τοιρ
166 2737 198 2748 ην
212 2738 253 2748 nn-

287 2764 443 2799 secundus,
458 2764 627 2799 κατηξιώθη.
646 2764 756 2791 Ibidem
773 2764 850 2791 idem
863 2763 914 2790 Co-

103 2796 160 2838 ClPx,
178 2796 222 2827 V'H
241 2796 425 2838 ὑπόθεσις-τοῦ
443 2796 552 2838 βιϐλίου
579 2796 691 2838 φανερά,
721 2799 912 2838 rectius._Alii

104 2832 155 2861 duo
169 2842 238 2863 mss.
251 2843 319 2864 eum
333 2835 417 2864 editis
432 2832 465 2864 ut
493 2836 524 2864 in
553 2832 699 2864 co'nteitu.
722 2835 825 2864 Statim
841 2835 911 2872 Reg.

999 909 1025 935 7.
1043 908 1218 944 Hujusmodi
1234 909 1288 936 fuit
1299 911 1327 936 et
1351 909 1438 942 Elias,
1456 909 1610 938 hominum
1627 911 1787 940 tumultum

966 953 1092 988 fugiens.
1109 957 1135 981 et
1161 953 1190 980 in
1218 953 1343 981 desertis
1359 954 1468 982 versari
1485 955 1629 990 gaudens.
1654 957 1747 988 Quare
1763 956 1789 984 si

965 998 1058 1025 sancti
1071 1005 1137 1025 cum
1155 998 1234 1025 omni
1250 997 1341 1025 animi
1357 1000 1570 1032 conslantia,ad
1588 1000 1789 1035 vestigandam

963 1041 1114 1069 veritatem
1131 1041 1319 1070 elaborarunt
1335 1050 1342 1076 ;
1357 1051 1393 1070 an
1407 1051 1463 1070 non
1476 1044 1638 1071 absurdum
1649 1047 1694 1072 est
1705 1045 1790 1072 innu-

965 1085 1150 1113 merabilium
1168 1086 1301 1114 laborum
1314 1087 1425 1114 fructus
1435 1087 1515 1114 nullo
1528 1088 1643 1124 negotio
1655 1088 1728 1116 velle
1740 1097 1787 1116 ac-

965 1130 1100 1165 quirere?
1115 1131 1225 1158 Etenim
1242 1131 1335 1158 Eliam
1348 1131 1424 1159 883
1441 1132 1571 1163 observa,
1581 1134 1645 1167 post
1662 1135 1788 1168 quantos

965 1177 1221 1209 secessus,quanta
1229 1175 1428 1210 otia,quantos
1436 1176 1733 1210 sudores,promeruit
1747 1177 1787 1204 vi-

965 1219 1032 1246 dere
1049 1219 1152 1246 Deum.
1169 1221 1381 1254 Argumentum
1406 1220 1495 1255 hujus
1516 1220 1583 1247 libri
1594 1222 1683 1256 patet,
1700 1223 1788 1257 atque
1803 1247 1807 1250 .

965 1271 1000 1290 ex
1014 1263 1114 1298 seipse
1126 1263 1439 1299 percipitur.Quoniam
1453 1264 1639 1300 prophetaiis
1649 1265 1787 1300 tempori-

965 1307 1021 1335 bus
1035 1307 1269 1342 vivebat,quibus
1286 1308 1578 1344 exsuperabantvitia
1591 1318 1596 1337 :
1611 1310 1789 1344 magnitudi-

966 1360 1032 1379 nem
1051 1352 1196 1379 malorum
1213 1360 1275 1387 quae
1288 1352 1355 1380 illos
1367 1355 1530 1383 manerent.
1553 1353 1681 1388 exponit,
1696 1362 1729 1381 ac
1744 1354 1788 1380 di-

965 1396 1040 1423 vinae
1060 1396 1108 1423 ira:
1132 1404 1251 1424 causam
1281 1397 1424 1432 proponit,
1456 1400 1489 1424 ut
1516 1405 1565 1424 eos
1590 1400 1724 1432 provocet
1751 1398 1786 1425 ad

966 1441 1179 1476 pmnitentiam.
1196 1441 1352 1468 Exorditur
1368 1443 1464 1468 autem
1482 1441 1609 1476 primum
1627 1441 1714 1469 abhis
1724 1450 1787 1469 ser-

966 1484 1113 1519 monibus,
1131 1485 1180 1520 qui
1196 1485 1230 1511 ad
1246 1485 1376 1512 Judmam
1394 1485 1587 1519 pertinebant.
1602 1486 1788 1521 Quandoqui-

967 1529 1139 1563 dem,juxta
1155 1529 1283 1560 Petrum.
1302 1530 1415 1564 Tempus
1425 1531 1484 1556 erat
1508 1533 1538 1556 ut
1561 1530 1694 1564 inciperet
1708 1529 1786 1563 iudi-

967 1573 1039 1600 cium
1051 1581 1067 1599 α
1082 1572 1160 1600 domo
1177 1573 1224 1599 Dei
1237 1573 1267 1598 ⁵ο.
1285 1572 1356 1599 Nam
1374 1576 1479 1600 natura
1507 1574 1543 1601 iis
1572 1574 1708 1608 maxime,
1736 1574 1786 1610 qui

964 1617 1117 1645 nobiscum
1137 1617 1353 1644 necessitudine
1369 1620 1438 1645 sunt
1453 1618 1612 1654 conjuncti,
1629 1627 1785 1646 succense-

966 1670 1043 1695 mus,
1059 1662 1177 1698 quando
1193 1662 1221 1688 in
1239 1670 1292 1689 nos
1308 1663 1497 1696 peccaverint.
1518 1663 1552 1690 Et
1579 1663 1610 1690 in
1638 1663 1787 1691 Ezechiele

967 1706 1108 1734 Dominus
1118 1707 1227 1741 jubens
1247 1707 1350 1742 punire
1365 1707 1415 1742 qui
1431 1707 1624 1742 deliquerant,
1641 1708 1661 1734 Α
1675 1708 1785 1741 sanctis,

965 1750 1141 1785 inquit,meis
1155 1751 1270 1785 incipite
1284 1750 1389 1778 “.1deo
1406 1751 1441 1777 ab
1453 1751 1515 1778 loco
1534 1752 1588 1778 Deo
1605 1751 1717 1778 delecto
1729 1759 1786 1778 coa-

965 1794 1018 1829 pit,
1034 1799 1120 1830 alque
1144 1794 1180 1822 ab
1193 1802 1227 1822 ea
1237 1794 1353 1822 civitate
1377 1794 1405 1821 in
1422 1803 1479 1830 qua
1500 1795 1700 1822 sanctuarium
1712 1800 1785 1828 erat,

964 1837 1291 1874 denuntiansquzeipsis
1307 1838 1628 1873 impenderentﬁeinde
1643 1839 1678 1866 de
1694 1839 1788 1875 Baby-

964 1885 1040 1915 lone,
1057 1885 1158 1918 postea
1183 1883 1219 1910 de
1248 1882 1415 1912 Moabitide.
1445 1883 1550 1910 deinde
1570 1883 1605 1910 de
1633 1883 1787 1915 Damasco,

965 1927 1066 1962 quinto
1082 1927 1143 1954 loco
1159 1927 1194 1954 de
1202 1929 1336 1962 Egypto,
1352 1927 1457 1954 deinde
1482 1927 1517 1954 de
1541 1927 1667 1958 deserto,
1681 1927 1787 1956 deinde

964 1971 1000 1998 de
1011 1971 1146 2005 ldumaaa,
1163 1971 1268 1998 deinde
1280 1971 1315 1998 de
1330 1970 1403 1998 valle
1428 1971 1508 2003 Sion,
1525 1971 1630 1998 deinde
1651 1972 1685 1999 de
1703 1972 1787 2007 Tyre,

965 2015 1069 2042 deinde
1085 2016 1119 2042 de
1135 2015 1386 2050 quadrupedibus.
1411 2017 1470 2043 Sub
1499 2015 1560 2042 haec
1590 2019 1734 2051 sequntur
1756 2025 1790 2044 ea

965 2067 1030 2095 quae
1044 2059 1212 2086 acciderunt
1228 2067 1303 2086 anno
1315 2059 1426 2086 decimo
1436 2062 1539 2095 quarto
1552 2061 1631 2095 regni
1648 2060 1785 2092 Ezechias;

965 2106 1031 2139 post
1041 2112 1102 2139 quae
1118 2103 1276 2138 prophetiae
1286 2104 1475 2139 suntabsque
1484 2103 1543 2130 ullo
1557 2103 1641 2130 titulo
1650 2112 1787 2139 praenun-

964 2148 1070 2176 tiantes
1087 2147 1163 2175 mala
1175 2147 1368 2178 Hierusalem.
1384 2150 1413 2175 et
1427 2148 1533 2175 Judaaw
1548 2157 1553 2175 :
1574 2148 1643 2175 item
1671 2157 1718 2176 res
1738 2157 1787 2175 eo-

965 2201 1030 2220 rum
1047 2193 1097 2227 qui
1109 2194 1209 2220 essent
1220 2192 1249 2219 in
1265 2191 1458 2227 dispersione,
1474 2194 1502 2219 ct
1513 2193 1548 2219 de
1563 2200 1664 2220 eorum
1681 2193 1787 2226 reditu,

965 2239 1157 2273 posteaquam
1169 2236 1281 2272 expleta
1297 2238 1374 2263 esset
1390 2236 1532 2263 vindicta:
1551 2237 1619 2264 item
1644 2245 1707 2272 quos
1724 2245 1788 2272 spe-

962 2283 1043 2309 ctant
1055 2281 1089 2308 ad
1106 2280 1265 2313 Christum,
1279 2280 1309 2307 in
1322 2281 1400 2307 omni
1417 2281 1569 2316 prophetia
1582 2281 1725 2317 inspersa.
1741 2282 1788 2309 Ni-

964 2326 1069 2354 mirum
1077 2325 1308 2360 unumquodque
1321 2326 1493 2360 quodjuxta
1504 2326 1656 2353 historiam
1669 2327 1790 2361 dicitur,

963 2374 991 2398 el;
1001 2371 1029 2397 id
1046 2370 1123 2406 quod
1142 2370 1295 2405 mysticum
1308 2377 1429 2397 sensum
1442 2369 1628 2402 habet,inter
1643 2379 1674 2398 se
1682 2378 1790 2398 conne-

963 2416 1094 2443 ctuntur.

967 2585 1126 2615 secundus.
1142 2582 1169 2610 ἐν
1186 2584 1227 2614 οἷς
1243 2582 1414 2619 ἐπλεόναξεν.

1011 2622 1057 2654 59)
1074 2621 1116 2648 ita
1131 2628 1204 2648 mss.
1220 2622 1291 2647 tres.
1308 2621 1393 2653 Editi,
1406 2620 1578 2656 προτάσσων.

1013 2657 1058 2692 60)
1072 2657 1142 2692 Reg.
1157 2657 1317 2692 secundus,
1344 2659 1462 2692 γραφῆς.
1494 2659 1552 2684 Hoc
1576 2657 1641 2691 ipso
1670 2655 1699 2682 in
1724 2655 1788 2682 loco

967 2692 1042 2720 idem
1051 2689 1159 2724 Isodex,
1177 2689 1246 2718 Ἰδου
1252 2691 1334 2727 μαίας
1349 2689 1465 2728 προαγγ.

1002 2728 1058 2763 (61)
1075 2728 1117 2755 Ita
1136 2728 1217 2762 Regii
1232 2724 1345 2763 primus
1361 2724 1390 2754 et
1405 2724 1518 2754 tertius.
1532 2724 1664 2763 Editi,xai
1681 2727 1720 2763 τῷ
1737 2735 1788 2761 μυ-

968 2761 1050 2798 στίκῴ
1062 2761 1386 2801 συγκαταπεπλεγμὲνων.
1404 2764 1471 2796 Reg.
1488 2761 1646 2794 secundus,
1668 2761 1711 2787 καὶ
1727 2763 1786 2789 τοῦ.

969 2796 1106 2835 μυστικοῖ
1115 2796 1435 2835 συγκαταπεπλεγμὲνου.
