2018 3146
226 149 284 179 135

691 149 893 180 ΛΡΡΕΝΒῙΧ
915 148 1079 179 OPERUM
1102 148 1136 178 S.
1158 147 1302 179 BASILII
1325 148 1462 179 MAGNI.

1869 149 1922 180 I36

260 215 302 242 10.
319 215 349 242 1η
364 214 459 242 diebus
487 214 559 242 Oziae
572 216 600 242 et
626 215 751 242 Joatham
769 219 794 242 et
817 214 907 242 Achaz
930 216 957 242 et
979 214 1036 242 Eu-

1139 213 1181 241 10.
1210 213 1254 241 Ἐν
1282 213 1398 249 ἡμέραις
1426 213 1516 248 Ὀζίου
1543 212 1588 240 καὶ
1622 211 1740 250 Ἰωάθαμ
1770 213 1816 241 καὶ
1840 213 1924 251 ’Δχᾶζ

223 259 303 287 Chiae.
314 259 442 294 Tempus
454 260 605 286 observare
618 267 735 287 necesse
747 259 812 292 fuit,
824 261 1044 294 utcompertum

223 306 310 336 esset.
327 307 394 331 ante
410 307 553 338 quantum
569 304 709 338 temporis
724 304 860 339 praedicta
876 306 941 338 post
956 311 1045 338 quan-

223 351 286 375 tum
302 348 442 383 temporis
465 348 624 380 evenerint,
649 351 677 375 et
703 348 779 383 quod
797 348 845 375 Dei
863 347 1045 383 providentia

223 392 317 427 magis
337 392 504 419 exuberavit
532 395 595 419 tum
627 400 692 419 cum
722 392 890 419 exuberavit
912 392 1042 419 morbus.

223 437 341 463 Plurimi
358 437 434 464 enim
458 437 558 464 eodem
588 438 645 463 l‘ere
672 440 802 471 tempore
826 437 904 463 inter
929 444 960 462 se
975 444 1043 463 con-

222 485 393 508 currerunt:
410 481 481 508 Oeee
497 481 524 508 in
542 481 646 508 diebus
662 481 734 507 Ozias
751 483 779 507 et
800 480 828 506 in
845 480 949 507 diebus
963 480 1043 507 Jero-

219 525 304 553 beam
320 534 326 553 :
343 525 475 552 Michaeas
491 525 519 552 in
536 525 641 552 diebus
656 524 791 552 Joatham
817 527 844 551 ct
860 524 974 551 Acbaz:
990 527 1041 551 So-

220 569 345 605 phonias
361 570 388 596 in
405 570 508 597 diebus
524 569 610 596 Josiaa
627 568 677 595 Iilii
694 572 793 596 Amos.
811 569 846 595 At
862 568 1041 604 reliquorum

219 614 353 641 nonnulli
379 614 495 649 quidem
522 613 740 649 prophetiarum
766 621 885 640 suarum
908 615 1042 648 tempore.

218 658 339 686 minime
355 659 562 693 assignarunt:
586 658 634 685 alii
654 665 720 685 vero
745 658 938 684 Barbarorum
953 657 1041 684 aduo-

216 705 317 730 tarunt
331 710 431 738 regna,
450 705 481 729 ut
496 711 560 737 quae
571 703 670 729 essent
681 701 775 737 magis
788 705 866 735 nota,
881 701 958 736 quod
971 707 1040 728 tunc

217 755 315 774 rerum
332 746 504 781 potirentur.
518 749 636 782 Aggzeus
652 748 680 774 et
694 745 858 778 Zacharias,
873 745 1040 780 Abdiasque

216 794 244 819 et
254 791 380 825 Nahum,
398 791 569 823 Ambacum,
580 791 668 818 Jonas
678 793 706 817 et
717 789 873 818 Maiacbias
885 789 920 816 de
932 792 1039 823 tempo-

216 835 298 863 ribus
311 835 487 862 mentionem
503 843 559 862 non
573 835 683 862 fecere:
697 835 754 861 imo
766 834 864 869 plures
876 842 911 861 ne
922 838 1037 868 patrum

215 880 335 915 quidem
352 880 521 907 meminere.
543 879 577 906 Et
594 880 716 906 fortasse
736 878 788 912 illi,
805 881 905 913 utpote
921 886 954 905 ex
970 877 1036 904 illu-

214 924 325 952 stribus
342 923 473 958 patribus
485 923 612 955 oriundi,
625 926 759 958 poterant
774 931 838 950 esse
849 923 1035 958 acceptiores.

213 968 265 1001 Qui
283 968 359 995 enim
377 968 522 1003 sanguine
538 970 608 995 sunt
622 967 770 1000 clariores,
792 967 809 994 ii
827 967 967 1002 majorem
984 966 1036 993 im-

212 1015 328 1048 petrant
345 1013 429 1039 [idem
445 1020 450 1039 :
471 1013 521 1047 qui
536 1020 602 1039 vero
618 1020 651 1039 ex
666 1012 800 1039 obscuris
815 1014 844 1038 et
859 1011 1035 1045 ignobilibus

210 1057 380 1092 parentibus
406 1059 489 1083 erant
510 1057 581 1090 nati,
607 1055 794 1091 praetermissi
821 1055 938 1082 silentio
955 1058 1032 1082 sunt.

210 1102 296 1128 Amos
313 1103 410 1128 tamen
427 1101 485 1133 ille,
509 1101 559 1136 qui
581 1101 657 1128 inter
680 1100 834 1128 duodecim
851 1102 1032 1133 numeratur,

211 1153 397 1180 nequaquam
410 1145 491 1172 Isaiae
504 1148 584 1180 pater
595 1147 649 1172 est.
662 1145 761 1180 Neque
775 1144 851 1172 enim
865 1144 1033 1179 pronuntia-

211 1190 248 1217 tio
265 1190 366 1217 eadem
382 1192 437 1222 est,
463 1197 558 1224 neque
573 1190 672 1216 eadem
699 1189 778 1216 notio
795 1189 862 1216 huic
887 1188 949 1216 voei
965 1188 1033 1216 sub-

205 1233 281 1268 jecta
297 1236 352 1261 est.
369 1233 444 1261 Illud
460 1234 538 1261 enim
550 1233 683 1261 densiore
697 1233 801 1268 spiritu
814 1232 1030 1268 pronuntiatur,

208 1278 263 1305 hoc
279 1278 414 1305 tenuiori.
441 1277 513 1310 Quin
531 1278 619 1305 etiam
645 1278 759 1305 diversa
783 1280 828 1305 est
848 1277 1029 1311 signiﬁcatio.

207 1325 314 1349 Nomen
331 1323 408 1349 enim
423 1322 516 1358 patris
529 1321 608 1349 Isaiae
620 1324 648 1349 et
656 1321 735 1349 vocis
745 1321 907 1356 proprietas
921 1321 1031 1348 indicat

206 1367 439 1401 ﬁrmamentum,
465 1367 602 1393 virtutem
625 1369 654 1393 et
681 1366 901 1393 fortitudinem:
919 1368 948 1392 at
963 1373 1029 1392 vero

207 1411 353 1446 propheta;
379 1419 483 1438 nomen
509 1418 674 1437 sermonem
700 1410 807 1437 durum
829 1412 924 1438 sonat.
941 1412 1028 1437 Porro

206 1455 359 1490 prophetia
374 1455 453 1482 Ossae
471 1455 544 1482 Isaia
562 1455 679 1482 videtur
702 1462 767 1482 esse
783 1454 948 1489 antiquior;
967 1462 1028 1489 pro-

206 1501 304 1534 pterea
319 1500 393 1533 quod
410 1499 520 1526 dictum
536 1501 599 1526 est:
625 1500 802 1534 Principium
827 1499 903 1526 verbi
918 1499 1029 1526 Domini

204 1543 360 1570 (111030977.
391 1543 548 1570 Sciendum
578 1543 696 1578 quidem
727 1546 771 1570 est
788 1544 863 1571 hunc
890 1544 1025 1571 eumdem

204 1587 302 1614 Oziam
318 1587 429 1614 dictum
457 1588 546 1614 fuisse
570 1590 597 1614 et
611 1587 754 1614 Azariam.
785 1588 816 1615 In
837 1587 932 1623 priore
947 1588 1024 1616 enim

204 1630 443 1666 Paralipomenon
462 1630 534 1658 libro
550 1631 633 1658 Ozias
652 1633 696 1658 est
711 1631 827 1664 dictus;
852 1631 880 1657 in
897 1632 1025 1658 secundo

203 1679 299 1702 autem
316 1677 494 1710 Regnorum,
514 1675 641 1707 Azarias,
657 1683 691 1703 ex
712 1675 814 1702 eodem
830 1677 928 1702 tamen
945 1678 1026 1711 patre

201 1722 230 1746 et
247 1722 348 1747 matre.
366 1718 512 1746 Nimirum
535 1719 599 1754 ejus
616 1722 708 1746 mater
732 1722 795 1747 erat
809 1718 928 1752 Chalia;
946 1722 1026 1753 pater

201 1766 299 1791 autem
315 1764 459 1791 Amazias.
472 1764 601 1798 Tempus
613 1763 701 1790 etiam
719 1764 798 1798 regni
808 1766 853 1791 est
863 1763 1024 1796 idcm,anni

201 1807 415 1843 quinquaginta
431 1808 499 1839 duo,
528 1807 743 1842 Prophetarunt
767 1810 865 1834 autem
890 1808 944 1835 sub
960 1808 1025 1836 Ozia

200 1852 301 1887 Isaias,
318 1853 389 1879 Osee
404 1854 432 1878 et
448 1855 545 1879 Amos.
560 1852 614 1878 Sed
632 1851 702 1886 quia
717 1851 831 1885 legitur,
851 1852 1023 1887 Principium

200 1897 276 1923 verbi
287 1897 397 1924 Domini
407 1896 441 1923 ad
454 1898 530 1928 Osee,
545 1904 615 1923 num
628 1895 741 1931 primus
752 1895 902 1923 vaticinari
915 1896 1023 1932 coepit?

195 1942 229 1967 Et
245 1940 316 1975 quia
331 1941 419 1967 Amos
429 1943 495 1967 ante
505 1940 579 1967 duos
589 1948 683 1967 annos
695 1943 779 1967 terras
790 1942 887 1967 motus
901 1941 1022 1976 prophe-

196 1984 267 2011 tavit
279 1993 285 2017 ;
295 1984 438 2020 numquid
451 1985 627 2012 vaticinatus
640 1987 685 2011 est
697 1986 762 2012 ante
774 1984 914 2012 visionem
929 1985 1021 2020 Isaiae,

195 2027 224 2055 in
242 2036 299 2064 qua
315 2028 355 2055 ait
370 2037 376 2056 :
394 2029 425 2056 Et
439 2029 575 2056 eleuatum
590 2031 629 2055 ex!
642 2029 861 2064 superliminare
872 2029 916 2056 ".7

233 2093 254 2110 ’¹⁷
269 2094 335 2121 Oss.
352 2101 372 2127 1,
390 2094 415 2121 1.
453 2093 475 2110 ⁷⁵
491 2095 546 2121 Isa.
561 2101 601 2126 vr,
617 2093 662 2120 64.

233 2155 288 2188 (77)
305 2155 349 2182 Sic
364 2157 487 2190 uterque
497 2155 630 2190 pombef.
653 2157 688 2183 At
703 2156 732 2182 in
758 2155 844 2183 editis
859 2157 885 2182 et
902 2156 931 2183 in
948 2156 1020 2184 duo-

196 2190 252 2217 bus
267 2199 337 2217 mss.
356 2199 406 2225 pro
421 2187 565 2227 Ἰὲροϐοάμ
593 2191 700 2226 legitur
714 2189 837 2222 Ἰωάθαν.
864 2191 1019 2227 Aliquanto

197 2229 270 2270 post,
280 2234 383 2253 rursus
399 2226 526 2261 quatuor
549 2235 634 2261 mss.,
659 2227 719 2253 οἱοῦ
736 2226 838 2261 Ἀμώς.
857 2226 943 2260 Editi,
960 2227 1019 2254 υἱοῦ

205 2261 302 2289 Αμών.

236 2297 293 2338 (78_)_
308 2296 394 2338 Edinti,
418 2294 588 2338 :A§6ta5_
609 2298 645 2324 At
661 2306 732 2338 mea.
760 2300 896 2338 qustpor,
910 2295 1018 2329 Ἀϐδίας

194 2329 331 2370 τε.’Λ1ἰβι’
344 2333 487 2370 _Combef.,
513 2329 620 2360 Ἀϐὃίου
643 2342 680 2361 τε,
706 2329 809 2361 Statim
827 2329 896 2370 Reg.
914 2343 1019 2362 secun-

196 2369 261 2401 dus,
279 2367 327 2394 οὐκ
343 2367 560 2404 ἐπεμνήσθησαν.

232 2404 286 2439 (79)
304 2402 397 2436 Εᾶίιί,’
416 2403 446 2430 οὐ
473 2403 528 2439 μὴν
554 2402 626 2431 οὐδὲ.
651 2404 738 2432 Deest
760 2402 824 2431 οὐδέ
849 2405 878 2432 in
895 2408 1020 2441 quatuor

196 2448 271 2466 mss.

219 2474 288 2519 ,(80)
303 2475 351 2537 ῗ-ἰο
366 2477 488 2511 uterque
512 2475 640 2503 Combef.
665 2477 693 2503 et
719 2475 768 2503 alii
784 2476 852 2504 duo.
869 2476 955 2510 Editi,
971 2485 1018 2502 κα-

219 2520 237 2537 ι.
257 2519 304 2537 1⁸Βῦ
321 2519 378 2537 1118.

193 2520 237 2538 τα.
257 2519 378 2538 τθοιιυε.

230 2531 544 2588 (διίδνίίοῖιεᾳουηρμε,
561 2545 597 2588 ἐν-
610 2546 671 2588 μὲν.
697 2546 752 2574 Ubi
767 2547 1020 2588 notandumque

194 2582 324 2610 citantur
339 2591 354 2610 θ
371 2582 464 2618 primo
479 2582 554 2610 libro
579 2582 833 2618 Paralipomenon,
851 2582 972 2617 reperiri
989 2582 1018 2609 in

194 2619 323 2654 secundo
338 2627 414 2650 xxvr,
432 2619 457 2645 1.
475 2619 558 2651 Item,
574 2626 637 2653 quas
653 2619 781 2645 citantur
797 2626 812 2645 e
828 2618 901 2644 libro
917 2625 1021 2654 secun-

194 2653 234 2680 do
249 2655 427 2689 Regnorum.
443 2663 477 2681 ea
493 2654 548 2688 legi
566 2654 595 2680 in
612 2657 715 2689 quarto
737 2661 795 2685 xw,
815 2653 860 2679 21.
877 2653 1018 2680 Combeﬁ-

194 2690 257 2716 sius
273 2698 324 2724 pro
355 2699 388 2717 ea
403 2698 462 2724 qua
478 2689 617 2724 Basilium
643 2689 756 2716 colebat
772 2689 967 2724 observantia,
984 2697 1019 2716 ne

193 2723 350 2762 tanto’viro
375 2723 486 2752 tantum
515 2723 824 2762 scalpap-qvpovtxbv
848 2724 1018 2762 ascriberet,

194 2760 331 2788 librarios
347 2769 421 2788 unos
435 2762 499 2796 ejus
515 2759 622 2788 erroris
639 2759 800 2787 incusavit:
818 2760 867 2787 sed
884 2768 1018 2824 sgmcum

194 2795 266 2824 satis
282 2797 320 2824 sit
339 2804 482 2824 errorum.
507 2803 633 2824 auorum
658 2804 716 2823 non
745 2795 891 2823 immerito
919 2796 1018 2824 ibrarii

194 2795 266 2824 satis
282 2797 320 2824 sit
339 2804 482 2830 errorum,
507 2803 633 2832 quorum
658 2804 716 2823 non
745 2795 891 2823 immerito
906 2795 1019 2824 librarii

1100 257 1144 284 καὶ
1174 257 1313 291 Ἐζεκίου.
1344 258 1375 286 Ἦ
1403 259 1458 285 τῶν
1488 257 1594 295 χρόνων
1624 258 1815 296 παρατήρησις
1843 258 1922 295 ἀναγ-

1099 301 1172 338 καία,
1201 301 1245 329 ἳνα
1276 303 1359 341 φανῇ,
1388 303 1421 329 τὰ
1447 303 1500 340 πρὸ
1515 303 1601 330 πόσου
1622 302 1725 340 χρόνου
1740 302 1922 340 προῤῥηθέντα

1101 357 1167 382 μιτα
1182 346 1265 373 πόσον
1294 346 1392 384 χρόνον
1407 347 1557 381 ἀπήντησε,
1579 347 1622 373 καὶ
1640 347 1693 382 ὃτι,
1710 345 1753 373 ὅτε
1765 345 1921 374 ἃπλεόνασεν

1104 391 1120 424 ἠ
1147 390 1280 425 ἀσθένεια,
1304 390 1554 428 ὑπερεπερίσσευσεν
1579 392 1596 425 ἡ
1612 391 1685 428 παρὰ
1704 393 1752 418 τοΰ
1776 393 1844 418 Θεοῦ
1866 390 1920 418 ἐπι-

1100 434 1205 471 μέλεια.
1228 433 1332 472 Σχεδὸν
1348 435 1399 472 γὰρ
1421 435 1446 462 οἱ
1462 434 1587 462 πλεῖστοι
1603 434 1769 472 συνέδραμον
1784 434 1919 470 ἀλλήλοις

1097 480 1165 506 κατὰ
1188 479 1231 507 τὸν
1258 479 1370 517 χρόνον.
1404 480 1483 514 ’Θσηέ
1505 479 1530 506 ἐν
1556 479 1670 517 ἡμέραις
1695 479 1798 513 Ὀζίου,
1823 479 1869 506 καὶ
1895 479 1918 506 ἐν

1096 524 1213 561 ἡμέραις
1236 521 1378 561 Ἰεροϐοάμ
1402 526 1469 560 (77).
1502 525 1626 561 Μιχαίας
1651 524 1676 551 ἐν
1704 524 1821 560 ἡμέραις
1846 524 1919 551 Ἰωά-

1097 573 1153 604 θαμ
1175 568 1219 595 καὶ
1253 568 1348 605 Ἀχάζ·
1382 570 1516 607 Σοφονίας
1542 568 1568 595 ἐν
1590 567 1706 605 ἡμέραις
1732 567 1840 596 Ἰωσίου
1865 568 1920 595 υἱοῦ

1096 612 1199 651 ξΑμῶς.
1224 614 1282 639 Τῶν
1307 610 1336 639 δὲ
1357 611 1463 639 λοιπῶν
1489 613 1517 638 οἱ
1544 612 1590 648 μὶν
1618 611 1744 650 ἁχρόνως
1767 612 1917 649 ἀνέγραψαν

1094 656 1141 687 τὰς
1165 656 1342 694 προφητείας,
1367 657 1393 683 οὶ
1419 655 1447 684 δὲ
1461 657 1509 688 τὰς
1526 659 1579 684 τῶν
1600 653 1744 694 βαρϐάρων
1772 655 1918 694 βασιλείας,

1095 700 1132 732 ὡς
1162 701 1375 739 γνωριμωτέρας
1405 699 1449 728 διὰ
1475 701 1506 728 τὸ
1535 703 1642 738 κρατεῖν
1666 702 1826 735 τηνικαῦτα,
1856 711 1920 737 παρ-

1095 746 1277 781 εσημήναντο.
1308 746 1432 784 Ἀγγαῖος
1457 745 1501 773 καὶ
1526 745 1674 783 Ζαχαρίας,
1692 743 1801 776 Ἀεδίας
1820 756 1850 773 τε
1864 747 1918 782 (78)

1093 790 1137 816 καὶ
1162 789 1268 826 Ναοὺμ,
1297 790 1341 818 καὶ
1372 787 1552 826 Ἀμϐακοὺμ,
1584 791 1675 821 Ἰωνᾶς
1698 791 1743 817 καὶ
1770 789 1914 828 Μαλαχίας

1092 836 1145 861 τῶν
1169 834 1277 872 χρόνων
1305 834 1354 862 οὐκ
1377 833 1561 870 ἐμνήσθησαν,
1589 833 1652 861 ἀλΛ’
1668 832 1731 862 οὐδὲ
1755 835 1781 861 οἱ
1803 834 1915 866 πλείους

1093 878 1226 916 πατέρων,
1264 880 1313 905 Καὶ
1341 879 1413 916 τάχα
1441 880 1466 906 οἱ
1492 879 1539 915 μὲν
1571 878 1595 915 ἒξ
1625 879 1767 915 ἐπισήμων
1794 879 1915 915 πατέρων

1091 921 1223 957 ἠδύναντο
1246 921 1439 959 ιύπαράδεκτοι
1472 923 1602 962 γινέσθαι.
1631 922 1790 960 Πιστότεροι
1813 923 1866 960 γὰρ
1890 924 1916 950 οἱ

1090 966 1309 1004 γνωριμώτεροι·
1337 967 1362 994 οἷ
1388 966 1416 994 δὲ
1439 968 1554 1003 ἀσήμων
1579 966 1681 1004 γονέων
1704 968 1914 1004 παρεσιωπήθη-

1091 1021 1147 1039 σαν.
1172 1011 1211 1039 Οὐ
1229 1011 1282 1047 μὴν
1310 1012 1366 1047 (79)
1392 1012 1472 1043 οὗτος
1489 1012 1591 1047 Ἀμὼς,
1615 1011 1643 1038 δν
1658 1014 1716 1042 τοῖς
1734 1009 1840 1039 δώδεκα
1855 1022 1914 1038 συν-

1088 1055 1250 1093 τεταγμένον
1284 1053 1406 1093 ἔχομεν,
1432 1057 1521 1093 πατήρ
1553 1055 1607 1083 ἐστι
1636 1057 1684 1082 τοῦ
1709 1056 1828 1083 Ἠσαίου·
1855 1054 1915 1084 οὔτε

1088 1100 1137 1137 γὰρ
1163 1101 1180 1135 ἡ
1203 1099 1354 1138 ὶκφώνησις
1370 1101 1386 1134 ή
1403 1100 1483 1136 αὐτὴ,
1498 1098 1560 1127 οὕτε
1575 1101 1605 1127 τὸ
1623 1100 1674 1127 ὑπὸ
1688 1103 1738 1134 τῆς
1755 1103 1848 1138 φωνῆς
1866 1111 1914 1136 ση-

1090 1143 1265 1180 μαινόμενον·
1291 1145 1321 1171 τὸ
1347 1145 1394 1180 μὲν
1419 1144 1469 1182 γὰρ
1486 1143 1623 1182 δασυτέρῳ
1636 1144 1676 1180 τῷ
1700 1145 1833 1181 πνεύματι
1850 1145 1914 1172 ἀνα-

1087 1190 1226 1226 φωνιῖται,
1250 1188 1281 1215 τὸ
1307 1186 1335 1215 δὲ
1361 1188 1510 1225 ψιλοτέρῳ.
1546 1188 1596 1215 Καὶ
1619 1189 1652 1216 τὰ
1676 1187 1832 1225 δηλούμενα
1856 1187 1911 1216 διά-

1087 1241 1165 1271 φορα⁴
1191 1232 1222 1260 τὸ
1249 1233 1296 1268 μὶν
1322 1233 1373 1270 γὰρ
1401 1235 1450 1260 τοῦ
1479 1232 1581 1269 πατρὸς
1612 1231 1723 1260 Ἠσαίου
1746 1230 1843 1268 ὄνομα,
1868 1233 1912 1260 καὶ

1086 1277 1142 1313 (80)
1163 1276 1194 1303 τὸ
1218 1279 1267 1311 τῆς
1296 1280 1388 1314 φωνῆς
1413 1276 1525 1313 ΐδίωμα,
1553 1277 1695 1315 στερέωσιν
1722 1276 1768 1304 καὶ
1797 1275 1910 1314 δύναμιν

1084 1320 1128 1347 καὶ
1153 1320 1233 1358 ἰσχὺν
1266 1320 1399 1359 ἰμφαίνει·
1438 1324 1478 1357 τῷ
1509 1320 1538 1348 δὲ
1565 1323 1613 1349 τοῦ
1642 1323 1797 1360 προφήτου,
1828 1320 1910 1360 λόγος

1085 1365 1204 1401 σΑΛηρὸς
1231 1363 1374 1400 δηλοῦται·
1404 1366 1458 1402 πρὸ
1485 1364 1513 1393 δὲ
1537 1368 1585 1393 τοῦ
1611 1365 1723 1394 Ἠσαίου
1739 1363 1826 1393 ἔοικεν
1844 1366 1909 1394 Ilva:

1083 1409 1100 1443 ἡ
1130 1409 1282 1447 προφητεία
1318 1411 1367 1436 τοῦ
1405 1409 1495 1444 Ὠσηὲ,
1527 1407 1572 1436 διὰ
1600 1409 1631 1436 τὸ
1662 1409 1794 1447 είρῆσθαι·
1821 1409 1909 1447 Ἀρχὴ

1084 1453 1169 1490 λόγου
1199 1452 1299 1491 Κυρίου
1327 1454 1395 1492 πρὸς
1426 1453 1516 1489 Ὠσηι.
1547 1453 1683 1481 Γνωστέον
1713 1453 1817 1490 μέντοι,
1839 1452 1910 1481 ὅτιὸ

1083 1497 1171 1532 Ὀξίας
1196 1497 1274 1528 οὗτος
1298 1498 1312 1525 ὁ
1334 1497 1415 1529 αὐτὸς
1443 1497 1488 1525 καὶ
1511 1498 1635 1535 Ἀζαρίας
1650 1497 1766 1535 εἷ’ρηταυ
1795 1497 1822 1525 ἐν
1853 1498 1908 1534 (81)

1082 1542 1133 1578 γὰρ
1154 1544 1188 1578 τῇ
1214 1542 1332 1579 προτέρᾳ
1357 1544 1411 1569 τῶν
1438 1542 1685 1580 Παραλειπομὲνων
1711 1541 1800 1576 Ὀζίας
1830 1541 1906 1580 εἴρη-

1041 1580 1062 1613 C
1081 1596 1134 1613 ται.
1162 1586 1188 1613 ἰν
1205 1585 1234 1613 δὲ
1256 1586 1291 1623 τῇ
1308 1585 1418 1624 δευτέρᾳ
1443 1588 1496 1614 τῶν
1513 1585 1663 1614 Βασιλείων
1680 1585 1816 1623 Ἀζαρίας.
1833 1586 1910 1620 Πλὴν

1080 1631 1123 1658 καὶ
1141 1631 1242 1668 πατρὸς
1262 1633 1310 1658 τοῦ
1336 1631 1430 1665 αὐτοῦ,
1455 1631 1499 1658 καὶ
1527 1631 1641 1668 μητρός·
1669 1631 1685 1665 ὴ
1715 1630 1762 1666 μὲν
1777 1630 1828 1668 γὰρ
1853 1632 1908 1667 μή-

1079 1684 1131 1711 τηρ
1148 1674 1236 1703 ΧαΑίαι
1260 1676 1327 1710 (82),
1355 1675 1370 1701 ὁ
1390 1673 1419 1701 δὲ
1440 1675 1531 1712 πατὴρ
1561 1674 1703 1711 ’Λμασίας.
1731 1674 1780 1703 Καὶ
1804 1674 1907 1712 χρόνος

1079 1721 1130 1753 τῆς
1160 1718 1297 1757 βασιλείας
1331 1719 1346 1746 ὁ
1371 1718 1460 1750 αὑτός·
1485 1720 1655 1754 πεντήκοντα
1684 1717 1731 1746 δύο
1762 1718 1808 1753 ἔτη
1837 1721 1905 1756 (83).

1080 1763 1140 1791 Ἐπὶ
1175 1763 1266 1798 ὀζίου
1303 1764 1486 1802 προφήτεῦσεν
1526 1763 1645 1799 Ἠσαίας,
1677 1763 1756 1799 Ὠσηὲ
1783 1763 1827 1790 καὶ
1858 1764 1905 1791 Ἀ-

1081 1808 1150 1844 μώς.
1189 1807 1269 1835 Ἀλλ’
1307 1807 1412 1843 ἐπειδὴ,
1443 1808 1532 1846 Ἀρχὴ
1573 1806 1658 1845 λόγου
1697 1807 1798 1846 Κυρίου
1836 1808 1904 1846 πρὸς

1077 1852 1169 1887 Ὠσηὲ,
1201 1853 1308 1888 μήποτε
1345 1854 1454 1889 πρῶτος
1492 1850 1592 1889 ἤρξατο
1621 1851 1820 1889 προφητιύεινς
1851 1852 1901 1880 Καὶ

1078 1895 1171 1930 ἐπειδὴ
1189 1897 1203 1923 ὁ
1229 1897 1323 1933 Ἀμὼς
1343 1897 1396 1934 πρὸ
1422 1894 1469 1923 δύο
1493 1895 1559 1923 ἐτῶν
1586 1898 1708 1932 σιισμοῦ,
1727 1897 1834 1932 μήποτε
1849 1895 1903 1932 πρὸ

1076 1941 1127 1975 τῆς
1152 1940 1271 1978 ὁράσεως
1295 1943 1343 1968 τοῦ
1366 1939 1491 1975 Ἡσαΐου,
1519 1940 1545 1968 έν
1570 1941 1588 1976 ἧ
1613 1950 1690 1978 φησι·
1720 1939 1768 1968 Καὶ
1793 1940 1901 1979 ἐπήρθη

1075 1985 1106 2012 τὸ
1123 1985 1272 2023 ὑπέρθυρον
1286 1994 1293 2020 ;

1075 2158 1209 2184 auctores
1222 2156 1323 2184 haberi
1333 2157 1467 2190 debeant,
1481 2156 1559 2184 malo
1571 2156 1687 2192 culpam
1700 2156 1729 2184 in
1743 2156 1840 2191 ipsum
1852 2164 1905 2183 au-

1075 2195 1196 2226 ctorem,
1213 2200 1301 2228 quam
1319 2192 1348 2220 in
1365 2192 1501 2220 librarios
1525 2193 1695 2221 transferre.
1720 2192 1902 2228 Fitrquidem

1076 2236 1133 2255 non
1151 2227 1228 2261 raro,
1255 2231 1289 2256 ut
1304 2228 1415 2256 librarii
1443 2236 1541 2256 vocem
1567 2237 1657 2256 unam
1689 2236 1740 2264 pro
1753 2227 1811 2255 alia
1826 2228 1901 2255 scri-

1035 2256 1058 2288 D
1075 2264 1164 2291 bant:
1183 2256 1233 2291 sed
1250 2264 1304 2291 hoc
1319 2264 1376 2291 fere
1391 2264 1536 2297 contingit.
1549 2266 1623 2296 tum,
1639 2256 1706 2291 cum
1722 2271 1807 2290 voces
1823 2263 1902 2291 inter

1077 2308 1107 2327 se
1118 2300 1230 2327 similes
1240 2302 1349 2327 suntet
1360 2300 1462 2327 afﬁnes
1475 2309 1481 2332 ;
1494 2296 1522 2326 id
1535 2300 1612 2335 quod
1625 2300 1672 2327 hic
1682 2299 1795 2326 nullum
1803 2298 1902 2327 locum

1075 2335 1183 2363 habere
1197 2335 1307 2369 vident,
1323 2335 1435 2371 opinor,
1453 2343 1565 2363 omnes.
1584 2335 1692 2363 Ibidem
1709 2335 1824 2362 codices
1841 2338 1903 2371 tres

1074 2371 1145 2398 Duc.
1159 2374 1190 2407 et
1205 2371 1275 2407 Reg.
1293 2370 1397 2398 tertius
1412 2374 1440 2407 et
1455 2371 1536 2407 Golb.
1554 2372 1652 2399 itidem
1665 2371 1782 2405 tertius,
1797 2370 1901 2407 πατρὸς

1074 2408 1121 2433 τοῖ’)
1136 2406 1228 2433 αὐτοῦ.
1248 2405 1332 2442 Εάἱῐι,
1346 2406 1449 2443 πατρὸς
1465 2405 1557 2434 αὐτοῦ.

1110 2442 1165 2482 (82)
1177 2443 1255 2482 ΔΕάἱῐὶ
1268 2445 1297 2482 et
1314 2440 1359 2482 Fr.
1384 2440 1412 2482 et
1429 2442 1681 2482 ᾼηειίολοιλιὶοε.
1711 2440 1901 2482 tertius,_Xa-

1075 2475 1131 2504 λία.
1147 2475 1185 2506 At
1200 2487 1268 2505 vero
1283 2478 1312 2504 in
1329 2478 1363 2506 Η.
1382 2481 1410 2506 et
1424 2478 1450 2505 J.
1464 2475 1491 2505 et
1502 2477 1582 2506 Colb.
1599 2475 1684 2505 tertio
1701 2479 1729 2504 et
1741 2477 1817 2511 apud
1833 2479 1903 2505 Pro-

1075 2513 1191 2548 copium
1209 2522 1260 2549 pro
1274 2513 1361 2541 Χαλία
1377 2513 1485 2549 legitur
1512 2512 1614 2546 Χανάα,
1630 2515 1681 2541 aut
1703 2512 1785 2540 Χανᾶ.
1800 2513 1823 2539 Α
1837 2512 1902 2548 qui-

1074 2548 1133 2576 bus
1148 2549 1286 2577 omnibus
1301 2550 1386 2584 longe
1410 2549 1556 2577 dissident
1581 2549 1669 2584 LXX,
1679 2548 1756 2584 apud
1766 2556 1850 2584 quos
1864 2548 1902 2576 IV

1075 2558 1133 2576 nus
1148 2558 1286 2577 omnibus
1301 2558 1386 2586 longe
1410 2558 1556 2577 aisainent
1581 2558 1663 2581 LAA,
1679 2558 1756 2583 apud
1774 2558 1850 2584 quos
1865 2558 1898 2576 IV

1075 2584 1144 2621 116g.
1161 2593 1206 2618 xv,
1223 2586 1250 2618 2,
1275 2586 1386 2613 editum
1412 2585 1568 2620 invenitur,
1592 2583 1711 2621 Ἱιχιλία
1723 2583 1749 2619 ἐξ
1763 2583 1900 2620 Ἰερουσα-

1074 2617 1110 2654 λή
1117 2617 1146 2656 ᾖ..
1165 2617 1311 2648 Hiechetz'a
1325 2622 1359 2649 de
1370 2621 1533 2650 Jerusalem.

1109 2654 1168 2690 (‘83)
1183 2656 1230 2684 Sic
1245 2657 1358 2684 codices
1376 2659 1409 2684 H.
1426 2659 1451 2684 et
1477 2657 1503 2684 J.
1518 2664 1585 2684 cum
1612 2655 1693 2683 Colb.
1711 2655 1806 2690 tertio.
1823 2654 1901 2690 Editi

1073 2688 1197 2733 θέλξει
1221 2694 1263 2733 FL
1276 2701 1353 2733 cum_
1368 2693 1438 2733 Reg.
1457 2692 1554 2733 tertio,
1584 2692 1759 2733 πεντηκοστῷ
1782 2688 1901 2728 δευτέρῳ

1073 2722 1136 2764 ἔτει.
1155 2726 1229 2763 Lego
1248 2728 1313 2755 Duc.
1330 2728 1391 2756 Hoc
1411 2722 1478 2763 ipso
1502 2728 1530 2755 in
1547 2722 1610 2755 loco
1640 2722 1800 2764 niss._trea,
1815 2722 1900 2764 πρόιζ

1074 2762 1218 2800 φήτευσαῦ.
1235 2763 1311 2791 Editi
1326 2772 1392 2792 cum
1409 2762 1474 2792 aliis
1490 2763 1597 2796 tribus,
1613 2762 1825 2800 προεφήτευσεν.
