2018 3146
187 150 246 181 I39

656 149 856 180 APPENDIX
879 148 1042 179 OPERUM
1065 148 1098 179 S.
1120 149 1263 179 BASILII
1285 149 1422 179 MAGNI.

1839 151 1901 181 140

222 216 265 244 13.
281 216 366 244 Filios
384 216 501 251 genuiet
513 215 650 251 exaltant}
659 216 713 251 ipsi
726 217 817 244 autem
845 218 1012 251 spreverunt

1103 215 1147 243 13.
1179 215 1258 246 Υἱοὺς
1286 214 1411 252 ὶγὲννησα
1452 216 1496 243 καὶ
1534 215 1649 253 ὕψώσα,
1677 215 1754 243 αὐτοὶ
1794 215 1824 244 δέ
1868 227 1902 253 με

185 268 239 289 me.
255 260 278 288 Ο
290 261 422 288 studium
435 268 503 296 erga
514 260 648 288 homines
660 259 666 287 l
678 260 791 296 Allegat
800 261 869 295 jura
885 268 939 287 sua
955 259 1012 287 Do-

187 305 296 339 minus,
310 307 342 333 ut
350 307 416 341 post
426 305 591 333 certissima
601 307 784 340 argumenta,
799 305 936 332 decernat
948 312 1013 340 qua

183 350 266 386 justa
280 352 351 377 sunt
379 357 412 377 ac
441 349 549 377 debita.
566 349 650 377 Filio:
677 350 760 383 genui
774 351 800 377 et
824 349 956 377 exaltavi.
973 348 1013 375 Ex

188 394 287 422 anima
302 396 330 421 et
357 401 476 428 corpore
498 394 679 429 compositus
708 393 796 421 homo
812 396 856 421 est
872 402 877 421 :
896 401 962 421 caro
977 400 1014 421 ex

187 440 274 473 terra,
292 437 390 465 animo.
405 437 531 465 crslestis
552 437 676 465 exsistit.
692 438 834 469 Quoniam
852 438 942 474 igitur
957 440 1014 475 ipsi

187 490 255 510 cum
271 484 394 517 utroque
410 481 538 510 afﬁnitas
559 481 637 509 inest
652 484 680 510 et
702 482 846 518 cognatio,
868 491 964 510 coram
978 484 1014 512 iis

187 535 254 563 qua)
270 526 294 554 ei
313 526 441 554 maxime
462 526 581 562 propria
604 528 684 561 sunt,
701 529 851 562 peccatum
868 529 1013 564 coarguit.

185 572 270 599 Filio:
293 571 379 606 genui
409 575 434 599 el
468 571 603 598 exallari.
630 571 832 599 Geuerationis
857 572 923 600 duae
949 581 1014 608 spe-

186 616 246 644 cies
261 617 340 643 sunt.
356 614 419 643 Una
433 614 563 650 quidem,
575 623 639 650 quae
656 615 733 643 878
746 615 832 643 fuerit
846 617 1015 645 secundum

187 663 279 688 Deum
295 659 398 693 forma,
428 667 493 695 qua;
518 667 552 687 ex
577 659 728 695 operibus,
753 668 846 695 exque
869 662 1014 697 susceptis

188 705 333 741 dogmatis
350 705 519 740 perﬁcitur:
541 704 619 732 hunc
649 705 684 732 ad
702 705 822 733 modum
838 706 947 734 Paulus
963 715 1015 742 per

187 748 448 784 Evangeliumjam
469 748 566 785 lapsos
590 749 717 784 parturit
731 749 762 777 ⁸³.
779 750 1013 786 conﬁguratque,

189 793 312 828 etipsos
336 793 373 821 ad
397 793 537 828 pietatem
565 793 715 820 reformat.
733 793 785 821 Est
810 797 907 822 autem
923 795 1015 824 altera

189 838 336 874 quasdam,
362 845 467 872 nempe
490 837 628 865 introitus
654 837 683 865 in
707 837 783 866 hanc
799 838 901 873 vitam,
918 842 951 867 ut
971 842 1015 868 est

187 882 280 910 illud:
296 883 344 910 llic
352 882 421 909 liber
433 882 617 917 generationis
632 882 694 910 caeli
711 886 737 910 et
756 883 884 912 terrae“.
898 883 1013 912 Utram-

189 935 245 963 que
260 927 352 963 igitur
360 926 578 962 generationem
593 926 666 962 ipsis
677 927 781 962 objicit
794 940 801 961 ;
816 930 845 955 et
861 929 1016 963 exprobrat

189 972 265 1007 quod
296 979 330 999 ex
345 970 438 998 nihilo
462 970 582 1005 conditi,
599 973 628 998 et
642 971 677 998 ad
694 971 744 999 Dei
773 971 931 1008 imaginem
948 973 1015 1001 facti

189 1016 255 1051 (hoc
271 1015 348 1043 enim
369 1017 414 1043 est
427 1015 540 1051 genitos
562 1023 627 1043 esse
641 1017 669 1043 et
692 1015 856 1052 exaltatos),
874 1025 968 1053 neque
984 1019 1017 1045 ut

188 1060 317 1087 Creatori
336 1067 420 1096 egere
430 1059 551 1095 gratias.
569 1067 664 1095 neque
679 1062 711 1087 ut
726 1060 801 1095 patri
822 1061 935 1089 similes
951 1069 1016 1090 sese

188 1104 373 1133 exhibuere:
409 1104 458 1131 sed
489 1104 519 1131 in
549 1103 651 1131 vitium
682 1105 812 1132 conversi
842 1108 1016 1141 spreverunt

188 1149 301 1178 Deum:
329 1147 480 1176 diabolum
505 1156 571 1176 vero
601 1150 712 1183 patrem
733 1157 822 1177 suum
846 1150 1013 1178 effecerunt.

190 1193 290 1221 Omnis
303 1193 378 1220 enim
394 1192 442 1228 qui
463 1193 531 1228 facit
556 1197 711 1228 peccatum,
729 1202 765 1221 ex.
780 1194 891 1222 diabolo
905 1196 1015 1230 genitu:

189 1240 230 1266 est
255 1237 288 1264 ⁸⁸.
314 1237 408 1272 Atque
437 1237 578 1264 Dominus
606 1236 670 1272 ipse
695 1237 805 1273 iniquis
822 1238 880 1266 ait:
911 1240 957 1267 Vos
980 1247 1016 1267 ea:

187 1286 266 1318 patre
280 1284 366 1310 vestro
390 1281 497 1309 diabolo
513 1282 575 1308 estis
590 1281 622 1308 ⁸⁸.
639 1281 715 1309 Sane
736 1282 846 1318 grande
860 1283 970 1310 crimen
987 1287 1016 1311 et

188 1325 383 1359 insimulatio,
399 1334 465 1353 eum
490 1325 540 1361 qui
556 1325 635 1353 ﬁlius
651 1328 705 1359 est,
720 1329 748 1353 et
774 1326 952 1362 corporalem
971 1337 1015 1356 or-

188 1373 251 1399 tum
267 1372 442 1399 consecutus
463 1371 517 1403 est,
532 1369 679 1405 ingratum
701 1378 765 1398 esse
779 1378 848 1407 erga
864 1379 951 1399 suum
962 1380 1014 1408 εει

188 1416 323 1444 nitorem.
339 1415 482 1443 Caeterum
494 1414 560 1442 odio
576 1414 752 1442 intolerabili
767 1417 812 1443 est
827 1415 944 1451 dignus,
962 1418 1013 1452 qui

135 1484 141 1491 .
187 1468 282 1496 usque
297 1460 369 1488 adeo
384 1459 540 1493 exaltatus,
557 1461 588 1487 ut
602 1467 723 1487 consors
737 1459 900 1488 cmlestium
918 1461 1012 1494 ﬁeret,

187 1512 241 1532 nec
256 1504 298 1532 sic
313 1505 410 1531 tamen
426 1506 592 1539 perseverat
608 1503 638 1531 in
662 1503 803 1532 charitate
817 1513 887 1540 erga
903 1505 1012 1534 beneﬁ-

188 1549 225 1577 cii
241 1548 330 1584 hujus
342 1550 501 1576 auctorem.

224 1593 267 1620 14.
285 1592 370 1620 Vsus.
395 1592 422 1619 3.
446 1592 580 1628 Cognovit
603 1593 648 1620 bo:
666 1601 849 1627 possessorem
871 1602 964 1630 suum,
986 1599 1011 1623 ει

188 1637 284 1665 asinus
307 1643 428 1672 prasepe
450 1635 558 1664 domini
577 1637 640 1663 sui:
665 1638 751 1665 Israel
775 1642 867 1666 autem
890 1647 934 1666 me
957 1647 1012 1667 non

189 1681 324 1715 cognovit,
340 1679 491 1716 atpopulu:
505 1688 552 1707 me
564 1688 619 1708 non
633 1681 783 1708 intellexit.
801 1682 869 1709 Bovi
884 1684 910 1710 et
927 1683 1012 1710 asino

191 1725 340 1753 confertur
355 1724 403 1752 Dei
429 1726 620 1758 contemptor.
638 1725 881 1761 Quandoquidem
899 1727 968 1754 Dum
983 1729 1012 1755 in

192 1770 292 1798 honoro
305 1770 382 1804 esset,
394 1776 450 1796 non
472 1768 625 1804 intellexit,
640 1774 816 1806 comparatus
831 1773 870 1798 est
880 1771 1014 1806 jumenlis

192 1814 396 1851 insipientibus,
415 1815 451 1848 et,
466 1813 569 1841 similis
584 1814 674 1848 factus
688 1819 728 1842 est
742 1815 800 1842 illis
814 1815 846 1842 ⁸⁷.
863 1815 945 1844 Tales
961 1824 1013 1843 au-

190 1863 250 1888 tem
266 1861 335 1887 sunt
346 1858 396 1894 qui
413 1866 469 1886 non
482 1858 605 1891 ratione,
620 1858 670 1885 sed
686 1857 806 1886 libidine
822 1859 910 1887 vitam
927 1860 1012 1888 insti-

189 1905 288 1938 tuunt,
301 1911 358 1938 pra;
377 1901 548 1938 insipientia
563 1902 598 1929 ad
614 1901 773 1930 belluinam
782 1903 872 1931 vitam
889 1904 1011 1940 abrepti.

189 1949 255 1977 Jam
271 1956 337 1975 vero
353 1947 382 1974 in
396 1946 586 1982 exprimenda
602 1946 807 1981 similitudine,
824 1956 858 1975 ca
874 1949 1013 1977 animalia

189 2001 254 2030 quas
269 2001 329 2020 una
338 1999 405 2019 cum
421 1991 592 2019 hominibus
605 1992 788 2026 nutriuntur,
805 2000 928 2029 quisque
943 1996 1013 2022 nota

188 2039 260 2066 sunt
278 2036 451 2072 assumpsit,
467 2038 498 2063 ut
513 2036 624 2071 pudore
645 2036 820 2072 efﬁciamur,
837 2038 946 2074 quippe
961 2038 1011 2074 qui

188 2081 364 2119 simusipsis
377 2083 405 2109 et
419 2081 650 2116 insipientiores,
662 2083 690 2109 et
705 2089 769 2109 eam
780 2090 868 2117 quam
884 2091 901 2110 a
916 2083 1011 2111 brutis

187 2126 387 2156 animantibus
411 2125 573 2161 accipimus
596 2125 837 2160 benevolentiam,
863 2128 1010 2155 Conditori

186 2175 287 2201 nostro
303 2172 361 2207 ipsi
378 2171 500 2198 minime
515 2171 723 2206 rependamus.
740 2171 796 2199 Bos
811 2172 900 2206 enim,
917 2173 966 2208 qui
980 2174 1009 2200 in

186 2217 265 2254 agris
288 2215 418 2244 colendis
443 2215 530 2243 nobis
554 2215 671 2250 adjutor
686 2216 814 2244 traditus
840 2219 893 2251 est,
911 2224 1009 2245 vocem

1029 900 1053 933 B

1027 1582 1048 1616 C

1068 257 1212 294 ἠθέτησαν.
1237 262 1268 286 Ὠ
1298 263 1349 294 τῆς
1381 258 1610 298 φιλανθρωπίαςί
1637 259 1858 297 Δικαιολογεῖται
1884 262 1898 288 ὁ

1069 303 1215 338 Δεσπότης,
1229 303 1274 331 ἵνα
1292 304 1358 340 μετὰ
1372 304 1419 336 τὰς
1445 303 1596 340 ἀποδείξεις
1623 305 1748 342 ἑπαγοὶγῃ
1773 305 1807 332 τὰ
1829 306 1898 343 πρὸς

1069 347 1152 383 ἀξίαν.
1178 347 1257 379 Υἱοὺς
1284 347 1410 386 ἐγέννησα
1445 349 1489 376 καὶ
1516 349 1620 386 ὕψωσα.
1653 350 1784 380 Σύνθετος
1813 351 1827 377 ὁ
1851 349 1897 377 ἄν·

1070 397 1178 430 θρωπος
1193 392 1223 420 ἐκ
1241 394 1332 430 ψυχῆς
1347 393 1391 420 καὶ
1407 394 1546 429 σώματος·
1562 395 1580 428 ἡ
1606 393 1669 431 σὰρξ
1694 394 1746 421 ἀπὸ
1770 397 1820 429 τῆς
1845 398 1895 432 γῆς

1071 437 1137 473 (90),
1151 438 1168 471 ἡ
1194 437 1270 474 ψυχὴ
1294 437 1417 473 οὐρανία.
1435 438 1510 465 Ἐπεὶ
1535 437 1580 466 οὖν
1603 437 1671 474 πρὸς
1696 438 1838 477 ἀμφότερα
1851 439 1897 466 αὐ-

1069 483 1108 516 τῷ
1122 481 1140 515 ἠ
1157 481 1295 519 συγγένειά
1310 481 1392 516 ἐστιν,
1405 481 1447 509 ἐπὶ
1463 485 1517 509 τῶν
1539 482 1712 510 οἰκειοτάτων
1737 483 1822 510 αὐτοῦ
1846 483 1895 517 τήν

1069 525 1202 564 ἁμαρτίαν
1244 525 1354 564 ἐλέγχει
1371 547 1378 555 ,
1417 527 1495 558 Υἱοὺς
1533 527 1660 565 ἐγέννησα
1696 526 1741 554 καὶ
1780 527 1895 564 ὕψωσα.

1070 571 1203 601 Γενὲσεως
1226 569 1285 605 εἷ’δη
1312 569 1370 598 δύο.
1387 571 1417 599 Ἡ
1444 571 1503 607 μὶν,
1522 572 1539 606 ἦ
1562 572 1630 598 κατὰ
1649 571 1713 599 Θεὸν
1742 572 1896 610 μόρφωσις,

1069 614 1095 649 ἐξ
1123 613 1211 652 ἔργων
1242 615 1285 642 καὶ
1313 613 1477 653 παραδοχῆς
1501 614 1648 653 δογμάτων
1676 615 1896 651 ἰπιτελουμὲνη·

1070 659 1108 690 ὼς
1130 661 1208 696 γεννᾷ
1231 657 1338 690 Παῦλος
1359 658 1404 686 διὰ
1428 661 1476 686 τοῦ
1491 659 1669 698 Εὗιγγελίου,
1695 660 1740 688 καὶ
1763 660 1829 692 τοὺς
1855 660 1898 688 ἐκ·

1069 703 1198 734 πὲσοντας
1219 701 1322 739 ὦδίνει,
1345 703 1390 731 καὶ
1417 702 1567 743 διαμορφοῖ
1588 703 1769 732 ἀναπλάσσων
1796 704 1897 736 αὐτοὺς

1069 747 1108 778 είς
1122 745 1270 775 εὐσὲϐειαν·
1290 749 1307 782 ἡ
1324 747 1353 775 δὲ
1367 748 1408 779 τίς
1422 747 1504 782 ἐστιν,
1522 749 1540 783 ἠ
1557 748 1596 780 εἰς
1618 749 1664 776 τὸν
1691 749 1750 786 βίον
1779 747 1894 782 εἴσοδος,

1070 792 1107 822 ὡς
1132 792 1174 827 τὸ,
1195 791 1270 827 Αὕτη
1298 793 1315 827 ή
1343 789 1440 829 βίϐλος
1459 793 1589 830 γενέσεως
1616 791 1732 831 οὐρανοῦ
1759 795 1804 820 καὶ
1834 797 1894 830 γῆς.

1069 836 1240 874 Ἀμφοτὲρας
1270 835 1315 863 οὖν
1344 837 1437 867 αὐτοῖς
1463 838 1592 876 προφέρει
1609 838 1675 874 (91),
1691 837 1736 864 καὶ
1760 836 1894 872 ὀνειδίζει,

1070 879 1112 908 ὅτι
1136 880 1166 908 ὲκ
1188 880 1236 908 τοῦ
1263 881 1301 916 μὴ
1325 878 1401 912 ὄντος
1427 880 1465 912 εἰς
1488 881 1591 918 γένεσιν
1607 881 1746 919 ἀχθέντες,
1761 881 1807 909 καὶ
1836 882 1894 909 κατ’

1071 925 1161 953 εῒκόνα
1178 927 1244 952 Θεοῦ
1268 924 1411 962 γενόμενοι
1431 927 1526 959 (τοῦτο
1548 925 1598 963 γάρ
1627 925 1683 953 ἐστι
1711 926 1742 953 τὸ
1767 926 1811 953 καὶ
1836 937 1892 963 γεν-

1069 970 1184 1004 νηθῆναι
1199 968 1244 996 καὶ
1275 969 1440 1006 ὑψωθῆναι),
1457 969 1518 996 οὕτε
1533 970 1570 1000 ὡς
1598 969 1696 1006 Κτίστῃ
1721 970 1894 1007 ηὐχαριστή-

1071 1024 1133 1042 σατε
1154 1015 1221 1050 (92),
1238 1011 1299 1041 οὔτε
1327 1014 1364 1044 ὡς
1384 1015 1466 1051 πατρὶ
1495 1014 1605 1045 ἑαυτοὺς
1634 1014 1805 1050 ὡμοιώσατε·
1824 1014 1896 1043 ἀλλὰ

1071 1057 1116 1086 διὰ
1145 1061 1194 1092 τῆς
1222 1058 1289 1095 πρὸς
1318 1058 1348 1085 τὸ
1376 1061 1470 1095 χεῖρον
1489 1062 1593 1095 τροπῆς
1609 1059 1743 1093 ἠθέτησαν
1774 1059 1821 1095 μὲν
1851 1059 1894 1086 τὸν

1070 1102 1146 1137 Θεὸν,
1163 1102 1266 1140 πατέρα
1294 1101 1323 1129 δὲ
1350 1103 1450 1129 ἑαυτῶν
1480 1102 1610 1137 ἐποίησαν
1627 1104 1683 1139 (93)
1698 1103 1743 1130 τὸν
1766 1100 1895 1130 διάϐολον

1070 1149 1126 1178 Πᾶς
1155 1147 1204 1184 γὰρ
1233 1147 1246 1174 ὁ
1275 1149 1363 1174 ποιῶν
1391 1147 1440 1182 τὴν
1470 1146 1615 1184 ἁμαρτίαν,
1635 1147 1665 1174 ἐκ
1692 1149 1740 1175 τοῦ
1766 1145 1896 1176 διαϐόλου

1069 1191 1235 1230 γεγίννηται·
1251 1190 1296 1218 καὶ
1310 1192 1324 1218 ὁ
1340 1191 1438 1229 Κύριος
1462 1190 1490 1218 δὲ
1508 1193 1566 1222 τοῖς
1589 1192 1821 1228 πονηρευομένοις
1844 1203 1895 1230 φη-

1070 1246 1110 1263 σιν
1133 1245 1139 1252 ·
1168 1238 1257 1272 Ὑμεῖς
1295 1235 1324 1263 ἐκ
1359 1238 1408 1262 τοῦ
1445 1236 1547 1274 πατρὸς
1582 1235 1658 1272 ὑμῶν
1685 1237 1733 1263 τοῦ
1762 1234 1894 1263 διαϐόλου

1069 1280 1136 1309 ἐστέ.
1153 1279 1267 1318 Μεγάλη
1286 1281 1334 1316 μὲν
1350 1279 1395 1307 οὗν
1418 1280 1582 1317 κατηγορία,
1596 1280 1640 1307 καὶ
1669 1280 1714 1308 τὸν
1746 1280 1804 1307 υἱὸν
1833 1280 1894 1308 εντα

1068 1325 1113 1353 καὶ
1138 1328 1189 1359 τῆς
1217 1328 1375 1361 σωματικῆς
1400 1325 1531 1362 γινέσιως
1550 1324 1732 1363 τετυχηκότα,
1748 1324 1892 1362 ἀγνώμονα

1069 1369 1134 1396 εἶναι
1167 1369 1229 1406 περὶ
1260 1369 1306 1396 τὸν
1342 1370 1524 1406 γεννήσαντα·
1556 1368 1694 1407 ἀφορήτου
1731 1367 1760 1396 δὲ
1795 1370 1890 1405 μίσους

1068 1413 1141 1448 ἄξιος
1158 1413 1171 1440 ὁ
1186 1413 1231 1440 καὶ
1254 1412 1370 1449 ὑψωθεὶς
1393 1415 1432 1449 τῷ
1454 1414 1510 1450 (94)
1525 1412 1644 1451 γενέσθαι
1668 1415 1721 1440 τῶν
1757 1413 1889 1450 οὐρανίων

1069 1457 1198 1495 μέτοχος,
1213 1457 1259 1485 καὶ
1282 1456 1353 1494 μηδὲ
1367 1457 1452 1489 οὕτως
1468 1458 1604 1494 ἐπιμένων
1626 1460 1660 1495 τῇ
1682 1458 1750 1496 πρὸς
1775 1457 1822 1485 τὸν
1846 1457 1889 1485 εὐ-

1067 1501 1177 1541 εργέτην
1191 1502 1292 1540 ἀγάπῃ.

1103 1593 1146 1620 14.
1170 1591 1256 1628 Ἔγνω
1286 1591 1350 1628 βοῦς
1378 1591 1422 1618 τὸν
1453 1590 1643 1627 κτησάμενον,
1672 1589 1717 1618 καὶ
1751 1588 1814 1623 ὅνος
1841 1592 1890 1625 τήν

1067 1636 1168 1674 φάτνην
1207 1637 1255 1662 τοῦ
1291 1635 1386 1673 κυρίου
1424 1635 1529 1662 αὐτοῦ·
1559 1635 1670 1673 Ἰσραὴλ
1708 1634 1737 1663 δι
1775 1646 1809 1672 με
1843 1636 1893 1663 οὐκ

1068 1681 1124 1717 (95)
1140 1677 1219 1718 ἔγνω,
1239 1679 1283 1706 καὶ
1309 1680 1322 1706 ὁ
1347 1678 1413 1710 λαός
1442 1689 1475 1716 με
1504 1678 1534 1707 οὐ
1564 1683 1673 1714 συνῆκε.
1691 1680 1738 1709 Boi
1765 1680 1810 1707 καὶ
1839 1678 1892 1715 iith

1068 1723 1235 1761 συγκρίνεται
1267 1724 1280 1750 ὁ
1305 1723 1437 1758 ἀθετήσας
1461 1723 1536 1751 Θεόν.
1552 1722 1663 1758 Ἐπειδὴ
1687 1724 1737 1762 γὰρ
1755 1724 1799 1752 Ἐν
1825 1723 1892 1761 τιμῇ

1068 1768 1116 1803 ὣν,
1148 1769 1177 1797 οὐ
1207 1772 1313 1804 συνῆκε,
1343 1766 1573 1806 παρασυνεϐλήθη
1602 1771 1660 1800 τοῖς
1690 1770 1799 1804 κτήνεσι
1834 1771 1892 1799 τοῖς

1067 1814 1202 1849 ἀνοήτοις,
1232 1814 1275 1841 καὶ
1313 1814 1447 1850 ὡμοιώθη
1490 1812 1591 1845 αὐτοῖς.
1621 1816 1746 1841 Τοιοῦτοι
1782 1815 1839 1851 (96)
1864 1812 1892 1841 δὲ

1069 1859 1134 1886 εἶσιν
1150 1859 1176 1886 oi
1195 1859 1232 1895 μὴ
1248 1858 1316 1886 κατὰ
1330 1857 1426 1896 λόγον,
1442 1856 1515 1885 ἀλλά
1536 1858 1605 1885 κατὰ
1625 1858 1710 1890 πάθος
1736 1860 1845 1892 ζῶντες,
1862 1857 1892 1885 ἐκ

1066 1907 1115 1938 τῆς
1139 1903 1252 1940 ἀλογίας
1280 1903 1347 1940 πρὸς
1367 1903 1413 1929 τὸν
1440 1901 1566 1938 κτηνώὸη
1598 1903 1657 1940 βίον
1678 1903 1888 1941 ὑποφερόμενοι.

1066 1949 1106 1977 Τὰ
1132 1948 1269 1986 σύντροφα
1292 1946 1321 1974 δὲ
1344 1950 1402 1978 τοῖς
1419 1946 1573 1984 ἀνθρώποις
1600 1947 1643 1974 καὶ
1673 1947 1801 1985 γνώριμα
1822 1947 1890 1984 πρὸς

1065 1993 1114 2028 τήν
1131 1992 1222 2020 εῗκόνα
1245 1988 1409 2030 παρέλαϐεν,
1422 1989 1469 2018 ’ίνα
1492 1991 1697 2029 αίσχυνώμεθα,
1712 1991 1756 2018 καὶ
1785 1992 1888 2019 τούτων

1066 2035 1141 2070 ὅντες
1161 2037 1366 2074 ἀσυνετώτεροι,
1388 2036 1432 2063 καὶ
1456 2034 1526 2072 μηδὲ
1549 2037 1584 2070 ἧς
1608 2035 1681 2073 παρὰ
1702 2038 1755 2063 τῶν
1781 2036 1887 2074 ἀλόγων

1066 2082 1168 2113 εὐνοίας
1196 2081 1376 2119 τυγχάνομεν,
1390 2080 1492 2115 ταύτης
1516 2080 1593 2108 αὐτοὶ
1621 2082 1661 2107 τῶ
1676 2081 1799 2108 κτίσαντι
1814 2082 1888 2117 ἡμᾶς

1068 2125 1264 2164 μεταδιδόντες.
1289 2127 1358 2156 Βοῦς
1391 2124 1437 2161 μὲν
1465 2125 1526 2162 γὰρ,
1553 2125 1566 2152 ὁ
1598 2125 1724 2162 συνεργὸς
1753 2126 1821 2161 ἡμῖν
1852 2125 1888 2155 είς

1064 2171 1200 2209 γεωργίαν
1230 2168 1414 2207 παραδοθεὶς,
1441 2169 1486 2196 καὶ
1521 2173 1614 2208 φωνῆς
1656 2171 1705 2196 τοῦ
1742 2169 1888 2208 τρέφοντος

1064 2215 1271 2248 ἐπαισθάνεται,
1294 2212 1339 2241 καί
1376 2214 1422 2240 τὸν
1453 2214 1575 2248 συνήθως
1601 2213 1673 2249 αὐτῷ
1701 2213 1889 2251 προσφέροντα

185 2261 338 2290 nutritoris
362 2259 408 2288 sui
430 2259 520 2294 novit,
545 2267 672 2295 eumque
701 2260 751 2296 qui
775 2260 831 2288 sibi
865 2261 1007 2297 pabulum

1070 2261 1110 2295 γὴν
1126 2260 1230 2298 τροφὴν
1246 2257 1428 2297 ἐπιγινώσκει·
1446 2255 1508 2289 ὅνος
1523 2256 1551 2285 δὶ
1567 2257 1727 2294 αὐτομάτως
1750 2257 1794 2285 ἐπὶ
1823 2258 1886 2288 τοὺς

185 2306 287 2335 ati‘erre
301 2305 384 2339 solet,
398 2304 540 2340 agnoscit.
552 2304 658 2332 Asinus
670 2306 767 2332 autem
779 2308 882 2341 sponte
898 2308 1007 2334 naturas

1070 2307 1111 2340 τῆς
1123 2303 1296 2332 καταλύσεως
1312 2303 1436 2337 συνήθεις
1458 2302 1560 2332 τόπσυς
1589 2302 1671 2340 ὁρμᾷ.
1689 2301 1719 2330 El
1753 2301 1798 2329 οὖν
1828 2305 1887 2333 τοῖς

184 2351 220 2379 ad
236 2351 378 2378 consueta
388 2348 497 2377 stabuli
508 2349 554 2376 sui
566 2348 629 2376 loca
637 2348 767 2377 festinat.
779 2349 861 2381 Quod
876 2350 902 2378 si
913 2350 1008 2379 brutis

1070 2350 1176 2387 Ελόγοις
1200 2347 1317 2382 τοσαύτη
1347 2347 1415 2386 πρὸς
1447 2347 1491 2374 τὸν
1532 2345 1751 2383 ἐπιμελούμενον
1776 2347 1794 2381 ὴ
1824 2357 1884 2373 συν-

184 2393 363 2424 animalibus
372 2395 452 2421 tanta
463 2393 541 2421 inest
549 2392 690 2421 habitudo
704 2401 769 2421 cum
784 2402 839 2422 suo
848 2395 1006 2432 provisore,

217 2480 240 2499 ⁸³
253 2480 346 2508 Galat.
363 2488 400 2515 ιν,
417 2479 460 2507 19.

1062 2396 1151 2431 ήθεια,
1169 2393 1250 2421 πόσον
1266 2393 1283 2427 ἠ
1301 2391 1399 2429 λογική
1416 2391 1494 2430 φύσις
1508 2394 1559 2426 τῆς
1574 2391 1642 2428 πρὸν
1657 2391 1703 2418 τὸν
1729 2391 1793 2418 Θεὸν
1816 2391 1885 2429 ἀγά-

512 2479 535 2497 ⁸⁸
548 2478 621 2507 Gen.
637 2487 665 2514 ν,
681 2480 694 2507 1
713 2481 812 2514 “1,4.
851 2481 873 2498 ⁸⁵
887 2483 899 2508 Ι
914 2481 1019 2516 Joan,1

1070 2483 1096 2510 8.
1136 2482 1158 2500 ⁸⁸
1172 2483 1256 2510 Joan.
1270 2487 1333 2513 vm,
1344 2479 1389 2507 44.
1426 2479 1448 2496 ετ
1464 2478 1539 2506 Psal.
1556 2486 1654 2514 xavm,
1669 2477 1712 2506 13.

217 2565 272 2602 (90)
287 2565 333 2602 Sic
354 2573 426 2592 mss.
439 2565 574 2602 quatuor.
597 2565 682 2602 Deest
705 2567 754 2598 τῆς
770 2564 914 2602 ineditis.
937 2566 1003 2594 Mox

1072 2575 1107 2594 ur
1130 2567 1228 2600 verba,
1254 2564 1423 2599 ἠθέτησαν...
1448 2562 1590 2602 ιποίη-σαν.
1613 2563 1672 2591 Ηοο
1688 2562 1752 2599 ipso
1776 2562 1807 2590 in
1823 2562 1883 2590 loco

179 2599 252 2631 mss.
263 2599 334 2629 'duo
350 2608 416 2628 cum
443 2600 576 2637 Eusebio,
593 2599 733 2637 ἀμφότερα
748 2600 848 2628 αὐτὼν.
865 2601 923 2630 Alii
944 2603 1001 2630 duo

179 2647 252 2667 mss.
269 2637 389 2674 perinde
400 2638 486 2674 atque
502 2635 590 2674 editi,
600 2635 683 2674 αὐτῷ.
697 2637 772 2674 Lege
786 2638 1000 2667 Praefationem.

1059 2603 1190 2639 quinque
1210 2610 1294 2634 mss.,
1309 2602 1440 2636 στροφῆς,
1561 2602 1677 2639 τροπῇς.

1094 2633 1151 2674 (93)
1161 2638 1208 2674 Sic
1228 2633 1300 2664 mss.
1318 2633 1434 2672 quater.
1456 2635 1543 2670 Editi,
1559 2633 1732 2669 ἐποιήσαντο.
1745 2635 1811 2664 Mox
1823 2634 1880 2662 duo

215 2671 278 2714 (91)
287 2675 355 2714 Reg.
374 2673 488 2714 primuls
504 2675 531 2700 el
542 2671 591 2699 alii
616 2672 673 2700 duo
689 2671 828 2711 προφέρει.
845 2674 922 2701 Edili
934 2682 1000 2702 cum

1070 2671 1302 2714 nos._,:~{_s7évnmi.

178 2706 249 2745 Reg.
263 2706 364 2743 tertio,
374 2706 532 2745 προσφέρει.

213 2742 268 2789 (92)
289 2742 404 2789 Editinet
427 2742 906 2789 quatuorlmss",noxapinncatsl.
931 2765 937 2771 .
955 2764 969 2789 γ.
991 2765 997 2772 .

178 2779 344 2816 ήμοιώσατε.
358 2781 425 2817 Reg.
439 2779 610 2817 'secundus,
626 2779 867 2817 ηὐχαρίστησαν...
884 2779 998 2815 ὡμοίω-

179 2815 235 2845 σαν.
254 2819 286 2844 Et
302 2815 427 2845 fortass—8
441 2818 559 2852 prestat
574 2815 616 2844 ita
626 2815 685 2852 legi
696 2815 732 2844 ob
744 2824 778 2844 ea
788 2824 852 2852 quia
867 2824 996 2852 sequun-

1103 2710 1148 2743 94)
1158 2707 1203 2736 ita
1217 2717 1288 2736 mss.
1299 2710 1413 2743 quater.
1433 2707 1520 2743 Editi,
1532 2708 1592 2743 τοῦ.

1103 2710 1148 2743 94)
1161 2711 1203 2736 [ta
1217 2717 1288 2736 mss.
1299 2710 1413 2743 quator.
1433 2710 1520 2741 Editi,
1532 2710 1592 2734 τοῦ.

1090 2710 1145 2781 (95)
1164 2745 1251 2777 Editi,
1285 2741 1394 2779 Ἰσραὴλ
1421 2743 1459 2779 μὴ
1490 2741 1519 2770 δὲ
1548 2741 1626 2780 ἔγνω.
1647 2742 1682 2770 At
1706 2750 1779 2770 mss.
1797 2744 1830 2770 ut
1848 2741 1875 2768 in

1053 2782 1199 2809 contextu.

1088 2817 1145 2853 (96)
1161 2816 1206 2845 Sic
1222 2815 1334 2852 aliquot
1349 2823 1420 2843 mss.
1446 2815 1482 2842 At
1504 2814 1574 2842 editi
1585 2815 1706 2842 τοιοῦτο.
