2018 3146
169 140 228 170 M3

636 136 836 167 APPENDIX
858 134 1024 166 OPERUM
1046 135 1080 165 S.
1102 135 1244 166 BASILII
1266 135 1404 166 MAGNI.

1813 135 1873 164 lu

166 204 234 234 facti
245 206 324 232 sunt.
341 203 377 231 Ut
392 203 471 231 enim
488 203 537 238 qui
552 202 584 229 ﬁt
594 202 624 230 in
639 202 746 230 virtute
762 209 949 238 progressus,
975 209 992 228 θ.

1047 199 1168 237 γενέσθαι
1193 201 1247 227 υἱοί
1277 199 1383 237 ἄνομοι.
1411 201 1454 231 Ὠς
1480 199 1531 238 γὰρ
1545 201 1562 235 ἡ
1578 200 1636 227 κατ’
1652 199 1748 237 ἀρετήν
1765 209 1872 236 προκο-

166 249 331 277 minoribus
347 249 382 275 ad
400 248 513 283 majora
527 246 828 282 oapitincrementum
839 254 845 279 ;
855 246 894 273 ita
907 244 990 272 mali-

165 295 214 322 tias
228 293 344 326 effusio,
361 294 479 328 sumpto
496 300 513 319 θ.
528 291 692 318 minoribus
714 290 807 323 initio,
825 291 861 317 ad
877 289 988 325 aliquid

165 337 382 366 immedicabile
393 336 565 364 devolvitur.
578 335 666 362 Porro
678 343 778 363 semen
787 335 864 362 inter
876 337 904 361 et
915 334 990 361 ﬁlios

165 383 244 410 inest
259 382 346 409 etiam
363 380 525 408 secundum
542 379 636 415 ipsam
655 382 789 406 naturam
803 379 936 414 cognatio
947 378 990 406 in-

168 435 240 463 gens
255 428 283 454 et
299 424 510 453 convenientia.
529 426 549 450 Α
566 425 676 451 semine
686 424 764 451 enim
781 423 816 450 ad
847 423 901 450 hoc
923 431 987 459 pro-

169 471 300 506 greditur
311 472 428 501 natura,
444 471 477 496 ut
492 470 668 503 generentur
682 468 744 495 ﬁlii.
770 468 827 494 Nec
851 468 880 494 id
903 468 989 494 modo

169 515 332 542 secundum
348 513 563 549 'generationes
589 519 764 548 corporeus:
790 512 840 538 sed
858 515 886 539 et
905 512 990 547 juxta

169 560 272 587 animae
287 565 469 594 processum,
485 557 535 592 qui
551 564 602 592 per
615 556 751 584 doctrinae
768 556 882 583 semina
897 557 989 584 efﬁci-

167 605 216 631 tur
232 611 239 637 ;
256 602 494 638 quandoquidem
506 601 555 637 qui
571 601 734 628 doctrinam
748 609 932 636 excepere,eo
944 610 989 629 us-

168 656 225 684 que
239 647 407 683 proﬂciunt,
424 648 457 673 ut
472 646 642 673 doctoribus
652 645 715 673 suis
727 645 798 672 ﬁant
808 645 987 674 consimiles.

167 691 317 719 Etidcirco
333 690 383 718 ﬁlii
409 689 604 726 appellantur,
634 690 695 716 sive
724 689 776 716 ﬁlii
802 691 893 726 regni,
921 698 986 717 cum

167 735 297 771 suscepti
321 734 500 762 salutaribus
525 734 699 766 seminibus,
715 742 766 770 per
780 742 814 761 ea
830 735 989 770 perﬁciun-

166 782 232 814 tur;
250 781 300 807 aut
314 779 453 815 gehennae
468 778 532 812 ﬁlii,
549 778 573 805 si
591 778 627 804 ob
643 785 808 813 perversam
824 781 851 805 et
879 779 988 814 impro-

167 825 235 852 bam
251 824 414 851 doctrinam
429 822 583 858 perditioni
600 822 793 849 destinantur.
818 823 920 858 Magna
937 832 988 850 au-

168 872 228 896 tem
242 867 409 903 objurgatio
425 868 480 900 est,
497 867 588 894 totam
603 868 719 916 gentem
734 866 830 916 vocari
848 868 987 902 peccatri-
1004 884 1028 916 B

168 921 243 946 cem,
262 920 295 939 ac
311 911 335 939 si
346 919 382 939 ne
403 919 480 938 unus
493 911 612 946 quidem
628 911 656 937 in
673 910 738 946 ipsa
752 910 901 946 quidpiam
919 912 988 939 recti

169 956 264 992 operis
274 958 419 992 patraret:
433 955 514 987 item,
528 963 594 982 cum
605 955 732 990 populus
745 955 872 990 peccatis
886 955 989 990 plenus

168 1001 286 1034 dicitur,
300 999 384 1035 quasi
404 999 517 1026 nullum
535 1007 591 1025 non
608 1007 701 1034 genus
717 999 883 1034 iniquitatis
899 1002 926 1027 et
941 1000 989 1027 ﬂa-

167 1045 231 1081 gitii
245 1045 280 1072 ab
296 1044 360 1080 ipso
377 1045 551 1076 exerceatur
571 1043 642 1070 adeo
667 1045 700 1070 ut
725 1043 812 1070 etiam
837 1044 901 1079 ipsa
921 1045 991 1072 vitia

167 1097 266 1117 secum
283 1088 445 1124 pugnantia
460 1089 489 1115 et
504 1087 649 1115 contraria
660 1087 857 1119 inveniantur,
876 1097 927 1116 ceu
944 1089 988 1116 di-

167 1136 248 1161 ctum
260 1133 465 1168 estzﬂepletos
495 1133 572 1159 omni
600 1132 754 1168 iniquitate
781 1132 812 1159 ³³.
834 1133 868 1159 Et
894 1132 988 1160 illud:

165 1178 292 1206 Nondum
330 1178 405 1205 enim
428 1177 559 1212 completa
582 1179 646 1203 sunt
666 1178 780 1211 peccata
813 1177 988 1205 Amorrhzo-

167 1231 230 1250 rum
245 1223 278 1250 °‘.
291 1221 365 1255 Quin
383 1221 470 1249 etiam
486 1221 522 1248 ab
537 1221 600 1256 ipso
617 1220 765 1248 Salvatore
782 1221 892 1248 dictum
923 1224 986 1249 est:

166 1267 198 1294 Et
213 1275 258 1295 vos
278 1266 387 1301 implete
401 1273 560 1293 mensuram
574 1269 686 1300 patrum
700 1267 852 1293 vestrorum
862 1266 894 1293 ⁸³⁵.

202 1311 278 1339 889
295 1311 338 1338 17.
355 1311 461 1338 Semini
474 1317 602 1345 nequam.
619 1309 778 1342 Zizanium,
791 1311 868 1345 quod
884 1311 920 1338 ab
937 1311 990 1338 ini-

166 1356 243 1383 mico
258 1355 377 1383 homine
393 1362 465 1390 puro
489 1354 634 1382 frumento
651 1353 819 1389 inspersum
847 1357 902 1389 est,
925 1356 987 1390 jam

166 1400 300 1427 adultum
316 1399 396 1426 ﬁlius
412 1398 533 1434 iniquus
544 1398 647 1431 evasit,
663 1406 730 1424 cum
748 1397 826 1425 ﬁlius
837 1399 876 1425 sit
892 1401 988 1435 perdi-

166 1444 266 1479 tionis,
281 1444 419 1479 ﬁliusque
434 1442 581 1478 gehennae.
595 1443 776 1478 Quapropter
790 1445 818 1470 et
833 1444 989 1472 commise-

166 1488 279 1515 ratione
295 1486 375 1522 digni
392 1489 472 1520 sunt,
487 1485 537 1521 qui
553 1494 619 1513 cum
635 1489 735 1513 essent
754 1486 806 1513 ﬁlii
835 1487 987 1522 Altissimi,

165 1531 235 1559 facti
251 1533 321 1558 sunt
336 1530 389 1557 ﬁlii
405 1530 496 1565 iniqui
514 1539 521 1564 ;
538 1531 647 1566 quique
663 1538 729 1558 cum
746 1531 775 1558 in
799 1533 987 1567 generatione

165 1575 260 1611 magis
275 1574 372 1602 divina
388 1582 506 1602 manere
523 1574 702 1609 debuissent,
720 1575 787 1602 facti
804 1579 872 1603 sunt
887 1584 985 1605 semen
1003 1565 1024 1599 (ἶ

163 1627 302 1655 nequam.
319 1619 460 1646 Caeterum
479 1619 636 1646 inveterata
652 1619 764 1646 malitia
788 1620 823 1647 iis
853 1621 903 1656 qui
932 1622 989 1657 pri-

164 1671 246 1692 mum
262 1664 326 1699 ipsa
339 1662 438 1690 inferti
455 1665 534 1696 sunt,
555 1662 707 1690 interitum
737 1663 824 1698 parit.
854 1666 990 1693 Extrema

165 1714 294 1743 namque
306 1705 420 1733 malitia
434 1714 534 1733 secum
556 1706 621 1741 ipsa
644 1709 764 1742 pugnat.
794 1708 988 1744 Dereliquistia

165 1751 315 1780 Dominum
342 1752 368 1778 et
394 1751 528 1777 irritastz’s
552 1755 674 1777 sanctum
702 1751 801 1779 Israel.
836 1752 986 1784 Quodnam

165 1796 253 1823 datur
263 1795 360 1831 majus
376 1794 491 1822 malitias
503 1797 814 1830 argumentum,quam
830 1805 846 1824 ο
857 1797 931 1825 bono
941 1798 988 1826 de-

167 1841 253 1868 ﬁcere
263 1840 277 1867 ?
291 1848 354 1875 quae
365 1839 466 1866 itidem
479 1838 606 1874 pravitas
622 1839 716 1874 major
730 1848 817 1875 quam
834 1841 942 1869 bonum
955 1851 988 1870 ac

167 1885 268 1912 mitem
283 1891 455 1919 exasperare
469 1883 482 1910 Ἰ
496 1883 570 1914 Quin
586 1885 614 1910 et
628 1883 778 1912 deiisdem
804 1886 881 1920 apud
910 1888 988 1915 Jere.

162 1929 254 1956 miam
269 1930 478 1964 coarguuntur.
497 1929 539 1954 Me
553 1927 632 1954 enim
652 1927 857 1964 dereliquerunl
883 1931 986 1965 [antem

161 1980 243 2008 aqua?
256 1973 327 2001 υἱυκ
342 1973 374 1998 9°.
390 1971 497 1999 Verum
515 1979 565 2006 pro
581 1972 695 1999 ratione
716 1975 743 2000 et
759 1974 846 2001 modo
862 1974 985 2010 hujusce

161 2016 333 2045 defectionis
347 2015 551 2052 unusquisque
562 2016 617 2043 sibi
628 2016 770 2052 ipse,cnm
787 2020 984 2048 remuneratio

161 2061 223 2096 ﬁet,
238 2061 286 2088 iraa
302 2068 472 2088 mensuram
488 2060 629 2087 recondit.
641 2060 765 2089 Alienati
783 2066 849 2090 sunt
880 2068 982 2091 retror-

158 2114 230 2134 sum.
247 2105 306 2133 Hoc
321 2113 355 2133 ex
371 2105 500 2132 editione
515 2105 724 2133 Theodotionis
741 2107 909 2142 appositum
929 2112 981 2143 est,

159 2150 245 2186 quasi
261 2158 278 2177 a
292 2150 349 2177 Deo
366 2148 527 2176 abalienari
543 2149 671 2184 quodam
686 2149 716 2177 in
731 2151 834 2178 vitium
848 2152 944 2188 lapsu,
957 2153 982 2181 si

157 2194 371 2230 interpreteris,
387 2193 463 2220 idem
492 2192 530 2220 sit
559 2196 647 2228 atque
675 2202 741 2222 eum
769 2196 980 2232 derelinquere.

1044 244 1082 278 πή
1109 245 1161 271 ἀπὸ
1184 247 1237 272 τῶν
1263 244 1414 272 ἐλαττόνων
1430 244 1474 272 ἐπὶ
1490 245 1524 271 τὰ
1540 244 1625 280 μείζω
1642 245 1679 280 (5)
1691 247 1741 278 τήν
1757 242 1869 279 αὔξησιν

1045 288 1114 325 ἔχει’
1131 288 1216 320 οὕτως
1232 290 1248 323 ἡ
1273 292 1323 323 τῆς
1339 289 1432 319 κακίας
1447 288 1526 326 χύσις
1553 288 1605 315 ἀπὸ
1631 291 1684 315 τῶν
1714 287 1872 315 ὑποδεεστὲ-

1046 343 1099 370 ρσυν
1114 336 1168 360 τῶν
1184 333 1209 368 ἐξ
1226 333 1315 370 ἀρχῆς
1332 333 1375 360 ἐπὶ
1398 333 1429 360 τὸ
1443 333 1589 368 ἀνήκεστον
1614 333 1734 370 φέρεται.
1756 332 1871 368 Σπέρμα

1045 376 1074 404 δὲ
1089 378 1157 415 πρὸς
1179 377 1254 409 υἱοὺς
1278 377 1351 405 πολὺ
1374 377 1405 405 τὸ
1421 377 1570 404 ἀκόλουοον
1586 377 1631 404 καὶ
1647 377 1704 404 κατ’
1719 376 1803 410 αὐτὴν
1818 377 1870 410 τήν

1045 421 1124 461 φύσεν
1148 421 1216 459 ἔχει.
1243 423 1311 450 Ἀπὸ
1335 422 1383 449 τοῦ
1399 421 1554 459 σπέρματος
1575 422 1625 459 γὰρ
1639 422 1677 452 εἰς
1693 421 1724 448 τὸ
1741 421 1815 452 υἱοὺς
1831 422 1870 457 (ὃ)

1044 467 1165 503 γενέσθαι
1187 467 1346 503 προκόπτει,
1377 466 1407 493 οὐ
1432 466 1512 502 μόνον
1538 466 1605 493 κατὰ
1631 466 1679 496 τὰς
1709 466 1869 501 σωματικὰς

1044 511 1170 548 γενέσεις,
1203 509 1276 537 ἀλλὰ
1304 511 1348 537 καὶ
1373 511 1441 538 κατὰ
1460 511 1509 545 τήν
1540 510 1565 537 ἒν
1587 512 1664 547 ψυχῇ
1691 509 1812 545 αὔξησιν,
1838 510 1869 537 ἐκ

1043 557 1096 582 τῶν
1120 558 1170 588 τῆς
1197 553 1371 586 διδασκαλίας
1400 555 1560 592 σπερμάτων
1586 554 1624 584 εἷς
1637 555 1687 588 τὴν
1714 554 1780 591 πρὸς
1804 553 1869 584 τοὺς

1045 598 1201 634 διδάξαντας
1221 599 1381 635 ἰξομοίωσιν
1408 602 1460 626 τῶν
1494 598 1698 635 ὑποδεξαμένων
1723 598 1755 625 τὰ
1779 597 1870 635 διδάγ-

1046 655 1116 680 ματα
1144 643 1364 682 προκοπτόντων,
1394 644 1438 670 καὶ
1466 642 1510 670 διὰ
1529 646 1610 671 τοῦτο
1625 644 1690 670 υἱῶν
1726 653 1870 681 χρηματι-

1045 689 1155 722 ζόντων,
1185 687 1247 723 ἤτοι
1277 689 1342 715 υἱῶν
1369 691 1420 722 τῆς
1455 687 1605 724 βασιλείας,
1622 687 1684 714 ὅταν
1698 687 1731 714 τὰ
1746 689 1869 726 σωτήρια

1044 731 1182 768 δεξάμενοι
1212 733 1252 769 (7)
1279 731 1430 769 σπέρματα,
1456 733 1513 759 κατ’
1545 732 1613 759 αὐτᾶ
1641 731 1818 767 τελειοῦνται,
1849 734 1866 767 ἢ

1042 781 1092 811 τῆς
1106 777 1216 814 γεέννης
1242 778 1319 812 υἱῶν,
1362 777 1405 804 ἐὰν
1432 776 1462 804 ἐκ
1488 779 1616 813 πονηρῶν
1645 775 1817 814 διδαγμάτων
1833 779 1867 813 τῇ

1043 821 1166 856 ἀπωλείᾳ
1189 823 1425 858 προσοικειῶνται.
1442 820 1555 859 Μεγάλη
1571 820 1599 848 δὲ
1613 821 1777 858 κατηγορία,
1801 820 1866 848 δλον

1044 865 1117 897 ἔθνος
1146 866 1308 904 ἁμαρτωλὸν
1335 865 1528 904 χρηματίζειν,
1560 867 1596 897 ὡς
1624 864 1727 902 μηδίνα
1743 866 1768 893 ἐν
1793 866 1867 902 αὐτῷ

1042 912 1200 948 κατορθοῦν·
1224 911 1268 938 καὶ
1299 909 1364 938 λαὸν
1384 910 1478 948 πλήρη
1497 911 1646 946 ἁμαρτιῶν,
1670 911 1708 941 ὡς
1731 912 1782 936 πᾶν
1797 909 1866 940 εἶδος

1044 955 1156 991 ἀνομίας
1177 956 1214 992 (8)
1237 954 1439 989 ἐπιτηδεύεσθαι
1465 955 1528 992 παρ’
1554 954 1652 988 αὖτῶν,
1669 953 1743 982 ἀλλὰ
1766 954 1811 981 καὶ
1835 954 1868 981 τὰ

1042 1003 1091 1034 τῆς
1122 999 1215 1030 κακίας
1252 1000 1319 1036 πρὸς
1349 1000 1444 1034 ἑαυτὴν
1474 998 1660 1035 ἐναντιώματα
1688 998 1866 1036 ε’ἶιρίσκέσθαι,

1042 1044 1130 1075 καθὼς
1170 1042 1290 1080 εἴρηταν
1337 1042 1574 1080 Πεπληρωμὲνους
1616 1043 1705 1077 πάσης
1749 1041 1865 1073 ἀδικίας·

1042 1088 1086 1115 καὶ
1114 1089 1156 1121 τὸ,
1187 1087 1271 1116 Οῧπω
1302 1087 1353 1125 γὰρ
1390 1086 1635 1124 ἀνατιεπλήρωνται
1676 1087 1703 1113 αἱ
1737 1087 1866 1123 ἁμαρτίαι

1061 1135 1075 1140 ~
1140 1133 1145 1143 ν
1237 1132 1243 1142 ‹
1268 1132 1273 1141 ι
1322 1141 1327 1147 .
1408 1131 1415 1141 κ
1602 1130 1615 1138 ν
1722 1134 1735 1140 ~
1845 1130 1865 1151 ε.

1043 1143 1096 1160 των
1148 1132 1312 1170 Αμορραιων
1371 1142 1416 1159 και
1456 1131 1528 1167 παρά
1570 1142 1617 1158 του
1656 1135 1785 1169 Σωτηρος
1827 1130 1854 1157 δ-

1043 1175 1212 1214 Πληρώσατε
1250 1176 1294 1204 καὶ
1335 1176 1413 1212 ὑμεῖς
1450 1176 1482 1203 τὸ
1524 1175 1620 1212 μέτρον
1658 1177 1712 1202 τῶν
1742 1174 1864 1212 πατέρων

1044 1221 1131 1258 ὑμῶν.

1079 1311 1122 1338 17.
1153 1309 1267 1346 Σπέρμα
1289 1309 1419 1346 πονηρόν.
1449 1310 1484 1336 Τὸ
1516 1308 1589 1346 παρὰ
1617 1310 1666 1336 τοῦ
1695 1308 1794 1346 ἐχθροῦ
1822 1309 1868 1335 ἇν-

1044 1355 1154 1392 θρώπου
1181 1355 1221 1389 τῷ
1250 1354 1360 1391 καθαρῷ
1389 1353 1456 1389 σίτῳ
1471 1352 1617 1391 ἐπισπαρὶν
1649 1353 1779 1388 ζιζάνιον,
1796 1353 1810 1380 ὃ
1827 1353 1865 1384 εἰς

1041 1398 1183 1426 τελείωσιν
1206 1397 1282 1425 ἐλθὸν
1307 1397 1364 1428 υἱὸς
1393 1397 1495 1435 ἐγένετο
1520 1398 1633 1433 ἄνομος,
1663 1397 1720 1428 υἱὸς
1750 1397 1787 1424 ὢν
1817 1397 1867 1424 ἀπ-

1043 1442 1142 1474 ωλείας
1167 1442 1211 1470 καὶ
1237 1441 1294 1472 υίὸς
1321 1443 1358 1478 (9)
1383 1441 1503 1479 γεέννης,
1529 1442 1576 1468 Διὰ
1599 1443 1680 1468 τοῦτο
1704 1442 1748 1469 καὶ
1765 1443 1866 1479 θρήνου

1044 1489 1177 1524 ἀξιοῦνται
1206 1487 1243 1520 οἱ,
1268 1486 1326 1513 ἀντὶ
1343 1488 1389 1513 τοῦ
1405 1486 1458 1512 υἱοὶ
1474 1486 1599 1523 Ὑψίστου
1624 1486 1701 1522 εἶναι,
1718 1486 1772 1513 υἱοί
1788 1486 1866 1523 γενό-

1045 1541 1121 1568 μενοι
1136 1528 1245 1566 ἄνομοι,
1269 1529 1313 1557 καὶ
1330 1529 1386 1557 ἀντὶ
1412 1531 1461 1556 τοῦ
1479 1532 1567 1566 μεῖναι
1583 1529 1608 1557 ἐν
1625 1530 1681 1566 (10)
1696 1532 1730 1567 τῇ
1745 1530 1869 1568 θειοτέρα

1042 1576 1174 1614 γεννήσει,
1205 1574 1312 1610 σπέρμα
1334 1574 1474 1612 γενόμενοι
1499 1573 1628 1612 πονηρόν·
1664 1573 1737 1609 πλὴν
1777 1575 1818 1602 ὅτι
1850 1577 1867 1610 ἡ

1043 1619 1068 1646 ἐν
1099 1618 1152 1646 ἔθει
1185 1619 1305 1655 πονηρία
1334 1618 1419 1646 αὐτῶν
1447 1620 1554 1655 πρῶτον
1578 1620 1631 1645 τῶν
1661 1618 1779 1656 ἑχόντων
1811 1619 1867 1646 ἐστῖ

1044 1664 1191 1703 φθαρτική·
1226 1662 1256 1689 τὸ
1291 1663 1340 1700 γὰρ
1379 1662 1492 1700 ἔχαστον
1521 1661 1545 1689 ἓν
1575 1662 1692 1698 πονηρίᾳ
1725 1663 1770 1690 καὶ
1799 1665 1869 1701 πρὸς

1043 1708 1120 1736 ἑαυτό
1164 1708 1234 1734 ἐστιν
1271 1707 1444 1746 ἀσύμφωνον.
1484 1706 1691 1744 Ἐγκατελίπατε
1725 1708 1782 1744 (11)
1818 1709 1866 1735 τὸν

1043 1752 1152 1788 Κύριον,
1190 1750 1236 1778 καί
1272 1751 1445 1789 παρωξύνατε
1483 1751 1528 1778 τὸν
1559 1752 1633 1789 ἅγιον
1663 1753 1711 1778 τοῦ
1741 1751 1865 1788 Ἰσραήλ.

1041 1797 1086 1827 Τίς
1115 1796 1214 1832 μείζων
1228 1795 1322 1827 κακίας
1337 1794 1483 1832 ἀπόδειξις,
1500 1795 1517 1830 ἢ
1533 1796 1550 1830 ἠ
1567 1797 1615 1823 τοῦ
1635 1796 1737 1833 ἀγαθοῦ
1752 1795 1864 1833 ἐγκατά-

1042 1840 1151 1877 λειψιςς
1180 1841 1223 1868 καὶ
1251 1840 1380 1876 πονηρίας
1411 1838 1563 1876 ὑπερϐοΛ-ἠ,
1591 1840 1623 1867 τὸ
1652 1841 1797 1877 παροξῦναι
1819 1842 1866 1868 τὸν

1041 1885 1140 1923 ἀγαθὸν
1165 1885 1209 1912 καὶ
1236 1887 1321 1922 πρᾶον
1350 1886 1426 1920 (12);
1455 1885 1489 1911 Τὸ
1516 1884 1580 1912 αὐτὸ
1607 1883 1635 1911 δὲ
1664 1884 1709 1912 καὶ
1723 1885 1796 1922 παρὰ
1824 1888 1864 1921 τῷ

1039 1929 1154 1967 Ὶερεμίᾳ
1190 1931 1425 1965 κατηγοροῦνται.
1474 1928 1542 1964 Ἐμὶ
1592 1929 1642 1966 γὰρ
1685 1929 1861 1967 ἐγκατέλιπον

1039 1975 1129 2013 πηγὴν
1160 1972 1255 2004 ὕδατος
1287 1975 1397 2007 ζῶντος.
1424 1973 1497 2000 Κατὰ
1519 1972 1548 2000 δὶ
1569 1974 1620 2007 τὴν
1645 1973 1783 2008 ποσότητα
1812 1978 1863 2009 τῆς

1039 2019 1265 2058 ἓγκαταλείψεως,
1291 2019 1322 2046 τὸ
1352 2018 1447 2055 μέτρον
1476 2018 1588 2048 ἕκαστος
1604 2018 1690 2054 ἑαυτῴ
1706 2020 1862 2056 θησυαρίζει

1037 2065 1086 2098 τῆς
1120 2063 1146 2091 ἐν
1177 2065 1211 2099 τῇ
1246 2061 1419 2090 ἀνταποδόσει
1461 2062 1555 2100 ὀργῆς.
1584 2061 1860 2100 Ἀπελλοτριώθησαν

1037 2108 1076 2140 εἰς
1103 2108 1136 2135 τὰ
1166 2108 1264 2135 ὀπίσω.
1281 2109 1364 2134 Τοῦτο
1381 2106 1434 2133 ἀπὸ
1448 2108 1496 2133 τοῦ
1512 2107 1567 2143 (13)
1584 2105 1766 2138 Θεοδοτίωνος
1781 2118 1865 2146 προσ-

1037 2153 1125 2188 ετέθη,
1151 2151 1234 2179 οἱονεὶ
1260 2151 1391 2188 ἑρμηνεία
1413 2152 1462 2177 τοῦ
1488 2150 1688 2188 ἐγκαταλιπεῖν,
1715 2152 1746 2179 τὸ
1774 2152 1862 2180 ἁπαλ-

1037 2196 1210 2233 λοτριοῦσθαι
1225 2198 1272 2222 τοῦ
1289 2197 1355 2222 Θεοῦ
1372 2193 1416 2221 διὰ
1427 2198 1477 2229 τῆς
1492 2194 1535 2221 ἐπὶ
1563 2195 1594 2222 τὸ
1619 2197 1714 2232 χεῖρον
1729 2197 1860 2224 ἁποπτώ-

158 2238 412 2272 Quemadmodum
432 2237 511 2264 enim
527 2236 552 2264 is
568 2238 616 2272 qui
633 2239 669 2265 ad
686 2240 892 2273 perfectionem
914 2250 982 2269 con-

1043 2251 1114 2271 ιεως,
1148 2241 1248 2277 Ὥσπερ
1278 2240 1328 2277 γὰρ
1360 2240 1373 2266 ὁ
1401 2238 1592 2275 τελειούμενος
1620 2242 1679 2269 τοῖς
1709 2239 1860 2276 ἔμπροσθεν

156 2283 261 2317 tendit,
277 2282 306 2310 in
322 2282 468 2310 anteriora
483 2282 681 2316 progreditur,
693 2283 733 2311 ita
744 2287 880 2320 peccator
903 2290 978 2313 relro

1034 2284 1222 2319 ἐπεκτείνεται,
1261 2284 1346 2314 οὕτως
1385 2283 1398 2310 ὸ
1434 2283 1596 2320 ἁμαρτάνων
1621 2283 1660 2315 εἷς
1687 2284 1718 2311 τὸ
1745 2285 1861 2312 κατόπιν

193 2373 215 2392 ⁸⁸
229 2375 311 2401 Rom.
328 2382 346 2408 ι,
358 2374 402 2401 25.
419 2374 442 2392 9‘
455 2374 526 2402 Gen.
542 2382 589 2407 xv,
606 2375 649 2401 16.
665 2374 688 2392 νδ
703 2374 806 2402 Matth.
823 2384 903 2409 xxm,
919 2376 963 2403 32.
980 2376 994 2393 ⁹¹

1043 2383 1123 2403 erem.
1139 2384 1170 2410 ιι,
1186 2376 1229 2403 13.

157 2500 172 2533 ζ
191 2462 227 2498 (5)
244 2463 321 2491 Editi
336 2465 364 2492 et
379 2464 437 2492 duo
448 2472 532 2499 mss.,
546 2463 578 2490 τὸ
596 2465 699 2499 μεῖζον.
717 2463 771 2491 Alii
789 2466 858 2499 tres,
875 2464 907 2491 τὰ
923 2464 980 2501 μεί-

173 2508 205 2526 ω.

173 2508 205 2526 ω.

193 2534 231 2569 (ϐ)
247 2534 407 2563 Colbertini
423 2535 537 2570 primus
553 2537 581 2563 et
595 2535 710 2567 tertius,
727 2534 794 2566 υἱός.
813 2536 887 2563 Editi
909 2545 977 2564 cum

153 2570 221 2611 Reg.
234 2572 373 2611 secundo,
389 2572 454 2602 τοὺς
471 2570 558 2601 υἱούς.
575 2571 657 2606 Regii
680 2571 793 2606 primus
817 2575 845 2599 et
874 2574 977 2600 tertius

153 2608 187 2634 ut
201 2608 230 2633 in
245 2608 337 2634 textu.

190 2643 228 2676 (7)
245 2642 314 2679 Reg.
328 2644 488 2679 secundus,
507 2640 668 2679 δεξαμένων.
687 2641 798 2669 Ibidem
816 2643 978 2679 mss.quin-

153 2685 223 2711 que.
238 2676 405 2706 τελειοῦντα.
423 2679 510 2713 Editi,
526 2676 693 2704 τελειῶνται.

189 2713 225 2748 (8)
237 2713 282 2751 §i_c
294 2715 364 2742 editi
380 2723 445 2742 cum
461 2714 587 2751 duobus
608 2721 691 2751 mss._
703 2712 770 2751 Alii_
786 2716 855 2748 tres,
889 2714 977 2751 ἀμαρ-

151 2746 222 2785 τίειςὲ
239 2748 304 2785 Mox
320 2758 392 2778 mss.
409 2751 467 2778 duo
482 2748 668 2785 ἐναντιώματα
681 2746 891 2785 ἐνευρίσκεσθαι.

189 2784 226 2819 (9)
244 2784 285 2812 Ita
300 2786 371 2814 editi
386 2788 413 2813 et
430 2794 502 2813 mss.
518 2783 661 2812 nonnulli.
681 2783 748 2812 Vox‘
763 2784 821 2815 υἱός
845 2786 874 2814 in
899 2788 976 2814 utro-

1035 2472 1093 2500 que
1106 2464 1234 2503 (ἔροιοοῆ
1250 2465 1341 2492 deest.
1357 2465 1419 2492 Non
1436 2464 1522 2501 longe
1536 2465 1605 2492 hinc
1616 2466 1673 2493 duo
1691 2474 1776 2501 mss.,
1791 2467 1857 2503 θρή-

1032 2499 1093 2530 νους
1107 2499 1253 2534 ἀξιοῦνται.

1068 2536 1125 2571 (10)
1140 2536 1218 2564 Editi
1232 2545 1298 2563 cum
1316 2536 1432 2564 duobus
1445 2544 1530 2569 mss.,
1547 2534 1600 2563 ἐπί.
1631 2536 1687 2563 Alii
1717 2539 1788 2571 tres,
1819 2536 1855 2564 ἐν.

1033 2572 1090 2617 Nec
1105 2572 1148 2599 ita
1158 2572 1251 2599 multo
1267 2575 1334 2608 post
1349 2580 1422 2599 mss.
1448 2572 1588 2607 quinque,
1618 2574 1738 2609 πρῶτον.
1768 2574 1855 2608 Editi,

1031 2617 1158 2633 ποωτων.

1054 2617 1302 2680 ρδῖῗῖοςὶῑυιῂίη
1317 2651 1388 2680 mss.
1407 2642 1567 2680 nonnullis,
1585 2641 1782 2680 ἐγκρτελίπετε.

1068 2679 1125 2714 (12)
1144 2677 1268 2706 Ιιιιίούιιὶ
1285 2681 1312 2706 et
1323 2679 1379 2706 duo
1392 2687 1463 2706 mss.
1481 2678 1535 2705 Alii
1548 2677 1618 2712 tres,
1631 2677 1720 2714 ἅγιον.

1032 2715 1125 2777 DUb‘)
1142 2715 1189 2742 Sic
1219 2723 1290 2742 mss.
1315 2716 1351 2742 At
1379 2715 1448 2742 editi
1473 2715 1623 2747 omittunt,
1653 2715 1753 2742 Τοῦτο.
1786 2716 1856 2751 Lege

1059 2758 1104 2777 uc.

1059 2758 1104 2778 uc.
