2018 3146
179 157 236 189 “'7

644 156 844 187 APPENDIX
866 156 1028 188 OPERUM
1051 157 1084 187 S.
1106 156 1250 187 BASILII
1273 156 1411 187 MAGNI.

1825 154 1884 184 M8

178 226 229 260 put
243 231 336 252 eorum
348 224 369 251 π.
384 225 458 250 Nam
474 231 540 251 cum
562 224 622 250 tota
637 231 709 259 gens
725 222 869 258 peccatrix
888 223 935 257 sit,
951 231 999 258 po-

1066 222 1103 249 ιαὶ
1119 223 1136 256 ἡ
1161 221 1273 252 κόλασις
1297 221 1341 249 ἐπὶ
1367 222 1468 252 πάντας
1493 219 1599 260 ἔφθασε,
1623 222 1666 248 καὶ
1695 223 1767 248 πᾶσα
1790 219 1891 256 καρδία

180 268 328 304 pulusque
345 269 442 295 omnis
459 267 586 303 peccatis
603 267 716 303 plenus,
733 267 770 294 ob
786 267 813 294 id
839 267 875 295 ad
905 275 1007 295 omnes

181 312 313 348 pervenit
327 311 516 348 supplicium,
533 311 557 338 ei
574 319 660 339 omne
675 320 725 339 cor
740 314 851 346 mmret,
867 312 1006 347 quoniam

181 357 212 385 in
228 356 425 393 captivitatem
435 357 471 384 ob
488 359 606 392 peccata
626 365 680 384 sua
708 357 852 384 abductus
879 357 1006 393 populus

182 403 236 429 est.
252 401 410 429 Vsas.6.A
427 401 540 436 pedibus
560 409 645 437 usque
659 401 694 428 ad
718 404 799 437 caput
827 409 882 429 non
910 407 949 429 est
976 402 1006 428 in

181 454 211 474 ea
225 446 343 480 sanitas,
359 453 447 481 neque
466 446 575 479 vulnus,
591 454 677 481 neque
700 447 779 479 livor,
809 454 896 482 neque
923 446 1006 481 plaga

182 495 300 518 tumens.
315 491 396 517 Hanc
411 497 522 523 vocem,
538 492 629 526 caput,
652 498 703 525 pro
731 492 792 518 toto
820 490 931 526 accepit
954 490 1006 518 ho-

180 534 271 566 mine.
288 534 307 561 A
324 533 438 569 pedibus
452 542 538 569 usque
555 534 590 561 ad
604 539 686 570 caput
709 542 765 561 non
780 536 818 562 est
844 535 874 562 in
901 542 933 562 eo
961 542 1005 562 sa-

181 579 254 606 nitas
265 587 274 606 :
286 586 373 614 neque
383 578 497 612 vulnus,
511 586 598 614 neque
610 579 689 612 livor,
698 578 873 615 nequeplaga
880 583 1003 612 tumens;

182 625 334 658 propterea
348 623 425 658 quod
439 623 474 649 ob
488 623 719 658 unumquodque
730 626 881 659 peccatum
894 623 1006 650 invecta

182 668 252 694 sunt
265 666 380 702 ﬂagella
395 667 429 694 ab
440 675 473 694 eo
489 667 539 702 qui
556 667 688 703 ipsorum
701 675 801 695 curam
814 667 1003 703 suscipiebat.

185 711 304 745 Deinde,
325 719 391 738 cum
407 711 525 746 vulnus,
542 712 744 739 continuitatis
759 712 888 748 corporis
903 712 1005 739 sitdis-

185 755 432 788 solutio,discissu
445 756 475 783 in
487 756 592 791 exigua
606 756 705 792 aliqua
720 759 800 792 parte
815 757 1005 792 connexione,

183 799 281 836 sitque
293 800 365 827 livor
381 799 472 836 plagae
489 800 644 836 vestigium
661 801 958 834 subcruentum,cum
971 809 1005 828 ex

184 843 291 872 duritie
306 847 335 872 et
351 845 508 880 asperitate
519 845 657 873 credentis
672 846 864 873 contunditur
887 854 1004 882 corpus,

182 888 298 924 hocque
311 889 466 924 vestigium
479 889 508 916 in
526 889 624 925 aliqua
638 892 718 925 parte
733 889 913 925 imprimitur
925 898 1003 923 ;cum

181 932 284 960 itidem
299 932 474 969 phlegmone
487 935 586 961 tumor
596 934 706 970 ignitus
718 934 766 966 sit,
782 935 900 970 quando
924 934 1001 962 scili-

183 980 228 1004 cet
238 977 377 1005 humores
389 977 418 1005 iu
435 978 583 1005 inﬁrmam
599 986 632 1005 ac
647 978 772 1006 debilem
790 981 902 1014 partem
933 987 1003 1006 con—

183 1021 290 1054 ﬂuunt,
306 1024 335 1048 et
353 1021 427 1049 male
443 1023 576 1050 alfectam
606 1021 701 1050 calore
729 1025 839 1050 naturae
861 1024 1004 1051 contrarie

184 1066 363 1099 accendunt;
381 1065 451 1101 quid
467 1066 502 1094 de
513 1065 560 1094 his
574 1066 646 1094 dicit
661 1066 820 1102 Scriptura,
832 1067 882 1102 qui
897 1067 948 1094 toti
960 1067 1004 1094 in-

185 1110 324 1139 ﬁrmitate
340 1119 460 1146 prorsus
475 1112 599 1148 correpti
611 1114 681 1139 sunt
695 1112 709 1139 ?
722 1112 1005 1146 Non’utvulnus,in-

187 1155 260 1191 quit,
277 1163 335 1183 non
353 1158 385 1183 ut
400 1155 484 1190 livor,
500 1164 557 1184 non
569 1159 602 1184 ut
617 1157 703 1192 plaga
718 1159 853 1185 tumens:
866 1157 906 1185 ita
921 1158 1006 1194 aegri-

185 1200 258 1228 tudo
273 1202 370 1228 vcstra
384 1209 434 1228 vos
451 1202 620 1236 occupavit;
637 1201 687 1228 scd
704 1201 881 1236 conjunctim
899 1202 1008 1238 ingruit

185 1244 268 1271 vobis
280 1244 403 1279 malum,
417 1244 457 1272 ita
473 1247 504 1272 ut
519 1246 641 1272 confusa
657 1245 717 1273 sint
745 1246 854 1279 omnia,
880 1247 1009 1282 adeoque

185 1288 246 1316 sint
261 1289 379 1322 vulnus,
396 1288 478 1324 livor,
495 1291 522 1316 ct
533 1289 628 1325 plaga.
645 1290 703 1317 Non
725 1295 764 1317 est
787 1290 924 1325 malagma
953 1291 1008 1318 im—

182 1341 293 1369 ponere,
309 1342 397 1370 neque
411 1334 512 1366 oleum,
528 1342 615 1369 neque
637 1334 802 1370 ligamenta.
820 1335 1009 1370 Quandoqui-

184 1378 251 1405 dem
263 1378 323 1406 hinc
338 1378 488 1414 egritudo,
498 1378 628 1414 vulnere,
636 1378 723 1406 livore
731 1388 763 1406 ac
779 1379 864 1415 plaga
877 1382 1010 1407 tumente

184 1423 267 1459 pejor
280 1425 339 1457 est;
356 1431 414 1450 non
435 1426 479 1451 est
495 1422 641 1459 malagma
653 1423 804 1459 imponere
819 1427 960 1460 tanquam
973 1424 1009 1451 ad

184 1466 313 1503 plagam,
329 1475 423 1502 neque
439 1467 545 1502 oleum,
564 1470 595 1495 ut
610 1468 646 1495 ad
660 1467 790 1496 vulnera.
808 1469 869 1496 Non
884 1469 1010 1504 jam,in-

185 1512 260 1548 quit,
278 1521 352 1548 opus
367 1515 411 1540 est
427 1512 507 1541 hisce
523 1513 660 1541 remediis
675 1522 681 1541 :
695 1514 803 1550 quippe
819 1514 932 1550 majora
942 1516 1012 1542 sunt

186 1558 385 1593 symptomata
400 1565 487 1593 quam
505 1559 538 1584 ut
550 1557 631 1586 hisce
652 1558 874 1587 medicamentis
894 1559 1009 1586 cedant.

1061 265 1183 304 λυπηρὰ,
1199 266 1237 297 είς
1254 265 1447 304 αἰχμαλωσίαν
1463 265 1598 303 ἀγομένου
1614 266 1670 301 (20)
1684 267 1732 292 τοῦ
1752 264 1821 292 λαοῦ
1844 263 1889 292 διὰ

1061 312 1094 338 τὰ
1131 313 1338 350 ἁμαρτήματα.
1366 312 1431 340 Ἀπὸ
1465 310 1558 338 ποδῶν
1596 309 1648 341 ἕως
1686 309 1810 348 κεφαλῆς
1840 310 1890 337 οὐκ

1061 353 1130 383 ἔστιν
1159 355 1184 384 ἐν
1214 357 1288 392 αὐτῷ
1317 356 1482 393 ὁλοκληρία,
1511 354 1572 383 οὕτε
1599 357 1716 392 τραῦμα,
1735 353 1797 382 οὔτε
1827 354 1886 390 μώ-

1061 399 1134 437 λωψ,
1159 399 1221 428 οὔτε
1249 400 1343 438 πληγή
1375 399 1589 439 φλεγμαίνουσα.
1620 399 1670 434 Τὸ,
1696 398 1819 438 Κεφαλὴ,
1843 397 1889 425 ἐπὶ

1061 443 1130 471 ὅλου
1150 442 1233 471 ἔλαϐε
1246 447 1294 471 τοῦ
1311 445 1464 483 ἀνθρώπου.
1481 444 1550 472 Ἀπὸ
1572 442 1663 471 ποδῶν
1685 443 1738 474 ἓως
1764 442 1889 482 κεφαλῆς

1061 489 1113 516 οὐκ
1140 488 1211 516 ἔστιν
1240 489 1267 516 ἐν
1293 489 1367 525 αὐτῷ
1401 488 1566 525 ὀλοκληρία,
1592 486 1654 515 οὔτε
1679 489 1796 525 τραῦμα,
1824 485 1888 514 οὔτε

1063 532 1190 570 μώλωψ,
1219 532 1280 561 οὔτε
1316 533 1411 571 πληγὴ
1442 532 1665 572 φλεγμαίνουσα·
1693 530 1737 559 διὰ
1769 531 1818 562 τὰς
1848 531 1889 570 ἐφ’

1060 577 1164 614 ἑκάστῳ
1179 578 1357 615 ἁμαρτήματι
1382 580 1454 614 παρά
1482 579 1530 604 τοῦ
1564 575 1765 613 ὶπιμελομὲνου
1795 575 1885 603 αὐτῶν

1060 621 1244 660 ἐπενεχθείσας
1276 624 1418 659 μάστιγας.
1443 621 1508 650 Εἶτα
1535 619 1631 656 ἐπειδή
1667 622 1774 657 ἰῖραῦμε⁵
1810 619 1890 652 λύσις

1059 666 1115 694 ἐστὶ
1144 670 1194 697 τττς
1218 668 1265 693 τοῦ
1296 667 1422 701 σώματος
1453 665 1604 703 συνεχείας,
1633 665 1700 692 κατᾶ
1731 664 1829 702 μικρόν
1860 675 1887 692 τι

1062 710 1143 749 μέρος
1166 714 1216 745 τῆς
1244 711 1388 748 συναφείας
1408 709 1597 745 ὂιακοπείσης’
1613 709 1657 737 καὶ
1682 709 1718 740 ὡς
1744 709 1759 736 ὁ
1777 707 1888 746 μώλωψ

1061 754 1139 793 ἴχνος
1152 755 1207 782 ἔστὶ
1223 755 1332 792 πληγῆς
1347 754 1476 792 ὕφαιμον,
1493 754 1655 786 θλασθὲντος
1683 755 1732 781 τοῦ
1759 753 1888 789 σώματος

1060 799 1090 827 ἐκ
1103 803 1153 834 τῆς
1166 799 1321 830 ἀντιτυπίας
1337 802 1385 826 τοῦ
1401 798 1566 834 πλήξαντος,
1583 798 1628 825 καὶ
1657 800 1736 825 τοῦτο
1767 796 1796 824 δὲ
1819 798 1888 824 κατᾶ

1059 854 1084 870 τι
1111 845 1193 882 μέρος
1229 843 1398 871 συνίσταται·
1427 843 1470 870 καὶ
1497 844 1514 878 ἡ
1545 842 1686 881 φλεγμονὴ
1721 840 1804 879 ὅγκος
1830 841 1887 869 ἐστὶ

1059 887 1200 926 πυρώδης,
1223 888 1390 926 συρρεόντων
1414 887 1457 915 ἐπὶ
1481 887 1513 915 τὸ
1536 887 1682 921 ἀσθενῆσαν
1712 885 1793 924 μέρος
1830 888 1886 913 τῶν

1061 933 1160 970 ὑγρῶν,
1175 933 1220 960 καὶ
1243 934 1277 969 τῇ
1302 933 1374 969 παρὰ
1397 932 1474 969 φύσιν
1505 931 1637 969 θερμασίᾳ
1667 929 1825 970 φλεγόντων
1853 931 1885 958 τὸ

1058 977 1204 1009 πεπονθόςο
1221 977 1235 1004 ὁ
1266 976 1349 1014 λόγος
1376 976 1402 1004 τί
1431 986 1496 1015 φησι
1512 975 1572 1013 περὶ
1587 978 1641 1003 τῶν
1661 974 1734 1002 ὅλων
1760 974 1794 1002 δι’
1816 974 1885 1002 ὅλου

1058 1022 1093 1059 τῇ
1116 1022 1238 1057 ἀσθενείᾳ
1260 1021 1508 1058 κατειλημμίνων;
1531 1022 1592 1049 “Οτι
1623 1020 1676 1058 οὐχ
1700 1021 1738 1052 ὡς
1763 1022 1884 1058 τραῦμα,

1061 1066 1153 1106 φησὶν,
1171 1065 1233 1094 οὐδὲ
1249 1067 1285 1097 ὡς
1302 1066 1420 1104 μώλωψ,
1438 1065 1500 1094 οὐδὲ
1515 1065 1552 1097 ὡς
1578 1065 1673 1104 πληγὴ
1699 1064 1885 1104 φλεγμαίνου-

1062 1122 1103 1146 σα,
1121 1111 1208 1142 οὕτως
1225 1112 1300 1148 ὑμῶν
1316 1112 1334 1146 ἡ
1357 1111 1493 1150 ἀρρωστία
1519 1110 1620 1147 ἥψατο,
1637 1109 1709 1137 ἀλλᾶ
1734 1109 1886 1146 ὗνωμὶνως

1062 1156 1192 1184 ἒπίκειται
1223 1156 1286 1192 ὑμῖν
1309 1156 1340 1183 τὸ
1364 1156 1460 1190 κακὸν,
1479 1156 1516 1186 ὡς
1544 1156 1629 1182 πάντα
1658 1154 1724 1181 εἶναι
1752 1163 1887 1191 συγκεχυ-

1065 1201 1140 1238 μὲνα,
1158 1200 1203 1228 καὶ
1219 1203 1327 1238 τραῦμα
1343 1200 1409 1228 εἶναι
1426 1201 1492 1235 (21),
1509 1199 1553 1226 καὶ
1585 1198 1723 1235 μώλωπα,
1747 1198 1791 1225 καὶ
1817 1197 1889 1231 πλη-

1063 1247 1125 1284 γήν.
1156 1245 1211 1272 Οὐκ
1245 1244 1299 1272 ἔστι
1340 1244 1472 1282 μάλαγμα
1510 1244 1652 1278 ἐπιθεῖναι,
1681 1242 1742 1270 οὔτε
1783 1241 1888 1277 ἔλαιον,

1064 1289 1126 1317 οὕτε
1154 1288 1351 1326 καταδέσμους.
1382 1287 1493 1323 Ἐπειδὴ
1525 1289 1591 1326 ὑπὲρ
1619 1289 1728 1325 τραῦμα
1755 1287 1800 1314 καὶ
1828 1286 1890 1323 μώ-

1065 1333 1146 1362 λωπα
1159 1334 1204 1361 καὶ
1219 1334 1332 1371 πληγὴν
1351 1332 1569 1372 φλεγμαίνουσαν
1598 1333 1615 1367 ἡ
1640 1331 1776 1370 ἀρρωστία
1804 1331 1887 1367 ἔστὶν,

1065 1378 1115 1405 οὐκ
1129 1376 1184 1405 ἔστι
1215 1377 1347 1416 μάλαγμα
1372 1377 1513 1411 ἐπιθεῖναι,
1535 1377 1572 1408 ὡς
1595 1376 1664 1414 πρὸς
1685 1376 1735 1410 τὴν
1762 1375 1887 1413 πληγὴν,

1065 1422 1127 1450 οὐδὲ
1142 1421 1233 1450 ἔλαιον
1249 1422 1286 1453 ὡς
1310 1422 1374 1460 τρὸς
1402 1422 1434 1448 τὰ
1462 1421 1613 1459 τραύματα.
1630 1420 1669 1450 Οὖ
1695 1420 1786 1458 χρεία,
1809 1420 1886 1460 φησὶ,

1064 1471 1115 1502 τῆς
1131 1467 1183 1494 ἀπὸ
1197 1466 1300 1494 τούτων
1328 1466 1453 1504 βοηθείας
1467 1475 1473 1482 ·
1495 1466 1602 1503 μείζονα
1626 1465 1678 1504 γὰρ
1700 1465 1734 1493 τὰ
1757 1465 1888 1501 συμπτώ-

1068 1513 1170 1549 ματαῆ
1194 1512 1263 1540 ὥστε
1290 1511 1400 1542 τούτοις
1429 1510 1562 1539 ἐνδοῦναι.
1585 1511 1730 1549 Τραύματα
1757 1511 1815 1547 (22)
1841 1510 1888 1546 μὲν

1067 1557 1112 1585 οὖν
1140 1557 1195 1584 ἐστι
1224 1557 1257 1584 τὰ
1286 1556 1312 1584 ἰν
1329 1555 1478 1591 Ἐκκλησία
1505 1556 1663 1594 σχίσματα·
1683 1554 1820 1592 μώλωπες
1850 1553 1890 1588 ὂὶ,

187 1601 289 1636 Itaque
305 1601 425 1628 vulnera
437 1604 508 1629 sunt
537 1601 670 1630 Ecclesia:
696 1603 876 1630 schismata:
901 1603 1010 1631 vibices

1066 1602 1094 1629 αἱ
1110 1601 1226 1630 ὕπουλοι
1243 1599 1372 1638 καρδίαι·
1390 1600 1530 1639 φλεγμονὴ
1559 1598 1598 1634 δὲ,
1614 1599 1724 1636 ιπαρσις
1747 1601 1841 1637 ψυχῆς
1865 1599 1892 1634 ιε

187 1654 254 1674 vero
270 1647 434 1674 cordasunt
449 1647 575 1675 subdola
589 1650 617 1675 et
629 1647 760 1676 fallacia:
775 1648 949 1684 phlegmone
960 1657 1011 1676 nu-

187 1693 245 1719 tem
263 1691 352 1719 animi
369 1694 414 1719 est
428 1691 525 1726 elatio,
543 1701 577 1720 ex
592 1693 707 1720 insulsa
729 1694 866 1729 opinione
884 1693 1010 1721 intume-

187 1735 307 1771 ecentis,
323 1738 410 1772 atque
425 1736 461 1763 ob
477 1744 541 1764 eam
558 1745 618 1764 rem
632 1737 778 1765 elierentis
793 1746 857 1765 sese
873 1738 906 1765 ad
913 1746 1012 1766 versus

187 1779 294 1808 Christi
309 1780 475 1808 scientiam.
491 1781 581 1808 Porro
596 1781 743 1817 malagma
754 1784 798 1809 est
814 1790 910 1810 sermo
926 1791 1012 1810 man-

188 1825 338 1852 suetudini
354 1825 528 1860 lenitutique
543 1826 728 1861 conjunctae,
746 1827 797 1862 qui
813 1835 903 1854 vanas
919 1827 1013 1863 depri-

189 1868 243 1896 mit
257 1868 415 1896 elationes:
433 1869 527 1896 olcum
544 1878 622 1904 vero,
638 1878 733 1898 sermo
748 1872 791 1898 est
808 1879 866 1906 quo
891 1871 1013 1898 fraudu-

188 1912 278 1948 lenta,
290 1913 414 1940 subdola
428 1916 457 1941 ct
472 1921 576 1949 aspera
590 1913 727 1942 simulate
739 1915 871 1950 falsoque
889 1915 1014 1951 loquen-

189 1957 264 1985 tium
278 1958 367 1985 verba
377 1957 528 1985 leniuntur
539 1966 606 1986 cum
623 1959 825 1987 misericordia
839 1962 868 1987 et
887 1960 1013 1988 commi-

1068 1643 1172 1684 ἆλὸγου
1196 1645 1313 1681 οίήσεως
1339 1644 1581 1684 ὀγκουμίνης,καὶ
1605 1643 1650 1672 διὰ
1676 1646 1758 1672 τοῦτο
1782 1643 1894 1681 ἐπαιρο-

1070 1690 1150 1727 μένης
1165 1690 1233 1718 κατὰ
1246 1694 1297 1725 τῆς
1311 1690 1439 1727 γνώσεως
1459 1692 1508 1717 τοῦ
1532 1691 1663 1726 Χριστοῦ.
1679 1688 1821 1726 Μάλαγμα
1846 1689 1893 1725 μὶν

1069 1735 1114 1762 οὖν
1136 1735 1206 1762 ἐστιν
1223 1735 1236 1762 ὁ
1255 1734 1322 1771 μετᾶ
1344 1735 1499 1772 πραότητος
1523 1734 1567 1761 καὶ
1592 1733 1738 1764 ἰπιεικιίας
1759 1743 1894 1760 ταπεινω-

1067 1779 1143 1812 τικὸς
1166 1782 1220 1807 τῶν
1247 1780 1368 1816 ματαίων
1396 1778 1553 1817 φυσιώσεων
1583 1778 1682 1815 λόγος·
1699 1776 1791 1805 ἔλαιον
1820 1776 1858 1812 δὶ,
1875 1777 1890 1804 ό

1070 1824 1137 1861 μετὰ
1151 1823 1244 1852 οἷ’κτου
1259 1824 1304 1851 καὶ
1321 1823 1488 1860 συμπαθείας
1502 1823 1534 1851 τὸ
1554 1821 1667 1861 δολερὸν
1696 1821 1740 1850 καὶ
1771 1821 1891 1849 ὕπουλον

1068 1868 1112 1896 καὶ
1134 1868 1222 1906 τραχὺ
1250 1871 1303 1895 τῶν
1337 1867 1363 1895 ἐν
1382 1867 1519 1905 ὑποκρίσει
1541 1865 1717 1904 ψευδολόγων
1744 1865 1894 1894 καταλεαί-

1068 1922 1132 1940 νων*
1148 1911 1316 1949 κατάδεσμος
1332 1911 1371 1947 δὶ,
1388 1911 1469 1950 λόγος
1485 1912 1499 1939 ὁ
1518 1912 1552 1940 τὰ
1575 1911 1642 1950 πρὸς
1663 1910 1798 1939 διάστασιν
1816 1910 1893 1938 ἐπει-

1068 1958 1171 1996 γόμεναι
1187 1959 1356 1995 συγκρατῶν.

189 2001 346 2029 seratione.
359 2001 561 2038 Ligamentum
576 2003 693 2031 tandem
709 2011 804 2032 sermo
822 2006 876 2037 est,
906 2012 980 2040 quos
995 2003 1084 2032 simul
1100 2011 1132 2031 ea
1148 2011 1211 2038 quae
1227 2003 1263 2031 ad
1279 2002 1496 2031 dissensionem
1509 2001 1699 2035 festinabant,
1722 2003 1896 2029 coercentur

191 2048 220 2074 et
235 2046 408 2074 retinentur.

226 2091 269 2119 19.
289 2093 378 2120 Vsus.
390 2093 417 2119 7.
435 2092 517 2120 Terra
531 2097 621 2120 vestra
637 2093 754 2128 deserta,
769 2093 895 2121 civitates
916 2097 1014 2122 vestrae

189 2144 324 2165 succensae
338 2137 420 2172 igni;
433 2137 571 2173 regionem
587 2139 706 2165 vestram
721 2145 813 2166 coram
827 2139 902 2166 vobis
925 2139 1014 2166 alieni

190 2180 374 2208 άιυονιιηιεθι
386 2180 512 2209 desolata
528 2182 576 2214 est,
602 2189 695 2210 eversa
722 2191 738 2209 ιι
767 2183 878 2218 populi:
901 2183 1012 2211 alienis.

190 2224 431 2260 Quandoquidem
445 2224 610 2260 desperavit
620 2226 654 2253 dc
667 2226 1012 2261 corrcctione,interitum

190 2269 408 2296 interminatur.
425 2269 566 2297 Ceterum
582 2269 682 2298 istbzec
695 2273 824 2306 tempore
840 2271 912 2298 89]
933 2271 1012 2298 Isaia:

193 2321 250 2341 non
265 2312 450 2349 contigerunt
464 2322 470 2341 :
484 2314 535 2341 scd
552 2314 650 2342 futura
660 2316 744 2350 quasi
757 2316 820 2350 jam
837 2315 914 2342 facta
928 2323 1013 2342 enar-

193 2364 258 2384 rare
271 2357 422 2393 Scripture
440 2356 524 2390 solet,
555 2358 597 2385 uti
625 2361 670 2386 est
697 2358 790 2385 illud:
820 2357 961 2386 Dederunt
984 2359 1015 2385 in

193 2409 281 2429 “eam
292 2409 381 2429 meam
395 2401 443 2437 fel,
460 2405 487 2430 et
498 2402 528 2429 in
538 2403 588 2430 siti
602 2410 663 2430 mea
673 2404 839 2438 potaverunt
855 2407 982 2430 meat‘elo
993 2403 1014 2430 ‘.

194 2445 345 2474 Enimvero
361 2454 426 2474 cum
444 2449 522 2475 esset
532 2446 588 2474 sibi
608 2455 794 2482 persuasum,
810 2448 870 2474 l'orc
890 2449 923 2474 ut
951 2455 1015 2482 quas

193 2491 332 2528 praedicta
348 2491 603 2528 sunt,contingant
614 2500 621 2527 ;
634 2493 773 2527 tanquam
783 2499 816 2519 ea
827 2491 887 2519 sint
898 2490 1017 2519 indubi-

227 2569 238 2586 ³
252 2570 338 2597 Num.
355 2576 375 2604 ι,
390 2569 417 2597 2.
456 2569 467 2587 ⁸
480 2568 557 2598 Psul.
573 2576 670 2603 vam,
685 2569 730 2597 22.

228 2647 281 2682 ('20)
297 2646 373 2685 Editi
387 2648 416 2675 et
431 2647 488 2675 duo
501 2655 584 2683 mss.,
599 2646 743 2685 ἀγομένου.
761 2647 816 2675 Alii
839 2648 899 2675 tres
928 2654 1015 2680 mss.,

191 2681 278 2718 ἀπαγο
283 2681 363 2718 μὲνου
368 2704 374 2710 .

229 2717 339 2754 (21)Ιῐει
353 2717 434 2754 Regii
451 2718 564 2754 primus
577 2720 604 2746 et
615 2718 729 2746 tertius.
748 2718 835 2750 Editi,
866 2717 904 2753 μὴ
934 2717 1011 2745 εἶναι.

195 2752 281 2781 Illud;
298 2752 336 2790 μή
352 2752 426 2789 sivit,
444 2752 564 2781 omnino
575 2755 657 2782 deest
672 2754 701 2782 in
716 2755 781 2782 aliis
795 2754 891 2781 tribus
902 2761 974 2781 mss.

231 2790 288 2825 (22)
313 2790 386 2826 Reg.
404 2791 575 2826 _secundus.
606 2791 723 2826 τραῦμα.
754 2790 819 2818 Mox
843 2790 901 2818 duo
926 2798 1009 2824 mss.,

196 2822 375 2862 ὀγκουμένηξ
402 2823 596 2862 ἐπαιρουμὲνη.
615 2822 768 2854 Editicum
794 2826 910 2854 duobus
942 2822 1010 2854 aliis

1103 2092 1150 2122 19.
1183 2091 1215 2119 Ἣ
1241 2092 1277 2129 γῆ
1303 2091 1379 2128 ὑμῶν
1416 2089 1533 2128 ἔρημυς,
1563 2090 1591 2118 αἱ
1610 2089 1705 2121 πόλεις
1735 2089 1812 2126 ὑμῶν
1843 2099 1895 2116 πυ-

1069 2136 1223 2173 ρίκαυστον
1246 2136 1296 2170 τὴν
1326 2136 1420 2174 χώραν
1451 2135 1528 2172 ὑμῶν
1557 2134 1671 2163 ἐνώπιον
1702 2134 1778 2171 ὑμῶν
1810 2133 1898 2162 ἁλλό-

1067 2190 1139 2217 τριοι
1181 2179 1365 2208 κατεσθίουσιν
1407 2179 1516 2216 αὐτὴν,
1551 2179 1596 2207 καὶ
1638 2179 1787 2216 ἠρήμωται
1831 2188 1898 2206 κατ-

1069 2225 1242 2262 επραμμὲνη
1273 2224 1325 2252 ὑπὸ
1355 2224 1428 2252 λαῶν
1459 2223 1624 2261 ἀλλοτρίων.
1646 2221 1758 2257 Ἐπιιδή
1789 2222 1897 2260 ἆπᾷγνω

1067 2272 1117 2304 τῆς
1141 2268 1323 2307 διορθώσεως,
1351 2268 1460 2296 ἀπειλεῖ
1486 2269 1533 2296 τὸν
1562 2265 1725 2306 ἀφανισμόν.
1751 2269 1841 2294 Ταῦτα
1868 2264 1897 2294 δὲ

1069 2313 1119 2341 οὐκ
1134 2313 1177 2341 ἐπί
1191 2316 1245 2342 τῶν
1266 2314 1374 2352 χρόνων
1395 2312 1506 2342 Ἡσαΐου
1522 2313 1632 2351 γέγονεν
1645 2322 1652 2328 ·
1680 2310 1752 2339 ἆλλᾶ
1783 2311 1897 2346 σύνηθες

1068 2360 1102 2395 τῇ
1119 2357 1273 2398 προφητείᾳ
1286 2357 1321 2385 τὰ
1337 2357 1475 2394 μέλλοντα
1489 2357 1610 2394 γίνεσθαι
1624 2357 1660 2387 ὡς
1676 2354 1731 2391 ἤδη
1761 2355 1896 2393 γενόμενα

1070 2402 1171 2440 λέγειν,
1189 2403 1226 2434 ὡς
1254 2403 1294 2436 τὸ,
1316 2400 1439 2430 Ἔδωκαν
1465 2402 1503 2433 εἰς
1527 2402 1558 2429 τὸ
1587 2401 1686 2439 βρῶμά
1714 2411 1765 2436 μου
1791 2399 1894 2438 χολὴν,

1070 2447 1114 2473 καὶ
1147 2446 1184 2478 sl;
1208 2448 1258 2482 τὴν
1285 2446 1362 2483 δίψαν
1387 2457 1439 2483 μου
1464 2445 1589 2473 ἔπότισάν
1619 2456 1652 2482 με
1678 2443 1749 2480 ὅξος.
1768 2445 1818 2471 Διά
1842 2444 1891 2482 γὰρ

1071 2491 1120 2526 τὴν
1137 2491 1181 2519 επὶ
1195 2493 1230 2528 τῇ
1246 2489 1354 2519 ἐκϐάσει
1371 2493 1426 2519 τῶν
1451 2489 1705 2529 προαγορευθὲντων
1801 2487 1898 2517 πεποί-

1071 2654 1154 2674 mss..
1172 2645 1374 2683 ὀγκουμένης...
1392 2643 1503 2681 ἐπαιρου
1510 2643 1603 2680 μένης.

1105 2683 1162 2722 (23)
1178 2677 1263 2722 Cpit}:
1275 2677 1401 2722 primus,
1410 2677 1701 2722 ςιιγιρσοιγορεὐθέντωνζ
1723 2680 1788 2722 ξαοχ
1813 2677 1895 2722 ῼοΙΙ).

1069 2711 1184 2751 tertius,
1200 2711 1458 2753 ἐκϐηᾶομένη.’ᾼ1ὶὶ
1488 2711 1548 2753 duo:
1579 2711 1664 2750 11539.,
1691 2711 1891 2753 tquopptv-qv.

1067 2754 1143 2781 Editi
1157 2747 1284 2791 denique
1296 2747 1369 2781 cum
1387 2752 1454 2781 aliis
1482 2751 1598 2780 duobus
1631 2747 1715 2785 niss.,
1739 2747 1891 2785 ἐκϐήσομὲ-

1066 2799 1130 2825 νων,
1147 2793 1233 2818 recte.
