2018 3146
132 163 186 194 M9

553 162 758 193 COMMENT.
782 162 821 192 IN
843 160 978 191 ISAIAM
1002 160 1255 190 PROPHETAM.
1278 161 1364 191 CAP.
1387 160 1411 191 Ι.

1766 161 1826 192 150

129 233 212 262 θησιν,
237 228 273 259 ὡς
302 226 504 266 άναυτιῤῥήτως
534 225 761 263 ἐκϐημσομὲνων,
776 226 808 253 τὸ
836 223 927 262 μὲλλο

996 227 1093 253 tenter
1108 226 1391 257 eventura.t‘uturum
1404 233 1471 253 cum
1487 225 1633 261 prseterito
1663 226 1821 255 connectit.

128 272 223 304 ἔσεσθαι
251 274 288 308 τῷ
315 271 476 310 παρελθόντι
517 271 687 299 συνάπτεται.
719 267 882 307 Συμϐἐϐηκε
911 267 939 296 δὶ

127 319 204 344 ταῦτα
223 316 266 344 ἐπὶ
280 320 328 351 τῆς
358 316 398 348 οἷς
427 313 578 344 Βαϐυλῶνα
602 315 808 353 αἲχμαλωσίας,
836 315 886 349 τήν
910 324 939 341 τε

125 364 170 399 γῆν
195 362 340 393 κενωθῆναι
364 363 418 388 τῶν
447 360 611 398 οἲκητόρων,
633 360 678 387 καὶ
704 360 751 390 τὰς
776 358 871 389 πόλεις
887 357 938 394 ἐμ-

126 406 283 442 πρησθῆναι,
311 405 356 432 καὶ
387 405 438 432 ὑπὸ
461 407 514 432 τῶν
544 405 574 432 ἐκ
597 408 648 439 τῆς
672 403 793 439 Μηδείας
818 403 938 430 ἀποστα-

129 449 220 477 λέντων
234 449 348 477 ἐποίκων
360 450 410 484 τὴν
435 450 531 487 χώραν
551 449 694 484 ἐσθίεσθαι,
712 448 866 486 βλεπόντων
882 448 935 475 τῶν

126 493 344 532 καταλειφθέντων
362 495 429 531 (24)’
454 495 498 521 ὅτε
524 494 569 521 καὶ
594 493 699 531 ἐγένετο
724 495 796 520 πᾶσα
819 494 836 527 ἡ
857 492 937 530 χώρα

126 539 337 576 κατεστραμμένη
365 539 416 566 ὑπὸ
442 537 515 566 λαῶν
540 537 706 576 ἀλλοτρίων.
738 537 810 565 Κατά
834 535 862 564 δὲ
889 536 936 567 τὰς

126 582 282 621 ὑφηλοτὲρας
320 582 434 618 ἆννοίας,
468 584 516 615 τὰς
553 584 620 619 ἡμῖν
649 582 874 620 προσοικειούσας
902 581 936 608 τὰ

123 626 225 655 παλαιά·
248 628 330 656 ’Όταν
353 628 513 665 άποστωμεν
538 627 591 655 ἀπὸ
608 629 681 662 ,Θεοῦ
712 628 761 654 τοῦ
788 625 934 663 ἡμετέρου,

122 672 161 699 καὶ
175 671 373 709 διαπετάσωμεν
389 672 436 704 τὰς
460 673 554 710 χεῖρας
577 673 656 709 ἡμῶν
682 672 749 710 πρὸς
772 671 831 703 θεὸν
847 669 934 698 ἀλλό-

120 726 197 753 τριον,
210 715 414 754 παραδιδόμεθα
429 716 587 754 ἀλλοτρίοις
607 719 665 747 τοῖς
688 715 838 753 ἐρημοῦσιν
860 716 933 751 ἡμᾶς

120 760 159 788 καὶ
186 761 422 801 καταστρὲφουσιν.
454 762 558 797 Ἔξεστι
593 761 644 799 γὰρ
686 761 821 798 Θεωρῆσαι
849 759 933 787 πάντα

121 804 150 830 τὰ
174 803 342 841 ἀπειλημένα
370 802 555 841 σομϐαίνοντα
582 807 641 835 τοῖς
670 803 878 841 ἁμαρτάνουσιν.
903 805 932 830 ‘Il

119 851 148 885 γῆ
163 848 233 885 ὑμῶν
248 847 365 887 ἕρημος.
391 852 444 884 Γῆν
461 849 612 887 πολλαχοῦ
632 849 682 883 τὴν
711 849 804 886 ψυχὴν
818 849 832 876 ὁ
848 847 932 886 λόγος

121 892 186 930 λίγει
210 894 257 928 τήν
285 892 498 932 ὖποδεχομένην
527 895 559 921 τὰ
592 895 640 921 τοῦ
667 893 749 931 λόγου
778 894 928 930 σπέρματα,

119 937 152 969 ὦς
164 936 186 964 ἐν
200 940 236 974 τῷ
251 938 414 976 Εὐαγγελίῳ
438 937 619 977 δεδιδάγμεθα
636 937 681 966 διὰ
702 939 753 971 τῆς
768 935 929 974 παραϐολῆς

119 984 160 1008 τοῦ
172 982 273 1020 Κυρίου,
291 983 334 1010 ὅτι
362 983 397 1011 τὰ
413 984 461 1020 μὲν
490 982 581 1011 ἔπεσεν
608 982 652 1010 ἐπὶ
671 983 722 1017 τήν
745 985 795 1020 γῆν
820 986 870 1017 τῆν
882 992 929 1010 κα-

117 1024 172 1060 λήν,
185 1027 230 1061 τήν
254 1026 382 1062 δεκτικὴν
414 1027 583 1065 μαθημάτων
609 1026 698 1062 θείων,
715 1027 760 1054 καὶ
780 1027 849 1064 πρὸς
863 1037 928 1065 καρ-

115 1071 232 1109 ποφορίαν
255 1071 375 1104 εὔθετον.
399 1073 524 1110 Ἐρημος
553 1071 592 1106 δὶ,
608 1073 625 1106 ἡ
651 1070 746 1110 σοφίαν
761 1072 799 1108 μὴ
815 1068 926 1109 ἔχουσα,

116 1114 177 1151 μηδὶ
190 1115 281 1154 λόγον,
301 1116 373 1154 μηδὲ
391 1118 459 1144 κατὰ
483 1116 655 1152 δικαιοσύνην
683 1117 789 1154 βιοῦσα,
815 1115 884 1153 μηδὲ
900 1116 925 1144 ὲν

112 1158 212 1196 ἀληθείᾳ
234 1162 421 1198 πορευομένη.
451 1161 484 1190 Αἱ
512 1160 608 1192 πόλεις
637 1161 712 1197 ὑμῶν
738 1160 924 1199 πυρίκαυστοι.

112 1203 187 1235 Πόλις
209 1204 262 1232 ἐστὶ
289 1205 418 1242 σύστημα
441 1205 592 1243 ἀνθρώπων
618 1204 648 1233 ἐκ
673 1204 810 1243 διαφόρων
831 1204 926 1241 ἐπιτη-

111 1246 236 1284 δευμάτων
259 1249 305 1277 ἐπὶ
327 1249 456 1285 κοινωνίᾳ
486 1249 548 1287 βίου
575 1250 837 1287 συγκεκροτημίνον·
859 1250 924 1287 ὅπερ

110 1291 148 1319 διὰ
157 1293 186 1320 τὸ
199 1293 308 1328 πολλὴν
330 1293 403 1332 ἔχειν
431 1295 482 1329 τήν
499 1294 524 1322 ἐν
549 1297 608 1326 τοῖς
633 1292 724 1332 ἔργοις
744 1294 923 1331 ματαιότητα,

110 1336 177 1371 ξύλα,
199 1338 300 1376 χόρτον
328 1340 384 1375 (25)
420 1339 464 1366 καὶ
491 1337 631 1375 καλάμην,
655 1338 681 1366 ἄν
703 1340 738 1376 τῇ
762 1339 854 1376 ἡμέρᾳ
876 1338 922 1373 τῆς

111 1381 212 1417 κρίσεως
234 1382 472 1421 καταπίμπραται,
496 1383 540 1410 καὶ
570 1382 673 1421 γίνεται
705 1383 738 1411 τὰ
763 1384 924 1420 συστήματα

112 1427 158 1452 τῶν
172 1425 270 1455 ἀσεϐῶν
301 1426 480 1465 πυρίκαυστα.
497 1428 552 1462 Τήν
580 1428 672 1465 χώραν
702 1428 778 1464 ὑμῶν
805 1428 920 1456 ἐνώπιον

112 1469 177 1506 ὑμῶν
213 1471 362 1510 ἀλλότριοι
398 1473 594 1508 κατεσθίουσιν,
626 1472 687 1500 ὅταν
723 1471 753 1500 ἐκ
789 1472 921 1510 προτέρου

111 1514 164 1552 βίου
177 1516 218 1544 καὶ
233 1516 376 1549 πολιτείας
399 1518 500 1556 ἀγαθῆς
515 1516 736 1556 πιπληρωμένης
756 1520 806 1552 τῆς
831 1521 922 1556 φυχῆς

109 1562 156 1587 τῶν
169 1564 276 1599 καρπῶν
294 1564 344 1590 τοῦ
361 1561 526 1599 Πνεύματος,
552 1562 667 1600 ἀγάπης,
684 1564 782 1600 χαρᾶς,
799 1562 920 1599 εἷ’ρήνης,

110 1606 297 1643 μακροθυμίας,
329 1607 530 1645 χρηστότητος,
569 1607 741 1638 ἐπιπεσόντες
778 1606 921 1644 ἀλλότριοι

109 1648 226 1686 λογισμοὶ
251 1651 470 1680 καταναλίσκωσι
497 1652 530 1679 τὰ
565 1651 806 1689 προπεπονημένα.
834 1650 925 1679 Ἀλλὰ

108 1692 144 1720 ἐὰν
159 1694 201 1721 καί
217 1694 241 1722 ἐν
261 1697 297 1733 τῇ
323 1696 416 1733 πράξει
430 1698 484 1724 τῶν
499 1696 567 1724 κατὰ
593 1696 640 1724 τὸν
671 1695 730 1734 βίον
755 1696 787 1724 τὸ
811 1706 924 1733 πρακτι-

108 1738 146 1764 κὸν
169 1742 215 1774 τῆς
239 1741 335 1778 ψυχῆς
351 1738 459 1768 ἔκδοτον
476 1739 565 1778 δῶμεν
583 1739 736 1777 δαιμονίοις
750 1739 925 1778 ἀκαθάρτοις,

107 1782 196 1819 γίνεται
224 1785 241 1820 ἡ
269 1788 306 1823 γῆ
333 1786 413 1821 ἡμῶν
430 1785 653 1822 κατεστραμμένη
681 1785 732 1812 ὑπὸ
757 1784 924 1823 ἀλλοτρίων.

109 1829 168 1855 Θεοῦ
195 1829 244 1867 γὰρ
272 1829 422 1867 γεώργιον,
456 1832 522 1857 Θεοῦ
557 1828 692 1866 οἰκοδομή
731 1829 823 1866 ἐσμεν.
850 1830 924 1861 Ἕως

108 1870 178 1908 ἔσμεν
263 1873 395 1910 κλήματα
421 1873 534 1911 μένοντα
558 1873 584 1902 ἐν
610 1876 644 1910 τῇ
669 1872 787 1910 ἀμπέλῳ
808 1876 847 1910 τῷ
861 1875 925 1910 Χρι-

109 1917 166 1952 στῷ,
181 1918 295 1956 φέροντα
310 1918 374 1950 τοὺς
399 1919 520 1956 καρποὺς
540 1918 604 1950 τοὺς
629 1916 829 1949 ἐπιϐάλλοντας
844 1919 924 1955 ἡμῖν,

109 1961 166 1988 Θεὸν
191 1961 290 2000 ἔχομεν
316 1962 450 2000 γεωργόν·
481 1963 525 1990 ἐὰν
551 1962 580 1991 δὲ
605 1963 766 2000 ἀποστῶμεν
789 1966 839 1998 τῆς
856 1965 924 1997 ζωο-

109 2008 183 2033 ποιοῦ
198 2007 286 2044 ῥίζης,
311 2009 361 2042 τῆς
385 2007 423 2038 εἰς
448 2008 563 2045 Χριστὸν
590 2007 718 2042 πίστεως,
734 2008 925 2044 ξηραινόμενοι

111 2048 259 2087 βαλλόμιθα
287 2049 351 2087 ἔξω,
372 2052 416 2079 καὶ
445 2052 588 2088 καιόμεθα·
614 2051 659 2080 καὶ
683 2053 700 2086 ἡ
725 2051 754 2079 ἐκ
776 2055 826 2086 τῆς
850 2050 924 2078 διδα-

109 2093 211 2127 σκαλίας
223 2095 360 2133 οἶκοδομή
376 2097 469 2133 ἡμῶν,
485 2096 557 2134 παρὰ
579 2097 609 2124 τὸ
635 2097 753 2131 καθῆκον
781 2095 925 2133 βιούντων,

108 2140 320 2180 καταστρέφεται.
331 2142 395 2170 Ἐὰν
421 2142 472 2179 γὰρ
499 2141 538 2177 μὴ
555 2140 727 2178 ἐπιμένωμεν
749 2143 789 2177 τῷ
805 2139 925 2177 θεμελίῳ

107 2183 153 2209 τῶν
169 2183 340 2220 ἀποστόλων,
361 2184 611 2221 ἀποικοδομοῦντις
636 2185 670 2212 τὰ
698 2184 787 2221 τίμια.
817 2184 855 2215 ὡς
885 2184 924 2221 μή

109 2225 206 2263 ἔχοντες
235 2228 363 2266 θεμέλιον
398 2229 655 2268 καταῤῥηγνύμεθα,
691 2229 737 2257 καὶ
764 2228 864 2267 γίνεται
894 2227 924 2255 τό

110 2273 201 2317 πτῶμα
214 2275 294 2310 ἡμῶν
313 2274 393 2311 μέγα·
418 2273 503 2301 οἱονεὶ
526 2274 579 2312 γὰρ
594 2273 727 2306 κατεσθίει
747 2272 924 2317 σωφροσύνην
941 2285 964 2317 D

114 2315 154 2350 μὲν
168 2317 185 2352 ἡ
210 2317 336 2352 ἀκολσία,
351 2318 396 2345 καὶ
420 2318 450 2345 τὸ
481 2317 585 2346 ἁπλοῦν
608 2319 666 2355 (27)
689 2317 715 2345 ἐν
741 2316 881 2355 μεταδόσει
905 2318 922 2352 ἡ

111 2358 275 2400 φιλαργυρία,
291 2363 337 2390 καὶ
351 2363 382 2390 τὸ
398 2362 566 2400 ἀγαπητικὸν
582 2364 600 2397 ἡ
617 2361 776 2401 φιλεχθρία.
791 2361 924 2390 Ἑλεεινὸν

110 2403 149 2431 οὖν
174 2407 220 2440 τὴν
250 2406 413 2442 εὐθηνοῦσαν
451 2409 485 2444 τῇ
524 2409 578 2435 τῶν
608 2407 716 2444 ἀγαθῶν
753 2406 927 2446 καρποφορίᾳ

109 2449 191 2487 ψυχὴν
219 2449 387 2489 κατάϐρωμα
413 2451 533 2490 γίνεσθαι
557 2454 614 2482 τοῖς
641 2451 818 2486 ὑπεναντίοις,
835 2452 862 2479 οἳ
878 2451 927 2479 οὐκ

111 2491 242 2529 ἀρκοῦνται
258 2497 338 2533 ἡμῶν
366 2498 401 2533 τῇ
430 2495 581 2534 ἐρημώσει,
607 2496 651 2524 ἐὰν
681 2497 719 2533 μή
745 2496 789 2524 καὶ
813 2496 862 2530 τὴν
877 2506 925 2524 κα-

108 2540 254 2578 ταστροφὴν
279 2540 464 2579 ἐπαγάγωσιν.
494 2541 526 2570 Ἦ
552 2541 600 2578 μὲν
623 2541 675 2579 γὰρ
700 2541 873 2579 καταστροφὴ
897 2540 928 2568 ἐκ

995 270 1081 297 Porro
1097 270 1157 298 haec
1173 270 1360 306 contigerunt
1371 272 1433 298 tum
1450 270 1556 298 cumin
1570 269 1748 306 Babylonem
1775 271 1825 298 ab-

992 314 1073 342 ducti
1088 317 1158 343 sunt
1169 315 1520 351 captivi:siquidemterra
1536 313 1598 342 suis
1613 314 1757 342 exhausta
1777 317 1822 343 est

993 359 1224 388 habitatoribus:
1241 359 1375 388 civitates
1391 360 1510 387 fuerunt
1526 359 1587 395 igni
1602 367 1760 394 succensae,
1790 362 1818 387 et

991 403 1028 430 ab
1044 403 1079 432 iis
1096 404 1146 440 qui
1162 413 1197 433 ex
1211 404 1304 432 Media
1312 404 1394 432 missi
1410 406 1493 432 erant
1504 403 1615 432 colonis
1627 403 1763 431 devorata
1775 412 1817 432 re-
1840 436 1843 437 ν

991 448 1037 483 gio
1052 448 1157 483 est,his
1173 449 1246 485 ipsis
1275 449 1326 485 qui
1357 449 1474 477 fuerant
1493 448 1633 483 derelicti,
1651 448 1680 475 id
1695 456 1816 476 cernen-

990 492 1089 527 tibus;
1106 493 1208 521 itidem
1223 502 1290 521 cum
1319 493 1398 529 regio
1429 493 1526 521 omnis
1551 493 1691 520 subversa
1705 494 1750 521 est
1778 493 1815 521 ab

991 536 1094 565 alienis
1108 537 1234 573 populis.
1252 538 1307 566 Sed
1319 538 1404 573 juxta
1420 537 1620 566 sublimiorem
1648 536 1815 573 intelligen-

991 581 1062 609 tiam
1077 590 1124 609 res
1140 583 1267 618 antiqua!
1279 582 1364 611 nobis
1381 582 1694 618 adaptantur.Qusndo
1710 582 1813 610 defici-

989 634 1056 654 mus
1072 634 1089 654 o.
1104 626 1161 655 Deo
1175 629 1284 660 nostro,
1301 634 1467 662 manusque
1479 627 1595 654 nostras
1616 625 1812 661 expendimus

989 671 1024 698 ad
1039 671 1127 699 deum
1140 671 1387 706 alienum,alienis
1396 671 1446 707 qui
1463 679 1516 698 nos
1526 671 1681 698 devastant
1692 679 1724 698 ac
1733 679 1811 698 ever-

988 717 1065 750 tunt,
1080 716 1237 744 tradimur.
1259 716 1331 744 Nam
1348 716 1497 744 advertere
1512 715 1578 743 licet
1591 715 1686 743 minas
1701 723 1806 743 omnes

988 759 1115 788 intentas
1139 761 1342 796 peccatoribus
1369 760 1510 788 accidere.
1537 760 1620 787 Terra
1647 763 1738 788 vestra
1762 759 1807 788 de-

986 808 1069 832 serta.
1086 804 1236 841 Plerisque
1251 805 1322 832 locis
1336 805 1485 840 Scriptura.
1506 806 1616 832 terram
1637 806 1721 831 vocat
1749 803 1810 832 ani-

987 857 1065 876 mam
1081 849 1195 878 semina
1207 849 1284 877 verbi
1300 849 1525 885 suscipientem,
1537 849 1580 876 uti
1595 848 1735 884 parabole.
1754 849 1805 877 Do-

986 894 1058 921 mini
1075 902 1179 922 sumus
1190 894 1219 922 in
1236 893 1391 930 Evangelia
1405 893 1500 922 edocti
1515 894 1544 921 ἰ
1562 893 1638 929 quod
1668 892 1806 921 videlicet

985 938 1042 966 alia
1057 939 1171 966 semina
1183 938 1350 967 ceciderunt
1364 939 1394 966 in
1409 941 1518 967 terram
1532 937 1652 971 bonam,
1665 937 1804 965 doctrinm

984 982 1088 1010 divinze
1104 991 1251 1019 capacem,
1268 985 1354 1018 atque
1378 983 1414 1011 ad
1431 983 1558 1010 fructum
1575 981 1726 1009 ferendum
1742 981 1803 1009 ido-

985 1035 1080 1054 neam.
1097 1028 1133 1055 At
1141 1035 1207 1055 vero
1218 1027 1329 1055 deserta
1345 1035 1379 1055 ea
1391 1029 1436 1055 est
1455 1035 1518 1063 quae
1542 1026 1716 1062 sapientiam
1745 1035 1803 1054 non

983 1070 1071 1099 habet
1083 1080 1135 1100 nec
1150 1071 1326 1106 doctrinam,
1342 1080 1394 1100 nec
1408 1071 1496 1100 vitam
1510 1070 1638 1099 instituit
1656 1071 1742 1106 juxta
1753 1071 1803 1106 ju-

981 1115 1104 1150 stitiam,
1121 1124 1216 1152 neque
1231 1116 1260 1144 in
1274 1117 1394 1144 veritate
1409 1115 1686 1144 ambulat.Civitates
1706 1116 1804 1144 vestra

981 1160 1045 1196 igni
1058 1169 1201 1188 succense.
1218 1160 1324 1188 Civitas
1341 1160 1494 1188 hominum
1505 1161 1598 1188 coetus
1607 1162 1697 1194 est,ex
1712 1159 1804 1187 diver-

980 1205 1021 1232 sis
1037 1205 1167 1233 moribus
1174 1208 1202 1234 et
1215 1205 1360 1234 institutis
1371 1205 1406 1233 ad
1415 1212 1601 1233 communem
1610 1205 1674 1232 vita;
1685 1204 1805 1233 societa-

979 1250 1039 1277 tem
1055 1250 1209 1285 conflatus,
1220 1249 1434 1286 quipropterea
1449 1250 1527 1285 quod
1543 1249 1573 1277 in
1587 1249 1726 1286 operibus
1737 1249 1801 1277 suis

980 1294 1107 1321 multum
1123 1294 1231 1322 habeat
1241 1294 1390 1329 vanitatis,
1405 1294 1485 1330 ligna
1500 1293 1622 1328 scilicet,
1640 1294 1741 1322 fenum
1770 1295 1799 1321 et

978 1338 1130 1374 stipulam,
1146 1339 1175 1366 in
1186 1339 1291 1374 judicii
1306 1339 1352 1367 die
1368 1339 1560 1373 comburitur,
1575 1341 1663 1374 atque
1685 1337 1730 1365 hie
1744 1338 1800 1366 im-

977 1383 1095 1419 piorum
1123 1384 1277 1412 societates
1305 1384 1372 1420 igne
1387 1383 1617 1411 succenduntur.
1647 1383 1798 1417 Regionem

976 1431 1093 1458 vestram
1104 1437 1195 1457 coram
1206 1429 1278 1457 vobis
1289 1429 1379 1456 alieni
1392 1428 1523 1456 devorant
1537 1430 1600 1455 tum
1616 1427 1797 1461 cum,anima

976 1482 1029 1509 per
1043 1473 1169 1509 priorem
1182 1473 1270 1501 vitam
1286 1475 1314 1501 et
1324 1475 1431 1501 rectam
1461 1472 1566 1509 agendi
1591 1472 1733 1500 rationem
1752 1480 1795 1500 re-

976 1518 1056 1555 pleta
1069 1519 1195 1554 Spiritus
1211 1518 1368 1552 fructibus,
1385 1517 1536 1552 charitate,
1567 1517 1686 1553 gaudio,
1713 1525 1796 1553 pace,

977 1562 1126 1599 patientia,
1139 1562 1320 1599 benignitate
1329 1563 1350 1596 ⁸,
1366 1561 1554 1590 advenientes
1570 1561 1669 1590 alienis
1685 1561 1798 1598 cogita-

979 1607 1072 1635 tiones
1084 1607 1225 1644 pristinos
1240 1607 1355 1635 labores
1369 1606 1541 1635 absumunt.
1558 1606 1640 1640 Quod
1656 1606 1682 1634 si
1697 1606 1733 1641 .in
1749 1614 1799 1643 ge-

979 1651 1077 1680 rendis
1091 1651 1155 1679 vile:
1171 1651 1306 1687 negotiis,
1323 1653 1457 1687 agentem
1474 1650 1564 1678 animi
1586 1650 1646 1678 vim
1675 1650 1801 1686 impuris

979 1697 1123 1725 dedamus
1138 1696 1303 1730 daemoniis,
1318 1697 1396 1724 terra
1413 1697 1513 1724 nostra
1529 1695 1565 1723 ab
1581 1695 1685 1723 alienis
1696 1695 1799 1723 everti-

979 1743 1037 1776 tur,
1054 1741 1160 1777 quippe
1177 1741 1225 1768 Dei
1242 1740 1430 1776 agricultura,
1443 1739 1492 1768 Dei
1507 1739 1659 1768 (adiﬁcatio
1674 1739 1801 1768 sumus".

979 1785 1113 1819 Quandiu
1130 1793 1236 1813 sumus
1251 1784 1387 1821 palmites
1403 1784 1433 1812 in
1449 1784 1507 1812 vita
1523 1784 1802 1819 manentes,fructus

979 1830 1030 1866 qui
1045 1838 1099 1858 nos
1113 1830 1246 1864 deceant,
1259 1829 1374 1857 Christo
1390 1829 1649 1857 aﬂ'erenteszDeum
1660 1828 1803 1856 habemus

979 1874 1146 1910 agricolam.
1164 1874 1193 1902 Si
1209 1882 1275 1902 vero
1291 1874 1501 1902 desciverimas
1528 1881 1545 1901 ο.
1558 1873 1723 1901 vivificante
1752 1881 1800 1900 ra-

978 1919 1091 1954 dice,ab
1102 1927 1136 1947 ea
1147 1926 1252 1954 nempe
1267 1927 1331 1954 qua:
1345 1918 1376 1945 in
1387 1917 1535 1946 Christum
1551 1919 1596 1945 est
1607 1917 1674 1950 ﬁde,
1684 1917 1804 1945 arefacti

979 1963 1151 1999 projicimur
1166 1963 1253 1996 foras,
1265 1965 1295 1990 et
1309 1962 1521 1990 comburimur.
1530 1963 1625 1998 Atque
1636 1961 1688 1990 illa
1703 1963 1804 1990 nostra.

979 2007 1118 2035 doctrinae
1133 2007 1296 2042 mdiﬂcatio,
1313 2007 1338 2035 si
1354 2007 1488 2035 indecore
1504 2006 1640 2041 vivimus,
1657 2006 1804 2035 subverti-

978 2052 1115 2080 tur.Nam
1133 2051 1190 2079 nisi
1208 2051 1237 2078 in
1255 2051 1445 2079 fundamento
1459 2051 1660 2086 apostolorum
1674 2058 1804 2086 perseve-

980 2098 1265 2132 remus,sumptuosa
1277 2095 1399 2124 aediﬁcia
1409 2095 1711 2131 construentes,quaai
1723 2094 1804 2123 nullo

979 2140 1097 2168 subnixi
1110 2139 1304 2168 fundamento
1321 2139 1607 2175 ruimus,nosterque
1622 2147 1708 2167 casus
1723 2138 1803 2167 haud

980 2185 1103 2221 exiguus
1119 2186 1173 2213 est.
1190 2184 1306 2212 Etenim
1329 2183 1415 2220 quasi
1435 2184 1554 2212 devorat
1578 2183 1806 2220 intemperantia

980 2228 1343 2265 temperantiam,avaritia
1354 2228 1561 2257 liberalitatem
1574 2228 1605 2256 in
1620 2228 1707 2256 rebus
1723 2236 1807 2256 com-

981 2273 1166 2302 municandis
1176 2274 1275 2307 sitam,
1287 2273 1346 2301 odii
1362 2273 1492 2301 studium
1510 2273 1568 2301 vim
1585 2281 1618 2301 ac
1634 2272 1806 2301 facultatem

979 2318 1233 2354 diligendi.[taque
1250 2326 1296 2346 res
1311 2320 1355 2346 est
1371 2318 1549 2351 miseranda,
1565 2318 1696 2346 animam
1711 2318 1805 2346 bonos

982 2363 1095 2390 fructus
1111 2362 1236 2390 ubertim
1249 2362 1662 2398 producantem,inimicorum
1678 2362 1739 2390 ﬁeri
1757 2370 1806 2398 pa-

982 2407 1097 2443 bulum,
1114 2407 1222 2443 quibus
1238 2415 1295 2435 non
1312 2407 1384 2435 satis
1400 2409 1444 2435 est
1459 2409 1561 2435 nostra
1575 2406 1806 2443 vastitas,nisiet

983 2452 1074 2480 ruinae
1090 2453 1196 2480 nostris
1211 2451 1321 2479 fuerint
1335 2454 1478 2480 auctores.
1488 2451 1645 2480 Enimvero
1660 2459 1694 2480 ex
1709 2451 1807 2488 pravis

983 2496 1166 2525 documentis
1176 2496 1308 2524 nascitur
1324 2496 1524 2529 ruina,eorum
1541 2496 1591 2532 qui
1607 2504 1704 2525 errore
1720 2497 1807 2524 sedu-

982 2543 1090 2569 cuntur
1105 2541 1181 2569 392
1194 2540 1294 2569 anima
1317 2540 1377 2568 solo
1393 2540 1478 2577 quasi
1489 2540 1715 2570 allisa.Vastatio
1730 2548 1808 2575 vero,

144 2611 154 2628 '
166 2611 268 2641 Matth.
283 2622 345 2648 xm,
361 2614 378 2642 3
392 2622 476 2651 seqq.
513 2615 524 2633 ⁸
539 2613 633 2643 Galat.
649 2622 677 2648 v,
691 2614 738 2642 22.
775 2614 786 2631 "
803 2615 813 2642 Ι
827 2616 892 2642 Cor.
904 2622 948 2650 ιιι,
963 2614 991 2641 9.

207 2685 294 2722 Editi,
308 2684 550 2723 καταληφθέντων.
565 2688 602 2714 At
618 2694 690 2714 mss.
707 2686 831 2723 aliquot,
846 2695 926 2713 κατα-

113 2716 278 2749 λείφθὲντων.

143 2729 278 2782 laganum

142 2756 195 2802 (mal
209 2756 348 2802 §onnulli
365 2765 449 2802 mss”
464 2756 532 2802 ξρλα
546 2757 592 2802 καὶ
609 2756 721 2802 χόρτον.

211 2792 281 2829 ﬂag.
291 2794 456 2829 secundus,
471 2791 524 2825 ἵως
539 2793 586 2829 μὲν
598 2791 751 2829 οὖν’ὶσμεν.

146 2827 197 2863 )2Ἱ)
210 2826 271 2857 Voi
284 2826 386 2856 ἁπλοῦν
402 2826 456 2858 hoc
471 2826 755 2858 loco'liberalita'tem
775 2827 926 2864 signiﬁca-

981 2694 1012 2714 re
1032 2685 1156 2714 videtur.
1173 2687 1230 2714 Nec
1259 2685 1366 2714 desunt
1394 2685 1445 2721 qui
1473 2685 1574 2721 dicant
1587 2691 1699 2721 vocem,
1718 2681 1805 2710 ἁπλό-

979 2731 1030 2756 της
1046 2730 1096 2756 pro
1113 2721 1304 2750 beneficentia
1317 2719 1432 2757 quoque
1443 2722 1530 2755 atque
1545 2719 1721 2757 liberalitate
1738 2721 1805 2757 poni

981 2755 1112 2793 Epistula
1127 2758 1257 2786 secunda
1271 2757 1308 2785 ad
1324 2755 1456 2792 Cprinth.
1472 2763 1534 2788 νιιι,
1549 2755 1577 2788 2,
1593 2757 1622 2783 et
1640 2762 1744 2782 rursus
1773 2756 1803 2782 in

981 2794 1083 2822 eadem
1096 2801 1136 2829 ιιι,
1152 2794 1184 2821 11
1201 2796 1229 2821 et
1243 2793 1286 2820 13.
