2018 3146
230 153 286 183 155

699 157 897 188 APPENDIX
917 157 1080 188 OPEBUM
1100 156 1133 187 S.
1156 157 1298 187 BASILII
1322 158 1459 188 MAGNI.

1863 163 1911 193 £56

227 217 346 246 ﬂoruit:
363 218 468 247 deinde
484 222 595 249 statum
609 220 693 249 illum
710 230 777 250 cum
790 231 855 250 vero
869 232 901 250 ac
912 223 1048 250 solidiore

1105 221 1150 249 καὶ
1167 224 1332 260 στερεωτὲρᾳ
1354 224 1442 261 τροφῇ
1468 224 1503 260 τῇ
1529 223 1596 251 κατὰ
1621 224 1652 251 τὸ
1675 223 1832 263 Εὖαγγὲλιον
1848 225 1911 255 διδα-

227 262 301 295 cibo,
319 263 460 291 nimirum
476 272 542 292 cum
559 265 705 301 Evangelii
729 267 863 295 doctrina
889 270 1051 295 commuta-

227 306 277 334 vit.
295 307 365 334 Sion
381 308 471 343 igitur
486 309 715 345 derelinquetur,
733 312 846 347 eritque
862 312 939 340 sicut
951 320 1050 347 pomo-

228 359 294 378 rum
310 353 453 387 custodia,
471 361 522 381 ceu
540 353 620 381 locus
645 363 701 390 quo
727 357 913 384 autumnales
939 357 1050 384 fructus

228 399 426 424 asservantur.
445 398 533 425 Poma
548 400 645 427 autem
662 408 719 428 non
736 400 849 429 solidus
867 404 896 429 et
911 404 1050 429 constans

227 440 311 468 cibus
327 444 408 476 sunt,
425 442 475 469 sed
493 442 591 471 mollis
606 446 634 471 et
658 444 756 480 fugax.
785 446 865 473 Talis
891 450 988 474 autem
1006 447 1050 474 lex

227 487 299 518 erat,
317 493 379 520 qua:
395 485 491 514 cultus
504 488 645 523 speciem,
662 497 718 516 non
731 489 826 525 ipsam
837 491 987 518 veritatem
999 491 1049 518 ha-

227 528 324 562 bebat,
340 537 433 565 eoque
456 531 605 567 exemplar
629 534 673 560 est
697 536 725 560 et
749 535 853 562 umbra
877 535 1048 563 cmlestium.

228 573 300 605 Quia
314 582 380 601 vero
395 575 483 602 viuere
498 580 685 612 comparatur
697 578 929 615 uniuscujusque
940 580 1047 614 anima,

227 620 259 645 ut
274 617 303 645 in
320 618 432 654 psalmo
446 628 453 647 :
473 621 545 648 Uxor
559 625 605 649 tua
615 622 686 650 sicut
697 623 760 650 vitis
773 624 916 651 abundans
928 625 965 652 ηε
979 625 1047 652 item

226 662 367 690 Dominus
384 663 442 692 ait:
459 665 512 700 Ego
528 665 600 700 vitis,
619 674 665 694 vos
678 668 809 702 palmites
823 669 844 686 η
860 677 867 702 ;
888 669 1047 697 verendum

225 709 270 734 est
286 716 321 735 ne
336 709 370 735 ad
387 717 440 737 nos
457 709 545 737 etiam
562 712 711 746 perveniat
731 712 832 740 isti]an
847 714 1046 748 comminatio,

225 751 251 779 si
267 754 384 788 quando
399 762 456 781 non
472 755 592 783 idoneos
615 756 730 784 edimus
756 758 879 785 fructus.
903 758 1047 786 Fortassis

225 796 302 824 enim
318 805 424 833 corpus
438 799 661 828 tabernaculum
676 804 730 834 est,
747 804 775 829 et
790 802 819 829 in
835 811 892 838 quo
901 802 1047 831 inhabitat

223 840 350 875 Spiritus
366 845 496 871 sanctus.
517 844 558 871 An
582 846 702 879 nescitis,
726 847 799 882 quod
821 855 933 882 corpora
957 850 1045 875 vrstra

223 885 356 921 templum
369 889 434 914 sunt
447 888 603 916 habitantis
618 890 648 917 in
663 891 738 918 vobis
761 891 880 926 Spiritus
894 893 983 920 sancti
997 893 1019 910 ²¹
1031 892 1045 920 ?

221 929 329 958 Anima
344 938 410 959 vero
421 931 504 960 vinea
519 936 563 961 est
577 934 610 967 ³³,
625 942 642 961 a
653 943 711 970 qua
721 936 884 971 reposcitur
894 937 1041 965 fructuum

222 973 351 1008 ubertas,
373 975 552 1011 plantatione
576 979 751 1015 primigenia
775 982 803 1008 et
827 980 877 1008 Dei
901 981 1042 1017 agricola-

220 1018 300 1046 tione
311 1019 418 1054 digna:
431 1021 539 1057 quippe
551 1022 682 1058 plantata
692 1027 736 1052 est
747 1033 823 1058 vera,
836 1026 872 1053 ad
884 1026 1042 1062 imaginem

220 1062 299 1091 894
314 1064 373 1091 veri
388 1065 437 1092 Dei
455 1066 581 1094 condita.
597 1067 662 1095 Jam
678 1077 744 1096 vero
768 1069 909 1105 paulatim
934 1071 1041 1099 excoli-

220 1109 269 1135 tur
281 1107 326 1135 sui
342 1109 501 1138 conditoris
517 1112 709 1148 providentia,
726 1114 777 1149 qui
804 1115 956 1150 palmitem
981 1117 1041 1143 frn-

221 1154 301 1180 ctum
317 1153 457 1182 ferentem
472 1158 588 1191 purgat,
606 1159 638 1184 ut
662 1157 729 1193 plus
756 1159 858 1187 afferat
881 1160 993 1188 fructus
1009 1161 1039 1189 ²³.

219 1195 334 1224 Etenim
351 1198 375 1225 si
392 1206 445 1226 nos
461 1199 660 1229 addixerimus
676 1203 811 1237 paranda
833 1204 895 1231 vitae
910 1204 1041 1240 puritati,

219 1241 256 1269 ad
268 1243 472 1277 expurgandus
484 1244 573 1271 animi
586 1246 818 1280 perturbationes
829 1250 904 1276 Deus
915 1249 978 1284 ipse
989 1249 1043 1277 lert

218 1285 370 1320 suppetias
385 1294 391 1319 ;
409 1287 540 1315 studium
557 1292 702 1323 nostrum,
716 1294 906 1327 nostramque
916 1301 984 1328 erga
995 1293 1041 1322 bo-

217 1336 290 1356 num
303 1329 519 1367 honestumque
531 1334 755 1368 propensionem
765 1336 1042 1371 perﬁciens.10uem-

219 1372 378 1402 admodum
394 1375 484 1410 igitur
499 1380 621 1412 putatur
636 1378 714 1413 vitis,
734 1379 857 1408 nimium
883 1381 1040 1410 eluxuriari

217 1417 384 1452 prohibita:
401 1419 444 1447 sic
456 1422 483 1448 et
494 1421 596 1449 animae
608 1423 739 1451 studium
752 1432 820 1460 erga
829 1433 874 1452 res
886 1434 974 1454 vanas
985 1426 1040 1454 cir~

218 1462 426 1496 cumcidimus,
455 1473 558 1494 omnes
586 1467 650 1502 ejus
678 1467 736 1496 vim
764 1477 797 1496 ac
818 1469 987 1498 facultatem
1004 1471 1040 1499 ad

217 1504 331 1534 fructus
348 1507 491 1536 bonorum
506 1518 626 1545 operum
639 1513 842 1547 producendos
854 1514 1038 1551 colligimus;

216 1551 250 1576 ut
265 1558 300 1577 ne
315 1550 472 1580 silvescens
487 1556 515 1581 et
530 1554 699 1584 eluxurians
714 1557 744 1584 in
760 1557 814 1586 hoc
833 1550 1039 1588 ostentationis

217 1595 328 1623 mundo
342 1596 377 1623 ad
394 1598 518 1632 gratiam
531 1598 684 1628 hominum
696 1603 870 1637 captandam
881 1612 966 1632 suam
978 1613 1039 1632 om-
1053 1594 1074 1628 ο

216 1644 283 1664 nem
295 1638 448 1668 exhauriat
458 1641 636 1678 facultatem,
650 1645 721 1673 dum
735 1647 820 1681 quasi
835 1646 912 1675 circa
927 1648 996 1675 folia
1010 1651 1039 1676 et

215 1682 377 1718 capreolos,
394 1686 497 1712 mundi
521 1687 633 1716 scilicet
656 1689 791 1726 ﬁguram,
815 1699 879 1719 sese
902 1695 1037 1728 occupat.

215 1726 290 1757 Quin
306 1729 334 1754 et
350 1727 574 1758 circumfoditur
589 1733 697 1768 anima,
714 1743 747 1762 ac
758 1738 863 1763 cuncta
874 1737 1040 1772 adjacentia

215 1770 251 1797 ad
268 1779 356 1799 suum
373 1773 586 1804 nutrimentum
601 1777 657 1804 sibi
673 1778 812 1814 vindicat,
828 1770 929 1816 sicque
945 1782 980 1809 ad
994 1790 1038 1810 ex-

215 1815 382 1851 cipiendam
407 1818 533 1853 Spiritus
558 1821 720 1850 doctrinam
743 1832 773 1851 se
797 1824 862 1860 ipsa
883 1815 1037 1862 praeparat.

213 1859 468 1891 Quemadmodum
479 1864 558 1891 enim
570 1866 647 1901 vitis,
660 1875 723 1903 quae
738 1876 794 1895 non
807 1859 928 1905 inditur,
940 1859 1040 1898 meati-

215 1903 270 1931 bus
285 1905 576 1944 destituiturgneque
592 1918 626 1938 ex
640 1919 717 1947 aqua
733 1912 890 1942 utilitatem
905 1903 942 1942 o'b
955 1917 1039 1942 terra:

215 1947 377 1992 adiacentis
393 1951 569 1981 densitatem
594 1956 690 1991 capit:
718 1956 782 1992 pari
805 1958 916 1986 ratione
940 1959 1039 1988 anima

213 1989 278 2027 qui:
295 2002 353 2021 non
368 1995 448 2023 exuit
473 2005 505 2024 se
527 1997 575 2026 his
599 1989 810 2035 corporalibus,
831 2011 955 2038 quaeque
979 2012 1038 2039 prae

214 2045 315 2065 eorum
333 2039 461 2074 pondere
475 2041 598 2070 minime
609 2045 743 2080 respirat,
755 2045 913 2075 infecunda
923 2055 1037 2084 perma-

212 2083 273 2116 net,
289 2083 476 2112 terrenorum
488 2087 617 2121 pondere
628 2088 783 2124 depressa;
795 2093 823 2118 et
834 2091 871 2118 ob
882 2083 1038 2128 id,super-

213 2133 286 2153 num
302 2128 444 2157 auxilium
461 2139 519 2158 non
542 2131 697 2168 recipiens,
722 2134 905 2163 infructuosa
928 2134 1036 2165 manet.

214 2169 302 2198 Porro
317 2172 354 2199 ab
378 2172 561 2203 infructuosa
585 2177 684 2205 anima
710 2178 838 2214 Spiritus
862 2182 982 2209 sanctus
1007 2189 1038 2209 se

212 2221 246 2261 su
253 2214 382 2244 bmovet:
391 2219 500 2247 cadunt
508 2220 596 2248 etiam
605 2229 700 2257 sepes,
710 2223 879 2257 angelorum
887 2224 1035 2261 subsidia;

212 2257 330 2287 irruuut
343 2262 441 2289 autem
453 2264 600 2299 peregrini
615 2265 651 2293 ad
667 2274 720 2294 nos
736 2268 934 2303 pervadentes,
950 2270 1036 2297 nimi-
1053 2280 1078 2313 D

213 2310 279 2330 rum
304 2306 463 2339 potestates
486 2307 544 2335 illa:
569 2312 755 2344 peccatorum
778 2311 854 2340 circa
873 2313 1037 2342 doctrinam

211 2349 440 2387 commissorum
456 2351 624 2381 eﬂ‘ectrices.
651 2354 727 2386 Quin
747 2356 835 2384 etiam
862 2358 1037 2394 cupiditates

211 2399 274 2427 quae
287 2400 351 2420 eam
364 2400 648 2432 praeoccupaverant,
660 2399 753 2428 instar
761 2401 823 2429 suis
831 2402 916 2430 bruto
925 2403 1037 2439 impetu

211 2435 361 2472 irruentis,
378 2446 468 2475 seque
484 2440 514 2468 in
531 2441 618 2470 fetido
635 2446 738 2479 putore
754 2445 924 2483 voluntatis,
940 2435 1037 2484 ipsam

250 2514 273 2531 ¹⁹
286 2514 365 2543 Psal.
381 2524 486 2552 cxxvn,
502 2518 529 2546 3.
568 2519 590 2537 ¹⁰
604 2520 687 2549 Joan.
704 2530 751 2556 xv,
766 2523 793 2550 5.
833 2524 855 2542 ²¹
872 2524 884 2552 Ι
900 2524 963 2553 Cor.
979 2533 1020 2560 v1,
1037 2525 1081 2553 19.

381 2612 453 2643 mss.
469 2607 507 2643 At
522 2606 604 2639 editi,
621 2605 760 2643 ἁπατηλή,
782 2611 928 2643 corrupte.

247 2637 471 2681 (1:4)Dissident
487 2641 562 2669 inter
582 2637 614 2681 se
629 2637 845 2681 mssietifediti.
871 2637 954 2681 Regii
978 2645 1038 2680 pri-

212 2679 280 2718 mus
296 2676 324 2700 et
339 2677 489 2705 secundus
504 2685 571 2718 cum
584 2678 701 2718 duobus
722 2678 801 2714 aliis,
816 2676 944 2718 «topici.
960 2676 1038 2718 πξρι-

211 2707 397 2754 κόπτομεν...Ι
425 2712 643 2754 ταμιευόμενοι..
672 2717 742 2754 Itng
778 2707 1037 2754 ιέτὶὶιῖεξνψυγῆ...

212 2745 469 2793 περικοπτομένη..ξ
496 2745 693 2793 ταμιευομένη.
711 2745 816 2793 :Reg.“
827 2745 975 2793 quartus;
988 2745 1038 2788 ᾧυ-

213 2779 288 2824 χήἻ
328 2779 584 2824 περικοπτομένξὴμ.
615 2779 872 2824 ’ταμιεύει.”Εάἶιί
903 2779 1037 2824 denique.

214 2814 327 2851 ψυχὴ...
342 2814 562 2857 περικοπτὸμένή
579 2814 749 2857 ταμιίύεται,

1106 265 1204 301 σκαλίᾳ
1218 267 1266 301 τήν
1283 266 1422 294 πολιτείαν
1442 267 1675 306 μεταπαρὲδωκεν.
1696 269 1909 309 Ἑγκαταλειφθή-

1105 321 1179 338 σεται
1207 310 1284 345 οὖνὴ
1315 311 1396 346 Σιὼν,
1424 311 1468 338 καὶ
1499 312 1536 344 ὡς
1566 313 1806 352 ὀπωροφυλάκιον,
1830 315 1859 342 τὸ
1873 326 1911 354 uu-

1105 355 1252 391 λακτήριον
1280 359 1331 390 τῆς
1358 356 1479 393 ὀπώρας.
1509 357 1540 384 Ἡ
1569 356 1598 384 δὲ
1629 357 1724 395 ὀπώρα
1747 358 1809 396 οὐχὶ
1831 361 1910 396 στερεὰ

1103 400 1187 436 τροσή
1204 400 1250 427 καὶ
1268 401 1394 437 μόνιμος,
1411 400 1474 428 ἀλλ’
1497 400 1589 436 ἁπαλὴ
1617 403 1674 439 (43)
1690 403 1734 430 καὶ
1749 403 1908 442 πρόσκαιρος.

1103 446 1232 477 Τοιοῦτος
1247 444 1276 472 δὲ
1291 445 1304 472 ὁ
1320 445 1416 482 νόμος,
1434 445 1548 482 μίμημα
1563 444 1634 484 ἔχων
1658 445 1792 484 λατρείας,
1810 448 1855 476 οὑκ
1867 449 1909 476 αὐ-

1102 489 1152 522 τὴν
1179 489 1228 523 τὴν
1258 488 1397 524 ὰλήθειαψ
1424 488 1493 518 διότι
1526 489 1681 528 ὑπόδειγμα
1708 491 1762 519 ἐστι
1789 493 1831 520 καὶ
1859 493 1909 520 σκιὰ

1101 535 1156 560 τῶν
1181 533 1358 572 ἐπουρανίων.
1387 534 1462 562 Ἐπεὶ
1493 534 1522 562 δὲ
1550 535 1594 563 καὶ
1623 537 1640 570 ἡ
1666 537 1825 568 καθὲκαστον
1844 539 1908 575 ψυχὴ

1103 578 1221 614 ἀμπέλῳ
1245 579 1445 616 πορεικάζεται,
1475 579 1511 610 ὡς
1541 579 1566 607 ἐν
1589 579 1703 617 ψαλμῷ·
1729 584 1760 608 Ἦ
1785 583 1849 619 γυνή
1870 592 1908 609 σου

1103 623 1139 653 ὡς
1170 621 1295 659 ἄμπελος
1325 624 1482 659 εὐθηνοῦσα’
1512 625 1556 652 καὶ
1582 625 1597 651 ὁ
1624 626 1734 663 Κύριος,
1746 626 1910 665 Ἐγὼ,φήσὶν,

1102 667 1120 701 ἡ
1150 666 1273 703 ἃμπελος
1295 689 1302 703 ,
1335 668 1412 704 ὑμεῖς
1446 669 1480 696 τὰ
1505 668 1645 706 κλήματα·
1678 671 1786 705 μήποτε
1811 670 1855 698 καὶ
1879 671 1910 701 εἷς

1101 712 1176 747 ἡμᾶς
1203 713 1289 750 φθάνῃ
1312 713 1346 740 τὰ
1370 712 1568 749 ἠπειλημὲνα,
1596 714 1658 741 ὅταν
1686 715 1724 750 μή
1750 713 1910 751 ἀποδίδωμεν

1100 756 1164 788 τοὺς
1194 754 1390 788 ἐπιϐάλλοντας
1415 758 1482 793 ἡμῖν
1508 758 1638 796 καρπούς.
1661 758 1738 796 Τάχα
1765 760 1814 796 γὰρ
1837 761 1908 794 σκηνὴ

1103 801 1149 837 μὶν
1169 799 1224 828 ἔστι
1253 801 1284 828 τὸ
1313 804 1402 838 σῶμα,
1428 802 1451 837 ᾦ
1466 801 1565 830 ἐνοικεῖ
1588 803 1619 830 τὸ
1645 805 1756 839 Πνεῦμα
1780 803 1810 831 τὸ
1832 804 1907 841 ἅγιον.

1100 844 1156 873 Οὐκ
1169 844 1259 872 θ’ίδατε
1286 846 1348 883 γὰρ,
1379 846 1419 874 ὅτι
1449 847 1481 874 τὰ
1515 847 1627 884 σώματα
1654 847 1730 884 ὑμῶν
1754 848 1816 879 ναὸς
1832 850 1874 875 τοῦ
1886 847 1907 875 ἐν

1100 889 1163 925 ὑμῖν
1190 889 1268 927 ἁγίου
1293 890 1450 927 Πνεύματός
1477 890 1549 919 ἐστιν
1567 901 1574 926 ;
1591 892 1738 929 Ἀμπελὼν
1755 891 1784 920 δὲ
1798 893 1815 927 ἡ
1831 893 1906 930 ψυχὴ,

1095 934 1145 968 τήν
1162 935 1346 973 καρποφορίαν
1371 935 1443 970 ἀξίαν
1468 939 1518 970 τῆς
1544 935 1569 971 ἐξ
1585 936 1674 973 ἀρχῆς
1689 936 1798 972 φυτείας
1812 937 1907 969 καὶτῆς

1095 980 1144 1005 τοῦ
1173 981 1239 1006 Θεοῦ
1275 979 1411 1017 γεωργίας
1443 980 1627 1016 ἀπαιτουμένη
1646 1002 1652 1009 .
1682 981 1828 1020 Ἐφυτεύθη
1861 981 1904 1018 γὰρ

1097 1021 1214 1058 ἀληθινή
1243 1024 1301 1051 κατ’
1331 1024 1421 1051 εἰκόνα
1446 1026 1494 1051 τοῦ
1521 1023 1653 1060 ἀληθινοῦ
1682 1027 1749 1052 Θεοῦ
1775 1024 1902 1062 γενομένή·

1096 1070 1255 1106 γεωργεῖται
1281 1067 1310 1095 δὲ
1333 1071 1394 1100 ταῖς
1417 1068 1484 1096 κατά
1507 1070 1589 1106 μέρος
1617 1069 1786 1106 ἐπιμελείαις
1797 1072 1843 1098 τοῦ
1856 1069 1904 1098 κτί-

1097 1122 1202 1146 σαντος,
1219 1113 1249 1143 ὃς
1271 1113 1303 1140 τὸ
1331 1113 1378 1150 μὲν
1401 1116 1591 1152 καρποφοροῦν
1611 1114 1745 1151 καθαίρει,
1767 1113 1813 1142 ’ίνα
1826 1113 1907 1142 πλείο-

1095 1167 1128 1184 να
1142 1157 1245 1194 καρπὸν
1259 1156 1339 1195 φέρῃ.
1363 1157 1423 1185 Ἐὰν
1443 1159 1494 1196 γὰρ
1519 1158 1629 1190 ἑαυτοὺς
1654 1158 1790 1196 ἐπιθῶμεν
1814 1162 1846 1196 τῇ
1869 1169 1907 1186 κα-

1097 1202 1225 1239 θαρότητι
1241 1204 1288 1229 τοῦ
1306 1202 1377 1239 βίου,
1395 1200 1616 1239 συλλαμϐάνεται
1631 1205 1699 1240 ἡμῖν
1714 1204 1784 1242 πρὸς
1799 1205 1846 1239 τὴν
1862 1203 1906 1231 ἀπὸ

1094 1247 1148 1272 τῶν
1175 1247 1266 1273 παθῶν
1292 1247 1418 1284 κάθαρσιν
1445 1247 1459 1274 ὁ
1486 1247 1565 1283 Θεὸς,
1593 1247 1703 1275 τελειῶν
1729 1249 1780 1283 τήν
1804 1248 1861 1285 περὶ
1881 1248 1906 1274 τὸ

1095 1289 1195 1327 ἀγαθὸν
1226 1289 1348 1325 σπουδὴν
1377 1291 1421 1319 καὶ
1449 1292 1613 1329 προθυμίαν.
1641 1294 1744 1331 ’Ὠσπερ
1774 1293 1819 1321 οὖν
1848 1292 1904 1320 κλα-

1096 1333 1198 1362 δεύεται
1224 1333 1357 1371 ἄμπελος,
1383 1336 1436 1363 ἀπὸ
1459 1340 1510 1371 τῆς
1533 1336 1559 1363 ἐν
1581 1339 1639 1368 τοῖς
1671 1340 1808 1375 περιττοῖς
1832 1339 1906 1376 φορᾶς

1095 1379 1270 1416 κωλυομένη·
1300 1380 1371 1407 οὕτω
1399 1380 1443 1408 καὶ
1473 1382 1565 1418 ψυχῆς
1592 1382 1641 1416 τὴν
1666 1382 1729 1418 περὶ
1756 1382 1790 1410 τὰ
1819 1382 1907 1418 μάταια

1096 1422 1216 1458 σπουδὴν
1232 1424 1431 1462 περικόπτομεν
1445 1426 1514 1462 (44),
1529 1428 1615 1453 πᾶσαν
1633 1426 1719 1461 αὐτῆς
1743 1427 1792 1461 τήν
1805 1425 1906 1462 δύναμιν

1094 1467 1138 1496 ἐπὶ
1152 1469 1201 1503 τὴν
1217 1471 1271 1496 τῶν
1283 1468 1437 1497 σπουδαίων
1463 1467 1550 1508 ἔργων
1575 1470 1763 1509 καρποφορίαν
1788 1470 1904 1507 ταμιευό-

1096 1524 1172 1550 μενοι
1187 1514 1286 1550 μήπως
1309 1514 1500 1550 ὑλομανήσασα
1525 1515 1552 1542 ἐν
1568 1517 1608 1551 τῷ
1623 1514 1797 1552 ἐπιδεικτικῷ
1809 1517 1904 1552 κοσμῷ,

1093 1559 1161 1596 πρὸς
1176 1559 1225 1593 τήν
1241 1561 1294 1586 τῶν
1305 1559 1453 1596 ἀνθρώπων
1466 1559 1603 1594 ἀρέσκειαν
1617 1560 1665 1594 τὴν
1681 1560 1750 1596 ὅλην
1763 1561 1856 1592 εαυτῆς
1866 1559 1905 1586 δύ-

1093 1613 1174 1639 ναμιν
1187 1602 1331 1640 ἐκκενώσῃ,
1345 1603 1427 1631 οἱονεὶ
1443 1604 1503 1637 περὶ
1516 1603 1608 1643 φύλλα
1619 1604 1663 1632 καὶ
1673 1602 1811 1641 ἓλικας,τὸ
1821 1608 1907 1642 σχῆμα

1091 1649 1139 1674 τοῦ
1153 1647 1268 1683 κόσμου,
1286 1647 1482 1685 ἀσχοληθεῐσα.
1495 1647 1583 1676 Ἀλλὰ
1592 1649 1636 1676 καὶ
1652 1649 1798 1677 σκάπτεται
1810 1651 1826 1684 ἡ
1838 1648 1904 1686 ψυχὴ

1091 1692 1179 1719 πάντα
1194 1691 1231 1723 εἰς
1246 1692 1296 1726 τὴν
1313 1690 1380 1719 ἰδίαν
1396 1693 1497 1729 τροθήν
1514 1693 1650 1721 οἰκειοῦσα
1664 1694 1697 1721 τὰ
1721 1694 1903 1732 παρακείμενα,

1092 1737 1136 1764 καὶ
1153 1735 1352 1772 οὕτωςζὲαυτῆν
1363 1736 1554 1775 εὐτρεπίζουσα
1562 1738 1630 1775 πρὸς
1639 1738 1689 1772 τήν
1702 1738 1844 1776 ὑποδοχὴν
1859 1739 1906 1765 τῶν

1093 1779 1267 1817 διδαγμάτων
1283 1782 1331 1807 τοῦ
1346 1781 1514 1817 Πνεύματος.
1528 1783 1629 1819 Ὥσπερ
1650 1783 1702 1821 γὰρ
1722 1783 1761 1819 μὴ
1786 1784 1905 1821 σκαφεῖα-α

1092 1824 1216 1861 ἄμπελος
1242 1823 1434 1856 ἀδιάπνευστός
1458 1826 1524 1860 ἐστι,
1549 1826 1594 1854 καὶ
1618 1830 1668 1862 τῆς
1693 1827 1722 1854 ἐκ
1745 1830 1794 1855 τοῦ
1820 1826 1906 1857 ὕδατος

1093 1869 1227 1909 ὡφελείας
1250 1868 1294 1897 διὰ
1316 1871 1366 1906 τήν
1391 1871 1546 1906 πυκνότητα
1572 1875 1623 1906 τῆς
1646 1872 1847 1909 παρακειμένης
1860 1874 1904 1909 γῆς

1093 1913 1275 1945 ἀνιπίδεκτος·
1301 1914 1387 1946 οὕτως
1413 1916 1430 1949 ἡ
1449 1915 1486 1952 μὴ
1512 1915 1754 1952 ἀποσκευασαμένη
1770 1917 1803 1944 τὰ
1818 1925 1905 1951 σωμα-

1091 1958 1154 1985 τικὰ
1168 1959 1256 1996 ψυχὴ,
1281 1959 1325 1986 καὶ
1352 1958 1381 1986 ἰκ
1403 1961 1452 1987 τοῦ
1478 1959 1577 1996 βάρους
1601 1959 1688 1987 αὐτῶν
1718 1960 1905 1992 ἀναπνεύσασα,

1093 2003 1190 2040 ἄγονος
1202 2002 1321 2040 διαμένει
1337 2004 1376 2040 τῷ
1394 2004 1469 2042 βάρει
1477 2006 1531 2031 τῶν
1546 2004 1647 2032 ὑλικῶν
1659 2003 1834 2042 πεπιλημὲνη
1845 2005 1906 2041 (45),

1057 2047 1069 2061 ”
1092 2048 1138 2075 καὶ
1168 2047 1212 2075 διὰ
1239 2050 1318 2075 τοῦτο
1336 2070 1343 2083 ,
1373 2051 1423 2083 τῆς
1462 2049 1561 2082 ἄνωθεν
1593 2050 1631 2086 μή
1671 2047 1907 2086 μεταλαμϐάνουσα

1095 2091 1232 2130 βοηθείας,
1261 2091 1382 2130 ἄκαρπος
1410 2093 1503 2129 μένει.
1534 2095 1590 2128 Τῆς
1620 2092 1648 2121 δὲ
1674 2093 1797 2130 ἀκάρπου
1823 2095 1907 2130 ψυχῆς

1093 2136 1235 2174 ἀφίσταται
1265 2136 1311 2173 μὶν
1338 2137 1370 2164 τὸ
1393 2137 1505 2173 Πνεῦμα
1531 2137 1562 2164 τὸ
1578 2138 1664 2175 ἅγιον·
1683 2137 1812 2166 πίπτουσι
1837 2136 1864 2165 δὲ
1885 2136 1907 2163 οἱ

1093 2181 1229 2219 φραγμοὶ,
1257 2181 1284 2208 αἱ
1304 2183 1358 2208 τῶν
1384 2180 1511 2219 ἀγγέλων
1535 2181 1669 2219 βοήθειαν
1695 2182 1864 2210 εῑσπίπτουσι
1884 2179 1908 2208 δὲ

1093 2225 1119 2252 οἱ
1134 2224 1203 2260 ξένοι
1220 2225 1245 2252 οἱ
1271 2223 1438 2257 διοδεύοντες
1454 2226 1538 2262 ἡμᾶς,
1556 2227 1582 2253 αἱ
1597 2228 1652 2254 τῶν
1667 2228 1730 2265 περὶ
1745 2228 1794 2263 τὴν
1819 2228 1907 2265 γνῶσιν

1094 2269 1296 2307 ἁμαρτημάτων
1324 2269 1494 2308 ἐνεργητικαὶ
1536 2269 1674 2308 δυνάμεις·
1706 2271 1740 2299 τὰ
1778 2282 1807 2299 τι
1841 2271 1906 2304 πάθη

1093 2311 1335 2352 προκαταλαϐόντα
1360 2316 1416 2351 (46)
1441 2314 1577 2352 λυμαίνει,
1605 2315 1652 2346 ὑὸς
1683 2314 1761 2351 δίκην
1787 2316 1908 2353 ἀλόγιπα

1093 2359 1246 2396 ὁρμῶντος,
1274 2358 1319 2385 καὶ
1346 2358 1560 2395 καλινδουμένου
1585 2362 1645 2391 ταῖς
1674 2358 1836 2391 δυσωδίαις.
1862 2358 1906 2388 Καὶ

1092 2403 1154 2430 τότε
1168 2401 1321 2440 πληροῦται
1337 2403 1381 2430 ἐπὶ
1405 2403 1454 2437 τήν
1479 2403 1611 2439 τοιαύτην
1636 2405 1728 2442 ψυχὴν
1753 2405 1796 2440 τὸ,
1821 2405 1906 2441 Ἐγκα-

1091 2447 1299 2486 ταλειφθήσεται
1341 2448 1358 2482 ἦ
1400 2448 1521 2486 Θυγάτηρ
1555 2449 1637 2484 Σιὼν,
1682 2449 1719 2480 ὡς
1761 2449 1846 2484 σκηνὴ
1884 2447 1908 2474 ἐν

1117 2525 1141 2542 ¹²
1155 2526 1264 2553 Jerem.
1281 2533 1312 2561 ιι,
1327 2526 1372 2553 21.
1412 2525 1434 2543 ³³
1449 2524 1532 2554 Joan.
1547 2534 1594 2559 xv,
1609 2526 1637 2554 2.

1127 2609 1185 2646 (45)
1201 2610 1270 2646 Reg.
1286 2611 1436 2639 secundus
1451 2613 1480 2639 et
1501 2611 1560 2639 duo
1586 2609 1637 2638 alii
1666 2619 1751 2645 ωδε..
1782 2610 1908 2646 ἐπειλημ-

1095 2645 1311 2682 ptvmdeténta.
1326 2647 1382 2675 Alii
1403 2647 1461 2675 duo
1486 2655 1559 2674 mss.
1583 2655 1651 2674 cum
1676 2647 1773 2682 editis,
1798 2645 1908 2680 πεπιλή-

1094 2680 1327 2723 μένῃλιάερνεδεα.
1343 2683 1572 2723 Sensuseodem
1589 2683 1674 2723 redit.

1129 2716 1186 2752 (46)
1199 2715 1245 2745 Sic
1259 2726 1331 2755 mss,
1344 2727 1405 2747 sex.
1426 2718 1514 2755 Editi_
1528 2715 1833 2755 προκαταλαμϐάνοντα.
1850 2719 1907 2755 Staj

1129 2728 1186 2752 (ιω)
1200 2728 1245 2745 sic
1259 2728 1331 2750 mss,
1344 2728 1405 2747 sex.
1426 2728 1503 2747 sum
1528 2728 1687 2755 προκαταΛα
1711 2728 1833 2760 navews.
1850 2728 1907 2746 nta-

1093 2752 1153 2796 tiim'
1162 2760 1212 2794 sex
1224 2762 1310 2796 mss.,
1322 2754 1462 2796 ὁρμῷντος
1472 2753 1518 2796 καὶ
1529 2728 1756 2796 seliget-piceo,
1768 2756 1824 2796 nisi
1836 2752 1907 2790 quod

1094 2788 1169 2816 desit
1183 2788 1214 2816 in
1230 2788 1325 2819 tribus
1339 2788 1506 2826 coniunctio
1519 2789 1574 2819 καί,
1597 2788 1683 2825 Editi,
1709 2788 1853 2827 ὀρμῶντοξ
1862 2799 1906 2816 κυ-

1094 2821 1266 2852 λινδοιιίνου.

1115 2833 1169 2851 ινοο
1173 2833 1266 2861 μινου.
