  <div class='ocr_page' id='page_1' title='image "/cluster/home/n/w/nwhite01/storage/ocr_20150623/30/njp.32101013202591/095.png"; bbox 0 0 2018 3146; ppageno 0'>
   <div class='ocr_carea' id='block_1_1' title="bbox 207 138 1057 173">
    <p class='ocr_par' dir='ltr' id='par_1_1' title="bbox 207 138 1057 173">
     <span class='ocr_line' id='line_1_1' title="bbox 207 138 1057 173; baseline -0.002 -1"><span class='ocrx_word' id='word_1_1' title='bbox 207 142 266 173; x_wconf 74' lang='grc'><strong>163</strong></span> <span class='ocrx_word' id='word_1_2' title='bbox 673 140 872 172; x_wconf 82' lang='lat' dir='ltr'><strong>APPENDIX</strong></span> <span class='ocrx_word' id='word_1_3' title='bbox 892 138 1057 171; x_wconf 77' lang='lat' dir='ltr'><strong>OPERUM</strong></span> 
     </span>
    </p>
   </div>
   <div class='ocr_carea' id='block_1_2' title="bbox 1079 138 1911 178">
    <p class='ocr_par' dir='ltr' id='par_1_2' title="bbox 1079 138 1911 178">
     <span class='ocr_line' id='line_1_2' title="bbox 1079 138 1911 178; baseline 0.011 -9"><span class='ocrx_word' id='word_1_4' title='bbox 1079 139 1112 170; x_wconf 85' lang='lat'><strong>8.</strong></span> <span class='ocrx_word' id='word_1_5' title='bbox 1133 138 1274 172; x_wconf 77' lang='lat' dir='ltr'><strong>BABILH</strong></span> <span class='ocrx_word' id='word_1_6' title='bbox 1296 141 1435 174; x_wconf 82' lang='lat' dir='ltr'><strong>MAGNI.</strong></span> <span class='ocrx_word' id='word_1_7' title='bbox 1852 148 1911 178; x_wconf 60' lang='lat' dir='ltr'><strong>I61</strong></span> 
     </span>
    </p>
   </div>
   <div class='ocr_carea' id='block_1_3' title="bbox 205 203 1016 247">
    <p class='ocr_par' dir='ltr' id='par_1_3' title="bbox 205 205 1014 243">
     <span class='ocr_line' id='line_1_3' title="bbox 205 205 1014 243; baseline -0.002 -9"><span class='ocrx_word' id='word_1_8' title='bbox 205 207 234 235; x_wconf 89' lang='lat' dir='ltr'><strong>in</strong></span> <span class='ocrx_word' id='word_1_9' title='bbox 251 207 429 243; x_wconf 84' lang='lat' dir='ltr'><strong>peregrinos,</strong></span> <span class='ocrx_word' id='word_1_10' title='bbox 446 206 475 234; x_wconf 90' lang='lat' dir='ltr'><strong>hi</strong></span> <span class='ocrx_word' id='word_1_11' title='bbox 491 213 558 234; x_wconf 86' lang='lat' dir='ltr'><strong>vero</strong></span> <span class='ocrx_word' id='word_1_12' title='bbox 573 207 604 234; x_wconf 93' lang='lat' dir='ltr'><strong>in</strong></span> <span class='ocrx_word' id='word_1_13' title='bbox 620 214 686 234; x_wconf 88' lang='lat' dir='ltr'><strong>eum</strong></span> <span class='ocrx_word' id='word_1_14' title='bbox 698 206 748 242; x_wconf 89' lang='lat' dir='ltr'><strong>qui</strong></span> <span class='ocrx_word' id='word_1_15' title='bbox 764 206 792 234; x_wconf 89' lang='lat' dir='ltr'><strong>in</strong></span> <span class='ocrx_word' id='word_1_16' title='bbox 808 205 927 242; x_wconf 90' lang='lat' dir='ltr'><strong>propria</strong></span> <span class='ocrx_word' id='word_1_17' title='bbox 937 205 1014 232; x_wconf 86' lang='lat' dir='ltr'><strong>venit</strong></span> 
     </span>
    </p>
   </div>
   <div class='ocr_carea' id='block_1_4' title="bbox 1072 203 1910 247">
    <p class='ocr_par' dir='ltr' id='par_1_4' title="bbox 1085 203 1910 247">
     <span class='ocr_line' id='line_1_4' title="bbox 1085 203 1910 247; baseline 0.011 -16"><span class='ocrx_word' id='word_1_18' title='bbox 1085 203 1175 232; x_wconf 81' lang='grc' dir='ltr'>θόντα·</span> <span class='ocrx_word' id='word_1_19' title='bbox 1190 205 1308 234; x_wconf 77' lang='grc' dir='ltr'>κάκεῖνοι</span> <span class='ocrx_word' id='word_1_20' title='bbox 1338 208 1387 244; x_wconf 75' lang='grc' dir='ltr'>μὶν</span> <span class='ocrx_word' id='word_1_21' title='bbox 1412 207 1451 239; x_wconf 78' lang='grc' dir='ltr'>εἰς</span> <span class='ocrx_word' id='word_1_22' title='bbox 1479 207 1620 247; x_wconf 74' lang='grc' dir='ltr'><strong>ἀγγέλους,</strong></span> <span class='ocrx_word' id='word_1_23' title='bbox 1636 210 1709 238; x_wconf 80' lang='grc' dir='ltr'>οὗτοι</span> <span class='ocrx_word' id='word_1_24' title='bbox 1737 209 1768 238; x_wconf 75' lang='grc' dir='ltr'>δὶ</span> <span class='ocrx_word' id='word_1_25' title='bbox 1795 211 1836 242; x_wconf 82' lang='grc' dir='ltr'><strong>είς</strong></span> <span class='ocrx_word' id='word_1_26' title='bbox 1863 212 1910 240; x_wconf 84' lang='grc' dir='ltr'><strong>τὸν</strong></span> 
     </span>
    </p>
   </div>
   <div class='ocr_carea' id='block_1_5' title="bbox 206 249 1026 286">
    <p class='ocr_par' dir='ltr' id='par_1_5' title="bbox 206 249 1026 286">
     <span class='ocr_line' id='line_1_5' title="bbox 206 249 1026 286; baseline -0.004 -7"><span class='ocrx_word' id='word_1_27' title='bbox 206 252 285 280; x_wconf 85' lang='lat' dir='ltr'><strong>luere</strong></span> <span class='ocrx_word' id='word_1_28' title='bbox 300 250 503 279; x_wconf 87' lang='lat' dir='ltr'><strong>contumeliosi</strong></span> <span class='ocrx_word' id='word_1_29' title='bbox 519 260 525 279; x_wconf 90' lang='lat'>:</span> <span class='ocrx_word' id='word_1_30' title='bbox 542 250 583 278; x_wconf 86' lang='lat' dir='ltr'>illi</span> <span class='ocrx_word' id='word_1_31' title='bbox 601 251 719 286; x_wconf 86' lang='lat' dir='ltr'><strong>quidem</strong></span> <span class='ocrx_word' id='word_1_32' title='bbox 734 251 761 278; x_wconf 92' lang='lat' dir='ltr'><strong>in</strong></span> <span class='ocrx_word' id='word_1_33' title='bbox 780 249 908 285; x_wconf 76' lang='lat' dir='ltr'><strong>angelos,</strong></span> <span class='ocrx_word' id='word_1_34' title='bbox 919 249 948 277; x_wconf 90' lang='lat' dir='ltr'><strong>hi</strong></span> <span class='ocrx_word' id='word_1_35' title='bbox 959 257 1026 277; x_wconf 90' lang='lat' dir='ltr'><strong>vero</strong></span> 
     </span>
    </p>
   </div>
   <div class='ocr_carea' id='block_1_6' title="bbox 205 295 1024 332">
    <p class='ocr_par' dir='ltr' id='par_1_6' title="bbox 205 295 1024 332">
     <span class='ocr_line' id='line_1_6' title="bbox 205 295 1024 332; baseline -0.004 -8"><span class='ocrx_word' id='word_1_36' title='bbox 205 296 235 324; x_wconf 90' lang='lat' dir='ltr'><strong>in</strong></span> <span class='ocrx_word' id='word_1_37' title='bbox 253 297 353 324; x_wconf 86' lang='lat' dir='ltr'><strong>Deum.</strong></span> <span class='ocrx_word' id='word_1_38' title='bbox 370 296 464 328; x_wconf 81' lang='lat' dir='ltr'><strong>Quare</strong></span> <span class='ocrx_word' id='word_1_39' title='bbox 480 295 643 332; x_wconf 81' lang='lat' dir='ltr'><strong>principum</strong></span> <span class='ocrx_word' id='word_1_40' title='bbox 659 295 903 323; x_wconf 88' lang='lat' dir='ltr'><strong>Sodomiticorum</strong></span> <span class='ocrx_word' id='word_1_41' title='bbox 920 302 1024 321; x_wconf 89' lang='lat' dir='ltr'><strong>nomen</strong></span> 
     </span>
    </p>
   </div>
   <div class='ocr_carea' id='block_1_7' title="bbox 198 339 1024 377">
    <p class='ocr_par' dir='ltr' id='par_1_7' title="bbox 198 339 1024 377">
     <span class='ocr_line' id='line_1_7' title="bbox 198 339 1024 377; baseline -0.002 -9"><span class='ocrx_word' id='word_1_42' title='bbox 198 342 267 377; x_wconf 84' lang='lat' dir='ltr'><strong>jure</strong></span> <span class='ocrx_word' id='word_1_43' title='bbox 283 350 315 369; x_wconf 85' lang='lat' dir='ltr'><strong>ac</strong></span> <span class='ocrx_word' id='word_1_44' title='bbox 336 341 439 369; x_wconf 89' lang='lat' dir='ltr'><strong>merito</strong></span> <span class='ocrx_word' id='word_1_45' title='bbox 464 342 613 369; x_wconf 77' lang='lat' dir='ltr'><strong>consecuti</strong></span> <span class='ocrx_word' id='word_1_46' title='bbox 637 344 707 368; x_wconf 89' lang='lat' dir='ltr'><strong>sunt</strong></span> <span class='ocrx_word' id='word_1_47' title='bbox 742 343 878 368; x_wconf 76' lang='lat' dir='ltr'><strong>Attamen</strong></span> <span class='ocrx_word' id='word_1_48' title='bbox 905 340 979 368; x_wconf 87' lang='lat' dir='ltr'><strong>Deus</strong></span> <span class='ocrx_word' id='word_1_49' title='bbox 995 339 1024 366; x_wconf 93' lang='lat' dir='ltr'><strong>in</strong></span> 
     </span>
    </p>
   </div>
   <div class='ocr_carea' id='block_1_8' title="bbox 202 384 1024 421">
    <p class='ocr_par' dir='ltr' id='par_1_8' title="bbox 202 384 1024 421">
     <span class='ocr_line' id='line_1_8' title="bbox 202 384 1024 421; baseline -0.002 -8"><span class='ocrx_word' id='word_1_50' title='bbox 202 386 283 421; x_wconf 85' lang='lat' dir='ltr'><strong>ipsos</strong></span> <span class='ocrx_word' id='word_1_51' title='bbox 299 386 448 413; x_wconf 82' lang='lat' dir='ltr'><strong>beneﬁcus</strong></span> <span class='ocrx_word' id='word_1_52' title='bbox 461 386 497 413; x_wconf 90' lang='lat' dir='ltr'><strong>ad</strong></span> <span class='ocrx_word' id='word_1_53' title='bbox 514 386 601 413; x_wconf 80' lang='lat' dir='ltr'><strong>utiles</strong></span> <span class='ocrx_word' id='word_1_54' title='bbox 616 394 685 413; x_wconf 88' lang='lat' dir='ltr'><strong>suos</strong></span> <span class='ocrx_word' id='word_1_55' title='bbox 699 392 849 413; x_wconf 81' lang='lat' dir='ltr'><strong>sermones</strong></span> <span class='ocrx_word' id='word_1_56' title='bbox 864 384 1024 412; x_wconf 88' lang='lat' dir='ltr'><strong>audiendos</strong></span> 
     </span>
    </p>
   </div>
   <div class='ocr_carea' id='block_1_9' title="bbox 203 428 1022 466">
    <p class='ocr_par' dir='ltr' id='par_1_9' title="bbox 203 428 1022 466">
     <span class='ocr_line' id='line_1_9' title="bbox 203 428 1022 466; baseline -0.002 -9"><span class='ocrx_word' id='word_1_57' title='bbox 203 430 386 464; x_wconf 74' lang='lat' dir='ltr'><strong>adhortatur,</strong></span> <span class='ocrx_word' id='word_1_58' title='bbox 399 429 599 466; x_wconf 86' lang='lat' dir='ltr'>populumque</span> <span class='ocrx_word' id='word_1_59' title='bbox 612 430 656 457; x_wconf 88' lang='lat' dir='ltr'><strong>his</strong></span> <span class='ocrx_word' id='word_1_60' title='bbox 668 429 850 465; x_wconf 81' lang='lat' dir='ltr'>principibus</span> <span class='ocrx_word' id='word_1_61' title='bbox 861 428 1022 462; x_wconf 78' lang='lat' dir='ltr'><strong>subditum,</strong></span> 
     </span>
    </p>
   </div>
   <div class='ocr_carea' id='block_1_10' title="bbox 200 472 1022 510">
    <p class='ocr_par' dir='ltr' id='par_1_10' title="bbox 200 472 1022 510">
     <span class='ocr_line' id='line_1_10' title="bbox 200 472 1022 510; baseline -0.001 -9"><span class='ocrx_word' id='word_1_62' title='bbox 200 476 229 501; x_wconf 85' lang='lat' dir='ltr'><strong>et</strong></span> <span class='ocrx_word' id='word_1_63' title='bbox 254 477 370 510; x_wconf 79' lang='lat' dir='ltr'><strong>propter</strong></span> <span class='ocrx_word' id='word_1_64' title='bbox 394 474 557 510; x_wconf 85' lang='lat' dir='ltr'><strong>improbam</strong></span> <span class='ocrx_word' id='word_1_65' title='bbox 583 474 747 502; x_wconf 82' lang='lat' dir='ltr'><strong>doctrinam</strong></span> <span class='ocrx_word' id='word_1_66' title='bbox 772 473 950 510; x_wconf 83' lang='lat' dir='ltr'><strong>appellatum</strong></span> <span class='ocrx_word' id='word_1_67' title='bbox 966 472 1022 500; x_wconf 88' lang='lat' dir='ltr'><strong>Go-</strong></span> 
     </span>
    </p>
   </div>
   <div class='ocr_carea' id='block_1_11' title="bbox 202 518 1021 554">
    <p class='ocr_par' dir='ltr' id='par_1_11' title="bbox 202 518 1021 554">
     <span class='ocr_line' id='line_1_11' title="bbox 202 518 1021 554; baseline -0.002 -8"><span class='ocrx_word' id='word_1_68' title='bbox 202 519 325 547; x_wconf 70' lang='lat' dir='ltr'><strong>morrhm</strong></span> <span class='ocrx_word' id='word_1_69' title='bbox 341 518 496 554; x_wconf 84' lang='lat' dir='ltr'><strong>populum,</strong></span> <span class='ocrx_word' id='word_1_70' title='bbox 511 519 546 546; x_wconf 90' lang='lat' dir='ltr'><strong>ad</strong></span> <span class='ocrx_word' id='word_1_71' title='bbox 564 518 747 554; x_wconf 64' lang='lat' dir='ltr'><strong>praebendam</strong></span> <span class='ocrx_word' id='word_1_72' title='bbox 760 518 814 554; x_wconf 82' lang='lat' dir='ltr'><strong>legi</strong></span> <span class='ocrx_word' id='word_1_73' title='bbox 832 518 1021 545; x_wconf 80' lang='lat' dir='ltr'><strong>attentionem</strong></span> 
     </span>
    </p>
   </div>
   <div class='ocr_carea' id='block_1_12' title="bbox 200 561 1022 599">
    <p class='ocr_par' dir='ltr' id='par_1_12' title="bbox 200 561 1022 599">
     <span class='ocr_line' id='line_1_12' title="bbox 200 561 1022 599; baseline -0.002 -9"><span class='ocrx_word' id='word_1_74' title='bbox 200 563 323 598; x_wconf 82' lang='lat' dir='ltr'>inducit,</span> <span class='ocrx_word' id='word_1_75' title='bbox 335 563 405 590; x_wconf 89' lang='lat' dir='ltr'><strong>dum</strong></span> <span class='ocrx_word' id='word_1_76' title='bbox 419 563 622 590; x_wconf 88' lang='lat' dir='ltr'><strong>solertioribus</strong></span> <span class='ocrx_word' id='word_1_77' title='bbox 634 562 812 599; x_wconf 68' lang='lat' dir='ltr'><strong>praecipit,ut</strong></span> <span class='ocrx_word' id='word_1_78' title='bbox 824 562 945 590; x_wconf 84' lang='lat' dir='ltr'><strong>audiant</strong></span> <span class='ocrx_word' id='word_1_79' title='bbox 958 570 965 595; x_wconf 87' lang='lat'><strong>;</strong></span> <span class='ocrx_word' id='word_1_80' title='bbox 978 561 1022 588; x_wconf 91' lang='lat' dir='ltr'><strong>in-</strong></span> 
     </span>
    </p>
   </div>
   <div class='ocr_carea' id='block_1_13' title="bbox 199 605 1021 643">
    <p class='ocr_par' dir='ltr' id='par_1_13' title="bbox 199 605 1021 643">
     <span class='ocr_line' id='line_1_13' title="bbox 199 605 1021 643; baseline -0.002 -8"><span class='ocrx_word' id='word_1_81' title='bbox 199 607 386 643; x_wconf 84' lang='lat' dir='ltr'><strong>sipientibus,</strong></span> <span class='ocrx_word' id='word_1_82' title='bbox 413 609 446 635; x_wconf 92' lang='lat' dir='ltr'><strong>ut</strong></span> <span class='ocrx_word' id='word_1_83' title='bbox 470 607 642 640; x_wconf 86' lang='lat' dir='ltr'><strong>attendant;</strong></span> <span class='ocrx_word' id='word_1_84' title='bbox 667 606 722 640; x_wconf 84' lang='lat' dir='ltr'><strong>vel,</strong></span> <span class='ocrx_word' id='word_1_85' title='bbox 740 609 773 634; x_wconf 90' lang='lat' dir='ltr'><strong>ut</strong></span> <span class='ocrx_word' id='word_1_86' title='bbox 793 606 914 634; x_wconf 88' lang='lat' dir='ltr'><strong>auribus</strong></span> <span class='ocrx_word' id='word_1_87' title='bbox 930 605 1021 641; x_wconf 89' lang='lat' dir='ltr'><strong>perci-</strong></span> 
     </span>
    </p>
   </div>
   <div class='ocr_carea' id='block_1_14' title="bbox 197 651 1022 688">
    <p class='ocr_par' dir='ltr' id='par_1_14' title="bbox 197 651 1022 688">
     <span class='ocr_line' id='line_1_14' title="bbox 197 651 1022 688; baseline -0.004 -8"><span class='ocrx_word' id='word_1_88' title='bbox 197 652 289 688; x_wconf 84' lang='lat' dir='ltr'><strong>piant,</strong></span> <span class='ocrx_word' id='word_1_89' title='bbox 307 652 384 680; x_wconf 85' lang='lat' dir='ltr'><strong>sicut</strong></span> <span class='ocrx_word' id='word_1_90' title='bbox 400 651 495 679; x_wconf 56' lang='lat' dir='ltr'><strong>caeteri</strong></span> <span class='ocrx_word' id='word_1_91' title='bbox 512 651 694 687; x_wconf 82' lang='lat' dir='ltr'><strong>interpretati</strong></span> <span class='ocrx_word' id='word_1_92' title='bbox 710 653 789 678; x_wconf 87' lang='lat' dir='ltr'><strong>sunt.</strong></span> <span class='ocrx_word' id='word_1_93' title='bbox 806 653 893 680; x_wconf 90' lang='lat' dir='ltr'><strong>Porro</strong></span> <span class='ocrx_word' id='word_1_94' title='bbox 912 652 1022 686; x_wconf 88' lang='lat' dir='ltr'><strong>quanta</strong></span> 
     </span>
    </p>
   </div>
   <div class='ocr_carea' id='block_1_15' title="bbox 197 695 1020 731">
    <p class='ocr_par' dir='ltr' id='par_1_15' title="bbox 197 695 1020 731">
     <span class='ocr_line' id='line_1_15' title="bbox 197 695 1020 731; baseline -0.002 -6"><span class='ocrx_word' id='word_1_95' title='bbox 197 699 242 725; x_wconf 89' lang='lat' dir='ltr'><strong>est</strong></span> <span class='ocrx_word' id='word_1_96' title='bbox 258 705 423 725; x_wconf 79' lang='lat' dir='ltr'><strong>sermonem</strong></span> <span class='ocrx_word' id='word_1_97' title='bbox 438 697 515 724; x_wconf 89' lang='lat' dir='ltr'><strong>inter</strong></span> <span class='ocrx_word' id='word_1_98' title='bbox 530 699 559 724; x_wconf 91' lang='lat' dir='ltr'><strong>et</strong></span> <span class='ocrx_word' id='word_1_99' title='bbox 574 696 665 731; x_wconf 72' lang='lat' dir='ltr'><strong>legem</strong></span> <span class='ocrx_word' id='word_1_100' title='bbox 682 696 854 729; x_wconf 78' lang='lat' dir='ltr'><strong>dilferentia,</strong></span> <span class='ocrx_word' id='word_1_101' title='bbox 870 698 950 724; x_wconf 83' lang='lat' dir='ltr'><strong>tanto</strong></span> <span class='ocrx_word' id='word_1_102' title='bbox 961 695 1020 723; x_wconf 87' lang='lat' dir='ltr'><strong>dis-</strong></span> 
     </span>
    </p>
   </div>
   <div class='ocr_carea' id='block_1_16' title="bbox 198 741 1020 777">
    <p class='ocr_par' dir='ltr' id='par_1_16' title="bbox 198 741 1020 777">
     <span class='ocr_line' id='line_1_16' title="bbox 198 741 1020 777; baseline 0 -8"><span class='ocrx_word' id='word_1_103' title='bbox 198 742 319 770; x_wconf 87' lang='lat' dir='ltr'><strong>crimine</strong></span> <span class='ocrx_word' id='word_1_104' title='bbox 335 742 436 770; x_wconf 84' lang='lat' dir='ltr'><strong>audire</strong></span> <span class='ocrx_word' id='word_1_105' title='bbox 451 744 479 769; x_wconf 88' lang='lat' dir='ltr'><strong>et</strong></span> <span class='ocrx_word' id='word_1_106' title='bbox 494 742 617 769; x_wconf 89' lang='lat' dir='ltr'><strong>auribus</strong></span> <span class='ocrx_word' id='word_1_107' title='bbox 633 741 779 777; x_wconf 85' lang='lat' dir='ltr'><strong>percipere</strong></span> <span class='ocrx_word' id='word_1_108' title='bbox 795 742 871 769; x_wconf 90' lang='lat' dir='ltr'><strong>inter</strong></span> <span class='ocrx_word' id='word_1_109' title='bbox 888 749 918 769; x_wconf 88' lang='lat' dir='ltr'><strong>se</strong></span> <span class='ocrx_word' id='word_1_110' title='bbox 933 741 1020 769; x_wconf 83' lang='lat' dir='ltr'><strong>dissi~</strong></span> 
     </span>
    </p>
   </div>
   <div class='ocr_carea' id='block_1_17' title="bbox 197 785 1018 821">
    <p class='ocr_par' dir='ltr' id='par_1_17' title="bbox 197 785 1018 821">
     <span class='ocr_line' id='line_1_17' title="bbox 197 785 1018 821; baseline -0.001 -8"><span class='ocrx_word' id='word_1_111' title='bbox 197 786 277 814; x_wconf 86' lang='lat' dir='ltr'><strong>dent.</strong></span> <span class='ocrx_word' id='word_1_112' title='bbox 295 786 345 813; x_wconf 87' lang='lat' dir='ltr'><strong>Est</strong></span> <span class='ocrx_word' id='word_1_113' title='bbox 358 786 436 813; x_wconf 86' lang='lat' dir='ltr'><strong>enim</strong></span> <span class='ocrx_word' id='word_1_114' title='bbox 455 786 657 821; x_wconf 87' lang='lat' dir='ltr'><strong>lexjustorum</strong></span> <span class='ocrx_word' id='word_1_115' title='bbox 668 788 697 814; x_wconf 90' lang='lat' dir='ltr'><strong>et.</strong></span> <span class='ocrx_word' id='word_1_116' title='bbox 708 786 884 821; x_wconf 90' lang='lat' dir='ltr'><strong>injustorum</strong></span> <span class='ocrx_word' id='word_1_117' title='bbox 900 785 1018 821; x_wconf 88' lang='lat' dir='ltr'><strong>regula;</strong></span> 
     </span>
    </p>
   </div>
   <div class='ocr_carea' id='block_1_18' title="bbox 198 830 1019 867">
    <p class='ocr_par' dir='ltr' id='par_1_18' title="bbox 198 830 1019 867">
     <span class='ocr_line' id='line_1_18' title="bbox 198 830 1019 867; baseline -0.002 -9"><span class='ocrx_word' id='word_1_118' title='bbox 198 838 262 867; x_wconf 71' lang='lat' dir='ltr'><strong>quae</strong></span> <span class='ocrx_word' id='word_1_119' title='bbox 279 831 397 866; x_wconf 87' lang='lat' dir='ltr'><strong>quidem</strong></span> <span class='ocrx_word' id='word_1_120' title='bbox 414 831 527 866; x_wconf 81' lang='lat' dir='ltr'><strong>agenda</strong></span> <span class='ocrx_word' id='word_1_121' title='bbox 549 833 628 865; x_wconf 87' lang='lat' dir='ltr'><strong>sunt,</strong></span> <span class='ocrx_word' id='word_1_122' title='bbox 649 830 807 866; x_wconf 84' lang='lat' dir='ltr'><strong>imperans,</strong></span> <span class='ocrx_word' id='word_1_123' title='bbox 826 838 859 857; x_wconf 86' lang='lat' dir='ltr'><strong>ea</strong></span> <span class='ocrx_word' id='word_1_124' title='bbox 874 837 940 858; x_wconf 87' lang='lat' dir='ltr'><strong>vero</strong></span> <span class='ocrx_word' id='word_1_125' title='bbox 956 837 1019 865; x_wconf 82' lang='lat' dir='ltr'><strong>quze</strong></span> 
     </span>
    </p>
   </div>
   <div class='ocr_carea' id='block_1_19' title="bbox 197 875 1059 923">
    <p class='ocr_par' dir='ltr' id='par_1_19' title="bbox 197 875 1059 923">
     <span class='ocr_line' id='line_1_19' title="bbox 197 875 1059 923; baseline -0.001 -20"><span class='ocrx_word' id='word_1_126' title='bbox 197 875 319 904; x_wconf 89' lang='lat' dir='ltr'><strong>minime</strong></span> <span class='ocrx_word' id='word_1_127' title='bbox 344 878 414 903; x_wconf 88' lang='lat' dir='ltr'><strong>sunt</strong></span> <span class='ocrx_word' id='word_1_128' title='bbox 439 875 583 910; x_wconf 78' lang='lat' dir='ltr'><strong>facienda,</strong></span> <span class='ocrx_word' id='word_1_129' title='bbox 609 875 787 912; x_wconf 87' lang='lat' dir='ltr'><strong>prohibens:</strong></span> <span class='ocrx_word' id='word_1_130' title='bbox 813 883 900 911; x_wconf 85' lang='lat' dir='ltr'><strong>quam</strong></span> <span class='ocrx_word' id='word_1_131' title='bbox 924 877 1059 923; x_wconf 82' lang='lat' dir='ltr'><strong>servatB</strong></span> 
     </span>
    </p>
   </div>
   <div class='ocr_carea' id='block_1_20' title="bbox 195 919 1020 957">
    <p class='ocr_par' dir='ltr' id='par_1_20' title="bbox 195 919 1020 957">
     <span class='ocr_line' id='line_1_20' title="bbox 195 919 1020 957; baseline -0.002 -9"><span class='ocrx_word' id='word_1_132' title='bbox 195 920 311 957; x_wconf 77' lang='lat' dir='ltr'><strong>vulgus,</strong></span> <span class='ocrx_word' id='word_1_133' title='bbox 329 920 446 948; x_wconf 78' lang='lat' dir='ltr'><strong>tametsi</strong></span> <span class='ocrx_word' id='word_1_134' title='bbox 463 921 526 955; x_wconf 88' lang='lat' dir='ltr'><strong>ejus</strong></span> <span class='ocrx_word' id='word_1_135' title='bbox 542 920 657 956; x_wconf 79' lang='lat' dir='ltr'><strong>ignorat</strong></span> <span class='ocrx_word' id='word_1_136' title='bbox 673 919 841 948; x_wconf 81' lang='lat' dir='ltr'><strong>utilitatem.</strong></span> <span class='ocrx_word' id='word_1_137' title='bbox 859 920 959 947; x_wconf 88' lang='lat' dir='ltr'><strong>Sermo</strong></span> <span class='ocrx_word' id='word_1_138' title='bbox 971 927 1020 947; x_wconf 89' lang='lat' dir='ltr'><strong>au-</strong></span> 
     </span>
    </p>
   </div>
   <div class='ocr_carea' id='block_1_21' title="bbox 195 964 1019 999">
    <p class='ocr_par' dir='ltr' id='par_1_21' title="bbox 195 964 1019 999">
     <span class='ocr_line' id='line_1_21' title="bbox 195 964 1019 999; baseline -0.002 -6"><span class='ocrx_word' id='word_1_139' title='bbox 195 967 254 993; x_wconf 85' lang='lat' dir='ltr'><strong>tem</strong></span> <span class='ocrx_word' id='word_1_140' title='bbox 271 965 367 992; x_wconf 85' lang='lat' dir='ltr'><strong>reddit</strong></span> <span class='ocrx_word' id='word_1_141' title='bbox 382 965 471 992; x_wconf 88' lang='lat' dir='ltr'><strong>etiam</strong></span> <span class='ocrx_word' id='word_1_142' title='bbox 489 965 642 999; x_wconf 84' lang='lat' dir='ltr'><strong>rationem,</strong></span> <span class='ocrx_word' id='word_1_143' title='bbox 658 973 711 992; x_wconf 90' lang='lat' dir='ltr'><strong>cur</strong></span> <span class='ocrx_word' id='word_1_144' title='bbox 729 965 861 999; x_wconf 77' lang='lat' dir='ltr'><strong>quaedam</strong></span> <span class='ocrx_word' id='word_1_145' title='bbox 877 964 936 992; x_wconf 84' lang='lat' dir='ltr'><strong>sint</strong></span> <span class='ocrx_word' id='word_1_146' title='bbox 950 971 1019 991; x_wconf 89' lang='lat' dir='ltr'><strong>cou-</strong></span> 
     </span>
    </p>
   </div>
   <div class='ocr_carea' id='block_1_22' title="bbox 195 1008 1018 1044">
    <p class='ocr_par' dir='ltr' id='par_1_22' title="bbox 195 1008 1018 1044">
     <span class='ocr_line' id='line_1_22' title="bbox 195 1008 1018 1044; baseline -0.002 -7"><span class='ocrx_word' id='word_1_147' title='bbox 195 1010 308 1037; x_wconf 85' lang='lat' dir='ltr'><strong>stituta.</strong></span> <span class='ocrx_word' id='word_1_148' title='bbox 326 1009 361 1037; x_wconf 84' lang='lat' dir='ltr'><strong>Et</strong></span> <span class='ocrx_word' id='word_1_149' title='bbox 377 1009 502 1037; x_wconf 82' lang='lat' dir='ltr'><strong>maxime</strong></span> <span class='ocrx_word' id='word_1_150' title='bbox 518 1017 611 1037; x_wconf 80' lang='lat' dir='ltr'><strong>sermo</strong></span> <span class='ocrx_word' id='word_1_151' title='bbox 633 1011 740 1043; x_wconf 83' lang='lat' dir='ltr'><strong>noster,</strong></span> <span class='ocrx_word' id='word_1_152' title='bbox 765 1008 883 1036; x_wconf 88' lang='lat' dir='ltr'><strong>sublimi</strong></span> <span class='ocrx_word' id='word_1_153' title='bbox 900 1008 1018 1044; x_wconf 90' lang='lat' dir='ltr'><strong>spirita-</strong></span> 
     </span>
    </p>
   </div>
   <div class='ocr_carea' id='block_1_23' title="bbox 197 1053 1018 1090">
    <p class='ocr_par' dir='ltr' id='par_1_23' title="bbox 197 1053 1018 1090">
     <span class='ocr_line' id='line_1_23' title="bbox 197 1053 1018 1090; baseline -0.002 -9"><span class='ocrx_word' id='word_1_154' title='bbox 197 1053 274 1089; x_wconf 85' lang='lat' dir='ltr'><strong>lique</strong></span> <span class='ocrx_word' id='word_1_155' title='bbox 289 1062 377 1081; x_wconf 90' lang='lat' dir='ltr'><strong>sensu</strong></span> <span class='ocrx_word' id='word_1_156' title='bbox 394 1053 487 1090; x_wconf 84' lang='lat' dir='ltr'><strong>legem</strong></span> <span class='ocrx_word' id='word_1_157' title='bbox 503 1053 662 1089; x_wconf 80' lang='lat' dir='ltr'><strong>explicans,</strong></span> <span class='ocrx_word' id='word_1_158' title='bbox 680 1053 758 1081; x_wconf 85' lang='lat' dir='ltr'><strong>nuda</strong></span> <span class='ocrx_word' id='word_1_159' title='bbox 772 1056 801 1081; x_wconf 89' lang='lat' dir='ltr'><strong>et</strong></span> <span class='ocrx_word' id='word_1_160' title='bbox 818 1053 902 1089; x_wconf 84' lang='lat' dir='ltr'>legali</span> <span class='ocrx_word' id='word_1_161' title='bbox 918 1053 1018 1080; x_wconf 89' lang='lat' dir='ltr'><strong>obser-</strong></span> 
     </span>
    </p>
   </div>
   <div class='ocr_carea' id='block_1_24' title="bbox 194 1097 1016 1133">
    <p class='ocr_par' dir='ltr' id='par_1_24' title="bbox 194 1097 1016 1133">
     <span class='ocr_line' id='line_1_24' title="bbox 194 1097 1016 1133; baseline -0.002 -7"><span class='ocrx_word' id='word_1_162' title='bbox 194 1098 311 1126; x_wconf 76' lang='lat' dir='ltr'><strong>vatione</strong></span> <span class='ocrx_word' id='word_1_163' title='bbox 326 1097 452 1126; x_wconf 89' lang='lat' dir='ltr'><strong>nobilior</strong></span> <span class='ocrx_word' id='word_1_164' title='bbox 466 1100 507 1126; x_wconf 87' lang='lat' dir='ltr'><strong>est</strong></span> <span class='ocrx_word' id='word_1_165' title='bbox 522 1106 555 1125; x_wconf 87' lang='lat' dir='ltr'><strong>uc</strong></span> <span class='ocrx_word' id='word_1_166' title='bbox 576 1098 768 1133; x_wconf 58' lang='lat' dir='ltr'><strong>praestantior.</strong></span> <span class='ocrx_word' id='word_1_167' title='bbox 794 1098 904 1125; x_wconf 78' lang='lat' dir='ltr'><strong>Audire</strong></span> <span class='ocrx_word' id='word_1_168' title='bbox 920 1099 1016 1124; x_wconf 79' lang='lat' dir='ltr'><strong>autem</strong></span> 
     </span>
    </p>
   </div>
   <div class='ocr_carea' id='block_1_25' title="bbox 197 1142 1015 1178">
    <p class='ocr_par' dir='ltr' id='par_1_25' title="bbox 197 1142 1015 1178">
     <span class='ocr_line' id='line_1_25' title="bbox 197 1142 1015 1178; baseline -0.002 -7"><span class='ocrx_word' id='word_1_169' title='bbox 197 1145 225 1171; x_wconf 83' lang='lat' dir='ltr'><strong>et</strong></span> <span class='ocrx_word' id='word_1_170' title='bbox 239 1142 361 1171; x_wconf 79' lang='lat' dir='ltr'><strong>auribus</strong></span> <span class='ocrx_word' id='word_1_171' title='bbox 377 1142 533 1178; x_wconf 85' lang='lat' dir='ltr'><strong>percipere,</strong></span> <span class='ocrx_word' id='word_1_172' title='bbox 550 1143 618 1178; x_wconf 89' lang='lat' dir='ltr'><strong>quid</strong></span> <span class='ocrx_word' id='word_1_173' title='bbox 635 1143 710 1170; x_wconf 89' lang='lat' dir='ltr'><strong>inter</strong></span> <span class='ocrx_word' id='word_1_174' title='bbox 719 1151 750 1170; x_wconf 86' lang='lat' dir='ltr'><strong>se</strong></span> <span class='ocrx_word' id='word_1_175' title='bbox 762 1142 924 1170; x_wconf 77' lang='lat' dir='ltr'><strong>dill‘erunt?</strong></span> <span class='ocrx_word' id='word_1_176' title='bbox 935 1142 1015 1174; x_wconf 91' lang='lat' dir='ltr'><strong>Quod</strong></span> 
     </span>
    </p>
   </div>
   <div class='ocr_carea' id='block_1_26' title="bbox 193 1186 1015 1221">
    <p class='ocr_par' dir='ltr' id='par_1_26' title="bbox 193 1186 1015 1221">
     <span class='ocr_line' id='line_1_26' title="bbox 193 1186 1015 1221; baseline -0.001 -7"><span class='ocrx_word' id='word_1_177' title='bbox 193 1187 295 1215; x_wconf 88' lang='lat' dir='ltr'><strong>audire</strong></span> <span class='ocrx_word' id='word_1_178' title='bbox 308 1187 414 1214; x_wconf 87' lang='lat' dir='ltr'><strong>mentis</strong></span> <span class='ocrx_word' id='word_1_179' title='bbox 425 1190 480 1221; x_wconf 89' lang='lat' dir='ltr'><strong>est,</strong></span> <span class='ocrx_word' id='word_1_180' title='bbox 493 1187 535 1214; x_wconf 87' lang='lat' dir='ltr'><strong>uti</strong></span> <span class='ocrx_word' id='word_1_181' title='bbox 548 1187 689 1215; x_wconf 87' lang='lat' dir='ltr'><strong>Dominus</strong></span> <span class='ocrx_word' id='word_1_182' title='bbox 701 1187 821 1220; x_wconf 78' lang='lat' dir='ltr'><strong>indicat,</strong></span> <span class='ocrx_word' id='word_1_183' title='bbox 833 1187 903 1214; x_wconf 90' lang='lat' dir='ltr'><strong>dum</strong></span> <span class='ocrx_word' id='word_1_184' title='bbox 917 1195 970 1214; x_wconf 88' lang='lat' dir='ltr'><strong>nos</strong></span> <span class='ocrx_word' id='word_1_185' title='bbox 981 1186 1015 1213; x_wconf 90' lang='lat' dir='ltr'><strong>ad</strong></span> 
     </span>
    </p>
   </div>
   <div class='ocr_carea' id='block_1_27' title="bbox 193 1231 1017 1268">
    <p class='ocr_par' dir='ltr' id='par_1_27' title="bbox 193 1231 1017 1268">
     <span class='ocr_line' id='line_1_27' title="bbox 193 1231 1017 1268; baseline 0.001 -10"><span class='ocrx_word' id='word_1_186' title='bbox 193 1231 337 1259; x_wconf 88' lang='lat' dir='ltr'><strong>dictorum</strong></span> <span class='ocrx_word' id='word_1_187' title='bbox 353 1231 532 1260; x_wconf 85' lang='lat' dir='ltr'><strong>sententiam</strong></span> <span class='ocrx_word' id='word_1_188' title='bbox 545 1231 864 1268; x_wconf 81' lang='lat' dir='ltr'><strong>probeintelligcndam</strong></span> <span class='ocrx_word' id='word_1_189' title='bbox 880 1231 1017 1259; x_wconf 84' lang='lat' dir='ltr'><strong>exstimu-</strong></span> 
     </span>
    </p>
   </div>
   <div class='ocr_carea' id='block_1_28' title="bbox 192 1275 1015 1311">
    <p class='ocr_par' dir='ltr' id='par_1_28' title="bbox 192 1275 1015 1311">
     <span class='ocr_line' id='line_1_28' title="bbox 192 1275 1015 1311; baseline -0.001 -7"><span class='ocrx_word' id='word_1_190' title='bbox 192 1275 252 1304; x_wconf 89' lang='lat' dir='ltr'><strong>lat:</strong></span> <span class='ocrx_word' id='word_1_191' title='bbox 269 1277 325 1311; x_wconf 83' lang='lat' dir='ltr'><strong>Qui</strong></span> <span class='ocrx_word' id='word_1_192' title='bbox 349 1276 431 1303; x_wconf 79' lang='lat' dir='ltr'><strong>habet</strong></span> <span class='ocrx_word' id='word_1_193' title='bbox 459 1284 542 1303; x_wconf 73' lang='lat' dir='ltr'><strong>aure:</strong></span> <span class='ocrx_word' id='word_1_194' title='bbox 565 1275 700 1303; x_wconf 75' lang='lat' dir='ltr'><strong>audiendi</strong></span> <span class='ocrx_word' id='word_1_195' title='bbox 723 1277 820 1304; x_wconf 82' lang='lat' dir='ltr'><strong>audiat</strong></span> <span class='ocrx_word' id='word_1_196' title='bbox 830 1276 871 1303; x_wconf 64' lang='lat'><strong>37:</strong></span> <span class='ocrx_word' id='word_1_197' title='bbox 896 1278 926 1303; x_wconf 90' lang='lat' dir='ltr'><strong>at</strong></span> <span class='ocrx_word' id='word_1_198' title='bbox 949 1284 1015 1303; x_wconf 86' lang='lat' dir='ltr'><strong>vero</strong></span> 
     </span>
    </p>
   </div>
   <div class='ocr_carea' id='block_1_29' title="bbox 191 1320 1013 1356">
    <p class='ocr_par' dir='ltr' id='par_1_29' title="bbox 191 1320 1013 1356">
     <span class='ocr_line' id='line_1_29' title="bbox 191 1320 1013 1356; baseline -0.001 -8"><span class='ocrx_word' id='word_1_199' title='bbox 191 1320 312 1348; x_wconf 79' lang='lat' dir='ltr'><strong>auribus</strong></span> <span class='ocrx_word' id='word_1_200' title='bbox 328 1320 476 1356; x_wconf 86' lang='lat' dir='ltr'><strong>percipere</strong></span> <span class='ocrx_word' id='word_1_201' title='bbox 491 1322 536 1348; x_wconf 88' lang='lat' dir='ltr'><strong>est</strong></span> <span class='ocrx_word' id='word_1_202' title='bbox 551 1320 672 1348; x_wconf 93' lang='lat' dir='ltr'><strong>auribus</strong></span> <span class='ocrx_word' id='word_1_203' title='bbox 690 1320 800 1348; x_wconf 88' lang='lat' dir='ltr'><strong>nudum</strong></span> <span class='ocrx_word' id='word_1_204' title='bbox 821 1320 951 1356; x_wconf 82' lang='lat' dir='ltr'><strong>ingerere</strong></span> <span class='ocrx_word' id='word_1_205' title='bbox 967 1329 1013 1348; x_wconf 85' lang='lat' dir='ltr'><strong>so-</strong></span> 
     </span>
    </p>
   </div>
   <div class='ocr_carea' id='block_1_30' title="bbox 191 1364 1016 1400">
    <p class='ocr_par' dir='ltr' id='par_1_30' title="bbox 191 1364 1016 1400">
     <span class='ocr_line' id='line_1_30' title="bbox 191 1364 1016 1400; baseline 0 -8"><span class='ocrx_word' id='word_1_206' title='bbox 191 1373 272 1392; x_wconf 89' lang='lat' dir='ltr'><strong>num.</strong></span> <span class='ocrx_word' id='word_1_207' title='bbox 284 1366 466 1400; x_wconf 87' lang='lat' dir='ltr'><strong>Quapropter</strong></span> <span class='ocrx_word' id='word_1_208' title='bbox 477 1364 603 1400; x_wconf 88' lang='lat' dir='ltr'><strong>populus</strong></span> <span class='ocrx_word' id='word_1_209' title='bbox 614 1365 643 1392; x_wconf 94' lang='lat' dir='ltr'>in</span> <span class='ocrx_word' id='word_1_210' title='bbox 655 1364 750 1392; x_wconf 87' lang='lat' dir='ltr'><strong>Exodo</strong></span> <span class='ocrx_word' id='word_1_211' title='bbox 761 1364 820 1393; x_wconf 87' lang='lat' dir='ltr'><strong>ait:</strong></span> <span class='ocrx_word' id='word_1_212' title='bbox 833 1364 933 1392; x_wconf 83' lang='lat' dir='ltr'><strong>Omnia</strong></span> <span class='ocrx_word' id='word_1_213' title='bbox 943 1373 1016 1400; x_wconf 65' lang='lat' dir='ltr'><strong>qum-</strong></span> 
     </span>
    </p>
   </div>
   <div class='ocr_carea' id='block_1_31' title="bbox 191 1409 1013 1445">
    <p class='ocr_par' dir='ltr' id='par_1_31' title="bbox 191 1409 1013 1445">
     <span class='ocr_line' id='line_1_31' title="bbox 191 1409 1013 1445; baseline -0.001 -8"><span class='ocrx_word' id='word_1_214' title='bbox 191 1418 299 1445; x_wconf 81' lang='lat' dir='ltr'><strong>cunque</strong></span> <span class='ocrx_word' id='word_1_215' title='bbox 312 1409 417 1437; x_wconf 73' lang='lat' dir='ltr'><strong>dixerit</strong></span> <span class='ocrx_word' id='word_1_216' title='bbox 441 1410 520 1442; x_wconf 74' lang='lat' dir='ltr'><strong>Deus,</strong></span> <span class='ocrx_word' id='word_1_217' title='bbox 542 1410 686 1444; x_wconf 71' lang='lat' dir='ltr'><strong>faciemus,</strong></span> <span class='ocrx_word' id='word_1_218' title='bbox 705 1412 730 1437; x_wconf 79' lang='lat' dir='ltr'><strong>et</strong></span> <span class='ocrx_word' id='word_1_219' title='bbox 751 1409 895 1437; x_wconf 68' lang='lat' dir='ltr'><strong>audiemus</strong></span> <span class='ocrx_word' id='word_1_220' title='bbox 907 1409 948 1436; x_wconf 73' lang='lat' dir='ltr'><strong>3&quot;z</strong></span> <span class='ocrx_word' id='word_1_221' title='bbox 971 1412 1013 1437; x_wconf 85' lang='lat' dir='ltr'><strong>ta-</strong></span> 
     </span>
    </p>
   </div>
   <div class='ocr_carea' id='block_1_32' title="bbox 192 1453 1014 1489">
    <p class='ocr_par' dir='ltr' id='par_1_32' title="bbox 192 1453 1014 1489">
     <span class='ocr_line' id='line_1_32' title="bbox 192 1453 1014 1489; baseline 0 -8"><span class='ocrx_word' id='word_1_222' title='bbox 192 1454 278 1482; x_wconf 90' lang='lat' dir='ltr'><strong>metsi</strong></span> <span class='ocrx_word' id='word_1_223' title='bbox 291 1455 520 1481; x_wconf 77' lang='lat' dir='ltr'><strong>consentaneum</strong></span> <span class='ocrx_word' id='word_1_224' title='bbox 533 1453 627 1489; x_wconf 86' lang='lat' dir='ltr'><strong>magis</strong></span> <span class='ocrx_word' id='word_1_225' title='bbox 639 1453 742 1487; x_wconf 78' lang='lat' dir='ltr'><strong>fuerat,</strong></span> <span class='ocrx_word' id='word_1_226' title='bbox 755 1456 787 1481; x_wconf 93' lang='lat' dir='ltr'><strong>ut</strong></span> <span class='ocrx_word' id='word_1_227' title='bbox 798 1454 945 1481; x_wconf 84' lang='lat' dir='ltr'><strong>dicerent:</strong></span> <span class='ocrx_word' id='word_1_228' title='bbox 960 1456 1014 1481; x_wconf 86' lang='lat' dir='ltr'><strong>Au-</strong></span> 
     </span>
    </p>
   </div>
   <div class='ocr_carea' id='block_1_33' title="bbox 191 1497 1012 1534">
    <p class='ocr_par' dir='ltr' id='par_1_33' title="bbox 191 1497 1012 1534">
     <span class='ocr_line' id='line_1_33' title="bbox 191 1497 1012 1534; baseline -0.002 -8"><span class='ocrx_word' id='word_1_229' title='bbox 191 1498 309 1526; x_wconf 90' lang='lat' dir='ltr'><strong>diamus</strong></span> <span class='ocrx_word' id='word_1_230' title='bbox 324 1500 353 1526; x_wconf 87' lang='lat' dir='ltr'><strong>et</strong></span> <span class='ocrx_word' id='word_1_231' title='bbox 363 1497 514 1525; x_wconf 78' lang='lat' dir='ltr'><strong>faciamus.</strong></span> <span class='ocrx_word' id='word_1_232' title='bbox 530 1498 661 1526; x_wconf 80' lang='lat' dir='ltr'><strong>Profecto</strong></span> <span class='ocrx_word' id='word_1_233' title='bbox 673 1497 766 1526; x_wconf 79' lang='lat' dir='ltr'><strong>facere</strong></span> <span class='ocrx_word' id='word_1_234' title='bbox 776 1498 841 1533; x_wconf 85' lang='lat' dir='ltr'><strong>ejus</strong></span> <span class='ocrx_word' id='word_1_235' title='bbox 851 1498 957 1534; x_wconf 83' lang='lat' dir='ltr'><strong>esl,qui</strong></span> <span class='ocrx_word' id='word_1_236' title='bbox 969 1497 1012 1525; x_wconf 89' lang='lat' dir='ltr'><strong>vel</strong></span> 
     </span>
    </p>
   </div>
   <div class='ocr_carea' id='block_1_34' title="bbox 191 1541 1012 1578">
    <p class='ocr_par' dir='ltr' id='par_1_34' title="bbox 191 1541 1012 1578">
     <span class='ocr_line' id='line_1_34' title="bbox 191 1541 1012 1578; baseline 0 -8"><span class='ocrx_word' id='word_1_237' title='bbox 191 1541 378 1570; x_wconf 81' lang='lat' dir='ltr'><strong>crassissima</strong></span> <span class='ocrx_word' id='word_1_238' title='bbox 388 1541 426 1570; x_wconf 91' lang='lat' dir='ltr'><strong>sit</strong></span> <span class='ocrx_word' id='word_1_239' title='bbox 439 1544 534 1569; x_wconf 88' lang='lat' dir='ltr'><strong>mente</strong></span> <span class='ocrx_word' id='word_1_240' title='bbox 547 1542 696 1578; x_wconf 61' lang='lat' dir='ltr'><strong>praeditus,</strong></span> <span class='ocrx_word' id='word_1_241' title='bbox 710 1544 780 1578; x_wconf 87' lang='lat' dir='ltr'><strong>puta</strong></span> <span class='ocrx_word' id='word_1_242' title='bbox 790 1542 951 1570; x_wconf 85' lang='lat' dir='ltr'><strong>Sabbatum</strong></span> <span class='ocrx_word' id='word_1_243' title='bbox 964 1542 1012 1569; x_wconf 88' lang='lat' dir='ltr'><strong>ob-</strong></span> 
     </span>
    </p>
   </div>
   <div class='ocr_carea' id='block_1_35' title="bbox 191 1586 1010 1622">
    <p class='ocr_par' dir='ltr' id='par_1_35' title="bbox 191 1586 1010 1622">
     <span class='ocr_line' id='line_1_35' title="bbox 191 1586 1010 1622; baseline 0 -8"><span class='ocrx_word' id='word_1_244' title='bbox 191 1595 306 1615; x_wconf 88' lang='lat' dir='ltr'><strong>servare</strong></span> <span class='ocrx_word' id='word_1_245' title='bbox 313 1587 398 1622; x_wconf 81' lang='lat' dir='ltr'><strong>juxta</strong></span> <span class='ocrx_word' id='word_1_246' title='bbox 409 1586 588 1622; x_wconf 83' lang='lat' dir='ltr'><strong>corporalem</strong></span> <span class='ocrx_word' id='word_1_247' title='bbox 597 1587 767 1620; x_wconf 87' lang='lat' dir='ltr'><strong>sensum,ab</strong></span> <span class='ocrx_word' id='word_1_248' title='bbox 773 1587 848 1615; x_wconf 88' lang='lat' dir='ltr'><strong>escis</strong></span> <span class='ocrx_word' id='word_1_249' title='bbox 854 1587 1010 1620; x_wconf 89' lang='lat' dir='ltr'><strong>abstinere,</strong></span> 
     </span>
    </p>
   </div>
   <div class='ocr_carea' id='block_1_36' title="bbox 192 1630 1014 1666">
    <p class='ocr_par' dir='ltr' id='par_1_36' title="bbox 192 1630 1014 1666">
     <span class='ocr_line' id='line_1_36' title="bbox 192 1630 1014 1666; baseline -0.001 -7"><span class='ocrx_word' id='word_1_250' title='bbox 192 1631 240 1659; x_wconf 88' lang='lat' dir='ltr'><strong>die</strong></span> <span class='ocrx_word' id='word_1_251' title='bbox 254 1633 354 1659; x_wconf 84' lang='lat' dir='ltr'><strong>octavo</strong></span> <span class='ocrx_word' id='word_1_252' title='bbox 369 1631 550 1665; x_wconf 79' lang='lat' dir='ltr'><strong>circumcidi,</strong></span> <span class='ocrx_word' id='word_1_253' title='bbox 567 1633 652 1666; x_wconf 91' lang='lat' dir='ltr'><strong>atque</strong></span> <span class='ocrx_word' id='word_1_254' title='bbox 667 1633 712 1659; x_wconf 89' lang='lat' dir='ltr'><strong>ter</strong></span> <span class='ocrx_word' id='word_1_255' title='bbox 726 1631 754 1658; x_wconf 94' lang='lat' dir='ltr'><strong>in</strong></span> <span class='ocrx_word' id='word_1_256' title='bbox 772 1639 848 1658; x_wconf 84' lang='lat' dir='ltr'><strong>anno</strong></span> <span class='ocrx_word' id='word_1_257' title='bbox 861 1631 889 1658; x_wconf 92' lang='lat' dir='ltr'><strong>in</strong></span> <span class='ocrx_word' id='word_1_258' title='bbox 905 1630 1014 1666; x_wconf 89' lang='lat' dir='ltr'><strong>templo</strong></span> 
     </span>
    </p>
   </div>
   <div class='ocr_carea' id='block_1_37' title="bbox 191 1675 1013 1711">
    <p class='ocr_par' dir='ltr' id='par_1_37' title="bbox 191 1675 1013 1711">
     <span class='ocr_line' id='line_1_37' title="bbox 191 1675 1013 1711; baseline -0.001 -7"><span class='ocrx_word' id='word_1_259' title='bbox 191 1676 333 1704; x_wconf 85' lang='lat' dir='ltr'><strong>interesse</strong></span> <span class='ocrx_word' id='word_1_260' title='bbox 346 1683 352 1702; x_wconf 91' lang='lat'><strong>:</strong></span> <span class='ocrx_word' id='word_1_261' title='bbox 369 1675 418 1703; x_wconf 86' lang='lat' dir='ltr'><strong>sed</strong></span> <span class='ocrx_word' id='word_1_262' title='bbox 431 1675 536 1703; x_wconf 88' lang='lat' dir='ltr'><strong>horum</strong></span> <span class='ocrx_word' id='word_1_263' title='bbox 550 1675 678 1703; x_wconf 85' lang='lat' dir='ltr'><strong>rationes</strong></span> <span class='ocrx_word' id='word_1_264' title='bbox 689 1676 817 1711; x_wconf 88' lang='lat' dir='ltr'><strong>assequi,</strong></span> <span class='ocrx_word' id='word_1_265' title='bbox 829 1676 858 1703; x_wconf 86' lang='lat' dir='ltr'><strong>id</strong></span> <span class='ocrx_word' id='word_1_266' title='bbox 871 1683 941 1703; x_wconf 84' lang='lat' dir='ltr'><strong>sane</strong></span> <span class='ocrx_word' id='word_1_267' title='bbox 953 1675 1013 1703; x_wconf 80' lang='lat' dir='ltr'><strong>fue-</strong></span> 
     </span>
    </p>
   </div>
   <div class='ocr_carea' id='block_1_38' title="bbox 193 1719 1012 1756">
    <p class='ocr_par' dir='ltr' id='par_1_38' title="bbox 193 1719 1012 1756">
     <span class='ocr_line' id='line_1_38' title="bbox 193 1719 1012 1756; baseline -0.002 -8"><span class='ocrx_word' id='word_1_268' title='bbox 193 1720 230 1748; x_wconf 87' lang='lat' dir='ltr'><strong>rit</strong></span> <span class='ocrx_word' id='word_1_269' title='bbox 244 1719 297 1748; x_wconf 91' lang='lat' dir='ltr'><strong>viri</strong></span> <span class='ocrx_word' id='word_1_270' title='bbox 315 1719 433 1756; x_wconf 84' lang='lat' dir='ltr'><strong>perfecti</strong></span> <span class='ocrx_word' id='word_1_271' title='bbox 446 1721 520 1755; x_wconf 90' lang='lat' dir='ltr'><strong>jam,</strong></span> <span class='ocrx_word' id='word_1_272' title='bbox 537 1728 570 1748; x_wconf 86' lang='lat' dir='ltr'><strong>ac</strong></span> <span class='ocrx_word' id='word_1_273' title='bbox 586 1719 711 1747; x_wconf 88' lang='lat' dir='ltr'><strong>multum</strong></span> <span class='ocrx_word' id='word_1_274' title='bbox 737 1720 860 1747; x_wconf 87' lang='lat' dir='ltr'><strong>scientia</strong></span> <span class='ocrx_word' id='word_1_275' title='bbox 876 1720 1012 1756; x_wconf 85' lang='lat' dir='ltr'><strong>provecti.</strong></span> 
     </span>
    </p>
   </div>
   <div class='ocr_carea' id='block_1_39' title="bbox 193 1763 1014 1800">
    <p class='ocr_par' dir='ltr' id='par_1_39' title="bbox 193 1763 1014 1800">
     <span class='ocr_line' id='line_1_39' title="bbox 193 1763 1014 1800; baseline 0 -8"><span class='ocrx_word' id='word_1_276' title='bbox 193 1765 302 1793; x_wconf 85' lang='lat' dir='ltr'><strong>Ferunt</strong></span> <span class='ocrx_word' id='word_1_277' title='bbox 314 1765 411 1792; x_wconf 82' lang='lat' dir='ltr'><strong>autem</strong></span> <span class='ocrx_word' id='word_1_278' title='bbox 423 1763 499 1792; x_wconf 89' lang='lat' dir='ltr'><strong>hanc</strong></span> <span class='ocrx_word' id='word_1_279' title='bbox 515 1772 602 1791; x_wconf 89' lang='lat' dir='ltr'><strong>unam</strong></span> <span class='ocrx_word' id='word_1_280' title='bbox 616 1764 706 1792; x_wconf 82' lang='lat' dir='ltr'><strong>fuisse</strong></span> <span class='ocrx_word' id='word_1_281' title='bbox 718 1772 914 1800; x_wconf 72' lang='lat' dir='ltr'><strong>causam,qua:</strong></span> <span class='ocrx_word' id='word_1_282' title='bbox 926 1764 1014 1799; x_wconf 88' lang='lat' dir='ltr'><strong>hujus</strong></span> 
     </span>
    </p>
   </div>
   <div class='ocr_carea' id='block_1_40' title="bbox 191 1807 1014 1844">
    <p class='ocr_par' dir='ltr' id='par_1_40' title="bbox 191 1807 1014 1844">
     <span class='ocr_line' id='line_1_40' title="bbox 191 1807 1014 1844; baseline 0.001 -8"><span class='ocrx_word' id='word_1_283' title='bbox 191 1808 333 1844; x_wconf 86' lang='lat' dir='ltr'><strong>temporis</strong></span> <span class='ocrx_word' id='word_1_284' title='bbox 349 1807 491 1844; x_wconf 86' lang='lat' dir='ltr'><strong>populum</strong></span> <span class='ocrx_word' id='word_1_285' title='bbox 508 1808 542 1835; x_wconf 86' lang='lat' dir='ltr'><strong>ad</strong></span> <span class='ocrx_word' id='word_1_286' title='bbox 560 1808 683 1836; x_wconf 86' lang='lat' dir='ltr'><strong>insidias</strong></span> <span class='ocrx_word' id='word_1_287' title='bbox 700 1808 844 1844; x_wconf 73' lang='lat' dir='ltr'><strong>propheta:</strong></span> <span class='ocrx_word' id='word_1_288' title='bbox 858 1809 1014 1837; x_wconf 86' lang='lat' dir='ltr'><strong>struendas</strong></span> 
     </span>
    </p>
   </div>
   <div class='ocr_carea' id='block_1_41' title="bbox 190 1852 1013 1889">
    <p class='ocr_par' dir='ltr' id='par_1_41' title="bbox 190 1852 1013 1889">
     <span class='ocr_line' id='line_1_41' title="bbox 190 1852 1013 1889; baseline 0 -9"><span class='ocrx_word' id='word_1_289' title='bbox 190 1852 350 1889; x_wconf 69' lang='lat' dir='ltr'><strong>impulerit.</strong></span> <span class='ocrx_word' id='word_1_290' title='bbox 366 1852 430 1880; x_wconf 85' lang='lat' dir='ltr'><strong>Jam</strong></span> <span class='ocrx_word' id='word_1_291' title='bbox 445 1860 511 1880; x_wconf 88' lang='lat' dir='ltr'><strong>vero</strong></span> <span class='ocrx_word' id='word_1_292' title='bbox 534 1852 668 1888; x_wconf 85' lang='lat' dir='ltr'><strong>nunquid</strong></span> <span class='ocrx_word' id='word_1_293' title='bbox 685 1853 749 1880; x_wconf 87' lang='lat' dir='ltr'><strong>ideo</strong></span> <span class='ocrx_word' id='word_1_294' title='bbox 769 1853 862 1881; x_wconf 89' lang='lat' dir='ltr'><strong>vocati</strong></span> <span class='ocrx_word' id='word_1_295' title='bbox 878 1855 947 1880; x_wconf 91' lang='lat' dir='ltr'><strong>sunt</strong></span> <span class='ocrx_word' id='word_1_296' title='bbox 962 1853 1013 1881; x_wconf 89' lang='lat' dir='ltr'><strong>So-</strong></span> 
     </span>
    </p>
   </div>
   <div class='ocr_carea' id='block_1_42' title="bbox 191 1897 1014 1933">
    <p class='ocr_par' dir='ltr' id='par_1_42' title="bbox 191 1897 1014 1933">
     <span class='ocr_line' id='line_1_42' title="bbox 191 1897 1014 1933; baseline 0 -9"><span class='ocrx_word' id='word_1_297' title='bbox 191 1897 345 1924; x_wconf 87' lang='lat' dir='ltr'><strong>domorum</strong></span> <span class='ocrx_word' id='word_1_298' title='bbox 362 1897 519 1932; x_wconf 87' lang='lat' dir='ltr'><strong>principes,</strong></span> <span class='ocrx_word' id='word_1_299' title='bbox 538 1897 615 1932; x_wconf 90' lang='lat' dir='ltr'><strong>quod</strong></span> <span class='ocrx_word' id='word_1_300' title='bbox 628 1897 770 1932; x_wconf 90' lang='lat' dir='ltr'><strong>improbis</strong></span> <span class='ocrx_word' id='word_1_301' title='bbox 786 1897 1014 1933; x_wconf 81' lang='lat' dir='ltr'><strong>imperarent,un</strong></span> 
     </span>
    </p>
   </div>
   <div class='ocr_carea' id='block_1_43' title="bbox 190 1940 1014 1977">
    <p class='ocr_par' dir='ltr' id='par_1_43' title="bbox 190 1940 1014 1977">
     <span class='ocr_line' id='line_1_43' title="bbox 190 1940 1014 1977; baseline 0.001 -9"><span class='ocrx_word' id='word_1_302' title='bbox 190 1941 322 1976; x_wconf 88' lang='lat' dir='ltr'><strong>quiaipsi</strong></span> <span class='ocrx_word' id='word_1_303' title='bbox 332 1944 430 1969; x_wconf 81' lang='lat' dir='ltr'><strong>essent</strong></span> <span class='ocrx_word' id='word_1_304' title='bbox 441 1940 566 1976; x_wconf 91' lang='lat' dir='ltr'><strong>improbi</strong></span> <span class='ocrx_word' id='word_1_305' title='bbox 578 1940 591 1967; x_wconf 84' lang='lat'><strong>?</strong></span> <span class='ocrx_word' id='word_1_306' title='bbox 598 1941 696 1968; x_wconf 88' lang='lat' dir='ltr'><strong>Potest</strong></span> <span class='ocrx_word' id='word_1_307' title='bbox 708 1941 785 1968; x_wconf 90' lang='lat' dir='ltr'><strong>enim</strong></span> <span class='ocrx_word' id='word_1_308' title='bbox 797 1941 862 1976; x_wconf 87' lang='lat' dir='ltr'><strong>quis</strong></span> <span class='ocrx_word' id='word_1_309' title='bbox 873 1941 1014 1977; x_wconf 88' lang='lat' dir='ltr'><strong>improbis</strong></span> 
     </span>
    </p>
   </div>
   <div class='ocr_carea' id='block_1_44' title="bbox 189 1985 1013 2021">
    <p class='ocr_par' dir='ltr' id='par_1_44' title="bbox 189 1985 1013 2021">
     <span class='ocr_line' id='line_1_44' title="bbox 189 1985 1013 2021; baseline 0.001 -9"><span class='ocrx_word' id='word_1_310' title='bbox 189 1985 349 2021; x_wconf 85' lang='lat' dir='ltr'><strong>imperans,</strong></span> <span class='ocrx_word' id='word_1_311' title='bbox 357 1985 419 2021; x_wconf 90' lang='lat' dir='ltr'><strong>ipse</strong></span> <span class='ocrx_word' id='word_1_312' title='bbox 429 1985 637 2013; x_wconf 89' lang='lat' dir='ltr'><strong>asubditorum</strong></span> <span class='ocrx_word' id='word_1_313' title='bbox 651 1985 783 2021; x_wconf 87' lang='lat' dir='ltr'><strong>nequitia</strong></span> <span class='ocrx_word' id='word_1_314' title='bbox 789 1994 853 2014; x_wconf 84' lang='lat' dir='ltr'><strong>esse</strong></span> <span class='ocrx_word' id='word_1_315' title='bbox 861 1986 951 2013; x_wconf 92' lang='lat' dir='ltr'><strong>immu</strong></span> <span class='ocrx_word' id='word_1_316' title='bbox 958 1986 1013 2014; x_wconf 88' lang='lat' dir='ltr'><strong>nis.</strong></span> 
     </span>
    </p>
   </div>
   <div class='ocr_carea' id='block_1_45' title="bbox 189 2030 1015 2066">
    <p class='ocr_par' dir='ltr' id='par_1_45' title="bbox 189 2030 1015 2066">
     <span class='ocr_line' id='line_1_45' title="bbox 189 2030 1015 2066; baseline 0.001 -9"><span class='ocrx_word' id='word_1_317' title='bbox 189 2030 271 2063; x_wconf 86' lang='lat' dir='ltr'><strong>Quod</strong></span> <span class='ocrx_word' id='word_1_318' title='bbox 288 2030 312 2057; x_wconf 84' lang='lat' dir='ltr'><strong>si</strong></span> <span class='ocrx_word' id='word_1_319' title='bbox 337 2030 373 2058; x_wconf 89' lang='lat' dir='ltr'><strong>de</strong></span> <span class='ocrx_word' id='word_1_320' title='bbox 400 2030 506 2066; x_wconf 90' lang='lat' dir='ltr'><strong>populo</strong></span> <span class='ocrx_word' id='word_1_321' title='bbox 532 2030 651 2066; x_wconf 82' lang='lat' dir='ltr'><strong>quidem</strong></span> <span class='ocrx_word' id='word_1_322' title='bbox 677 2030 859 2064; x_wconf 85' lang='lat' dir='ltr'><strong>obticuissct,</strong></span> <span class='ocrx_word' id='word_1_323' title='bbox 880 2031 1015 2058; x_wconf 83' lang='lat' dir='ltr'><strong>fortassis</strong></span> 
     </span>
    </p>
   </div>
   <div class='ocr_carea' id='block_1_46' title="bbox 189 2073 1015 2111">
    <p class='ocr_par' dir='ltr' id='par_1_46' title="bbox 189 2073 1015 2111">
     <span class='ocr_line' id='line_1_46' title="bbox 189 2073 1015 2111; baseline 0.001 -9"><span class='ocrx_word' id='word_1_324' title='bbox 189 2073 285 2102; x_wconf 89' lang='lat' dir='ltr'><strong>locum</strong></span> <span class='ocrx_word' id='word_1_325' title='bbox 309 2074 436 2110; x_wconf 80' lang='lat' dir='ltr'><strong>aliquem</strong></span> <span class='ocrx_word' id='word_1_326' title='bbox 460 2077 560 2111; x_wconf 88' lang='lat' dir='ltr'><strong>posset</strong></span> <span class='ocrx_word' id='word_1_327' title='bbox 588 2075 694 2102; x_wconf 87' lang='lat' dir='ltr'><strong>habere</strong></span> <span class='ocrx_word' id='word_1_328' title='bbox 717 2075 906 2111; x_wconf 82' lang='lat' dir='ltr'><strong>ambiguitas.</strong></span> <span class='ocrx_word' id='word_1_329' title='bbox 932 2076 1015 2103; x_wconf 92' lang='lat' dir='ltr'><strong>Nunc</strong></span> 
     </span>
    </p>
   </div>
   <div class='ocr_carea' id='block_1_47' title="bbox 189 2118 1013 2155">
    <p class='ocr_par' dir='ltr' id='par_1_47' title="bbox 189 2118 1013 2155">
     <span class='ocr_line' id='line_1_47' title="bbox 189 2118 1013 2155; baseline 0 -8"><span class='ocrx_word' id='word_1_330' title='bbox 189 2121 286 2147; x_wconf 86' lang='lat' dir='ltr'><strong>autem</strong></span> <span class='ocrx_word' id='word_1_331' title='bbox 299 2119 366 2153; x_wconf 81' lang='lat' dir='ltr'><strong>quia</strong></span> <span class='ocrx_word' id='word_1_332' title='bbox 377 2119 503 2155; x_wconf 91' lang='lat' dir='ltr'><strong>populus</strong></span> <span class='ocrx_word' id='word_1_333' title='bbox 513 2122 633 2146; x_wconf 88' lang='lat' dir='ltr'><strong>vocatus</strong></span> <span class='ocrx_word' id='word_1_334' title='bbox 644 2121 689 2146; x_wconf 87' lang='lat' dir='ltr'><strong>est</strong></span> <span class='ocrx_word' id='word_1_335' title='bbox 698 2118 865 2146; x_wconf 61' lang='lat' dir='ltr'><strong>Gomorrhaa</strong></span> <span class='ocrx_word' id='word_1_336' title='bbox 877 2119 1013 2155; x_wconf 87' lang='lat' dir='ltr'><strong>populus,</strong></span> 
     </span>
    </p>
   </div>
   <div class='ocr_carea' id='block_1_48' title="bbox 190 2162 1012 2199">
    <p class='ocr_par' dir='ltr' id='par_1_48' title="bbox 190 2162 1012 2199">
     <span class='ocr_line' id='line_1_48' title="bbox 190 2162 1012 2199; baseline 0.002 -9"><span class='ocrx_word' id='word_1_337' title='bbox 190 2163 316 2199; x_wconf 82' lang='lat' dir='ltr'><strong>populus</strong></span> <span class='ocrx_word' id='word_1_338' title='bbox 326 2163 424 2190; x_wconf 85' lang='lat' dir='ltr'><strong>minus</strong></span> <span class='ocrx_word' id='word_1_339' title='bbox 433 2171 520 2199; x_wconf 90' lang='lat' dir='ltr'><strong>quam</strong></span> <span class='ocrx_word' id='word_1_340' title='bbox 530 2163 623 2198; x_wconf 87' lang='lat' dir='ltr'><strong>ipsius</strong></span> <span class='ocrx_word' id='word_1_341' title='bbox 631 2162 779 2198; x_wconf 86' lang='lat' dir='ltr'><strong>principes</strong></span> <span class='ocrx_word' id='word_1_342' title='bbox 788 2163 1012 2199; x_wconf 82' lang='lat' dir='ltr'><strong>culpandusest:</strong></span> 
     </span>
    </p>
   </div>
   <div class='ocr_carea' id='block_1_49' title="bbox 190 2206 1015 2243">
    <p class='ocr_par' dir='ltr' id='par_1_49' title="bbox 190 2206 1015 2243">
     <span class='ocr_line' id='line_1_49' title="bbox 190 2206 1015 2243; baseline 0.002 -9"><span class='ocrx_word' id='word_1_343' title='bbox 190 2207 330 2235; x_wconf 87' lang='lat' dir='ltr'><strong>nimirum</strong></span> <span class='ocrx_word' id='word_1_344' title='bbox 357 2207 483 2235; x_wconf 83' lang='lat' dir='ltr'><strong>Sodoma</strong></span> <span class='ocrx_word' id='word_1_345' title='bbox 519 2206 665 2243; x_wconf 86' lang='lat' dir='ltr'><strong>pentapoli</strong></span> <span class='ocrx_word' id='word_1_346' title='bbox 706 2207 858 2243; x_wconf 61' lang='lat' dir='ltr'><strong>praefuisse</strong></span> <span class='ocrx_word' id='word_1_347' title='bbox 886 2209 1015 2236; x_wconf 82' lang='lat' dir='ltr'><strong>ostendit</strong></span> 
     </span>
    </p>
   </div>
   <div class='ocr_carea' id='block_1_50' title="bbox 1082 249 1908 294">
    <p class='ocr_par' dir='ltr' id='par_1_50' title="bbox 1082 249 1908 294">
     <span class='ocr_line' id='line_1_50' title="bbox 1082 249 1908 294; baseline 0.01 -18"><span class='ocrx_word' id='word_1_348' title='bbox 1082 249 1157 276; x_wconf 86' lang='grc' dir='ltr'>Θεόν.</span> <span class='ocrx_word' id='word_1_349' title='bbox 1175 250 1224 277; x_wconf 76' lang='grc' dir='ltr'>Διὰ</span> <span class='ocrx_word' id='word_1_350' title='bbox 1236 253 1316 279; x_wconf 85' lang='grc' dir='ltr'>τοῦτο</span> <span class='ocrx_word' id='word_1_351' title='bbox 1340 250 1451 284; x_wconf 77' lang='grc' dir='ltr'><strong>δικαίως</strong></span> <span class='ocrx_word' id='word_1_352' title='bbox 1476 257 1527 288; x_wconf 85' lang='grc' dir='ltr'><strong>τῆς</strong></span> <span class='ocrx_word' id='word_1_353' title='bbox 1554 254 1606 282; x_wconf 85' lang='grc' dir='ltr'>τῶν</span> <span class='ocrx_word' id='word_1_354' title='bbox 1636 253 1828 291; x_wconf 81' lang='grc' dir='ltr'>Σοδομιτικών</span> <span class='ocrx_word' id='word_1_355' title='bbox 1860 257 1908 294; x_wconf 86' lang='grc' dir='ltr'>ἀρ-</span> 
     </span>
    </p>
   </div>
   <div class='ocr_carea' id='block_1_51' title="bbox 1081 294 1907 336">
    <p class='ocr_par' dir='ltr' id='par_1_51' title="bbox 1081 294 1907 336">
     <span class='ocr_line' id='line_1_51' title="bbox 1081 294 1907 336; baseline 0.01 -16"><span class='ocrx_word' id='word_1_356' title='bbox 1081 294 1188 331; x_wconf 75' lang='grc' dir='ltr'>χόντων</span> <span class='ocrx_word' id='word_1_357' title='bbox 1216 297 1401 334; x_wconf 78' lang='grc' dir='ltr'><strong>προσηγορίας</strong></span> <span class='ocrx_word' id='word_1_358' title='bbox 1429 297 1566 333; x_wconf 80' lang='grc' dir='ltr'>ἠξίωνται.</span> <span class='ocrx_word' id='word_1_359' title='bbox 1585 297 1665 327; x_wconf 87' lang='grc' dir='ltr'>Ἀλλ’</span> <span class='ocrx_word' id='word_1_360' title='bbox 1687 299 1765 336; x_wconf 79' lang='grc' dir='ltr'>ὅμως</span> <span class='ocrx_word' id='word_1_361' title='bbox 1790 300 1907 333; x_wconf 81' lang='grc' dir='ltr'><strong>τούτους</strong></span> 
     </span>
    </p>
   </div>
   <div class='ocr_carea' id='block_1_52' title="bbox 1081 337 1906 382">
    <p class='ocr_par' dir='ltr' id='par_1_52' title="bbox 1081 337 1906 382">
     <span class='ocr_line' id='line_1_52' title="bbox 1081 337 1906 382; baseline 0.01 -18"><span class='ocrx_word' id='word_1_362' title='bbox 1081 337 1227 376; x_wconf 79' lang='grc' dir='ltr'><strong>εὐεργετῶν</strong></span> <span class='ocrx_word' id='word_1_363' title='bbox 1245 341 1258 367; x_wconf 84' lang='grc' dir='ltr'>ὁ</span> <span class='ocrx_word' id='word_1_364' title='bbox 1273 340 1348 376; x_wconf 83' lang='grc' dir='ltr'>Θεὸς,</span> <span class='ocrx_word' id='word_1_365' title='bbox 1366 341 1404 373; x_wconf 78' lang='grc' dir='ltr'><strong>εἰς</strong></span> <span class='ocrx_word' id='word_1_366' title='bbox 1430 348 1480 377; x_wconf 82' lang='grc' dir='ltr'><strong>την</strong></span> <span class='ocrx_word' id='word_1_367' title='bbox 1498 345 1550 370; x_wconf 84' lang='grc' dir='ltr'><strong>τῶν</strong></span> <span class='ocrx_word' id='word_1_368' title='bbox 1573 342 1723 382; x_wconf 71' lang='grc' dir='ltr'>ὠφελίμων</span> <span class='ocrx_word' id='word_1_369' title='bbox 1748 344 1833 372; x_wconf 77' lang='grc' dir='ltr'>αὑτοῦ</span> <span class='ocrx_word' id='word_1_370' title='bbox 1858 345 1906 372; x_wconf 84' lang='grc' dir='ltr'>λό-</span> 
     </span>
    </p>
   </div>
   <div class='ocr_carea' id='block_1_53' title="bbox 1079 383 1905 423">
    <p class='ocr_par' dir='ltr' id='par_1_53' title="bbox 1079 383 1905 423">
     <span class='ocr_line' id='line_1_53' title="bbox 1079 383 1905 423; baseline 0.01 -15"><span class='ocrx_word' id='word_1_371' title='bbox 1079 393 1133 420; x_wconf 91' lang='grc' dir='ltr'><strong>γων</strong></span> <span class='ocrx_word' id='word_1_372' title='bbox 1160 383 1244 418; x_wconf 78' lang='grc' dir='ltr'>ἀκοὴν</span> <span class='ocrx_word' id='word_1_373' title='bbox 1274 385 1452 423; x_wconf 75' lang='grc' dir='ltr'><strong>προκαλεῖται</strong></span> <span class='ocrx_word' id='word_1_374' title='bbox 1481 388 1562 423; x_wconf 84' lang='grc'>(68)·</span> <span class='ocrx_word' id='word_1_375' title='bbox 1587 388 1632 414; x_wconf 79' lang='grc' dir='ltr'>τὸν</span> <span class='ocrx_word' id='word_1_376' title='bbox 1663 386 1691 415; x_wconf 78' lang='grc' dir='ltr'>δὲ</span> <span class='ocrx_word' id='word_1_377' title='bbox 1719 389 1771 416; x_wconf 77' lang='grc' dir='ltr'><strong>ὑπὸ</strong></span> <span class='ocrx_word' id='word_1_378' title='bbox 1800 389 1905 416; x_wconf 85' lang='grc' dir='ltr'>τούτων</span> 
     </span>
    </p>
   </div>
   <div class='ocr_carea' id='block_1_54' title="bbox 1079 426 1904 470">
    <p class='ocr_par' dir='ltr' id='par_1_54' title="bbox 1079 426 1904 470">
     <span class='ocr_line' id='line_1_54' title="bbox 1079 426 1904 470; baseline 0.008 -16"><span class='ocrx_word' id='word_1_379' title='bbox 1079 426 1230 464; x_wconf 83' lang='grc' dir='ltr'>ἀρχόμενον</span> <span class='ocrx_word' id='word_1_380' title='bbox 1261 428 1338 465; x_wconf 86' lang='grc' dir='ltr'>λαὸν,</span> <span class='ocrx_word' id='word_1_381' title='bbox 1360 430 1405 457; x_wconf 83' lang='grc' dir='ltr'><strong>καὶ</strong></span> <span class='ocrx_word' id='word_1_382' title='bbox 1431 430 1461 458; x_wconf 75' lang='grc' dir='ltr'>ἐκ</span> <span class='ocrx_word' id='word_1_383' title='bbox 1484 431 1538 459; x_wconf 83' lang='grc' dir='ltr'>τῶν</span> <span class='ocrx_word' id='word_1_384' title='bbox 1571 434 1698 470; x_wconf 83' lang='grc' dir='ltr'>πονηρῶν</span> <span class='ocrx_word' id='word_1_385' title='bbox 1728 431 1904 470; x_wconf 70' lang='grc' dir='ltr'>διδαγμάτων</span> 
     </span>
    </p>
   </div>
   <div class='ocr_carea' id='block_1_55' title="bbox 1078 472 1904 514">
    <p class='ocr_par' dir='ltr' id='par_1_55' title="bbox 1078 472 1904 514">
     <span class='ocr_line' id='line_1_55' title="bbox 1078 472 1904 514; baseline 0.01 -16"><span class='ocrx_word' id='word_1_386' title='bbox 1078 472 1219 510; x_wconf 72' lang='grc' dir='ltr'>Γομόρρας</span> <span class='ocrx_word' id='word_1_387' title='bbox 1255 472 1319 502; x_wconf 81' lang='grc' dir='ltr'>λαὸν</span> <span class='ocrx_word' id='word_1_388' title='bbox 1354 475 1571 512; x_wconf 82' lang='grc' dir='ltr'>χρηματίζοντα,</span> <span class='ocrx_word' id='word_1_389' title='bbox 1597 476 1636 507; x_wconf 82' lang='grc' dir='ltr'>εἱς</span> <span class='ocrx_word' id='word_1_390' title='bbox 1664 477 1714 511; x_wconf 76' lang='grc' dir='ltr'>τὴν</span> <span class='ocrx_word' id='word_1_391' title='bbox 1741 480 1790 505; x_wconf 78' lang='grc' dir='ltr'>τοῦ</span> <span class='ocrx_word' id='word_1_392' title='bbox 1817 479 1904 514; x_wconf 83' lang='grc' dir='ltr'>νόμου</span> 
     </span>
    </p>
   </div>
   <div class='ocr_carea' id='block_1_56' title="bbox 1077 517 1902 559">
    <p class='ocr_par' dir='ltr' id='par_1_56' title="bbox 1077 517 1902 559">
     <span class='ocr_line' id='line_1_56' title="bbox 1077 517 1902 559; baseline 0.01 -17"><span class='ocrx_word' id='word_1_393' title='bbox 1077 517 1220 554; x_wconf 81' lang='grc' dir='ltr'><strong>προσοχὴν</strong></span> <span class='ocrx_word' id='word_1_394' title='bbox 1249 517 1423 556; x_wconf 70' lang='grc' dir='ltr'>ιπιπρέφει·</span> <span class='ocrx_word' id='word_1_395' title='bbox 1448 522 1507 550; x_wconf 87' lang='grc' dir='ltr'>τοῖς</span> <span class='ocrx_word' id='word_1_396' title='bbox 1538 520 1584 556; x_wconf 80' lang='grc' dir='ltr'><strong>μὶν</strong></span> <span class='ocrx_word' id='word_1_397' title='bbox 1621 520 1841 559; x_wconf 69' lang='grc' dir='ltr'>ἑντρεχεοτὲροις</span> <span class='ocrx_word' id='word_1_398' title='bbox 1871 523 1902 550; x_wconf 76' lang='grc' dir='ltr'><strong>τὸ</strong></span> 
     </span>
    </p>
   </div>
   <div class='ocr_carea' id='block_1_57' title="bbox 1078 561 1903 604">
    <p class='ocr_par' dir='ltr' id='par_1_57' title="bbox 1078 561 1903 604">
     <span class='ocr_line' id='line_1_57' title="bbox 1078 561 1903 604; baseline 0.008 -17"><span class='ocrx_word' id='word_1_399' title='bbox 1078 561 1188 588; x_wconf 82' lang='grc' dir='ltr'>ἀκοῦσαι</span> <span class='ocrx_word' id='word_1_400' title='bbox 1204 562 1392 599; x_wconf 85' lang='grc' dir='ltr'><strong>προστάσσων,</strong></span> <span class='ocrx_word' id='word_1_401' title='bbox 1408 567 1467 596; x_wconf 76' lang='grc' dir='ltr'>τοῖς</span> <span class='ocrx_word' id='word_1_402' title='bbox 1482 563 1510 592; x_wconf 74' lang='grc' dir='ltr'>δὲ</span> <span class='ocrx_word' id='word_1_403' title='bbox 1530 564 1665 597; x_wconf 70' lang='grc' dir='ltr'>ἀσυνέτοις</span> <span class='ocrx_word' id='word_1_404' title='bbox 1688 566 1719 593; x_wconf 79' lang='grc' dir='ltr'>τὸ</span> <span class='ocrx_word' id='word_1_405' title='bbox 1743 566 1903 604; x_wconf 78' lang='grc' dir='ltr'>προσέχειν,</span> 
     </span>
    </p>
   </div>
   <div class='ocr_carea' id='block_1_58' title="bbox 1076 604 1903 647">
    <p class='ocr_par' dir='ltr' id='par_1_58' title="bbox 1076 604 1903 647">
     <span class='ocr_line' id='line_1_58' title="bbox 1076 604 1903 647; baseline 0.008 -15"><span class='ocrx_word' id='word_1_406' title='bbox 1076 604 1093 639; x_wconf 73' lang='grc' dir='ltr'><strong>ἢ</strong></span> <span class='ocrx_word' id='word_1_407' title='bbox 1110 605 1141 633; x_wconf 84' lang='grc' dir='ltr'>τὸ</span> <span class='ocrx_word' id='word_1_408' title='bbox 1161 605 1343 643; x_wconf 74' lang='grc' dir='ltr'>ἐνωτίζεσθαι,</span> <span class='ocrx_word' id='word_1_409' title='bbox 1361 607 1426 645; x_wconf 79' lang='grc' dir='ltr'>ὅπερ</span> <span class='ocrx_word' id='word_1_410' title='bbox 1450 607 1540 647; x_wconf 71' lang='grc' dir='ltr'>ἕτεροι</span> <span class='ocrx_word' id='word_1_411' title='bbox 1566 608 1756 638; x_wconf 82' lang='grc' dir='ltr'>ἐκδεδώκασιν.</span> <span class='ocrx_word' id='word_1_412' title='bbox 1779 612 1847 646; x_wconf 89' lang='grc' dir='ltr'>Ὂση</span> <span class='ocrx_word' id='word_1_413' title='bbox 1874 610 1903 639; x_wconf 73' lang='grc' dir='ltr'>δὲ</span> 
     </span>
    </p>
   </div>
   <div class='ocr_carea' id='block_1_59' title="bbox 1077 648 1902 692">
    <p class='ocr_par' dir='ltr' id='par_1_59' title="bbox 1077 648 1902 692">
     <span class='ocr_line' id='line_1_59' title="bbox 1077 648 1902 692; baseline 0.006 -15"><span class='ocrx_word' id='word_1_414' title='bbox 1077 648 1160 688; x_wconf 84' lang='grc' dir='ltr'>λόγου</span> <span class='ocrx_word' id='word_1_415' title='bbox 1175 651 1245 688; x_wconf 80' lang='grc' dir='ltr'>πρὸς</span> <span class='ocrx_word' id='word_1_416' title='bbox 1259 652 1344 688; x_wconf 90' lang='grc' dir='ltr'>νόμον</span> <span class='ocrx_word' id='word_1_417' title='bbox 1359 651 1484 692; x_wconf 78' lang='grc' dir='ltr'>διαφορὰ,</span> <span class='ocrx_word' id='word_1_418' title='bbox 1500 654 1617 690; x_wconf 84' lang='grc' dir='ltr'>τοσαύτη</span> <span class='ocrx_word' id='word_1_419' title='bbox 1642 654 1686 681; x_wconf 87' lang='grc' dir='ltr'><strong>καὶ</strong></span> <span class='ocrx_word' id='word_1_420' title='bbox 1714 657 1764 682; x_wconf 80' lang='grc' dir='ltr'>τοῦ</span> <span class='ocrx_word' id='word_1_421' title='bbox 1794 655 1902 683; x_wconf 84' lang='grc' dir='ltr'>ἀκούειν</span> 
     </span>
    </p>
   </div>
   <div class='ocr_carea' id='block_1_60' title="bbox 1075 694 1902 735">
    <p class='ocr_par' dir='ltr' id='par_1_60' title="bbox 1075 694 1902 735">
     <span class='ocr_line' id='line_1_60' title="bbox 1075 694 1902 735; baseline 0.007 -14"><span class='ocrx_word' id='word_1_422' title='bbox 1075 694 1144 731; x_wconf 83' lang='grc' dir='ltr'>πρὸς</span> <span class='ocrx_word' id='word_1_423' title='bbox 1169 695 1201 722; x_wconf 83' lang='grc' dir='ltr'>τὸ</span> <span class='ocrx_word' id='word_1_424' title='bbox 1229 695 1412 731; x_wconf 83' lang='grc' dir='ltr'>ἐνωτίζεσθαι,</span> <span class='ocrx_word' id='word_1_425' title='bbox 1428 698 1459 726; x_wconf 91' lang='grc' dir='ltr'>Ὁ</span> <span class='ocrx_word' id='word_1_426' title='bbox 1488 698 1535 734; x_wconf 74' lang='grc' dir='ltr'>μὲν</span> <span class='ocrx_word' id='word_1_427' title='bbox 1556 698 1607 735; x_wconf 82' lang='grc' dir='ltr'><strong>γὰρ</strong></span> <span class='ocrx_word' id='word_1_428' title='bbox 1632 698 1717 735; x_wconf 85' lang='grc' dir='ltr'>νόμος</span> <span class='ocrx_word' id='word_1_429' title='bbox 1741 699 1831 727; x_wconf 81' lang='grc' dir='ltr'>κανὼν</span> <span class='ocrx_word' id='word_1_430' title='bbox 1862 699 1902 727; x_wconf 83' lang='grc' dir='ltr'>δι-</span> 
     </span>
    </p>
   </div>
   <div class='ocr_carea' id='block_1_61' title="bbox 1075 739 1901 780">
    <p class='ocr_par' dir='ltr' id='par_1_61' title="bbox 1075 739 1901 780">
     <span class='ocr_line' id='line_1_61' title="bbox 1075 739 1901 780; baseline 0.007 -14"><span class='ocrx_word' id='word_1_431' title='bbox 1075 739 1159 766; x_wconf 87' lang='grc' dir='ltr'>καίων</span> <span class='ocrx_word' id='word_1_432' title='bbox 1177 739 1232 767; x_wconf 66' lang='grc' dir='ltr'>ἐστὶ</span> <span class='ocrx_word' id='word_1_433' title='bbox 1261 741 1306 768; x_wconf 84' lang='grc' dir='ltr'>καὶ</span> <span class='ocrx_word' id='word_1_434' title='bbox 1336 740 1449 777; x_wconf 82' lang='grc' dir='ltr'>ἀδίκων,</span> <span class='ocrx_word' id='word_1_435' title='bbox 1465 742 1644 780; x_wconf 81' lang='grc' dir='ltr'>προστατικὸς</span> <span class='ocrx_word' id='word_1_436' title='bbox 1675 743 1722 779; x_wconf 69' lang='grc' dir='ltr'>μὶν</span> <span class='ocrx_word' id='word_1_437' title='bbox 1750 744 1787 771; x_wconf 84' lang='grc' dir='ltr'>ὧν</span> <span class='ocrx_word' id='word_1_438' title='bbox 1818 754 1901 780; x_wconf 84' lang='grc' dir='ltr'>ποιη-</span> 
     </span>
    </p>
   </div>
   <div class='ocr_carea' id='block_1_62' title="bbox 1073 783 1903 825">
    <p class='ocr_par' dir='ltr' id='par_1_62' title="bbox 1073 783 1903 825">
     <span class='ocr_line' id='line_1_62' title="bbox 1073 783 1903 825; baseline 0.008 -16"><span class='ocrx_word' id='word_1_439' title='bbox 1073 783 1145 819; x_wconf 76' lang='grc' dir='ltr'>τέον,</span> <span class='ocrx_word' id='word_1_440' title='bbox 1166 783 1378 822; x_wconf 81' lang='grc' dir='ltr'>ἀπαγορευτικὸς</span> <span class='ocrx_word' id='word_1_441' title='bbox 1403 784 1432 814; x_wconf 73' lang='grc' dir='ltr'>δὶ</span> <span class='ocrx_word' id='word_1_442' title='bbox 1457 787 1494 813; x_wconf 87' lang='grc' dir='ltr'>ὧν</span> <span class='ocrx_word' id='word_1_443' title='bbox 1523 786 1555 814; x_wconf 82' lang='grc' dir='ltr'>οὐ</span> <span class='ocrx_word' id='word_1_444' title='bbox 1579 788 1724 822; x_wconf 79' lang='grc' dir='ltr'>ποιητέον·</span> <span class='ocrx_word' id='word_1_445' title='bbox 1754 787 1786 815; x_wconf 84' lang='grc' dir='ltr'><strong>οὗ</strong></span> <span class='ocrx_word' id='word_1_446' title='bbox 1814 788 1903 825; x_wconf 83' lang='grc' dir='ltr'>φυλα-</span> 
     </span>
    </p>
   </div>
   <div class='ocr_carea' id='block_1_63' title="bbox 1074 828 1901 870">
    <p class='ocr_par' dir='ltr' id='par_1_63' title="bbox 1074 828 1901 870">
     <span class='ocr_line' id='line_1_63' title="bbox 1074 828 1901 870; baseline 0.007 -16"><span class='ocrx_word' id='word_1_447' title='bbox 1074 828 1166 859; x_wconf 78' lang='grc' dir='ltr'>κτικός</span> <span class='ocrx_word' id='word_1_448' title='bbox 1191 828 1261 856; x_wconf 80' lang='grc' dir='ltr'>ἐστιν</span> <span class='ocrx_word' id='word_1_449' title='bbox 1285 830 1299 856; x_wconf 83' lang='grc' dir='ltr'>ὁ</span> <span class='ocrx_word' id='word_1_450' title='bbox 1322 828 1419 865; x_wconf 82' lang='grc' dir='ltr'>πολὺς,</span> <span class='ocrx_word' id='word_1_451' title='bbox 1435 830 1484 858; x_wconf 74' lang='grc' dir='ltr'><strong>κᾶν</strong></span> <span class='ocrx_word' id='word_1_452' title='bbox 1505 831 1537 858; x_wconf 81' lang='grc' dir='ltr'><strong>τὸ</strong></span> <span class='ocrx_word' id='word_1_453' title='bbox 1555 830 1580 858; x_wconf 74' lang='grc' dir='ltr'>ἐν</span> <span class='ocrx_word' id='word_1_454' title='bbox 1597 831 1670 867; x_wconf 78' lang='grc' dir='ltr'><strong>αὖτῷ</strong></span> <span class='ocrx_word' id='word_1_455' title='bbox 1686 833 1740 868; x_wconf 85' lang='grc'>(69)</span> <span class='ocrx_word' id='word_1_456' title='bbox 1757 831 1901 870; x_wconf 74' lang='grc' dir='ltr'>ὠφὲλιμοιι</span> 
     </span>
    </p>
   </div>
   <div class='ocr_carea' id='block_1_64' title="bbox 1075 871 1900 911">
    <p class='ocr_par' dir='ltr' id='par_1_64' title="bbox 1075 871 1900 911">
     <span class='ocr_line' id='line_1_64' title="bbox 1075 871 1900 911; baseline 0.007 -12"><span class='ocrx_word' id='word_1_457' title='bbox 1075 871 1168 910; x_wconf 79' lang='grc' dir='ltr'>ἀγνοῇ.</span> <span class='ocrx_word' id='word_1_458' title='bbox 1184 873 1214 901; x_wconf 92' lang='grc' dir='ltr'><strong>Ὀ</strong></span> <span class='ocrx_word' id='word_1_459' title='bbox 1230 872 1259 901; x_wconf 78' lang='grc' dir='ltr'>δὶ</span> <span class='ocrx_word' id='word_1_460' title='bbox 1275 873 1359 911; x_wconf 88' lang='grc' dir='ltr'>λόγος</span> <span class='ocrx_word' id='word_1_461' title='bbox 1373 875 1416 902; x_wconf 79' lang='grc' dir='ltr'>καὶ</span> <span class='ocrx_word' id='word_1_462' title='bbox 1443 878 1495 909; x_wconf 83' lang='grc' dir='ltr'><strong>τῆς</strong></span> <span class='ocrx_word' id='word_1_463' title='bbox 1521 875 1607 906; x_wconf 85' lang='grc' dir='ltr'>αίτίας</span> <span class='ocrx_word' id='word_1_464' title='bbox 1631 875 1702 903; x_wconf 84' lang='grc' dir='ltr'>ἐστὶν</span> <span class='ocrx_word' id='word_1_465' title='bbox 1735 875 1900 909; x_wconf 80' lang='grc' dir='ltr'>ἀποδοτικὸς</span> 
     </span>
    </p>
   </div>
   <div class='ocr_carea' id='block_1_65' title="bbox 1073 916 1899 959">
    <p class='ocr_par' dir='ltr' id='par_1_65' title="bbox 1073 916 1899 959">
     <span class='ocr_line' id='line_1_65' title="bbox 1073 916 1899 959; baseline 0.006 -15"><span class='ocrx_word' id='word_1_466' title='bbox 1073 917 1131 944; x_wconf 84' lang='grc' dir='ltr'>καθ’</span> <span class='ocrx_word' id='word_1_467' title='bbox 1146 917 1176 951; x_wconf 80' lang='grc' dir='ltr'>ἣν</span> <span class='ocrx_word' id='word_1_468' title='bbox 1203 916 1267 945; x_wconf 85' lang='grc' dir='ltr'>τάδε</span> <span class='ocrx_word' id='word_1_469' title='bbox 1294 918 1355 946; x_wconf 78' lang='grc' dir='ltr'>τινὰ</span> <span class='ocrx_word' id='word_1_470' title='bbox 1384 918 1563 948; x_wconf 73' lang='grc' dir='ltr'>διατᾶτακται.</span> <span class='ocrx_word' id='word_1_471' title='bbox 1577 920 1628 948; x_wconf 80' lang='grc' dir='ltr'><strong>Καὶ</strong></span> <span class='ocrx_word' id='word_1_472' title='bbox 1661 920 1780 956; x_wconf 80' lang='grc' dir='ltr'>μάλιστα</span> <span class='ocrx_word' id='word_1_473' title='bbox 1804 921 1819 948; x_wconf 80' lang='grc' dir='ltr'>ὁ</span> <span class='ocrx_word' id='word_1_474' title='bbox 1843 923 1899 959; x_wconf 89' lang='grc'><strong>(70)</strong></span> 
     </span>
    </p>
   </div>
   <div class='ocr_carea' id='block_1_66' title="bbox 1072 962 1899 1001">
    <p class='ocr_par' dir='ltr' id='par_1_66' title="bbox 1072 962 1899 1001">
     <span class='ocr_line' id='line_1_66' title="bbox 1072 962 1899 1001; baseline 0.006 -13"><span class='ocrx_word' id='word_1_475' title='bbox 1072 962 1132 989; x_wconf 75' lang='grc' dir='ltr'>καθ’</span> <span class='ocrx_word' id='word_1_476' title='bbox 1156 963 1229 999; x_wconf 82' lang='grc' dir='ltr'>ἡμᾶς</span> <span class='ocrx_word' id='word_1_477' title='bbox 1245 962 1337 1001; x_wconf 79' lang='grc' dir='ltr'>λόγος,</span> <span class='ocrx_word' id='word_1_478' title='bbox 1356 962 1470 1000; x_wconf 81' lang='grc' dir='ltr'>ὑψηλῶς</span> <span class='ocrx_word' id='word_1_479' title='bbox 1484 964 1530 992; x_wconf 86' lang='grc' dir='ltr'><strong>τὸν</strong></span> <span class='ocrx_word' id='word_1_480' title='bbox 1546 964 1631 1000; x_wconf 86' lang='grc' dir='ltr'>νόμον</span> <span class='ocrx_word' id='word_1_481' title='bbox 1647 964 1691 991; x_wconf 83' lang='grc' dir='ltr'><strong>καὶ</strong></span> <span class='ocrx_word' id='word_1_482' title='bbox 1706 968 1899 1001; x_wconf 72' lang='grc' dir='ltr'><strong>πνευματικῶς</strong></span> 
     </span>
    </p>
   </div>
   <div class='ocr_carea' id='block_1_67' title="bbox 1072 1006 1898 1046">
    <p class='ocr_par' dir='ltr' id='par_1_67' title="bbox 1072 1006 1898 1046">
     <span class='ocr_line' id='line_1_67' title="bbox 1072 1006 1898 1046; baseline 0.005 -13"><span class='ocrx_word' id='word_1_483' title='bbox 1072 1006 1262 1044; x_wconf 71' lang='grc' dir='ltr'>ἐξηγούμενος,</span> <span class='ocrx_word' id='word_1_484' title='bbox 1291 1007 1455 1046; x_wconf 84' lang='grc' dir='ltr'>τιμιώτερός</span> <span class='ocrx_word' id='word_1_485' title='bbox 1483 1008 1537 1036; x_wconf 69' lang='grc' dir='ltr'>ἐστι</span> <span class='ocrx_word' id='word_1_486' title='bbox 1580 1012 1630 1043; x_wconf 84' lang='grc' dir='ltr'><strong>τῆς</strong></span> <span class='ocrx_word' id='word_1_487' title='bbox 1659 1008 1745 1045; x_wconf 82' lang='grc' dir='ltr'>ψιλῆς</span> <span class='ocrx_word' id='word_1_488' title='bbox 1771 1009 1839 1037; x_wconf 77' lang='grc' dir='ltr'>κατὰ</span> <span class='ocrx_word' id='word_1_489' title='bbox 1866 1010 1898 1037; x_wconf 80' lang='grc' dir='ltr'><strong>τὸ</strong></span> 
     </span>
    </p>
   </div>
   <div class='ocr_carea' id='block_1_68' title="bbox 1070 1051 1896 1090">
    <p class='ocr_par' dir='ltr' id='par_1_68' title="bbox 1070 1051 1896 1090">
     <span class='ocr_line' id='line_1_68' title="bbox 1070 1051 1896 1090; baseline 0.004 -12"><span class='ocrx_word' id='word_1_490' title='bbox 1070 1051 1184 1090; x_wconf 83' lang='grc' dir='ltr'>γράμμα</span> <span class='ocrx_word' id='word_1_491' title='bbox 1199 1053 1426 1090; x_wconf 67' lang='grc' dir='ltr'>παρατηρήσεως.</span> <span class='ocrx_word' id='word_1_492' title='bbox 1447 1052 1478 1079; x_wconf 87' lang='grc' dir='ltr'>Τί</span> <span class='ocrx_word' id='word_1_493' title='bbox 1493 1051 1522 1080; x_wconf 78' lang='grc' dir='ltr'>δὲ</span> <span class='ocrx_word' id='word_1_494' title='bbox 1535 1053 1566 1080; x_wconf 85' lang='grc' dir='ltr'>τὸ</span> <span class='ocrx_word' id='word_1_495' title='bbox 1593 1052 1699 1080; x_wconf 69' lang='grc' dir='ltr'>ἀκούειν</span> <span class='ocrx_word' id='word_1_496' title='bbox 1723 1055 1772 1081; x_wconf 81' lang='grc' dir='ltr'><strong>τοῦ</strong></span> <span class='ocrx_word' id='word_1_497' title='bbox 1802 1054 1896 1081; x_wconf 76' lang='grc' dir='ltr'>ἐνωτί-</span> 
     </span>
    </p>
   </div>
   <div class='ocr_carea' id='block_1_69' title="bbox 1073 1094 1897 1135">
    <p class='ocr_par' dir='ltr' id='par_1_69' title="bbox 1073 1094 1897 1135">
     <span class='ocr_line' id='line_1_69' title="bbox 1073 1094 1897 1135; baseline 0.002 -12"><span class='ocrx_word' id='word_1_498' title='bbox 1073 1098 1161 1130; x_wconf 82' lang='grc' dir='ltr'>ζεσθαι</span> <span class='ocrx_word' id='word_1_499' title='bbox 1178 1094 1318 1135; x_wconf 71' lang='grc' dir='ltr'>διαφέρεις</span> <span class='ocrx_word' id='word_1_500' title='bbox 1335 1097 1397 1125; x_wconf 85' lang='grc' dir='ltr'>’Ότι</span> <span class='ocrx_word' id='word_1_501' title='bbox 1411 1097 1443 1124; x_wconf 83' lang='grc' dir='ltr'>τὸ</span> <span class='ocrx_word' id='word_1_502' title='bbox 1461 1097 1507 1134; x_wconf 82' lang='grc' dir='ltr'><strong>μὶν</strong></span> <span class='ocrx_word' id='word_1_503' title='bbox 1531 1097 1639 1124; x_wconf 79' lang='grc' dir='ltr'>ἀκούειν</span> <span class='ocrx_word' id='word_1_504' title='bbox 1663 1095 1785 1130; x_wconf 80' lang='grc' dir='ltr'>διανοίας</span> <span class='ocrx_word' id='word_1_505' title='bbox 1814 1097 1897 1134; x_wconf 69' lang='grc' dir='ltr'>ἐστὶν,</span> 
     </span>
    </p>
   </div>
   <div class='ocr_carea' id='block_1_70' title="bbox 1072 1139 1898 1179">
    <p class='ocr_par' dir='ltr' id='par_1_70' title="bbox 1072 1139 1898 1179">
     <span class='ocr_line' id='line_1_70' title="bbox 1072 1139 1898 1179; baseline 0.004 -12"><span class='ocrx_word' id='word_1_506' title='bbox 1072 1140 1108 1171; x_wconf 86' lang='grc' dir='ltr'><strong>ὡς</strong></span> <span class='ocrx_word' id='word_1_507' title='bbox 1123 1139 1204 1173; x_wconf 85' lang='grc' dir='ltr'>δηλοῖ</span> <span class='ocrx_word' id='word_1_508' title='bbox 1220 1141 1233 1168; x_wconf 85' lang='grc' dir='ltr'><strong>ὁ</strong></span> <span class='ocrx_word' id='word_1_509' title='bbox 1249 1141 1347 1178; x_wconf 86' lang='grc' dir='ltr'>Κύριος</span> <span class='ocrx_word' id='word_1_510' title='bbox 1364 1139 1503 1179; x_wconf 79' lang='grc' dir='ltr'>διεγείρων</span> <span class='ocrx_word' id='word_1_511' title='bbox 1520 1141 1558 1172; x_wconf 82' lang='grc' dir='ltr'><strong>εἰς</strong></span> <span class='ocrx_word' id='word_1_512' title='bbox 1576 1141 1606 1169; x_wconf 81' lang='grc' dir='ltr'>τὸ</span> <span class='ocrx_word' id='word_1_513' title='bbox 1623 1143 1738 1173; x_wconf 76' lang='grc' dir='ltr'>συνετῶς</span> <span class='ocrx_word' id='word_1_514' title='bbox 1764 1142 1898 1170; x_wconf 83' lang='grc' dir='ltr'>κατακού-</span> 
     </span>
    </p>
   </div>
   <div class='ocr_carea' id='block_1_71' title="bbox 1071 1183 1898 1224">
    <p class='ocr_par' dir='ltr' id='par_1_71' title="bbox 1071 1183 1898 1224">
     <span class='ocr_line' id='line_1_71' title="bbox 1071 1183 1898 1224; baseline 0.004 -13"><span class='ocrx_word' id='word_1_515' title='bbox 1071 1194 1108 1212; x_wconf 86' lang='grc' dir='ltr'><strong>ειν</strong></span> <span class='ocrx_word' id='word_1_516' title='bbox 1124 1187 1172 1212; x_wconf 79' lang='grc' dir='ltr'><strong>τοῦ</strong></span> <span class='ocrx_word' id='word_1_517' title='bbox 1189 1184 1367 1223; x_wconf 73' lang='grc' dir='ltr'>βουλήματος</span> <span class='ocrx_word' id='word_1_518' title='bbox 1395 1187 1449 1213; x_wconf 83' lang='grc' dir='ltr'><strong>τῶν</strong></span> <span class='ocrx_word' id='word_1_519' title='bbox 1477 1185 1635 1224; x_wconf 74' lang='grc' dir='ltr'>λεγομὲνων</span> <span class='ocrx_word' id='word_1_520' title='bbox 1652 1195 1658 1202; x_wconf 94' lang='grc'><strong>·</strong></span> <span class='ocrx_word' id='word_1_521' title='bbox 1684 1187 1715 1215; x_wconf 79' lang='grc' dir='ltr'><strong>Ὀ</strong></span> <span class='ocrx_word' id='word_1_522' title='bbox 1743 1183 1816 1224; x_wconf 79' lang='grc' dir='ltr'>ἔχων</span> <span class='ocrx_word' id='word_1_523' title='bbox 1842 1186 1898 1214; x_wconf 82' lang='grc' dir='ltr'>ὦτα</span> 
     </span>
    </p>
   </div>
   <div class='ocr_carea' id='block_1_72' title="bbox 1070 1228 1896 1268">
    <p class='ocr_par' dir='ltr' id='par_1_72' title="bbox 1070 1228 1896 1268">
     <span class='ocr_line' id='line_1_72' title="bbox 1070 1228 1896 1268; baseline 0.004 -12"><span class='ocrx_word' id='word_1_524' title='bbox 1070 1229 1195 1264; x_wconf 81' lang='grc' dir='ltr'>ἀκούειν,</span> <span class='ocrx_word' id='word_1_525' title='bbox 1221 1230 1364 1257; x_wconf 81' lang='grc' dir='ltr'>ἀκουέτω·</span> <span class='ocrx_word' id='word_1_526' title='bbox 1393 1231 1425 1258; x_wconf 86' lang='grc' dir='ltr'>τὸ</span> <span class='ocrx_word' id='word_1_527' title='bbox 1454 1228 1483 1258; x_wconf 78' lang='grc' dir='ltr'>δὶ</span> <span class='ocrx_word' id='word_1_528' title='bbox 1517 1229 1708 1266; x_wconf 69' lang='grc' dir='ltr'>ἔνωτίζεσθαι,</span> <span class='ocrx_word' id='word_1_529' title='bbox 1733 1230 1815 1268; x_wconf 77' lang='grc' dir='ltr'>ψιλὸν</span> <span class='ocrx_word' id='word_1_530' title='bbox 1849 1232 1896 1259; x_wconf 78' lang='grc' dir='ltr'>τὸν</span> 
     </span>
    </p>
   </div>
   <div class='ocr_carea' id='block_1_73' title="bbox 1068 1273 1896 1312">
    <p class='ocr_par' dir='ltr' id='par_1_73' title="bbox 1068 1273 1896 1312">
     <span class='ocr_line' id='line_1_73' title="bbox 1068 1273 1896 1312; baseline 0.002 -11"><span class='ocrx_word' id='word_1_531' title='bbox 1068 1274 1140 1312; x_wconf 81' lang='grc' dir='ltr'>ἦχον</span> <span class='ocrx_word' id='word_1_532' title='bbox 1152 1273 1296 1301; x_wconf 76' lang='grc' dir='ltr'>ἐντίθεσθαι</span> <span class='ocrx_word' id='word_1_533' title='bbox 1311 1277 1370 1306; x_wconf 84' lang='grc' dir='ltr'>τοῖς</span> <span class='ocrx_word' id='word_1_534' title='bbox 1385 1273 1451 1302; x_wconf 76' lang='grc' dir='ltr'>ὦσί¹</span> <span class='ocrx_word' id='word_1_535' title='bbox 1471 1274 1518 1302; x_wconf 81' lang='grc' dir='ltr'><strong>Διὸ</strong></span> <span class='ocrx_word' id='word_1_536' title='bbox 1529 1275 1573 1302; x_wconf 82' lang='grc' dir='ltr'><strong>καὶ</strong></span> <span class='ocrx_word' id='word_1_537' title='bbox 1597 1275 1611 1302; x_wconf 85' lang='grc' dir='ltr'>ὁ</span> <span class='ocrx_word' id='word_1_538' title='bbox 1632 1274 1698 1306; x_wconf 82' lang='grc' dir='ltr'>λαὸς</span> <span class='ocrx_word' id='word_1_539' title='bbox 1721 1274 1747 1302; x_wconf 69' lang='grc' dir='ltr'>ἐν</span> <span class='ocrx_word' id='word_1_540' title='bbox 1772 1277 1806 1312; x_wconf 78' lang='grc' dir='ltr'><strong>τῇ</strong></span> <span class='ocrx_word' id='word_1_541' title='bbox 1837 1276 1896 1311; x_wconf 78' lang='grc' dir='ltr'><strong>Ἐε-</strong></span> 
     </span>
    </p>
   </div>
   <div class='ocr_carea' id='block_1_74' title="bbox 1068 1317 1893 1358">
    <p class='ocr_par' dir='ltr' id='par_1_74' title="bbox 1068 1317 1893 1358">
     <span class='ocr_line' id='line_1_74' title="bbox 1068 1317 1893 1358; baseline 0.001 -13"><span class='ocrx_word' id='word_1_542' title='bbox 1068 1317 1124 1354; x_wconf 81' lang='grc' dir='ltr'><strong>όδῳ</strong></span> <span class='ocrx_word' id='word_1_543' title='bbox 1140 1318 1226 1358; x_wconf 80' lang='grc' dir='ltr'>φησί·</span> <span class='ocrx_word' id='word_1_544' title='bbox 1251 1319 1350 1353; x_wconf 80' lang='grc' dir='ltr'>Πάντα,</span> <span class='ocrx_word' id='word_1_545' title='bbox 1368 1318 1418 1346; x_wconf 75' lang='grc' dir='ltr'>ὅσα</span> <span class='ocrx_word' id='word_1_546' title='bbox 1439 1318 1484 1346; x_wconf 66' lang='grc' dir='ltr'><strong>ἐὰν</strong></span> <span class='ocrx_word' id='word_1_547' title='bbox 1510 1317 1572 1356; x_wconf 61' lang='grc' dir='ltr'>εἷίπῃ</span> <span class='ocrx_word' id='word_1_548' title='bbox 1602 1319 1616 1347; x_wconf 82' lang='grc'>6</span> <span class='ocrx_word' id='word_1_549' title='bbox 1643 1319 1706 1350; x_wconf 81' lang='grc' dir='ltr'>Θεὸς</span> <span class='ocrx_word' id='word_1_550' title='bbox 1729 1320 1893 1356; x_wconf 84' lang='grc' dir='ltr'>ποιήσομεν,</span> 
     </span>
    </p>
   </div>
   <div class='ocr_carea' id='block_1_75' title="bbox 1067 1362 1890 1402">
    <p class='ocr_par' dir='ltr' id='par_1_75' title="bbox 1067 1362 1890 1402">
     <span class='ocr_line' id='line_1_75' title="bbox 1067 1362 1890 1402; baseline 0.001 -12"><span class='ocrx_word' id='word_1_551' title='bbox 1067 1363 1112 1390; x_wconf 85' lang='grc' dir='ltr'><strong>καὶ</strong></span> <span class='ocrx_word' id='word_1_552' title='bbox 1128 1362 1297 1399; x_wconf 69' lang='grc' dir='ltr'>ἀκουσόμεθα</span> <span class='ocrx_word' id='word_1_553' title='bbox 1318 1364 1385 1400; x_wconf 84' lang='grc'>(71).</span> <span class='ocrx_word' id='word_1_554' title='bbox 1404 1363 1531 1401; x_wconf 83' lang='grc' dir='ltr'>Καίτοιγε</span> <span class='ocrx_word' id='word_1_555' title='bbox 1551 1362 1766 1402; x_wconf 81' lang='grc' dir='ltr'>ἀκολουθότερον</span> <span class='ocrx_word' id='word_1_556' title='bbox 1792 1363 1826 1398; x_wconf 75' lang='grc' dir='ltr'>ἦν</span> <span class='ocrx_word' id='word_1_557' title='bbox 1852 1364 1890 1392; x_wconf 69' lang='lat' dir='ltr'><strong>et-</strong></span> 
     </span>
    </p>
   </div>
   <div class='ocr_carea' id='block_1_76' title="bbox 1067 1407 1890 1445">
    <p class='ocr_par' dir='ltr' id='par_1_76' title="bbox 1067 1407 1890 1445">
     <span class='ocr_line' id='line_1_76' title="bbox 1067 1407 1890 1445; baseline 0 -11"><span class='ocrx_word' id='word_1_558' title='bbox 1067 1410 1144 1434; x_wconf 82' lang='grc' dir='ltr'>πεῖν·</span> <span class='ocrx_word' id='word_1_559' title='bbox 1176 1407 1369 1444; x_wconf 80' lang='grc' dir='ltr'>Ἀκουσώμεθα</span> <span class='ocrx_word' id='word_1_560' title='bbox 1397 1408 1442 1435; x_wconf 83' lang='grc' dir='ltr'><strong>καὶ</strong></span> <span class='ocrx_word' id='word_1_561' title='bbox 1475 1409 1654 1444; x_wconf 81' lang='grc' dir='ltr'>ποιήσωμεν’</span> <span class='ocrx_word' id='word_1_562' title='bbox 1685 1407 1758 1436; x_wconf 76' lang='grc' dir='ltr'>ἀλλὰ</span> <span class='ocrx_word' id='word_1_563' title='bbox 1784 1409 1816 1436; x_wconf 84' lang='grc' dir='ltr'>τὸ</span> <span class='ocrx_word' id='word_1_564' title='bbox 1843 1408 1890 1445; x_wconf 80' lang='grc' dir='ltr'>μὶν</span> 
     </span>
    </p>
   </div>
   <div class='ocr_carea' id='block_1_77' title="bbox 1066 1451 1889 1490">
    <p class='ocr_par' dir='ltr' id='par_1_77' title="bbox 1066 1451 1889 1490">
     <span class='ocr_line' id='line_1_77' title="bbox 1066 1451 1889 1490; baseline 0.001 -11"><span class='ocrx_word' id='word_1_565' title='bbox 1066 1455 1179 1486; x_wconf 81' lang='grc' dir='ltr'>ποιῆσαι</span> <span class='ocrx_word' id='word_1_566' title='bbox 1196 1451 1295 1484; x_wconf 81' lang='grc' dir='ltr'>παντός</span> <span class='ocrx_word' id='word_1_567' title='bbox 1310 1452 1364 1479; x_wconf 78' lang='grc' dir='ltr'>ἐστι</span> <span class='ocrx_word' id='word_1_568' title='bbox 1380 1454 1428 1480; x_wconf 81' lang='grc' dir='ltr'>τοῦ</span> <span class='ocrx_word' id='word_1_569' title='bbox 1443 1453 1602 1490; x_wconf 84' lang='grc' dir='ltr'>παχυτάτου</span> <span class='ocrx_word' id='word_1_570' title='bbox 1618 1453 1668 1487; x_wconf 84' lang='grc' dir='ltr'><strong>τήν</strong></span> <span class='ocrx_word' id='word_1_571' title='bbox 1685 1451 1817 1488; x_wconf 79' lang='grc' dir='ltr'>διάνοιαν,</span> <span class='ocrx_word' id='word_1_572' title='bbox 1833 1453 1889 1480; x_wconf 78' lang='grc' dir='ltr'>οἷον</span> 
     </span>
    </p>
   </div>
   <div class='ocr_carea' id='block_1_78' title="bbox 1065 1494 1889 1534">
    <p class='ocr_par' dir='ltr' id='par_1_78' title="bbox 1065 1494 1889 1534">
     <span class='ocr_line' id='line_1_78' title="bbox 1065 1494 1889 1534; baseline 0.002 -11"><span class='ocrx_word' id='word_1_573' title='bbox 1065 1499 1183 1534; x_wconf 80' lang='grc' dir='ltr'>τηρῆσαι</span> <span class='ocrx_word' id='word_1_574' title='bbox 1197 1499 1360 1533; x_wconf 76' lang='grc' dir='ltr'>σωματικῶς</span> <span class='ocrx_word' id='word_1_575' title='bbox 1382 1497 1413 1524; x_wconf 85' lang='grc' dir='ltr'>τὸ</span> <span class='ocrx_word' id='word_1_576' title='bbox 1443 1494 1594 1530; x_wconf 76' lang='grc' dir='ltr'>Σάϐϐατον,</span> <span class='ocrx_word' id='word_1_577' title='bbox 1610 1497 1655 1524; x_wconf 84' lang='grc' dir='ltr'><strong>καὶ</strong></span> <span class='ocrx_word' id='word_1_578' title='bbox 1671 1497 1818 1534; x_wconf 75' lang='grc' dir='ltr'>ἀπέχεσθαι</span> <span class='ocrx_word' id='word_1_579' title='bbox 1833 1499 1889 1534; x_wconf 84' lang='grc'>(72)</span> 
     </span>
    </p>
   </div>
   <div class='ocr_carea' id='block_1_79' title="bbox 1070 1539 1892 1579">
    <p class='ocr_par' dir='ltr' id='par_1_79' title="bbox 1070 1539 1892 1579">
     <span class='ocr_line' id='line_1_79' title="bbox 1070 1539 1892 1579; baseline 0 -11"><span class='ocrx_word' id='word_1_580' title='bbox 1070 1541 1235 1579; x_wconf 75' lang='grc' dir='ltr'>βρωμάτων,</span> <span class='ocrx_word' id='word_1_581' title='bbox 1249 1541 1293 1568; x_wconf 83' lang='grc' dir='ltr'><strong>καὶ</strong></span> <span class='ocrx_word' id='word_1_582' title='bbox 1310 1543 1464 1579; x_wconf 76' lang='grc' dir='ltr'>περιτεμεῖν</span> <span class='ocrx_word' id='word_1_583' title='bbox 1479 1540 1514 1578; x_wconf 80' lang='grc' dir='ltr'><strong>τῇ</strong></span> <span class='ocrx_word' id='word_1_584' title='bbox 1529 1539 1623 1578; x_wconf 76' lang='grc' dir='ltr'>ὀγδόῃ,</span> <span class='ocrx_word' id='word_1_585' title='bbox 1639 1541 1682 1568; x_wconf 83' lang='grc' dir='ltr'><strong>καὶ</strong></span> <span class='ocrx_word' id='word_1_586' title='bbox 1703 1541 1734 1568; x_wconf 85' lang='grc' dir='ltr'>τὸ</span> <span class='ocrx_word' id='word_1_587' title='bbox 1762 1541 1821 1579; x_wconf 68' lang='grc' dir='ltr'>τρὶς</span> <span class='ocrx_word' id='word_1_588' title='bbox 1844 1543 1892 1569; x_wconf 80' lang='grc' dir='ltr'><strong>τοῦ</strong></span> 
     </span>
    </p>
   </div>
   <div class='ocr_carea' id='block_1_80' title="bbox 1070 1583 1893 1622">
    <p class='ocr_par' dir='ltr' id='par_1_80' title="bbox 1070 1583 1893 1622">
     <span class='ocr_line' id='line_1_80' title="bbox 1070 1583 1893 1622; baseline 0.001 -10"><span class='ocrx_word' id='word_1_589' title='bbox 1070 1585 1192 1613; x_wconf 76' lang='grc' dir='ltr'>ἐνιαυτοῦ</span> <span class='ocrx_word' id='word_1_590' title='bbox 1221 1585 1336 1622; x_wconf 79' lang='grc' dir='ltr'>ὀφθῆναι</span> <span class='ocrx_word' id='word_1_591' title='bbox 1362 1585 1389 1612; x_wconf 77' lang='grc' dir='ltr'>ὲν</span> <span class='ocrx_word' id='word_1_592' title='bbox 1417 1587 1457 1621; x_wconf 81' lang='grc' dir='ltr'><strong>τῷ</strong></span> <span class='ocrx_word' id='word_1_593' title='bbox 1480 1587 1544 1622; x_wconf 84' lang='grc' dir='ltr'><strong>ναῷ·</strong></span> <span class='ocrx_word' id='word_1_594' title='bbox 1559 1588 1618 1616; x_wconf 84' lang='grc' dir='ltr'>τοῖς</span> <span class='ocrx_word' id='word_1_595' title='bbox 1639 1583 1667 1613; x_wconf 75' lang='grc' dir='ltr'>δὶ</span> <span class='ocrx_word' id='word_1_596' title='bbox 1681 1583 1774 1621; x_wconf 82' lang='grc' dir='ltr'>λόγοις</span> <span class='ocrx_word' id='word_1_597' title='bbox 1788 1585 1893 1614; x_wconf 78' lang='grc' dir='ltr'>τούτων</span> 
     </span>
    </p>
   </div>
   <div class='ocr_carea' id='block_1_81' title="bbox 1068 1627 1895 1665">
    <p class='ocr_par' dir='ltr' id='par_1_81' title="bbox 1068 1627 1895 1665">
     <span class='ocr_line' id='line_1_81' title="bbox 1068 1627 1895 1665; baseline 0 -8"><span class='ocrx_word' id='word_1_598' title='bbox 1068 1628 1219 1663; x_wconf 76' lang='grc' dir='ltr'>ἐπιϐαλεῖν,</span> <span class='ocrx_word' id='word_1_599' title='bbox 1235 1631 1285 1656; x_wconf 79' lang='grc' dir='ltr'>τοῦ</span> <span class='ocrx_word' id='word_1_600' title='bbox 1298 1629 1404 1657; x_wconf 79' lang='grc' dir='ltr'>τελείου</span> <span class='ocrx_word' id='word_1_601' title='bbox 1417 1628 1472 1664; x_wconf 79' lang='grc' dir='ltr'><strong>ἤδη</strong></span> <span class='ocrx_word' id='word_1_602' title='bbox 1492 1630 1537 1657; x_wconf 84' lang='grc' dir='ltr'><strong>καὶ</strong></span> <span class='ocrx_word' id='word_1_603' title='bbox 1567 1629 1611 1657; x_wconf 79' lang='grc' dir='ltr'><strong>ἐπὶ</strong></span> <span class='ocrx_word' id='word_1_604' title='bbox 1635 1629 1706 1657; x_wconf 80' lang='grc' dir='ltr'>πολὺ</span> <span class='ocrx_word' id='word_1_605' title='bbox 1732 1627 1895 1665; x_wconf 74' lang='grc' dir='ltr'>διαϐεϐηκό-</span> 
     </span>
    </p>
   </div>
   <div class='ocr_carea' id='block_1_82' title="bbox 1067 1672 1895 1711">
    <p class='ocr_par' dir='ltr' id='par_1_82' title="bbox 1067 1672 1895 1711">
     <span class='ocr_line' id='line_1_82' title="bbox 1067 1672 1895 1711; baseline -0.001 -9"><span class='ocrx_word' id='word_1_606' title='bbox 1067 1685 1114 1705; x_wconf 87' lang='grc' dir='ltr'><strong>τος</strong></span> <span class='ocrx_word' id='word_1_607' title='bbox 1129 1676 1163 1710; x_wconf 82' lang='grc' dir='ltr'><strong>τῇ</strong></span> <span class='ocrx_word' id='word_1_608' title='bbox 1178 1674 1284 1711; x_wconf 84' lang='grc' dir='ltr'>γνώσει.</span> <span class='ocrx_word' id='word_1_609' title='bbox 1302 1673 1371 1701; x_wconf 82' lang='grc' dir='ltr'>Φασὶ</span> <span class='ocrx_word' id='word_1_610' title='bbox 1386 1672 1414 1701; x_wconf 74' lang='grc' dir='ltr'>δὲ</span> <span class='ocrx_word' id='word_1_611' title='bbox 1432 1673 1495 1710; x_wconf 89' lang='grc' dir='ltr'>μίαν</span> <span class='ocrx_word' id='word_1_612' title='bbox 1510 1673 1611 1710; x_wconf 79' lang='grc' dir='ltr'>ταύτην</span> <span class='ocrx_word' id='word_1_613' title='bbox 1636 1673 1724 1701; x_wconf 73' lang='grc' dir='ltr'>αἰτίαν</span> <span class='ocrx_word' id='word_1_614' title='bbox 1754 1674 1821 1702; x_wconf 78' lang='grc' dir='ltr'>εἶναι</span> <span class='ocrx_word' id='word_1_615' title='bbox 1846 1675 1895 1708; x_wconf 80' lang='grc' dir='ltr'><strong>τήν</strong></span> 
     </span>
    </p>
   </div>
   <div class='ocr_carea' id='block_1_83' title="bbox 1068 1716 1899 1757">
    <p class='ocr_par' dir='ltr' id='par_1_83' title="bbox 1068 1716 1899 1757">
     <span class='ocr_line' id='line_1_83' title="bbox 1068 1716 1899 1757; baseline 0 -12"><span class='ocrx_word' id='word_1_616' title='bbox 1068 1719 1215 1754; x_wconf 78' lang='grc' dir='ltr'>κινήσασαν</span> <span class='ocrx_word' id='word_1_617' title='bbox 1245 1718 1283 1749; x_wconf 79' lang='grc' dir='ltr'>εἰς</span> <span class='ocrx_word' id='word_1_618' title='bbox 1311 1718 1362 1752; x_wconf 88' lang='grc' dir='ltr'>τὴν</span> <span class='ocrx_word' id='word_1_619' title='bbox 1391 1718 1459 1746; x_wconf 82' lang='grc' dir='ltr'>κατὰ</span> <span class='ocrx_word' id='word_1_620' title='bbox 1490 1720 1539 1746; x_wconf 77' lang='grc' dir='ltr'><strong>τοῦ</strong></span> <span class='ocrx_word' id='word_1_621' title='bbox 1575 1719 1718 1757; x_wconf 77' lang='grc' dir='ltr'>προφήτου</span> <span class='ocrx_word' id='word_1_622' title='bbox 1747 1716 1899 1753; x_wconf 77' lang='grc' dir='ltr'>ἐπιϐουλὴν</span> 
     </span>
    </p>
   </div>
   <div class='ocr_carea' id='block_1_84' title="bbox 1068 1761 1896 1800">
    <p class='ocr_par' dir='ltr' id='par_1_84' title="bbox 1068 1761 1896 1800">
     <span class='ocr_line' id='line_1_84' title="bbox 1068 1761 1896 1800; baseline -0.001 -9"><span class='ocrx_word' id='word_1_623' title='bbox 1068 1763 1131 1794; x_wconf 85' lang='grc' dir='ltr'>τοὺς</span> <span class='ocrx_word' id='word_1_624' title='bbox 1146 1763 1217 1791; x_wconf 89' lang='grc' dir='ltr'>τότε.</span> <span class='ocrx_word' id='word_1_625' title='bbox 1233 1762 1266 1791; x_wconf 84' lang='lat' dir='ltr'><strong>Ol</strong></span> <span class='ocrx_word' id='word_1_626' title='bbox 1283 1761 1311 1790; x_wconf 78' lang='grc' dir='ltr'>δὲ</span> <span class='ocrx_word' id='word_1_627' title='bbox 1326 1763 1458 1800; x_wconf 76' lang='grc' dir='ltr'>ἄρχοντες</span> <span class='ocrx_word' id='word_1_628' title='bbox 1484 1761 1617 1800; x_wconf 84' lang='grc' dir='ltr'>Σοδόμων</span> <span class='ocrx_word' id='word_1_629' title='bbox 1647 1762 1761 1799; x_wconf 73' lang='grc' dir='ltr'>πότερον</span> <span class='ocrx_word' id='word_1_630' title='bbox 1794 1761 1839 1790; x_wconf 77' lang='grc' dir='ltr'>διὰ</span> <span class='ocrx_word' id='word_1_631' title='bbox 1865 1763 1896 1790; x_wconf 79' lang='grc' dir='ltr'>τὸ</span> 
     </span>
    </p>
   </div>
   <div class='ocr_carea' id='block_1_85' title="bbox 1068 1806 1895 1845">
    <p class='ocr_par' dir='ltr' id='par_1_85' title="bbox 1068 1806 1895 1845">
     <span class='ocr_line' id='line_1_85' title="bbox 1068 1806 1895 1845; baseline -0.004 -9"><span class='ocrx_word' id='word_1_632' title='bbox 1068 1810 1197 1845; x_wconf 82' lang='grc' dir='ltr'>πονηρῶν</span> <span class='ocrx_word' id='word_1_633' title='bbox 1215 1806 1308 1845; x_wconf 71' lang='grc' dir='ltr'>ἄρχειν</span> <span class='ocrx_word' id='word_1_634' title='bbox 1324 1807 1595 1844; x_wconf 80' lang='grc' dir='ltr'>προσηγορεύθησαν,</span> <span class='ocrx_word' id='word_1_635' title='bbox 1611 1808 1628 1842; x_wconf 74' lang='grc' dir='ltr'><strong>ἦ</strong></span> <span class='ocrx_word' id='word_1_636' title='bbox 1646 1806 1691 1834; x_wconf 81' lang='grc' dir='ltr'><strong>διὰ</strong></span> <span class='ocrx_word' id='word_1_637' title='bbox 1716 1807 1748 1834; x_wconf 81' lang='grc' dir='ltr'><strong>τὸ</strong></span> <span class='ocrx_word' id='word_1_638' title='bbox 1776 1807 1895 1845; x_wconf 83' lang='grc' dir='ltr'>πονηροὶ</span> 
     </span>
    </p>
   </div>
   <div class='ocr_carea' id='block_1_86' title="bbox 1069 1850 1898 1889">
    <p class='ocr_par' dir='ltr' id='par_1_86' title="bbox 1069 1850 1898 1889">
     <span class='ocr_line' id='line_1_86' title="bbox 1069 1850 1898 1889; baseline -0.002 -9"><span class='ocrx_word' id='word_1_639' title='bbox 1069 1853 1134 1880; x_wconf 77' lang='grc' dir='ltr'>εἶναι</span> <span class='ocrx_word' id='word_1_640' title='bbox 1149 1862 1155 1887; x_wconf 88' lang='grc'>;</span> <span class='ocrx_word' id='word_1_641' title='bbox 1172 1851 1285 1879; x_wconf 85' lang='grc' dir='ltr'>Δύναται</span> <span class='ocrx_word' id='word_1_642' title='bbox 1313 1851 1364 1888; x_wconf 77' lang='grc' dir='ltr'>γὰρ</span> <span class='ocrx_word' id='word_1_643' title='bbox 1389 1862 1430 1882; x_wconf 85' lang='grc' dir='ltr'><strong>τις</strong></span> <span class='ocrx_word' id='word_1_644' title='bbox 1457 1853 1548 1879; x_wconf 84' lang='grc' dir='ltr'>κακῶν</span> <span class='ocrx_word' id='word_1_645' title='bbox 1576 1850 1669 1889; x_wconf 79' lang='grc' dir='ltr'>ἅρχων</span> <span class='ocrx_word' id='word_1_646' title='bbox 1702 1851 1782 1883; x_wconf 77' lang='grc' dir='ltr'>αὐτὸς</span> <span class='ocrx_word' id='word_1_647' title='bbox 1807 1851 1898 1886; x_wconf 75' lang='grc' dir='ltr'>ἀπηλο</span> 
     </span>
    </p>
   </div>
   <div class='ocr_carea' id='block_1_87' title="bbox 1070 1894 1896 1934">
    <p class='ocr_par' dir='ltr' id='par_1_87' title="bbox 1070 1894 1896 1934">
     <span class='ocr_line' id='line_1_87' title="bbox 1070 1894 1896 1934; baseline 0.001 -11"><span class='ocrx_word' id='word_1_648' title='bbox 1070 1896 1170 1934; x_wconf 73' lang='grc' dir='ltr'>λάχθαι</span> <span class='ocrx_word' id='word_1_649' title='bbox 1184 1899 1234 1930; x_wconf 80' lang='grc' dir='ltr'><strong>τῆς</strong></span> <span class='ocrx_word' id='word_1_650' title='bbox 1248 1894 1344 1926; x_wconf 81' lang='grc' dir='ltr'>κακίας</span> <span class='ocrx_word' id='word_1_651' title='bbox 1360 1896 1415 1922; x_wconf 84' lang='grc' dir='ltr'>τῶν</span> <span class='ocrx_word' id='word_1_652' title='bbox 1432 1895 1608 1933; x_wconf 72' lang='grc' dir='ltr'>ἀρχομένων.</span> <span class='ocrx_word' id='word_1_653' title='bbox 1624 1895 1703 1924; x_wconf 87' lang='grc' dir='ltr'>Ἀλλ’</span> <span class='ocrx_word' id='word_1_654' title='bbox 1719 1895 1741 1922; x_wconf 82' lang='grc' dir='ltr'><strong>εί</strong></span> <span class='ocrx_word' id='word_1_655' title='bbox 1759 1896 1808 1932; x_wconf 70' lang='grc' dir='ltr'>μὲν</span> <span class='ocrx_word' id='word_1_656' title='bbox 1833 1896 1896 1934; x_wconf 83' lang='grc' dir='ltr'>περὶ</span> 
     </span>
    </p>
   </div>
   <div class='ocr_carea' id='block_1_88' title="bbox 1068 1939 1892 1978">
    <p class='ocr_par' dir='ltr' id='par_1_88' title="bbox 1068 1939 1892 1978">
     <span class='ocr_line' id='line_1_88' title="bbox 1068 1939 1892 1978; baseline 0 -11"><span class='ocrx_word' id='word_1_657' title='bbox 1068 1943 1116 1968; x_wconf 73' lang='grc' dir='ltr'>τοῦ</span> <span class='ocrx_word' id='word_1_658' title='bbox 1133 1941 1200 1967; x_wconf 82' lang='grc' dir='ltr'>λαοῦ</span> <span class='ocrx_word' id='word_1_659' title='bbox 1212 1940 1390 1975; x_wconf 77' lang='grc' dir='ltr'>ἀπεσιωπήθη</span> <span class='ocrx_word' id='word_1_660' title='bbox 1410 1941 1477 1977; x_wconf 89' lang='lat'><strong>(73),</strong></span> <span class='ocrx_word' id='word_1_661' title='bbox 1492 1940 1577 1978; x_wconf 84' lang='grc' dir='ltr'>τυχὸν</span> <span class='ocrx_word' id='word_1_662' title='bbox 1592 1939 1622 1967; x_wconf 78' lang='grc' dir='ltr'><strong>ἂν</strong></span> <span class='ocrx_word' id='word_1_663' title='bbox 1639 1939 1697 1977; x_wconf 72' lang='grc' dir='ltr'><strong>εἴχὲ</strong></span> <span class='ocrx_word' id='word_1_664' title='bbox 1711 1950 1772 1967; x_wconf 85' lang='grc' dir='ltr'>τινα</span> <span class='ocrx_word' id='word_1_665' title='bbox 1798 1940 1892 1978; x_wconf 85' lang='grc' dir='ltr'>χώραν</span> 
     </span>
    </p>
   </div>
   <div class='ocr_carea' id='block_1_89' title="bbox 1069 1982 1895 2024">
    <p class='ocr_par' dir='ltr' id='par_1_89' title="bbox 1069 1982 1895 2024">
     <span class='ocr_line' id='line_1_89' title="bbox 1069 1982 1895 2024; baseline 0.001 -13"><span class='ocrx_word' id='word_1_666' title='bbox 1069 1986 1086 2020; x_wconf 84' lang='grc' dir='ltr'>ἡ</span> <span class='ocrx_word' id='word_1_667' title='bbox 1113 1982 1290 2024; x_wconf 60' lang='grc' dir='ltr'>ἀμφιϐολίαν</span> <span class='ocrx_word' id='word_1_668' title='bbox 1319 1987 1364 2011; x_wconf 78' lang='grc' dir='ltr'><strong>νῦν</strong></span> <span class='ocrx_word' id='word_1_669' title='bbox 1399 1983 1429 2011; x_wconf 80' lang='grc' dir='ltr'>δὲ</span> <span class='ocrx_word' id='word_1_670' title='bbox 1453 1985 1493 2021; x_wconf 83' lang='grc' dir='ltr'>τῷ</span> <span class='ocrx_word' id='word_1_671' title='bbox 1524 1984 1589 2015; x_wconf 89' lang='grc' dir='ltr'>λαὸς</span> <span class='ocrx_word' id='word_1_672' title='bbox 1616 1984 1757 2022; x_wconf 78' lang='grc' dir='ltr'>Γομόρῥιος</span> <span class='ocrx_word' id='word_1_673' title='bbox 1787 1985 1801 2012; x_wconf 81' lang='grc'>6</span> <span class='ocrx_word' id='word_1_674' title='bbox 1829 1983 1895 2015; x_wconf 85' lang='grc' dir='ltr'>λαὸς</span> 
     </span>
    </p>
   </div>
   <div class='ocr_carea' id='block_1_90' title="bbox 1069 2029 1895 2066">
    <p class='ocr_par' dir='ltr' id='par_1_90' title="bbox 1069 2029 1895 2066">
     <span class='ocr_line' id='line_1_90' title="bbox 1069 2029 1895 2066; baseline 0 -10"><span class='ocrx_word' id='word_1_675' title='bbox 1069 2029 1227 2066; x_wconf 84' lang='grc' dir='ltr'>ὠνομάσθαι</span> <span class='ocrx_word' id='word_1_676' title='bbox 1244 2030 1311 2065; x_wconf 83' lang='grc'>(74),</span> <span class='ocrx_word' id='word_1_677' title='bbox 1327 2029 1357 2056; x_wconf 88' lang='grc' dir='ltr'>τὸ</span> <span class='ocrx_word' id='word_1_678' title='bbox 1369 2030 1450 2063; x_wconf 75' lang='grc' dir='ltr'>ἧττον</span> <span class='ocrx_word' id='word_1_679' title='bbox 1468 2029 1565 2066; x_wconf 83' lang='grc' dir='ltr'>ψεκτὸν</span> <span class='ocrx_word' id='word_1_680' title='bbox 1579 2031 1627 2057; x_wconf 80' lang='grc' dir='ltr'>τοῦ</span> <span class='ocrx_word' id='word_1_681' title='bbox 1643 2029 1711 2057; x_wconf 83' lang='grc' dir='ltr'>λαοῦ</span> <span class='ocrx_word' id='word_1_682' title='bbox 1735 2030 1810 2066; x_wconf 77' lang='grc' dir='ltr'>παρὰ</span> <span class='ocrx_word' id='word_1_683' title='bbox 1833 2029 1895 2060; x_wconf 78' lang='grc' dir='ltr'>τοὺς</span> 
     </span>
    </p>
   </div>
   <div class='ocr_carea' id='block_1_91' title="bbox 1069 2072 1898 2112">
    <p class='ocr_par' dir='ltr' id='par_1_91' title="bbox 1069 2072 1898 2112">
     <span class='ocr_line' id='line_1_91' title="bbox 1069 2072 1898 2112; baseline 0 -11"><span class='ocrx_word' id='word_1_684' title='bbox 1069 2073 1205 2112; x_wconf 73' lang='grc' dir='ltr'>ἄρχοντας</span> <span class='ocrx_word' id='word_1_685' title='bbox 1218 2073 1315 2107; x_wconf 78' lang='grc' dir='ltr'>αὐτῶν,</span> <span class='ocrx_word' id='word_1_686' title='bbox 1331 2075 1379 2100; x_wconf 72' lang='grc' dir='ltr'><strong>τοῦ</strong></span> <span class='ocrx_word' id='word_1_687' title='bbox 1395 2073 1481 2110; x_wconf 83' lang='grc' dir='ltr'>λόγου</span> <span class='ocrx_word' id='word_1_688' title='bbox 1497 2072 1648 2108; x_wconf 78' lang='grc' dir='ltr'>δηλοῦντος</span> <span class='ocrx_word' id='word_1_689' title='bbox 1663 2072 1708 2100; x_wconf 80' lang='grc' dir='ltr'><strong>διὰ</strong></span> <span class='ocrx_word' id='word_1_690' title='bbox 1726 2073 1758 2101; x_wconf 82' lang='grc' dir='ltr'><strong>τὸ</strong></span> <span class='ocrx_word' id='word_1_691' title='bbox 1779 2075 1898 2111; x_wconf 81' lang='grc' dir='ltr'>προκαθ-</span> 
     </span>
    </p>
   </div>
   <div class='ocr_carea' id='block_1_92' title="bbox 1069 2116 1895 2153">
    <p class='ocr_par' dir='ltr' id='par_1_92' title="bbox 1069 2116 1895 2153">
     <span class='ocr_line' id='line_1_92' title="bbox 1069 2116 1895 2153; baseline -0.001 -7"><span class='ocrx_word' id='word_1_692' title='bbox 1069 2118 1172 2153; x_wconf 81' lang='grc' dir='ltr'>έζεσθαι</span> <span class='ocrx_word' id='word_1_693' title='bbox 1199 2117 1233 2144; x_wconf 87' lang='grc' dir='ltr'><strong>τὰ</strong></span> <span class='ocrx_word' id='word_1_694' title='bbox 1264 2116 1376 2153; x_wconf 86' lang='grc' dir='ltr'>Σόδομα</span> <span class='ocrx_word' id='word_1_695' title='bbox 1411 2121 1461 2152; x_wconf 87' lang='grc' dir='ltr'><strong>τῆς</strong></span> <span class='ocrx_word' id='word_1_696' title='bbox 1493 2117 1706 2153; x_wconf 83' lang='grc' dir='ltr'>πενταπόλεως,</span> <span class='ocrx_word' id='word_1_697' title='bbox 1736 2118 1782 2145; x_wconf 87' lang='grc' dir='ltr'><strong>καὶ</strong></span> <span class='ocrx_word' id='word_1_698' title='bbox 1811 2118 1895 2152; x_wconf 78' lang='grc' dir='ltr'>αὖτήν</span> 
     </span>
    </p>
   </div>
   <div class='ocr_carea' id='block_1_93' title="bbox 1069 2161 1888 2200">
    <p class='ocr_par' dir='ltr' id='par_1_93' title="bbox 1069 2161 1888 2200">
     <span class='ocr_line' id='line_1_93' title="bbox 1069 2161 1888 2200; baseline -0.001 -10"><span class='ocrx_word' id='word_1_699' title='bbox 1069 2161 1142 2200; x_wconf 75' lang='grc' dir='ltr'>ἔχειν</span> <span class='ocrx_word' id='word_1_700' title='bbox 1158 2162 1192 2189; x_wconf 77' lang='grc' dir='ltr'><strong>τὰ</strong></span> <span class='ocrx_word' id='word_1_701' title='bbox 1205 2161 1288 2189; x_wconf 77' lang='grc' dir='ltr'>οἱονεὶ</span> <span class='ocrx_word' id='word_1_702' title='bbox 1303 2161 1403 2199; x_wconf 82' lang='grc' dir='ltr'>ἀρχεῖα</span> <span class='ocrx_word' id='word_1_703' title='bbox 1416 2165 1466 2196; x_wconf 85' lang='grc' dir='ltr'>τῆς</span> <span class='ocrx_word' id='word_1_704' title='bbox 1481 2161 1625 2199; x_wconf 82' lang='grc' dir='ltr'>πονηρίας,</span> <span class='ocrx_word' id='word_1_705' title='bbox 1637 2162 1683 2189; x_wconf 85' lang='grc' dir='ltr'><strong>καὶ</strong></span> <span class='ocrx_word' id='word_1_706' title='bbox 1702 2165 1753 2196; x_wconf 85' lang='grc' dir='ltr'><strong>τῆς</strong></span> <span class='ocrx_word' id='word_1_707' title='bbox 1779 2161 1805 2190; x_wconf 68' lang='grc' dir='ltr'>ἐν</span> <span class='ocrx_word' id='word_1_708' title='bbox 1833 2165 1888 2190; x_wconf 85' lang='grc' dir='ltr'>πᾶσ</span> 
     </span>
    </p>
   </div>
   <div class='ocr_carea' id='block_1_94' title="bbox 1069 2204 1899 2244">
    <p class='ocr_par' dir='ltr' id='par_1_94' title="bbox 1069 2204 1899 2244">
     <span class='ocr_line' id='line_1_94' title="bbox 1069 2204 1899 2244; baseline 0 -10"><span class='ocrx_word' id='word_1_709' title='bbox 1069 2209 1164 2238; x_wconf 83' lang='grc' dir='ltr'>κακοῖς</span> <span class='ocrx_word' id='word_1_710' title='bbox 1181 2206 1320 2244; x_wconf 79' lang='grc' dir='ltr'>ὑπεροχῆς</span> <span class='ocrx_word' id='word_1_711' title='bbox 1339 2205 1481 2241; x_wconf 79' lang='grc' dir='ltr'>ἠξιῶσθαι.</span> <span class='ocrx_word' id='word_1_712' title='bbox 1497 2207 1651 2244; x_wconf 84' lang='grc' dir='ltr'>’Άρχοντας</span> <span class='ocrx_word' id='word_1_713' title='bbox 1676 2204 1705 2233; x_wconf 71' lang='grc' dir='ltr'>δὲ</span> <span class='ocrx_word' id='word_1_714' title='bbox 1730 2205 1865 2243; x_wconf 82' lang='grc' dir='ltr'>Σοδόμων</span> <span class='ocrx_word' id='word_1_715' title='bbox 1881 2207 1899 2241; x_wconf 83' lang='grc' dir='ltr'><strong>ἡ</strong></span> 
     </span>
    </p>
   </div>
   <div class='ocr_carea' id='block_1_95' title="bbox 187 2248 1016 2289">
    <p class='ocr_par' dir='ltr' id='par_1_95' title="bbox 187 2251 1012 2288">
     <span class='ocr_line' id='line_1_95' title="bbox 187 2251 1012 2288; baseline 0.002 -9"><span class='ocrx_word' id='word_1_716' title='bbox 187 2252 301 2288; x_wconf 86' lang='lat' dir='ltr'><strong>Soriptu</strong></span> <span class='ocrx_word' id='word_1_717' title='bbox 307 2260 475 2287; x_wconf 86' lang='lat' dir='ltr'><strong>ra,eamque</strong></span> <span class='ocrx_word' id='word_1_718' title='bbox 482 2251 511 2279; x_wconf 92' lang='lat' dir='ltr'><strong>in</strong></span> <span class='ocrx_word' id='word_1_719' title='bbox 521 2251 673 2287; x_wconf 85' lang='lat' dir='ltr'><strong>iniquitate</strong></span> <span class='ocrx_word' id='word_1_720' title='bbox 684 2251 847 2280; x_wconf 90' lang='lat' dir='ltr'><strong>obtinuisse</strong></span> <span class='ocrx_word' id='word_1_721' title='bbox 854 2253 1012 2288; x_wconf 88' lang='lat' dir='ltr'><strong>primatum</strong></span> 
     </span>
    </p>
   </div>
   <div class='ocr_carea' id='block_1_96' title="bbox 1072 2248 1899 2289">
    <p class='ocr_par' dir='ltr' id='par_1_96' title="bbox 1072 2248 1899 2288">
     <span class='ocr_line' id='line_1_96' title="bbox 1072 2248 1899 2288; baseline -0.001 -8"><span class='ocrx_word' id='word_1_722' title='bbox 1072 2251 1175 2287; x_wconf 79' lang='grc' dir='ltr'>ἱστορία</span> <span class='ocrx_word' id='word_1_723' title='bbox 1204 2250 1234 2278; x_wconf 85' lang='grc' dir='ltr'>οὐ</span> <span class='ocrx_word' id='word_1_724' title='bbox 1260 2248 1437 2288; x_wconf 72' lang='grc' dir='ltr'>παραδέδωκε</span> <span class='ocrx_word' id='word_1_725' title='bbox 1461 2249 1534 2284; x_wconf 76' lang='grc' dir='ltr'>πλὴν</span> <span class='ocrx_word' id='word_1_726' title='bbox 1556 2253 1609 2278; x_wconf 86' lang='grc' dir='ltr'>τῶν</span> <span class='ocrx_word' id='word_1_727' title='bbox 1629 2250 1763 2288; x_wconf 70' lang='grc' dir='ltr'>βασιλᾶων</span> <span class='ocrx_word' id='word_1_728' title='bbox 1780 2253 1837 2279; x_wconf 80' lang='grc' dir='ltr'><strong>τῶν</strong></span> <span class='ocrx_word' id='word_1_729' title='bbox 1852 2252 1899 2286; x_wconf 81' lang='grc' dir='ltr'>ἠτ-</span> 
     </span>
    </p>
   </div>
   <div class='ocr_carea' id='block_1_97' title="bbox 188 2295 1012 2332">
    <p class='ocr_par' dir='ltr' id='par_1_97' title="bbox 188 2295 1012 2332">
     <span class='ocr_line' id='line_1_97' title="bbox 188 2295 1012 2332; baseline 0.001 -7"><span class='ocrx_word' id='word_1_730' title='bbox 188 2299 216 2325; x_wconf 89' lang='lat' dir='ltr'><strong>et</strong></span> <span class='ocrx_word' id='word_1_731' title='bbox 230 2297 266 2324; x_wconf 91' lang='lat' dir='ltr'><strong>de</strong></span> <span class='ocrx_word' id='word_1_732' title='bbox 281 2296 419 2324; x_wconf 85' lang='lat' dir='ltr'><strong>omnibus</strong></span> <span class='ocrx_word' id='word_1_733' title='bbox 431 2295 518 2324; x_wconf 88' lang='lat' dir='ltr'><strong>malis</strong></span> <span class='ocrx_word' id='word_1_734' title='bbox 533 2295 618 2331; x_wconf 88' lang='lat' dir='ltr'><strong>longe</strong></span> <span class='ocrx_word' id='word_1_735' title='bbox 629 2298 748 2324; x_wconf 60' lang='lat' dir='ltr'><strong>crateres</strong></span> <span class='ocrx_word' id='word_1_736' title='bbox 764 2304 929 2332; x_wconf 87' lang='lat' dir='ltr'><strong>superasse.</strong></span> <span class='ocrx_word' id='word_1_737' title='bbox 946 2298 1012 2326; x_wconf 88' lang='lat' dir='ltr'><strong>His-</strong></span> 
     </span>
    </p>
   </div>
   <div class='ocr_carea' id='block_1_98' title="bbox 224 2354 782 2391">
    <p class='ocr_par' dir='ltr' id='par_1_98' title="bbox 224 2354 782 2391">
     <span class='ocr_line' id='line_1_98' title="bbox 224 2354 782 2391; baseline 0.004 -9"><span class='ocrx_word' id='word_1_738' title='bbox 224 2355 246 2373; x_wconf 81' lang='grc'><strong>³⁷</strong></span> <span class='ocrx_word' id='word_1_739' title='bbox 263 2354 364 2383; x_wconf 87' lang='lat' dir='ltr'><strong>Matth.</strong></span> <span class='ocrx_word' id='word_1_740' title='bbox 381 2363 422 2390; x_wconf 70' lang='grc' dir='ltr'>ιι,</span> <span class='ocrx_word' id='word_1_741' title='bbox 438 2356 481 2383; x_wconf 80' lang='grc'><strong>15.</strong></span> <span class='ocrx_word' id='word_1_742' title='bbox 520 2356 543 2374; x_wconf 79' lang='grc'><strong>³⁸</strong></span> <span class='ocrx_word' id='word_1_743' title='bbox 557 2355 646 2384; x_wconf 82' lang='lat' dir='ltr'><strong>Exod.</strong></span> <span class='ocrx_word' id='word_1_744' title='bbox 662 2364 739 2391; x_wconf 75' lang='lat' dir='ltr'><strong>xxxv,</strong></span> <span class='ocrx_word' id='word_1_745' title='bbox 755 2356 782 2384; x_wconf 85' lang='lat'><strong>3.</strong></span> 
     </span>
    </p>
   </div>
   <div class='ocr_carea' id='block_1_99' title="bbox 227 2413 1015 2452">
    <p class='ocr_par' dir='ltr' id='par_1_99' title="bbox 227 2413 1015 2452">
     <span class='ocr_line' id='line_1_99' title="bbox 227 2413 1015 2452; baseline 0.005 -11"><span class='ocrx_word' id='word_1_746' title='bbox 227 2413 283 2450; x_wconf 85' lang='lat'><strong>(68)</strong></span> <span class='ocrx_word' id='word_1_747' title='bbox 297 2413 371 2452; x_wconf 58' lang='lat' dir='ltr'><strong>{Editi</strong></span> <span class='ocrx_word' id='word_1_748' title='bbox 396 2416 424 2442; x_wconf 89' lang='lat' dir='ltr'><strong>et</strong></span> <span class='ocrx_word' id='word_1_749' title='bbox 451 2416 510 2442; x_wconf 89' lang='lat' dir='ltr'><strong>tres</strong></span> <span class='ocrx_word' id='word_1_750' title='bbox 536 2422 621 2450; x_wconf 87' lang='lat' dir='ltr'><strong>mss.,</strong></span> <span class='ocrx_word' id='word_1_751' title='bbox 649 2413 838 2451; x_wconf 81' lang='grc' dir='ltr'>προκαλεῖται.</span> <span class='ocrx_word' id='word_1_752' title='bbox 867 2416 924 2444; x_wconf 81' lang='lat' dir='ltr'><strong>Alii</strong></span> <span class='ocrx_word' id='word_1_753' title='bbox 946 2417 1015 2452; x_wconf 83' lang='lat' dir='ltr'><strong>duo,</strong></span> 
     </span>
    </p>
   </div>
   <div class='ocr_carea' id='block_1_100' title="bbox 192 2447 400 2487">
    <p class='ocr_par' dir='ltr' id='par_1_100' title="bbox 192 2447 400 2487">
     <span class='ocr_line' id='line_1_100' title="bbox 192 2447 400 2487; baseline -0.01 -10"><span class='ocrx_word' id='word_1_754' title='bbox 192 2447 400 2487; x_wconf 54' lang='grc' dir='ltr'>προσκαλεῖται.</span> 
     </span>
    </p>
   </div>
   <div class='ocr_carea' id='block_1_101' title="bbox 192 2485 1015 2548">
    <p class='ocr_par' dir='ltr' id='par_1_101' title="bbox 192 2485 1015 2548">
     <span class='ocr_line' id='line_1_101' title="bbox 192 2485 1015 2548; baseline 0.005 -37"><span class='ocrx_word' id='word_1_755' title='bbox 192 2485 285 2548; x_wconf 21' lang='lat'><strong>{(692</strong></span> <span class='ocrx_word' id='word_1_756' title='bbox 297 2487 366 2521; x_wconf 82' lang='lat' dir='ltr'><strong>Reg.</strong></span> <span class='ocrx_word' id='word_1_757' title='bbox 383 2485 531 2514; x_wconf 83' lang='lat' dir='ltr'><strong>secundus</strong></span> <span class='ocrx_word' id='word_1_758' title='bbox 546 2488 575 2513; x_wconf 87' lang='lat' dir='ltr'><strong>et</strong></span> <span class='ocrx_word' id='word_1_759' title='bbox 597 2485 676 2513; x_wconf 88' lang='lat' dir='ltr'><strong>Colb.</strong></span> <span class='ocrx_word' id='word_1_760' title='bbox 693 2485 795 2514; x_wconf 84' lang='lat' dir='ltr'><strong>itidem</strong></span> <span class='ocrx_word' id='word_1_761' title='bbox 811 2487 972 2521; x_wconf 87' lang='lat' dir='ltr'><strong>secundus,</strong></span> <span class='ocrx_word' id='word_1_762' title='bbox 983 2487 1015 2514; x_wconf 85' lang='grc' dir='ltr'>τὸ</span> 
     </span>
     <span class='ocr_line' id='line_1_102' title="bbox 205 2530 297 2548; baseline 0 0"><span class='ocrx_word' id='word_1_763' title='bbox 205 2530 297 2548; x_wconf 83' lang='grc' dir='ltr'>αυτου.</span> 
     </span>
    </p>
   </div>
   <div class='ocr_carea' id='block_1_102' title="bbox 205 2530 297 2549">
    <p class='ocr_par' dir='ltr' id='par_1_102' title="bbox 205 2530 297 2549">
     <span class='ocr_line' id='line_1_103' title="bbox 205 2530 297 2549; baseline 0.011 -1"><span class='ocrx_word' id='word_1_764' title='bbox 205 2530 297 2549; x_wconf 83' lang='grc' dir='ltr'>αυτου.</span> 
     </span>
    </p>
   </div>
   <div class='ocr_carea' id='block_1_103' title="bbox 227 2555 1016 2594">
    <p class='ocr_par' dir='ltr' id='par_1_103' title="bbox 227 2555 1016 2594">
     <span class='ocr_line' id='line_1_104' title="bbox 227 2555 1016 2594; baseline 0.003 -10"><span class='ocrx_word' id='word_1_765' title='bbox 227 2556 283 2594; x_wconf 88' lang='grc'>(70)</span> <span class='ocrx_word' id='word_1_766' title='bbox 297 2557 418 2594; x_wconf 63' lang='lat' dir='ltr'><strong>Legitur</strong></span> <span class='ocrx_word' id='word_1_767' title='bbox 429 2557 458 2594; x_wconf 88' lang='lat' dir='ltr'><strong>in</strong></span> <span class='ocrx_word' id='word_1_768' title='bbox 474 2557 590 2594; x_wconf 79' lang='lat' dir='ltr'><strong>duobus</strong></span> <span class='ocrx_word' id='word_1_769' title='bbox 604 2555 757 2594; x_wconf 44' lang='grc' dir='ltr'>τηρεε-,δη</span> <span class='ocrx_word' id='word_1_770' title='bbox 775 2557 884 2594; x_wconf 85' lang='lat' dir='ltr'><strong>Ibidem</strong></span> <span class='ocrx_word' id='word_1_771' title='bbox 904 2558 1016 2594; x_wconf 86' lang='lat' dir='ltr'><strong>aliquot</strong></span> 
     </span>
    </p>
   </div>
   <div class='ocr_carea' id='block_1_104' title="bbox 191 2591 1014 2629">
    <p class='ocr_par' dir='ltr' id='par_1_104' title="bbox 191 2591 1014 2629">
     <span class='ocr_line' id='line_1_105' title="bbox 191 2591 1014 2629; baseline 0.002 -10"><span class='ocrx_word' id='word_1_772' title='bbox 191 2591 277 2628; x_wconf 52' lang='lat' dir='ltr'><strong>mss.,</strong></span> <span class='ocrx_word' id='word_1_773' title='bbox 293 2591 415 2628; x_wconf 75' lang='grc' dir='ltr'>ὑψηλῶς.</span> <span class='ocrx_word' id='word_1_774' title='bbox 432 2593 520 2627; x_wconf 87' lang='lat' dir='ltr'><strong>Editi,</strong></span> <span class='ocrx_word' id='word_1_775' title='bbox 547 2591 668 2629; x_wconf 79' lang='grc' dir='ltr'>ὑψηλῶν.</span> <span class='ocrx_word' id='word_1_776' title='bbox 693 2591 813 2629; x_wconf 72' lang='lat' dir='ltr'><strong>Rursus</strong></span> <span class='ocrx_word' id='word_1_777' title='bbox 827 2593 881 2621; x_wconf 92' lang='lat' dir='ltr'><strong>hoc</strong></span> <span class='ocrx_word' id='word_1_778' title='bbox 897 2591 961 2629; x_wconf 76' lang='lat' dir='ltr'><strong>ipso</strong></span> <span class='ocrx_word' id='word_1_779' title='bbox 983 2594 1014 2621; x_wconf 91' lang='lat' dir='ltr'><strong>in</strong></span> 
     </span>
    </p>
   </div>
   <div class='ocr_carea' id='block_1_105' title="bbox 189 2627 1013 2666">
    <p class='ocr_par' dir='ltr' id='par_1_105' title="bbox 189 2627 1013 2666">
     <span class='ocr_line' id='line_1_106' title="bbox 189 2627 1013 2666; baseline 0 -9"><span class='ocrx_word' id='word_1_780' title='bbox 189 2629 252 2657; x_wconf 89' lang='lat' dir='ltr'>loco</span> <span class='ocrx_word' id='word_1_781' title='bbox 270 2627 406 2666; x_wconf 74' lang='lat' dir='ltr'><strong>quatuor</strong></span> <span class='ocrx_word' id='word_1_782' title='bbox 429 2637 511 2666; x_wconf 78' lang='lat' dir='ltr'><strong>mss.,</strong></span> <span class='ocrx_word' id='word_1_783' title='bbox 540 2628 625 2665; x_wconf 79' lang='grc' dir='ltr'>φιλῆς</span> <span class='ocrx_word' id='word_1_784' title='bbox 655 2628 712 2655; x_wconf 84' lang='grc' dir='ltr'>κατ’</span> <span class='ocrx_word' id='word_1_785' title='bbox 742 2627 805 2655; x_wconf 84' lang='grc' dir='ltr'>αὐτὸ</span> <span class='ocrx_word' id='word_1_786' title='bbox 832 2629 863 2655; x_wconf 83' lang='grc' dir='ltr'>τὸ</span> <span class='ocrx_word' id='word_1_787' title='bbox 886 2627 1013 2666; x_wconf 78' lang='grc' dir='ltr'>γράμμα.</span> 
     </span>
    </p>
   </div>
   <div class='ocr_carea' id='block_1_106' title="bbox 192 2663 547 2728">
    <p class='ocr_par' dir='ltr' id='par_1_106' title="bbox 192 2663 547 2728">
     <span class='ocr_line' id='line_1_107' title="bbox 192 2663 547 2728; baseline -0.006 -35"><span class='ocrx_word' id='word_1_788' title='bbox 192 2666 280 2700; x_wconf 83' lang='lat' dir='ltr'><strong>Editi,</strong></span> <span class='ocrx_word' id='word_1_789' title='bbox 290 2663 408 2706; x_wconf 48' lang='grc' dir='ltr'>κατ-ὰπὸ</span> <span class='ocrx_word' id='word_1_790' title='bbox 423 2663 547 2728; x_wconf 58' lang='grc' dir='ltr'>γέάμμα.</span> 
     </span>
     <span class='ocr_line' id='line_1_108' title="bbox 225 2701 547 2728; baseline 0 0"><span class='ocrx_word' id='word_1_791' title='bbox 225 2702 282 2728; x_wconf 65' lang='grc'>(71)</span> <span class='ocrx_word' id='word_1_792' title='bbox 297 2701 374 2728; x_wconf 81' lang='lat' dir='ltr'><strong>Editi</strong></span> <span class='ocrx_word' id='word_1_793' title='bbox 389 2703 418 2728; x_wconf 88' lang='lat' dir='ltr'><strong>et</strong></span> <span class='ocrx_word' id='word_1_794' title='bbox 454 2701 512 2728; x_wconf 93' lang='lat' dir='ltr'><strong>olb.</strong></span> <span class='ocrx_word' id='word_1_795' title='bbox 535 2709 547 2728; x_wconf 71' lang='grc' dir='ltr'>ι]</span> 
     </span>
    </p>
   </div>
   <div class='ocr_carea' id='block_1_107' title="bbox 225 2699 1012 2738">
    <p class='ocr_par' dir='ltr' id='par_1_107' title="bbox 225 2699 1012 2738">
     <span class='ocr_line' id='line_1_109' title="bbox 225 2699 1012 2738; baseline 0 -10"><span class='ocrx_word' id='word_1_796' title='bbox 225 2702 282 2738; x_wconf 81' lang='grc'>(71)</span> <span class='ocrx_word' id='word_1_797' title='bbox 297 2701 374 2738; x_wconf 84' lang='lat' dir='ltr'><strong>Editi</strong></span> <span class='ocrx_word' id='word_1_798' title='bbox 389 2703 418 2729; x_wconf 88' lang='lat' dir='ltr'><strong>et</strong></span> <span class='ocrx_word' id='word_1_799' title='bbox 430 2699 512 2738; x_wconf 78' lang='lat' dir='ltr'><strong>Colb.</strong></span> <span class='ocrx_word' id='word_1_800' title='bbox 522 2699 800 2738; x_wconf 77' lang='lat' dir='ltr'><strong>_prim_us_secunda</strong></span> <span class='ocrx_word' id='word_1_801' title='bbox 815 2707 903 2728; x_wconf 83' lang='lat' dir='ltr'><strong>manu</strong></span> <span class='ocrx_word' id='word_1_802' title='bbox 927 2702 955 2728; x_wconf 87' lang='lat' dir='ltr'><strong>et</strong></span> <span class='ocrx_word' id='word_1_803' title='bbox 971 2709 1012 2738; x_wconf 81' lang='lat' dir='ltr'><strong>re-</strong></span> 
     </span>
    </p>
   </div>
   <div class='ocr_carea' id='block_1_108' title="bbox 189 2734 1013 2773">
    <p class='ocr_par' dir='ltr' id='par_1_108' title="bbox 189 2734 1013 2773">
     <span class='ocr_line' id='line_1_110' title="bbox 189 2734 1013 2773; baseline -0.001 -9"><span class='ocrx_word' id='word_1_804' title='bbox 189 2734 279 2771; x_wconf 56' lang='lat' dir='ltr'><strong>centi,</strong></span> <span class='ocrx_word' id='word_1_805' title='bbox 293 2737 444 2773; x_wconf 81' lang='grc' dir='ltr'>ποιήσομεν</span> <span class='ocrx_word' id='word_1_806' title='bbox 458 2736 503 2763; x_wconf 72' lang='grc' dir='ltr'><strong>καὶ</strong></span> <span class='ocrx_word' id='word_1_807' title='bbox 517 2734 698 2773; x_wconf 56' lang='grc' dir='ltr'>ἀκουσόμεθα,</span> <span class='ocrx_word' id='word_1_808' title='bbox 714 2737 742 2762; x_wconf 85' lang='lat' dir='ltr'><strong>et</strong></span> <span class='ocrx_word' id='word_1_809' title='bbox 768 2735 808 2763; x_wconf 83' lang='lat' dir='ltr'><strong>ita</strong></span> <span class='ocrx_word' id='word_1_810' title='bbox 823 2743 938 2771; x_wconf 86' lang='lat' dir='ltr'><strong>quoque</strong></span> <span class='ocrx_word' id='word_1_811' title='bbox 952 2736 1013 2764; x_wconf 85' lang='lat' dir='ltr'><strong>edi-</strong></span> 
     </span>
    </p>
   </div>
   <div class='ocr_carea' id='block_1_109' title="bbox 189 2770 1013 2808">
    <p class='ocr_par' dir='ltr' id='par_1_109' title="bbox 189 2770 1013 2808">
     <span class='ocr_line' id='line_1_111' title="bbox 189 2770 1013 2808; baseline -0.004 -7"><span class='ocrx_word' id='word_1_812' title='bbox 189 2775 254 2801; x_wconf 89' lang='lat' dir='ltr'><strong>tum</strong></span> <span class='ocrx_word' id='word_1_813' title='bbox 261 2770 428 2801; x_wconf 81' lang='lat' dir='ltr'><strong>invenimus</strong></span> <span class='ocrx_word' id='word_1_814' title='bbox 434 2773 511 2808; x_wconf 85' lang='lat' dir='ltr'><strong>apud</strong></span> <span class='ocrx_word' id='word_1_815' title='bbox 520 2771 599 2799; x_wconf 82' lang='lat' dir='ltr'><strong>LXX.</strong></span> <span class='ocrx_word' id='word_1_816' title='bbox 607 2770 698 2808; x_wconf 81' lang='lat' dir='ltr'><strong>Atalii</strong></span> <span class='ocrx_word' id='word_1_817' title='bbox 708 2770 901 2808; x_wconf 31' lang='lat' dir='ltr'><strong>quatuor’mss</strong></span> <span class='ocrx_word' id='word_1_818' title='bbox 908 2793 911 2798; x_wconf 87' lang='lat'><strong>.</strong></span> <span class='ocrx_word' id='word_1_819' title='bbox 918 2793 925 2806; x_wconf 89' lang='lat'><strong>,</strong></span> <span class='ocrx_word' id='word_1_820' title='bbox 933 2773 1013 2807; x_wconf 74' lang='grc' dir='ltr'>ποιή-</span> 
     </span>
    </p>
   </div>
   <div class='ocr_carea' id='block_1_110' title="bbox 190 2807 1011 2846">
    <p class='ocr_par' dir='ltr' id='par_1_110' title="bbox 190 2807 1011 2846">
     <span class='ocr_line' id='line_1_112' title="bbox 190 2807 1011 2846; baseline 0.001 -10"><span class='ocrx_word' id='word_1_821' title='bbox 190 2818 280 2846; x_wconf 84' lang='grc' dir='ltr'>σωμεν</span> <span class='ocrx_word' id='word_1_822' title='bbox 295 2809 339 2836; x_wconf 88' lang='grc' dir='ltr'><strong>καὶ</strong></span> <span class='ocrx_word' id='word_1_823' title='bbox 367 2807 557 2844; x_wconf 76' lang='grc' dir='ltr'>ἄκουσῶμεθα,</span> <span class='ocrx_word' id='word_1_824' title='bbox 576 2807 719 2835; x_wconf 77' lang='lat' dir='ltr'><strong>Faciamus</strong></span> <span class='ocrx_word' id='word_1_825' title='bbox 733 2808 758 2835; x_wconf 81' lang='lat' dir='ltr'><strong>et</strong></span> <span class='ocrx_word' id='word_1_826' title='bbox 774 2807 929 2836; x_wconf 73' lang='lat' dir='ltr'><strong>audiamus.</strong></span> <span class='ocrx_word' id='word_1_827' title='bbox 946 2809 1011 2837; x_wconf 88' lang='lat' dir='ltr'><strong>Sta-</strong></span> 
     </span>
    </p>
   </div>
   <div class='ocr_carea' id='block_1_111' title="bbox 1066 2294 1896 2333">
    <p class='ocr_par' dir='ltr' id='par_1_111' title="bbox 1066 2294 1896 2333">
     <span class='ocr_line' id='line_1_113' title="bbox 1066 2294 1896 2333; baseline -0.001 -9"><span class='ocrx_word' id='word_1_828' title='bbox 1066 2297 1215 2332; x_wconf 70' lang='grc' dir='ltr'>τηθιντων.</span> <span class='ocrx_word' id='word_1_829' title='bbox 1232 2295 1280 2323; x_wconf 82' lang='grc' dir='ltr'>Διὰ</span> <span class='ocrx_word' id='word_1_830' title='bbox 1305 2294 1395 2332; x_wconf 69' lang='grc' dir='ltr'>μέντοι</span> <span class='ocrx_word' id='word_1_831' title='bbox 1417 2295 1462 2323; x_wconf 87' lang='grc' dir='ltr'><strong>τὸν</strong></span> <span class='ocrx_word' id='word_1_832' title='bbox 1488 2294 1761 2333; x_wconf 74' lang='grc' dir='ltr'>πεπαῤῥησιασμὲνον</span> <span class='ocrx_word' id='word_1_833' title='bbox 1785 2295 1896 2323; x_wconf 85' lang='grc' dir='ltr'>τούτων</span> 
     </span>
    </p>
   </div>
   <div class='ocr_carea' id='block_1_112' title="bbox 1071 2411 1896 2449">
    <p class='ocr_par' dir='ltr' id='par_1_112' title="bbox 1071 2411 1896 2449">
     <span class='ocr_line' id='line_1_114' title="bbox 1071 2411 1896 2449; baseline -0.004 -6"><span class='ocrx_word' id='word_1_834' title='bbox 1071 2415 1126 2443; x_wconf 90' lang='lat' dir='ltr'><strong>tim</strong></span> <span class='ocrx_word' id='word_1_835' title='bbox 1141 2415 1213 2443; x_wconf 82' lang='lat' dir='ltr'><strong>editi</strong></span> <span class='ocrx_word' id='word_1_836' title='bbox 1226 2416 1254 2442; x_wconf 81' lang='lat' dir='ltr'><strong>et</strong></span> <span class='ocrx_word' id='word_1_837' title='bbox 1279 2414 1337 2441; x_wconf 94' lang='lat' dir='ltr'><strong>duo</strong></span> <span class='ocrx_word' id='word_1_838' title='bbox 1352 2421 1439 2449; x_wconf 80' lang='lat' dir='ltr'><strong>mss.,</strong></span> <span class='ocrx_word' id='word_1_839' title='bbox 1463 2411 1641 2449; x_wconf 72' lang='grc' dir='ltr'>ἀκουσώμεθα</span> <span class='ocrx_word' id='word_1_840' title='bbox 1664 2412 1709 2439; x_wconf 82' lang='grc' dir='ltr'><strong>καὶ</strong></span> <span class='ocrx_word' id='word_1_841' title='bbox 1723 2412 1896 2449; x_wconf 80' lang='grc' dir='ltr'>ποιήσωμεν.</span> 
     </span>
    </p>
   </div>
   <div class='ocr_carea' id='block_1_113' title="bbox 1072 2448 1866 2487">
    <p class='ocr_par' dir='ltr' id='par_1_113' title="bbox 1072 2448 1866 2487">
     <span class='ocr_line' id='line_1_115' title="bbox 1072 2448 1866 2487; baseline -0.005 -7"><span class='ocrx_word' id='word_1_842' title='bbox 1072 2454 1141 2486; x_wconf 76' lang='lat' dir='ltr'><strong>Reg.</strong></span> <span class='ocrx_word' id='word_1_843' title='bbox 1158 2451 1283 2487; x_wconf 80' lang='lat' dir='ltr'><strong>primus,</strong></span> <span class='ocrx_word' id='word_1_844' title='bbox 1299 2448 1471 2487; x_wconf 56' lang='lat' dir='ltr'><strong>dnouaojasﬂu</strong></span> <span class='ocrx_word' id='word_1_845' title='bbox 1485 2448 1530 2475; x_wconf 86' lang='grc' dir='ltr'><strong>καὶ</strong></span> <span class='ocrx_word' id='word_1_846' title='bbox 1542 2449 1710 2487; x_wconf 66' lang='grc' dir='ltr'>ποιήσομεν.</span> <span class='ocrx_word' id='word_1_847' title='bbox 1812 2483 1819 2487; x_wconf 92' lang='lat'><strong>_</strong></span> <span class='ocrx_word' id='word_1_848' title='bbox 1840 2448 1843 2449; x_wconf 51' lang='grc'><strong><em>⁷</em></strong></span> <span class='ocrx_word' id='word_1_849' title='bbox 1862 2458 1866 2463; x_wconf 84' lang='grc'><strong>·</strong></span> 
     </span>
    </p>
   </div>
   <div class='ocr_carea' id='block_1_114' title="bbox 1107 2483 1901 2522">
    <p class='ocr_par' dir='ltr' id='par_1_114' title="bbox 1107 2483 1901 2522">
     <span class='ocr_line' id='line_1_116' title="bbox 1107 2483 1901 2522; baseline -0.004 -8"><span class='ocrx_word' id='word_1_850' title='bbox 1107 2483 1167 2522; x_wconf 67' lang='grc'>(72)</span> <span class='ocrx_word' id='word_1_851' title='bbox 1179 2483 1301 2514; x_wconf 80' lang='lat' dir='ltr'><strong>Codices</strong></span> <span class='ocrx_word' id='word_1_852' title='bbox 1317 2483 1432 2522; x_wconf 79' lang='lat' dir='ltr'><strong>aliquot</strong></span> <span class='ocrx_word' id='word_1_853' title='bbox 1444 2483 1621 2522; x_wconf 73' lang='grc' dir='ltr'>ἀποσχέσθαι.</span> <span class='ocrx_word' id='word_1_854' title='bbox 1641 2483 1756 2522; x_wconf 68' lang='lat' dir='ltr'><strong>Ibidem</strong></span> <span class='ocrx_word' id='word_1_855' title='bbox 1769 2483 1901 2522; x_wconf 81' lang='lat' dir='ltr'><strong>quinque</strong></span> 
     </span>
    </p>
   </div>
   <div class='ocr_carea' id='block_1_115' title="bbox 1071 2519 1900 2559">
    <p class='ocr_par' dir='ltr' id='par_1_115' title="bbox 1071 2519 1900 2559">
     <span class='ocr_line' id='line_1_117' title="bbox 1071 2519 1900 2559; baseline -0.004 -9"><span class='ocrx_word' id='word_1_856' title='bbox 1071 2519 1159 2556; x_wconf 36' lang='lat' dir='ltr'><strong>mss.,.</strong></span> <span class='ocrx_word' id='word_1_857' title='bbox 1172 2522 1341 2559; x_wconf 77' lang='grc' dir='ltr'>περιτεμεῖν.</span> <span class='ocrx_word' id='word_1_858' title='bbox 1358 2519 1445 2554; x_wconf 82' lang='lat' dir='ltr'><strong>Editi,</strong></span> <span class='ocrx_word' id='word_1_859' title='bbox 1459 2519 1650 2559; x_wconf 58' lang='grc' dir='ltr'>περιτέμνειν.</span> <span class='ocrx_word' id='word_1_860' title='bbox 1666 2519 1790 2559; x_wconf 61' lang='grc' dir='ltr'>Νεο-ίςᾲ</span> <span class='ocrx_word' id='word_1_861' title='bbox 1799 2519 1900 2559; x_wconf 79' lang='lat' dir='ltr'><strong>_mt_1lto</strong></span> 
     </span>
    </p>
   </div>
   <div class='ocr_carea' id='block_1_116' title="bbox 1070 2553 1900 2621">
    <p class='ocr_par' dir='ltr' id='par_1_116' title="bbox 1070 2553 1900 2621">
     <span class='ocr_line' id='line_1_118' title="bbox 1070 2553 1900 2621; baseline -0.005 -35"><span class='ocrx_word' id='word_1_862' title='bbox 1070 2553 1225 2621; x_wconf 43' lang='lat' dir='ltr'><strong>goia&#39;mss&#39;.</strong></span> <span class='ocrx_word' id='word_1_863' title='bbox 1251 2553 1392 2593; x_wconf 79' lang='lat' dir='ltr'><strong>quinque,</strong></span> <span class='ocrx_word' id='word_1_864' title='bbox 1418 2553 1523 2583; x_wconf 70' lang='grc' dir='ltr'>τούτων</span> <span class='ocrx_word' id='word_1_865' title='bbox 1550 2553 1702 2583; x_wconf 74' lang='grc' dir='ltr'>ἐπιϐαλεῖν.</span> <span class='ocrx_word' id='word_1_866' title='bbox 1730 2555 1818 2591; x_wconf 82' lang='lat' dir='ltr'><strong>Editi,</strong></span> <span class='ocrx_word' id='word_1_867' title='bbox 1842 2554 1900 2582; x_wconf 69' lang='grc' dir='ltr'>ἑπι-</span> 
     </span>
     <span class='ocr_line' id='line_1_119' title="bbox 1088 2603 1194 2620; baseline 0 0"><span class='ocrx_word' id='word_1_868' title='bbox 1088 2603 1104 2620; x_wconf 83' lang='grc' dir='ltr'><strong>α</strong></span> <span class='ocrx_word' id='word_1_869' title='bbox 1145 2603 1194 2620; x_wconf 76' lang='grc' dir='ltr'>ειν.</span> 
     </span>
    </p>
   </div>
   <div class='ocr_carea' id='block_1_117' title="bbox 1162 2603 1194 2620">
    <p class='ocr_par' dir='ltr' id='par_1_117' title="bbox 1162 2603 1194 2620">
     <span class='ocr_line' id='line_1_120' title="bbox 1162 2603 1194 2620; baseline 0.031 -1"><span class='ocrx_word' id='word_1_870' title='bbox 1162 2603 1194 2620; x_wconf 85' lang='grc' dir='ltr'>ιν.</span> 
     </span>
    </p>
   </div>
   <div class='ocr_carea' id='block_1_118' title="bbox 1088 2603 1898 2664">
    <p class='ocr_par' dir='ltr' id='par_1_118' title="bbox 1088 2603 1898 2664">
     <span class='ocr_line' id='line_1_121' title="bbox 1088 2603 1898 2664; baseline -0.004 -8"><span class='ocrx_word' id='word_1_871' title='bbox 1088 2603 1436 2664; x_wconf 46' lang='lat' dir='ltr'><strong>“(A7A3e)wElditi,éctw1hi0n.</strong></span> <span class='ocrx_word' id='word_1_872' title='bbox 1459 2627 1496 2655; x_wconf 82' lang='lat' dir='ltr'><strong>At</strong></span> <span class='ocrx_word' id='word_1_873' title='bbox 1525 2627 1655 2663; x_wconf 88' lang='lat' dir='ltr'><strong>quinque</strong></span> <span class='ocrx_word' id='word_1_874' title='bbox 1679 2635 1763 2661; x_wconf 88' lang='lat' dir='ltr'><strong>mss.,</strong></span> <span class='ocrx_word' id='word_1_875' title='bbox 1782 2626 1898 2653; x_wconf 79' lang='grc' dir='ltr'>ἀπεσιω-</span> 
     </span>
    </p>
   </div>
   <div class='ocr_carea' id='block_1_119' title="bbox 1068 2666 1896 2736">
    <p class='ocr_par' dir='ltr' id='par_1_119' title="bbox 1068 2666 1896 2736">
     <span class='ocr_line' id='line_1_122' title="bbox 1068 2666 1896 2736; baseline -0.006 -8"><span class='ocrx_word' id='word_1_876' title='bbox 1068 2666 1160 2736; x_wconf 39' lang='grc' dir='ltr'><strong>Ῠήᾶἳ)</strong></span> <span class='ocrx_word' id='word_1_877' title='bbox 1182 2699 1306 2736; x_wconf 82' lang='lat' dir='ltr'><strong>Codices</strong></span> <span class='ocrx_word' id='word_1_878' title='bbox 1325 2701 1461 2736; x_wconf 82' lang='lat' dir='ltr'><strong>quatuor,</strong></span> <span class='ocrx_word' id='word_1_879' title='bbox 1485 2697 1517 2724; x_wconf 81' lang='grc' dir='ltr'><strong>τό</strong></span> <span class='ocrx_word' id='word_1_880' title='bbox 1542 2696 1607 2729; x_wconf 75' lang='grc' dir='ltr'>λαὸς</span> <span class='ocrx_word' id='word_1_881' title='bbox 1621 2696 1776 2736; x_wconf 41' lang='lat' dir='ltr'><strong>rogate“</strong></span> <span class='ocrx_word' id='word_1_882' title='bbox 1795 2698 1814 2736; x_wconf 64' lang='grc' dir='ltr'><strong>⁵ιδ</strong></span> <span class='ocrx_word' id='word_1_883' title='bbox 1831 2697 1896 2736; x_wconf 61' lang='lat' dir='ltr'><strong>luo:</strong></span> 
     </span>
    </p>
   </div>
   <div class='ocr_carea' id='block_1_120' title="bbox 1068 2732 1893 2778">
    <p class='ocr_par' dir='ltr' id='par_1_120' title="bbox 1068 2732 1893 2778">
     <span class='ocr_line' id='line_1_123' title="bbox 1068 2732 1893 2778; baseline -0.004 -15"><span class='ocrx_word' id='word_1_884' title='bbox 1068 2732 1235 2778; x_wconf 55' lang='grc' dir='ltr'>ᾠνόμάστειι,</span> <span class='ocrx_word' id='word_1_885' title='bbox 1252 2735 1309 2778; x_wconf 71' lang='lat' dir='ltr'><strong>nisi</strong></span> <span class='ocrx_word' id='word_1_886' title='bbox 1325 2732 1403 2770; x_wconf 79' lang='lat' dir='ltr'><strong>quod</strong></span> <span class='ocrx_word' id='word_1_887' title='bbox 1419 2735 1448 2762; x_wconf 91' lang='lat' dir='ltr'><strong>in</strong></span> <span class='ocrx_word' id='word_1_888' title='bbox 1462 2742 1522 2778; x_wconf 69' lang='lat' dir='ltr'><strong>uno</strong></span> <span class='ocrx_word' id='word_1_889' title='bbox 1539 2737 1605 2778; x_wconf 72' lang='lat' dir='ltr'><strong>post</strong></span> <span class='ocrx_word' id='word_1_890' title='bbox 1620 2732 1732 2778; x_wconf 36' lang='lat' dir='ltr'><strong>i_llu\&#39;d,&quot;8</strong></span> <span class='ocrx_word' id='word_1_891' title='bbox 1749 2732 1828 2778; x_wconf 64' lang='grc' dir='ltr'>λαός,</span> <span class='ocrx_word' id='word_1_892' title='bbox 1846 2734 1893 2776; x_wconf 78' lang='lat' dir='ltr'><strong>ad-</strong></span> 
     </span>
    </p>
   </div>
   <div class='ocr_carea' id='block_1_121' title="bbox 1068 2768 1891 2807">
    <p class='ocr_par' dir='ltr' id='par_1_121' title="bbox 1068 2768 1891 2807">
     <span class='ocr_line' id='line_1_124' title="bbox 1068 2768 1891 2807; baseline -0.006 -7"><span class='ocrx_word' id='word_1_893' title='bbox 1068 2768 1164 2803; x_wconf 83' lang='lat' dir='ltr'><strong>datur.</strong></span> <span class='ocrx_word' id='word_1_894' title='bbox 1181 2768 1343 2807; x_wconf 41' lang='lat' dir='ltr'><strong>8M:._Reg§</strong></span> <span class='ocrx_word' id='word_1_895' title='bbox 1360 2770 1520 2807; x_wconf 77' lang='lat' dir='ltr'><strong>secundus,</strong></span> <span class='ocrx_word' id='word_1_896' title='bbox 1537 2768 1582 2807; x_wconf 68' lang='grc' dir='ltr'><strong>ὂιᾲ</strong></span> <span class='ocrx_word' id='word_1_897' title='bbox 1600 2772 1642 2807; x_wconf 71' lang='grc' dir='ltr'>τῷ</span> <span class='ocrx_word' id='word_1_898' title='bbox 1666 2768 1753 2801; x_wconf 85' lang='grc' dir='ltr'>λαὸς..</span> <span class='ocrx_word' id='word_1_899' title='bbox 1782 2768 1891 2806; x_wconf 61' lang='grc' dir='ltr'>ὠνομάς</span> 
     </span>
    </p>
   </div>
   <div class='ocr_carea' id='block_1_122' title="bbox 1067 2805 1641 2842">
    <p class='ocr_par' dir='ltr' id='par_1_122' title="bbox 1067 2805 1641 2842">
     <span class='ocr_line' id='line_1_125' title="bbox 1067 2805 1641 2842; baseline -0.005 -7"><span class='ocrx_word' id='word_1_900' title='bbox 1067 2807 1137 2836; x_wconf 84' lang='grc' dir='ltr'>σθαι.</span> <span class='ocrx_word' id='word_1_901' title='bbox 1155 2807 1242 2842; x_wconf 82' lang='lat' dir='ltr'><strong>Editi,</strong></span> <span class='ocrx_word' id='word_1_902' title='bbox 1260 2805 1305 2834; x_wconf 78' lang='grc' dir='ltr'><strong>διὰ</strong></span> <span class='ocrx_word' id='word_1_903' title='bbox 1318 2805 1350 2834; x_wconf 69' lang='grc' dir='ltr'><strong>τὸ</strong></span> <span class='ocrx_word' id='word_1_904' title='bbox 1365 2805 1466 2837; x_wconf 85' lang='grc' dir='ltr'>λαὸς...</span> <span class='ocrx_word' id='word_1_905' title='bbox 1482 2805 1641 2842; x_wconf 75' lang='grc' dir='ltr'>ὠνομάσθη.</span> 
     </span>
    </p>
   </div>
  </div>
