2018 3146
82 156 135 186 165

506 152 709 184 COMMENT.
731 151 772 182 IN
792 149 928 181 ISAIAM
950 149 1209 182 PROPHETAM.
1234 151 1320 182 CAP.
1345 153 1368 182 Ι.

1733 153 1792 183 166

77 224 129 249 τῶν
159 219 330 248 ἀδικούντων
345 217 469 257 ἔλεγχον,
486 219 500 246 ὁ
516 217 685 248 ’Λπόστολός
700 227 766 256 φησι
779 216 841 254 περὶ
855 217 906 243 τοῦ

977 216 1142 244 oriaautem
1151 217 1186 244 de
1193 217 1563 253 principibusSodomorum
1572 227 1628 247 non
1638 219 1705 248 facit
1712 228 1792 248 men-
1832 227 1837 230 ‘

76 265 201 295 Ἠσαίου·
241 263 406 300 ’Δποτολμᾷ
437 263 484 290 καὶ
514 262 597 300 λέγει.
627 263 763 300 Χρήσεται
786 260 814 288 δέ
843 271 910 288 ποτε

974 261 1227 294 .ionem,898nisi
1236 263 1313 298 quod
1323 271 1424 298 regum
1433 263 1611 291 devictorum
1619 266 1791 293 commemi-

80 311 189 340 τούτοις
213 310 227 337 ὁ
257 309 284 336 ἐν
313 307 444 345 δόγμασιν
473 307 557 345 ὑγιὲσι
586 307 631 334 καὶ
658 305 834 342 ἀνεπιλήπτῳ
860 305 910 343 βίῳ

966 306 1018 333 nit.
1035 306 1120 341 Atqui
1130 307 1501 342 propterlibertatcmillam
1510 316 1568 343 qua
1575 309 1793 344 redarguuntur

78 355 221 392 τυγχάνων
257 353 326 391 πρὸς
364 351 498 390 ἄρχοντας
538 350 707 386 Ἐκκλησιῶν
744 350 910 387 παρανόμως

977 350 1014 378 sli
1028 350 1130 386 iniqui,
1149 351 1183 378 de
1195 351 1271 379 Isaia
1281 351 1322 379 ait
1336 352 1495 387 Apostolus
1507 353 1530 370 ³⁸
1546 361 1553 380 :
1571 353 1655 380 Audet
1670 356 1696 381 cl
1711 355 1789 382 dicit.

81 400 207 437 βιοῦντας
225 399 292 434 (75),
320 397 364 424 καὶ
379 395 444 424 λαὸν
460 395 620 424 ἐκκλίνοντα
633 395 677 422 καὶ
693 394 813 433 ἀχρείως
828 393 909 422 πολι-

78 444 140 471 τευό
146 453 240 479 μενον.

966 395 1108 423 Caeterum
1122 395 1147 423 is
1157 397 1242 431 cujus
1249 404 1320 423 sana
1330 399 1373 424 est
1384 397 1518 425 doctrina
1529 399 1556 425 et
1564 399 1622 425 vita
1630 398 1790 434 inculpata,

967 439 1073 475 poterit
1083 447 1293 476 nonnunquam
1303 440 1359 468 hac
1369 441 1545 476 coarguendi
1556 440 1675 470 licentia
1692 443 1732 470 uti
1743 444 1792 471 ad-

77 496 184 517 versus
199 486 396 515 Ecclesiarum
410 485 557 521 principes
572 484 661 512 vitam
678 483 852 520 ﬂagitiosum
868 483 1020 517 ducentes,
1037 491 1150 511 necnon
1166 485 1307 512 adversus
1322 484 1464 520 populum
1480 486 1663 514 aberrantem
1685 495 1717 514 ac
1746 487 1791 516 in-

80 533 195 561 utiliter
209 531 442 560 conversantem.

114 578 162 605 24.
191 575 226 604 Τί
268 585 315 611 μοι
353 573 461 608 πλῆθος
495 575 549 600 τῶν
589 574 687 605 θυσιῶν
716 572 807 606 ὑμῶν;
837 570 910 608 λέγει

80 620 191 659 Κύριος.
223 620 270 647 Ἔν
298 621 352 646 τῶν
381 616 546 657 ὀφειλόντων
577 617 742 651 ἀκουσθῆναι
768 615 842 652 παρὰ
857 618 912 642 τῶν

79 666 234 703 ἀρχόντων,
263 663 308 690 καὶ
338 662 410 700 παρᾶ
437 663 486 689 τοῦ
515 661 583 689 λαοῦ
610 660 798 698 φυλαχθῆναι,
818 659 908 703 sunt

83 701 133 746 μίοῖ
167 707 277 743 πλῆθος
314 708 368 734 τῶν
406 708 506 738 θυσιῶν
542 704 639 742 ὕμῶν;
681 705 775 733 Θυσίαι
803 701 908 731 ἀσεϐῶν

83 754 227 792 βδέλυγμα
256 751 352 789 Κυρίῳ
372 752 440 788 (76).
471 751 534 782 Ηῶς
564 749 593 777 δὲ
621 749 666 777 διὰ
695 751 793 776 θυσιῶν
816 750 869 776 τῶν
886 747 913 776 ἐν

83 791 184 834 ult-litim
197 794 410 835 προσαγομένων
427 794 490 822 ἄνευ
510 794 657 832 ἀξιολόγου
676 794 817 831 μετανοίαις
833 791 914 821 ἑλπί-

86 847 142 878 ζετε
169 842 295 880 εὑρήσειν
310 839 371 868 τινὰ
385 839 577 877 ἀπολύτρωσιν
606 841 666 870 ταῖς
687 840 789 876 ψυχαῖς
816 838 913 880 tuo»;

85 888 124 916 Οὐ
146 887 199 925 γὰρ
228 885 254 913 ἐν
283 884 380 922 αἵματι
405 883 492 919 ζώων,
522 882 586 911 οὐδὶ
613 883 642 914 ἐν,
669 885 783 922 σφαγαῖς
814 879 915 909 ἐπιϐιο-

89 933 174 969 μίοις,
202 929 268 958 ἀλλ’
293 929 337 957 ἐπὶ
358 928 458 966 καρδίᾳ
481 928 681 966 συνετριμμένῃ
716 927 780 958 Θεὸς
810 926 916 954 ἱλάσκε-

87 985 142 1004 ται·
173 975 255 1002 Θοσία
293 973 345 1011 γὰρ
383 975 422 1008 τῷ
455 974 515 1008 Θεῷ
543 974 650 1008 πνεῦμα
675 971 914 1010 σνντετριμμένον.

87 1021 122 1048 Τὸ
146 1019 211 1047 αὐτὸ
235 1017 265 1046 δὲ
349 1017 418 1054 πρὸς
437 1017 501 1048 τοὺς
519 1016 545 1044 ἐν
571 1016 700 1047 δαπάναις
719 1008 911 1054 μὶνᾶφιιδιῖς,

89 1066 126 1101 μή
145 1065 344 1101 μετανοοῦντας
374 1061 403 1089 δὶ
431 1060 476 1089 διὰ
497 1063 552 1088 τῶν
576 1060 670 1099 ἔργων,
702 1059 816 1097 ἁρμόσει
840 1059 914 1096 λέγε-

87 1110 157 1136 σθαι·
189 1108 237 1135 Διᾶ
264 1109 346 1134 τοῦτο
376 1106 439 1144 οὐχὶ
468 1105 588 1138 καθόλου
605 1104 697 1137 θυσίας
713 1107 883 1142 παραιτεῖται
900 1104 914 1131 ὁ

85 1151 182 1191 λόγος,
209 1151 284 1180 ἀλλὰ
310 1152 358 1182 τὰς
375 1149 536 1181 Ἰουδαῖκάς.
553 1149 584 1177 'l‘i
599 1150 650 1187 γὰρ
668 1159 714 1186 μοι
730 1149 847 1183 πλῆθος,
864 1159 915 1186 φη-

84 1198 123 1233 σὶ,
148 1198 203 1224 τῶν
229 1197 329 1224 Θυσιῶν
368 1195 466 1231 tam;
498 1193 547 1221 Καὶ
576 1194 607 1221 τὸ
635 1194 681 1230 μὲν
712 1193 819 1228 πλῆθος
847 1192 914 1219 ἀπο-

85 1242 234 1279 πέμπεται,
264 1241 326 1277 μίαν
355 1238 384 1267 δὲ
407 1239 499 1266 θυσίαν
530 1238 664 1273 ἐπιζητεῖ.
692 1237 782 1268 Αὐτὸς
805 1235 916 1267 ἕκαστος

87 1287 182 1314 ἑαυτὸν
212 1285 372 1323 προσαγὲτω
397 1285 454 1320 (77)
467 1285 508 1319 τῷ
524 1285 591 1318 Θεῷ,
608 1284 745 1319 παριστῶν
763 1281 854 1309 ἑαυτὸν
872 1287 918 1313 θυ-

89 1332 146 1359 σίαν
165 1332 267 1366 ζῶσαν,
288 1329 430 1367 εὐάρεστον
453 1330 494 1364 τῷ
518 1329 586 1363 Θεῷ,
603 1325 649 1354 διὰ
662 1329 712 1361 τῆς
728 1325 843 1363 λογικῆς
867 1325 917 1353 λα-

87 1376 180 1414 τρείας
195 1375 266 1406 θύων
295 1375 336 1409 τῷ
357 1373 415 1409 Θεῷ
429 1372 520 1404 θυσίαν
536 1370 673 1402 αἰνέσεως.
704 1369 815 1405 Ἐπειδὴ
839 1368 868 1397 δὲ
877 1370 917 1414 Δτὸ

89 1411 198 1455 πλῆθος
210 1421 266 1446 τῶν
287 1418 356 1445 κατὰ
369 1417 414 1445 τὸν
431 1417 515 1453 νόμον
531 1417 629 1444 θυσιῶν
655 1416 692 1446 ὡς
712 1415 822 1453 ἀχρεῖον
841 1411 916 1442 iust-

91 1462 206 1500 ὄληται,
224 1463 273 1500 μία
287 1461 365 1490 θυσία
387 1460 559 1500 προσιδέχθη
583 1460 625 1488 ἐπ’
641 1459 763 1497 ἐσχάτων
779 1461 832 1487 τῶν
849 1458 917 1486 αἰώ-

87 1520 142 1536 νων
168 1508 208 1539 εἲς
239 1507 364 1542 ἇθὲτησιν
388 1516 439 1541 της
465 1504 599 1543 ἁμαρτίας
625 1505 807 1542 ἀνενεχθεῖσα.
822 1504 850 1530 '0
865 1503 917 1541 γὰρ

89 1553 191 1590 ’Δμνὺς
206 1554 256 1580 τοῖ’»
271 1553 340 1579 Θιοὖ
363 1552 413 1587 ἦρι
435 1550 486 1585 τήν
511 1549 644 1587 ἁμαρτίαν
656 1551 704 1576 τοῦ
719 1548 836 1585 κόσμου,
855 1548 916 1575 ἑαυ-

86 1598 133 1625 τὸν
157 1595 305 1634 ἀνενεγκὼν
326 1595 482 1633 προσφορὰν
511 1594 557 1621 καὶ
583 1593 673 1626 θυσίαν
695 1593 733 1625 εἰς
758 1593 847 1630 ὀσμὴν
872 1592 917 1619 εὐ-

89 1641 172 1674 ωδίας
177 1663 183 1669 .

120 1732 167 1759 25.
198 1728 315 1767 Πλήρης
345 1727 402 1764 εἶμί
417 1728 484 1764 (78).
502 1727 633 1756 Ἐνταῦθα
646 1725 739 1758 καλῶς
763 1725 822 1763 ἔχει
838 1735 916 1764 περι-

87 1776 229 1814 ορισῦῆναι
250 1774 302 1808 τὴν
332 1773 496 1810 ἀνάγνωσιν,
524 1771 569 1799 καὶ
586 1771 640 1799 ἀπὸ
655 1769 745 1806 ἄλλης
761 1770 852 1808 ἀρχῆς
869 1770 916 1808 ἅρ-

85 1821 178 1856 ξασθαι
202 1820 254 1846 τῶν
281 1819 337 1854 (79)
367 1817 439 1852 ἇξῆς.
469 1816 507 1845 Τὸ
525 1816 571 1852 μὶν
587 1816 638 1853 γὰρ
654 1814 852 1853 πεπληρῶσθαι
867 1818 916 1849 τῆς

86 1864 158 1895 ἰδίας
176 1863 390 1901 μακαριότητος,
415 1861 460 1889 καὶ
487 1859 617 1891 ἁνινδιῶς
643 1857 715 1898 ἔχειν
732 1860 840 1893 ἑαυτοῦ,
855 1869 917 1896 πρε-

85 1907 259 1936 πωδέστατον
284 1909 324 1942 τῷ
343 1908 411 1942 eup-
434 1905 465 1933 τὸ
491 1903 519 1932 δὶ
532 1908 582 1940 τῆς
607 1905 660 1932 ἀπὸ
683 1906 735 1931 τῶν
762 1903 916 1930 ὁλοκαυτω-

88 1956 181 1990 μάτων
206 1951 319 1985 κνίσσης
342 1951 389 1978 καὶ
413 1952 461 1977 τοῦ
479 1949 592 1987 ατίματος
609 1951 661 1977 τῶν
678 1949 856 1988 σφαζομένων
871 1958 917 1975 πε-

84 1998 252 2035 πληρῶσθαι
285 1995 387 2032 λέγειν,
414 1994 519 2031 ἀνάξιον
544 1997 593 2021 τοῦ
620 1995 697 2022 Θεοῦ.
726 1992 842 2030 Πλήρης
870 1991 915 2019 οὖν

84 2042 168 2069 ἔστιν·
197 2041 254 2079 Ἀφ’
285 2039 317 2067 οὗ
345 2042 393 2067 τοῦ
421 2039 610 2077 πληρώματος
635 2039 690 2075 (80}
715 2039 797 2074 ἡμεῖς
820 2037 917 2068 πάντες

85 2084 237 2122 ἐλάϐομεν,
261 2084 307 2112 καὶ
328 2084 353 2111 ἐν
370 2084 393 2120 ᾧ
416 2086 545 2111 Κατοικεῖ
570 2086 623 2111 πᾶν
647 2083 678 2110 τὸ
702 2081 845 2119 πλήρωμα
868 2084 917 2116 τῆς

84 2131 219 2165 Θεὸτητος
248 2130 423 2166 σωματικῶς.
449 2127 563 2165 Δαίμοσι
589 2127 636 2164 μὶν
660 2126 711 2164 γὰρ
738 2127 793 2163 (81)
819 2124 863 2153 διὰ
885 2125 916 2152 τὸ

84 2173 238 2212 φιλήδονον
267 2174 312 2201 κπιὶ
328 2173 445 2210 ἐμπαθὲς
468 2175 497 2200 αῖ
513 2171 601 2205 θυσίαι
618 2170 728 2209 φέρουσί
742 2180 801 2198 τινα
817 2168 917 2204 ἡδονὴν

83 2220 130 2247 καὶ
155 2219 264 2257 χρείαν,
289 2217 504 2254 ἐκθυμιώμεναι,
519 2216 563 2244 διὰ
586 2220 636 2251 τῆς
662 2216 783 2246 καύσεως
808 2215 917 2251 ἐξατμι-

86 2265 205 2301 ζομένου
230 2265 280 2290 τοῦ
305 2261 431 2298 αἵματος,
459 2262 503 2289 καὶ
534 2261 604 2289 οὕτω
640 2259 684 2288 διὰ
711 2263 762 2295 τῆς
789 2259 917 2296 τοιαύτης

1002 572 1047 599 24.
1075 572 1163 600 Vens.
1192 573 1235 600 11.
1267 573 1337 607 Quid
1364 574 1437 602 mihi
1461 575 1612 603 multitudo
1639 577 1790 612 sacriﬁcia-

968 625 1029 644 rum
1043 619 1217 645 vestrorum?
1233 618 1302 645 dicit
1318 619 1458 646 Dominus.
1476 621 1515 646 Ex
1527 619 1572 647 his
1589 628 1651 655 quae
1663 629 1679 648 a
1708 622 1792 657 p'rin-

968 661 1082 697 cipibus
1097 662 1260 690 debuerant
1275 663 1380 696 audiri,
1407 665 1436 691 et
1456 672 1473 691 a
1497 663 1604 700 populo
1633 665 1790 700 observari,

969 706 1023 734 hoc
1040 715 1133 734 unum
1149 709 1194 735 est
1209 716 1215 734 :
1234 707 1303 741 Quid
1317 708 1390 735 mihi
1413 708 1564 737 mal/iludo
1592 710 1791 744 sacriﬁciorum

968 756 1121 779 vestrorum
1138 751 1152 779 ?
1181 751 1330 787 Sacriﬁcia
1356 753 1507 788 impiorum
1531 754 1704 782 abominatio
1727 758 1791 783 sunt

968 796 1084 823 Domino
1098 796 1130 823 ⁸ο.
1147 797 1299 829 Quomodo
1315 799 1412 824 autem
1435 805 1485 834 per
1514 798 1649 826 victimas
1678 799 1790 827 affatim

970 840 1082 868 oblatas
1098 840 1161 868 sine
1177 841 1322 877 condigna
1338 842 1508 877 pmnitentia
1524 843 1649 878 speratis
1664 852 1714 872 vos
1730 843 1792 880 {ali-

969 893 1058 920 quam
1085 884 1251 913 animarum
1279 888 1443 914 vestrarum
1472 887 1701 923 redemptionem
1729 896 1794 916 esse

970 932 1158 958 assecuturos
1172 930 1186 957 ‘2
1201 932 1263 958 Non
1271 930 1347 957 enim
1357 930 1529 959 animalium
1542 932 1794 968 sanguine,ncque

970 973 1116 1010 impositis
1131 982 1187 1001 ara:
1203 974 1366 1008 sacrificiis,
1384 975 1434 1002 sed
1451 975 1576 1002 contrito
1606 975 1691 1003 corde
1718 978 1794 1004 Deus

969 1018 1102 1054 placatur
1117 1026 1123 1045 :
1139 1018 1286 1054 siquidem
1300 1019 1477 1055 Sacriﬁcium
1492 1020 1544 1047 Deo
1558 1021 1671 1056 spiritu:
1682 1021 1794 1049 ‘contri-

970 1063 1081 1090 balatus
1091 1063 1124 1090 ⁸ί.
1135 1063 1224 1091 Porro
1237 1063 1264 1090 id
1281 1063 1379 1098 ipsum
1396 1072 1452 1090 non
1465 1063 1563 1100 inepte
1572 1065 1686 1092 dicetur
1696 1065 1732 1093 ad
1743 1073 1793 1094 eos

970 1115 1084 1142 quoque
1100 1107 1151 1143 qui
1162 1108 1296 1143 ingentes
1310 1107 1461 1143 impensas
1477 1108 1598 1142 faciunt,
1616 1117 1668 1137 nec
1695 1113 1792 1138 tamen

971 1159 1021 1187 per
1042 1159 1129 1187 opera
1153 1154 1245 1187 agunt
1273 1152 1485 1187 paenitentiam.
1516 1153 1710 1185 Quamobrem
1734 1163 1792 1182 non

970 1196 1090 1223 omnino
1102 1196 1253 1232 Scriptura
1269 1196 1364 1231 rejicit
1379 1197 1531 1229 sacriﬁcia,
1549 1198 1597 1225 sed
1616 1200 1728 1225 tantum
1740 1199 1792 1226 Ju-

972 1240 1063 1268 daica.
1081 1240 1151 1274 Quid
1165 1240 1254 1275 enim,
1271 1240 1386 1276 linquit,
1416 1242 1487 1269 mihi
1514 1242 1660 1270 multitudo
1685 1244 1792 1277 sacriﬁ-

971 1285 1076 1312 ciorum
1084 1289 1240 1312 veslrorum
1248 1284 1261 1312 ?
1270 1285 1301 1312 Et
1308 1285 1428 1320 quidem
1442 1286 1615 1321 reprobatur
1622 1286 1791 1321 multitudo;

972 1337 1061 1356 unam
1077 1336 1144 1356 vero
1160 1329 1284 1364 requirit
1304 1329 1442 1358 hostiam.
1460 1329 1668 1366 Unusquisque
1680 1330 1737 1358 Deo
1750 1331 1792 1358 of-

973 1374 1046 1401 ferat
1060 1381 1091 1401 se
1109 1373 1180 1409 ipse,
1198 1374 1338 1401 exhibens
1352 1382 1416 1401 sese
1431 1374 1558 1401 hostiam
1574 1374 1728 1409 viventem,
1746 1383 1792 1402 ac-

972 1420 1084 1453 ceptam
1100 1420 1168 1452 Deo,
1185 1426 1236 1453 per
1251 1417 1422 1445 rationalem
1435 1418 1545 1445 cultum
1558 1418 1615 1446 Deo
1632 1418 1727 1446 laudis
1743 1427 1792 1447 sa-

972 1461 1113 1490 crificium
1129 1461 1289 1489 immolans
1305 1463 1339 1490 η.
1351 1463 1423 1490 Cum
1439 1465 1537 1490 autem
1554 1462 1694 1498 legalium
1710 1463 1794 1491 vieti-

972 1514 1088 1534 marum
1101 1506 1258 1533 multitudo
1275 1508 1417 1542 tanquam
1429 1515 1503 1534 vana
1513 1507 1620 1542 rejecta
1636 1507 1793 1544 sit,appro-

971 1550 1040 1578 bata
1055 1552 1098 1577 est
1113 1552 1142 1577 et
1151 1550 1249 1578 oblata
1260 1550 1370 1578 ultimis
1385 1551 1568 1587 temporibus
1583 1552 1618 1579 ad
1635 1551 1791 1580 delendum

971 1597 1124 1631 peccatum
1139 1594 1236 1622 hostia
1265 1603 1332 1622 una.
1349 1595 1463 1623 Etenim
1478 1595 1529 1623 Dei
1554 1597 1654 1632 Agnus
1670 1596 1794 1624 abstulit

974 1639 1075 1667 mundi
1087 1641 1238 1674 peccatum
1249 1639 1280 1672 ⁸³,
1294 1647 1325 1667 se
1340 1639 1438 1675 ipsum
1448 1640 1570 1668 oll'erens
1580 1640 1756 1669 oblationem
1765 1642 1794 1669 et

974 1684 1100 1711 hostiam
1116 1683 1145 1711 in
1162 1683 1281 1711 odorem
1295 1684 1451 1712 suavitatis
1465 1685 1499 1712 “.

1006 1728 1050 1755 25.
1069 1728 1170 1756 Plenus
1183 1736 1253 1755 sum.
1272 1728 1322 1756 Hi0
1348 1729 1399 1756 abs
1414 1737 1444 1757 re
1473 1737 1530 1756 non
1561 1729 1649 1757 fuerit
1676 1730 1795 1758 lectioni

972 1773 1061 1800 ﬁnem
1080 1772 1243 1809 imponere,
1259 1777 1351 1808 exque
1380 1772 1436 1801 alio
1464 1773 1606 1809 principio
1631 1783 1695 1810 quae
1725 1777 1796 1803 sunt

973 1818 1111 1853 deinceps
1128 1817 1268 1845 discenda
1284 1817 1430 1845 inchoare.
1447 1818 1538 1845 Deum
1555 1818 1632 1846 enim
1650 1819 1733 1846 decet
1752 1819 1796 1847 vel

973 1862 1110 1896 maxime,
1126 1870 1180 1889 sua
1195 1862 1315 1897 plenum
1331 1871 1395 1890 esse
1409 1862 1602 1897 beatitudine,
1625 1871 1676 1891 nec
1706 1863 1795 1891 ullius

973 1908 1077 1942 printer
1088 1915 1118 1934 se
1130 1914 1213 1941 egere
1225 1915 1232 1934 :
1244 1915 1375 1934 asserere
1388 1909 1485 1934 autem
1497 1907 1596 1943 ipsum
1609 1907 1795 1936 holocausto-

973 1959 1038 1978 rum
1055 1951 1155 1978 nidore
1171 1953 1197 1978 et
1213 1951 1377 1978 occisarum
1387 1951 1573 1979 victimarum
1584 1952 1727 1988 sanguine
1740 1953 1797 1988 ple-

973 2004 1043 2023 num
1058 2003 1133 2027 esse,
1151 1997 1204 2022 Deo
1222 1995 1375 2030 indignum
1393 1998 1447 2024 est.
1478 1997 1528 2024 Est
1557 1997 1648 2032 igitur
1682 1997 1796 2033 plenus,

972 2041 1009 2067 De
1023 2040 1101 2074 cujus
1116 2039 1289 2074 plenitudine
1303 2048 1350 2067 nos
1364 2048 1458 2068 omnes
1481 2042 1635 2076 accepimus
1651 2042 1685 2075 ‘5,
1715 2044 1743 2069 et
1768 2042 1797 2069 in

973 2093 1030 2120 quo
1045 2083 1188 2111 Inhabilal
1202 2084 1291 2111 omnis
1303 2084 1444 2119 plenitudo
1466 2084 1622 2113 divinitatis
1649 2086 1797 2121 corporali-

972 2132 1013 2156 ter
1027 2129 1058 2156 ‘°.
1078 2128 1163 2155 Porro
1179 2128 1336 2161 daemones,
1353 2130 1453 2164 utpote
1468 2129 1668 2164 voluptatibus
1683 2130 1796 2158 allecti-

973 2172 1086 2208 busque
1102 2171 1297 2208 indulgentes,
1314 2181 1348 2200 ex
1362 2172 1490 2201 victimis
1500 2182 1558 2201 non
1575 2173 1647 2202 nihil
1677 2175 1798 2210 capiunt

973 2215 1131 2252 voluptatis
1141 2224 1172 2244 ac
1179 2215 1496 2253 emolumenti.0uippe
1506 2218 1576 2245 dum
1589 2218 1796 2253 incenduntur,

973 2261 1094 2297 sanguis
1107 2269 1157 2296 per
1167 2260 1353 2289 adustionem
1364 2262 1540 2290 convertitur
1552 2263 1580 2290 in
1593 2264 1798 2299 vaporem,sic-

86 2299 314 2343 λεπτοποιήσιως
340 2306 378 2338 εἲς
402 2307 452 2341 τὴν
478 2306 602 2334 σύστασιν
626 2305 713 2333 αὐτῶν
726 2302 915 2341 ἀναλαμϐανο-

974 2313 1026 2341 que
1042 2305 1071 2332 in
1085 2305 1232 2340 ejusmodi
1245 2305 1374 2333 minutus
1386 2308 1481 2342 partes
1493 2307 1684 2342 resolutus,tn
1695 2317 1798 2337 eorum

123 2368 147 2386 ³ο
162 2369 246 2395 Rom.
262 2375 291 2401 x,
307 2367 351 2394 20.
400 2365 428 2401 ν⁴⁰
443 2365 525 2393 Prov.
545 2373 594 2398 xv,
608 2365 635 2392 8.

87 2404 112 2421 “
128 2404 216 2432 Joan.
234 2411 254 2437 l,
269 2400 346 2430 16.⁴θ
359 2400 470 2429 Coloss.
487 2409 518 2434 ιι,
534 2400 562 2428 9.

124 2463 183 2498 (75)
196 2463 245 2498 lta
258 2463 386 2498 quatuor
400 2459 593 2498 mss1Atediti
604 2467 670 2498 cum
682 2459 919 2498 Reg.pri_mo,m-

87 2481 596 2535 patéft’oéﬁa‘éfiaiigxs;proavus.
612 2495 671 2523 Hoc
700 2481 773 2532 i535
794 2495 825 2523 in
855 2481 918 2523 loco

86 2530 164 2571 Reg:
175 2534 338 2571 secundus,
359 2530 542 2571 ﬁnally-avia.

125 2565 183 2605 (776)
198 2570 286 2603 Editi,
299 2567 371 2605 παρὰ
386 2567 489 2605 Κυρίῳ.
502 2568 589 2596 Deest
597 2565 670 2604 παρά
685 2566 715 2594 in
731 2566 827 2595 tribus
844 2574 917 2594 mss.

86 2609 115 2634 et
130 2607 160 2634 in
176 2606 306 2634 editione
322 2605 463 2632 Romana.

122 2643 179 2677 (77)
195 2643 268 2670 Tres
284 2648 369 2677 mss,
385 2638 518 2674 ἐπιζητεῖ,
543 2639 588 2677 ἢν,
603 2637 697 2677 αὐτὸς.
710 2635 823 2668 ἕκαστος
851 2636 916 2677 ἑαυ-

89 2672 134 2703 τὸν
151 2672 295 2716 προσάγει.
313 2672 393 2716 Unus
409 2672 477 2716 mel,
503 2672 644 2716 προσάγρν
673 2674 756 2716 alter,
781 2672 920 2716 prpetravi-

91 2723 138 2749 γῃ.
154 2710 212 2742 Sed
227 2710 336 2741 castore
350 2711 379 2739 in
395 2710 590 2748 υίιποιῖιιοωε.
600 2710 745 2746 leguntur
757 2711 790 2737 ut
803 2710 832 2737 in
849 2718 918 2737 con-

94 2751 186 2777 testu.

124 2758 186 2822 ἓξ).
198 2784 290 2818 Illud,
308 2780 424 2822 μλήρης
439 2781 507 2822 εἶμί,
521 2782 613 2822 l_1_ic_et
635 2782 712 2822 apud
743 2780 918 2822 Procppium

95 2817 225 2851 absolute
242 2817 380 2857 ponitur,
390 2826 444 2847 nec
457 2817 494 2847 ad
509 2818 588 2847 aliud
603 2817 765 2854 quidquam
782 2817 917 2845 refertur.

689 2365 710 2383 ⁴¹
728 2364 802 2393 Psal.
822 2372 846 2399 ιι,
863 2365 907 2392 19.

960 2363 983 2382 ⁴¹
998 2364 1082 2392 Rom.
1099 2371 1150 2396 xu,
1168 2363 1193 2391 1.

1244 2364 1366 2393 ⁴³108υ.
1398 2373 1416 2399 ι,
1439 2364 1484 2392 29.
1535 2365 1558 2383 “
1580 2366 1687 2403 Ephes.
1714 2375 1742 2401 v,
1770 2367 1798 2395 2.

974 2459 1076 2487 Plenus
1091 2466 1163 2486 sum.
1180 2457 1321 2486 Similiter
1336 2461 1364 2487 et
1380 2459 1409 2486 in
1425 2459 1550 2496 Vulgata
1567 2469 1573 2489 :
1596 2462 1698 2490 Plenus
1725 2471 1798 2491 sum.

974 2496 1136 2534 [Iolocaugta
1151 2495 1272 2534 arietant
1290 2514 1296 2521 .
1315 2514 1320 2520 .
1340 2515 1346 2521 .
1358 2495 1449 2534 nolui.
1483 2497 1548 2534 Sed»
1567 2506 1624 2534 non
1654 2498 1696 2526 ita
1720 2499 1798 2534 apud

975 2531 1055 2564 LXX,
1074 2530 1123 2570 ubi
1144 2530 1186 2570 sic
1213 2530 1338 2566 legimus
1357 2531 1504 2570 ε-Η-γήρης
1519 2532 1584 2570 ,εἱμί
1601 2530 1799 2570 ὁλοκαυτωμά-

973 2576 1027 2593 των
1043 2568 1138 2602 κριῶν·
1153 2566 1254 2593 Plenus
1281 2574 1344 2593 sum
1371 2566 1535 2596 holocaustis
1555 2566 1693 2598 'arietum.
1726 2566 1797 2597 Ulti-

975 2611 1053 2630 mam
1070 2602 1144 2630 hanc
1161 2601 1315 2629 lectionem
1332 2604 1361 2629 et
1375 2604 1453 2631 apud
1471 2605 1628 2631 Eusebium
1644 2608 1672 2631 et
1687 2605 1715 2631 in
1739 2604 1795 2631 ali-

975 2611 1053 2630 mam
1070 2604 1144 2630 hanc
1161 2604 1315 2643 lectionem
1332 2604 1361 2642 et
1375 2604 1453 2639 apud
1471 2605 1628 2632 Eusebium
1644 2608 1672 2633 et
1687 2605 1715 2632 in
1739 2604 1795 2632 ali-

974 2641 1046 2674 quot
1061 2647 1133 2665 mss.
1151 2645 1270 2673 reperiri
1287 2639 1387 2666 statim
1404 2639 1618 2668 adnotabimus.

1009 2674 1269 2716 ςῖἓὶέίὲθυίξιίιυεδ
1285 2675 1586 2716 ωδε-Αὲθέίιέετάκ
1625 2711 1639 2716 -
1672 2710 1677 2716 .

1009 2711 1065 2746 (80)
1081 2708 1358 2746 Εᾱὶιῖ,πληρώματος
1374 2709 1465 2739 αὐτοῦ.
1481 2711 1542 2739 Vox
1557 2710 1640 2737 αὐτοῦ
1669 2710 1699 2738 in
1730 2709 1796 2738 aliis

974 2749 1100 2781 quatuor
1117 2753 1188 2773 mss.
1201 2745 1394 2781 desideratur.

1009 2783 1064 2818 (81)
1076 2781 1193 2818 Δαίμοσι
1208 2780 1254 2818 μὲν
1272 2781 1333 2818 γάρ,
1351 2781 1425 2818 Lege
1439 2781 1650 2809 Prtel'ationem.
