2018 3146
98 185 155 218 169

526 184 731 217 COMMENT.
753 185 792 215 ΙΝ
817 182 950 215 ISAlAM
973 182 1227 217 PROPHETAM.
1250 184 1337 218 CAP.
1360 186 1385 217 Ι.

1749 188 1808 219 170

99 256 164 291 χῆς,
184 253 223 288 μὴ
252 251 429 290 μεριζόμενον
453 253 513 283 ταῖς
534 251 639 289 γηίναις
660 252 816 288 μερίμναις,
847 250 929 278 οἱονεῖ

990 250 1170 286 distractam,
1182 253 1267 288 quasi
1293 261 1345 289 per
1367 253 1465 289 ignem
1481 256 1645 290 purgatam,
1656 256 1685 282 et
1700 262 1763 290 quae
1779 262 1811 283 se

102 296 147 324 διὰ
161 297 249 335 πυρὸς
265 297 431 335 καθαρθίντα
445 297 490 324 καὶ
507 293 620 332 δόκιμον
634 294 832 333 ἀποδειχθέντα
860 294 927 322 ὅλον

101 341 225 377 ἐπιζητῶ
237 340 301 377 ἐμοι
317 341 522 379 ἀναπεμφθῆναι
535 350 542 357 ’
559 339 621 368 οὐδὲ
645 341 722 378 στέαρ
747 340 834 377 ἀρνῶν
859 339 928 366 ἁποο

101 387 276 417 κνινσοῢσθαι
293 384 357 422 πυρὶ
384 385 452 423 πρὸς
475 384 507 411 τὸ
532 383 708 420 λεπτότατον,
724 383 798 411 ἀλλὰ
819 383 927 421 τρόπων

99 429 247 465 ἁπλότητα
273 429 326 457 ἀπὸ
352 433 401 464 τῆς
429 429 529 457 ἀκάκου
551 431 644 466 ψυχῆς
667 428 728 465 ἐμοὶ
742 428 907 456 ἀνατίθεσθαι
922 449 928 455 .

98 475 144 502 καὶ
162 474 231 512 ουχὶ
247 475 318 511 αἱμα
343 474 449 512 ταύρων
476 473 521 501 καὶ
544 474 653 511 τράγων
678 475 857 511 προσχεῖσθαι
873 473 929 509 (91)

101 521 137 556 τῇ
169 519 245 557 βάσει
269 521 318 546 τοῦ
343 519 555 557 θυσιαστηρίου·
578 517 651 546 ἀλλὰ
673 518 704 546 τὸ
734 517 930 554 ἆπιθυμητικὸν

104 564 150 591 καὶ
171 562 314 600 θυμοειδὲς
330 564 380 598 τῆς
400 565 494 601 ψυχῆς
513 561 557 590 διὰ
582 560 733 600 φιλοπόνου
761 563 931 600 προσευχῆς,

104 608 150 636 καὶ
179 610 228 643 τῆς
259 608 299 639 εῗς
326 609 360 636 τὰ
395 608 456 646 ἅγια
492 606 669 646 προσιδρείας
703 606 931 642 ἐξαναλίσκεσθαι.

103 654 190 688 Τήρει
207 652 247 686 δὲ,
264 652 306 680 ὅτι
322 652 385 690 οὐχὶ
402 655 454 679 πᾶν
472 653 542 688 αἷμα
557 652 615 679 εἶπε
642 653 679 688 μὴ
707 650 866 689 βούλεσθαι,
883 650 933 678 ἀλ-

102 696 138 725 λὰ
153 696 218 725 τόδε
231 698 263 724 τὸ
274 697 354 734 αἷμα,
369 697 401 724 τὸ
416 697 446 724 ἐκ
459 696 546 725 τῶνδε
560 699 613 724 τῶν
631 697 719 730 ζώων.
737 697 812 732 Λῖμα
836 695 887 733 γὰρ
902 695 933 722 τὸ

101 742 143 770 ἐπ’
174 742 299 780 ἐσχάτων
325 744 379 768 τῶν
409 741 517 769 αἶ’ώνων
548 741 731 779 ἐκχυνόμενον
766 740 805 771 εἰς
841 738 933 778 ἄφεσιν

104 787 259 824 ἁμαρτιῶν,
283 786 298 814 ’ὁ
327 787 371 814 καὶ
400 789 522 823 κρεῖττον
551 785 631 814 λαλεῖ
655 786 728 823 παρὰ
749 785 780 812 τὸ
803 787 852 812 τοῦ
876 785 932 822 (92)

103 829 203 866 νΑὸελ,
220 831 271 859 οὐκ
299 829 330 858 ἂν
355 831 413 859 εἶπε
436 831 474 867 μή
501 830 663 868 βούλεσθαι·
681 829 754 857 ἀλλὰ
777 829 936 866 μετατίθησι

101 876 149 907 τὰς
176 876 273 906 Θυσίας
299 875 343 903 ὶπὶ
364 876 396 903 τὸ
421 875 616 912 πνευματικὸν,
632 873 726 909 ἆπειδὴ
751 874 795 902 καὶ
822 873 936 912 ἱερωσύ-

101 931 152 956 νης
185 921 327 957 μετάθεσις
356 919 451 956 μέλλει
474 919 605 956 γίνεσθαι.
623 919 653 948 Ei
665 919 732 972 1κγιὲιρ
759 921 934 972 ριαραιτεῖται
949 939 973 972 Β

100 966 152 996 τὰς
168 965 328 1001 σωματικὰς
345 964 448 998 θυσίας,
463 967 636 1002 παραιτεῖται
662 962 793 999 δηλονότι
816 964 862 991 τὸν
884 974 934 991 κα-

100 1009 137 1037 τὰ
156 1010 241 1046 νόμον
259 1009 401 1047 ἀρχιερέα.
419 1011 482 1040 Πῶς
497 1009 549 1046 γὰρ
572 1007 740 1036 τελειωθῶσι
763 1009 812 1039 τὰς
838 1011 933 1046 χεῖρας

103 1055 129 1081 οἱ
155 1054 225 1081 κατὰ
248 1054 334 1091 νόμον
362 1054 511 1092 ἀρχιερεῖς,
530 1055 580 1080 τοῦ
602 1055 682 1091 κριοῦ
701 1057 752 1088 τῆς
776 1053 933 1081 ὁλοκαυτώ-

103 1098 224 1134 σεως,ᾦ
239 1097 393 1126 ἐπετίθεσαν
422 1097 470 1129 τὰς
499 1100 603 1135 χεῖρας,
635 1097 732 1134 μηκέτι
758 1097 934 1134 προσαγομὲ-

100 1153 166 1177 νου;
183 1143 243 1174 πῶς
260 1142 290 1170 δὲ
305 1142 480 1181 ῥαντιοθῶσιν
496 1143 522 1170 oi
545 1143 641 1179 μηκίτι
672 1140 716 1169 διὰ
742 1144 792 1169 τοῦ
819 1141 933 1178 αἵματος

105 1187 317 1225 ραντιζόμενοι;
343 1186 435 1218 Οὕτως
464 1186 509 1214 οὗν
538 1186 678 1225 ἀμφότερα
707 1185 825 1220 ἵσταται,
853 1187 933 1214 καὶὸ

101 1232 174 1260 κατὰ
191 1231 310 1261 Minucia
324 1232 419 1268 νόμος,
435 1231 480 1259 καὶ
503 1232 520 1266 ἡ
549 1231 742 1269 παρεισαγωγή
770 1231 819 1258 τοῦ
846 1231 933 1268 κρείτ-

102 1287 194 1309 τονος.
212 1274 411 1305 Ἐκϐάλλονται
427 1276 517 1303 τοίνυν
531 1276 557 1303 oi
577 1275 607 1303 ἐκ
629 1278 678 1303 τοῦ
703 1275 857 1314 σπέρματος
873 1276 935 1303 Ἀα-

103 1320 226 1358 ρὼν,’ίνα
250 1322 264 1349 6
281 1321 350 1348 κατὰ
377 1321 427 1354 τήν
456 1320 530 1356 τάξιν
558 1319 736 1358 Μελχισεδέχ
765 1319 933 1358 ἀντεισὲλθῃ.

103 1366 202 1393 οὐκέτι
232 1365 260 1392 αἱ
288 1367 337 1392 τοῦ
365 1363 563 1403 ἐνδελεχισμοῢ
595 1365 700 1392 θυσίαι·
718 1365 806 1392 οὐκέτι
833 1365 860 1392 αἱ
876 1365 933 1401 (93)

103 1410 172 1438 κατὰ
194 1411 245 1444 τήν
276 1410 383 1448 ἡμέραν
403 1411 453 1437 τοῦ
467 1409 599 1446 ἱλασμοῦ-
615 1408 705 1437 οὐκέτι
720 1411 738 1444 ἡ
756 1408 856 1440 σποδὸς
884 1409 934 1444 τῆς

104 1454 254 1491 δαμάλεως
268 1454 451 1492 καθαρίζουσα
469 1453 532 1485 τοὺς
560 1455 785 1490 κεκοινωμένους.
802 1454 856 1482 Μία
882 1454 932 1491 γὰρ

104 1500 195 1533 θυσία,
220 1500 234 1527 ὁ
258 1499 387 1537 Χριστὸς,
403 1498 449 1526 καὶ
478 1499 496 1534 ἡ
525 1499 583 1526 κατ’
612 1497 692 1526 αὗτὸν
720 1499 850 1536 νέκρωσις
878 1501 932 1526 τῶν

105 1543 203 1581 ἁγίων.
214 1543 265 1575 Εἲς
281 1543 440 1582 ραντισμὸς,
455 1544 487 1571 τὸ
504 1542 619 1580 λουτρὸν
632 1546 683 1578 τῆς
707 1543 930 1581 παλιγγενεσίας·

103 1588 132 1615 ἓν
148 1587 287 1626 ἁμαρτίας
304 1587 447 1625 λυτήριον,
462 1588 493 1615 τὸ
507 1587 619 1625 ἓκχυθέν
637 1588 704 1626 ὑπὲρ
718 1591 768 1623 τῆς
798 1587 932 1624 σωτηρίας

103 1635 155 1660 τοῦ
180 1633 288 1668 κόσμου
317 1633 396 1669 αἷμα.
414 1633 463 1660 Διὰ
489 1635 569 1660 τοῦτο
600 1633 690 1664 ἀθετεῖ
715 1633 750 1660 τὰ
772 1634 878 1671 πρῶτα,
888 1631 934 1660 “ίνα
949 1624 970 1658 C

103 1678 140 1704 τὰ
169 1676 285 1715 δεύτερα
312 1678 408 1714 στήσῃ.
434 1676 500 1705 Οὐδ’
527 1677 556 1704 ἂν
587 1675 706 1716 ἕρχησθε
733 1677 848 1716 ὀφθῆναί
878 1688 936 1714 μοι.

109 1722 179 1749 Ἀπὸ
193 1723 287 1749 κοινοῦ
301 1722 332 1749 τὸ
349 1723 430 1758 (93⁸),
444 1722 474 1749 οὗ
494 1721 642 1759 βούλομαι.
659 1722 698 1750 Οὐ
716 1722 797 1759 μόνον
813 1722 858 1750 τὸν
875 1723 936 1760 περῖ

104 1767 208 1794 θυσιῶν
221 1766 307 1803 νόμον
325 1766 423 1801 ἀθετεῖ,
440 1765 568 1794 ἀλλὰκαὶ
584 1767 630 1794 τὸν
645 1767 707 1804 περὶ
719 1769 768 1794 τοῦ
793 1765 847 1794 δεῖν
873 1768 936 1805 ὁρᾶ-

104 1817 168 1843 σθαι
183 1814 237 1838 πᾶν
254 1811 395 1848 ἀρσενικὸν
410 1811 469 1849 τρὶς
485 1812 533 1838 τοῦ
548 1810 672 1838 ἐνιαυτοῦ
686 1811 800 1839 ἐνώπιον
821 1812 933 1848 Κυρίου.

104 1856 179 1884 Ἐπεὶ
203 1855 252 1883 οὖν
269 1855 299 1882 οὐ
318 1853 524 1891 μετεϐληθηοαν
541 1857 597 1892 (94)
613 1856 666 1883 ἀπὸ
684 1858 733 1883 τοῦ
757 1855 845 1883 ἄδικοι
868 1857 934 1884 εἶναι

104 1901 151 1928 καὶ
167 1900 267 1928 σκολιᾶ
283 1900 356 1938 ἔχειν
378 1901 411 1928 τὰ
433 1899 589 1936 ἐπιϐούλια,
609 1899 733 1937 ἐξέϐαλεν
756 1901 852 1933 αὐτοὺς
880 1904 933 1929 τῶν

105 1946 204 1973 ἑαυτοῦ
227 1944 389 1984 ὀφθαλμῶν.
416 1945 570 1984 Ὀφθαλμοί
605 1947 656 1983 γὰρ
690 1946 790 1983 Κυρίου
820 1946 864 1973 ἐπὶ
897 1945 935 1974 δι-

106 1990 224 2020 καίους·
253 1990 311 2024 καὶ,
340 1989 498 2025 Εὐθύτητας
527 1989 580 2017 εἶδε
609 1991 641 2017 τὸ
664 1991 811 2028 πρόσωπον
841 1990 932 2020 αὐτοῦ.

105 2035 212 2072 Ὀργήν
229 2032 259 2061 δὲ
271 2034 322 2068 τὴν
338 2033 378 2065 εἰς
391 2033 496 2065 οἰκέτας
511 2034 634 2070 ἐμφαίνει
667 2033 809 2069 δεσπότου,
824 2035 854 2062 τὸ
884 2035 934 2073 ἀφ-

106 2079 242 2116 αιρεῖσθαι
269 2078 319 2112 τήν
348 2078 502 2116 παρῥησίαν
531 2078 618 2106 αὐτῶν
647 2080 698 2113 τῆς
725 2079 874 2114 ἐντεύξεως·
903 2080 934 2107 τὸ

107 2121 137 2150 δί
163 2123 202 2153 εἷς
226 2122 287 2159 τρὶς
300 2123 355 2159 (95)
369 2123 419 2156 τὴν
447 2122 511 2160 περὶ
540 2125 606 2150 Θεοῦ
634 2123 746 2161 θεωρίαν
773 2123 935 2151 ἐκτείνεσθαι

107 2166 194 2202 δηλοῖ
220 2167 272 2202 τὴν
295 2166 321 2194 ιν
346 2165 444 2204 Τριάδι
469 2170 519 2201 τῆς
541 2166 683 2205 θεολογίας
709 2167 864 2206 ἐπίγνωσιν.
887 2169 936 2196 Διὰ

105 2212 188 2240 τοῦτο
204 2210 233 2239 δὲ
248 2211 362 2249 apem;
376 2211 413 2242 ὡς
429 2211 518 2246 ἀξίους
534 2214 588 2239 τῶν
606 2212 684 2239 θείων
701 2212 849 2251 ὀφθαλμῶν
866 2223 934 2251 προ-

107 2257 251 2293 ετίμησεν,
267 2254 481 2292 ἰνδεικνύμενος,
495 2255 537 2283 ὅτι
562 2257 706 2287 συντόνους
721 2257 812 2295 ψυχὰς
827 2258 935 2295 παγίως

105 2301 152 2328 καὶ
182 2302 319 2336 κραταιῶς
348 2299 525 2332 ἐπιτελούσας
551 2301 584 2328 τᾶ
610 2299 742 2338 δόγματα,
767 2300 841 2329 ἀλλὰ
867 2302 932 2340 οὐχὶ
953 2299 967 2313 ¹λ

982 297 1103 331 probam
1119 297 1397 330 ostenderit,oﬁ'erri
1409 298 1482 326 mihi
1497 301 1589 326 totam
1601 299 1696 335 cupio.
1709 299 1809 335 Neque

983 348 1126 376 agnorum
1141 342 1257 377 adipem
1272 345 1375 378 exopto
1390 343 1420 370 in
1432 343 1625 372 tenuissimos
1636 344 1753 372 nidores
1765 345 1811 372 fu-

984 393 1109 421 mosque
1135 386 1195 422 igni
1226 386 1341 420 resolvi,
1365 387 1415 415 sed
1446 396 1560 416 morum
1591 387 1812 424 simplicitatem

985 430 1200 466 candoremque
1215 431 1287 458 mihi
1304 431 1340 458 ab
1351 432 1449 460 anima
1465 432 1619 460 innocente
1634 432 1812 462 consecrari.

985 474 1083 510 Neque
1098 475 1261 510 expostulo,
1276 482 1308 503 ut
1324 476 1360 504 ad
1377 476 1476 505 altaris
1487 477 1665 512 crepidinem
1677 477 1813 505 aifunda-

985 521 1035 546 tur
1049 519 1200 547 taurorum
1214 522 1264 548 aut
1280 520 1428 548 hircorum
1441 522 1579 558 sanguis;
1596 522 1646 550 sed
1659 524 1691 550 ut
1704 530 1739 550 ea
1749 521 1813 550 ani-

987 571 1040 590 mae
1057 571 1122 598 pars
1147 564 1177 591 in
1202 572 1261 599 qua
1281 564 1330 592 iraa
1353 565 1558 602 cupiditasque
1582 567 1738 601 exsistunt,
1761 574 1815 603 per

987 609 1137 636 strenuam
1162 609 1370 645 precationem,
1396 618 1429 638 ac
1456 619 1507 646 per
1528 613 1763 647 perseverantem
1783 611 1814 640 in

988 651 1060 680 locis
1073 653 1183 681 sanctis
1194 654 1466 690 commorationem,
1480 655 1814 684 absumatur.Caeterum

988 697 1109 725 observa
1128 705 1196 725 eum
1220 707 1277 725 non
1305 698 1414 726 dixisse
1444 707 1508 727 sese
1538 699 1614 727 nolle
1641 700 1815 736 sanguinem

989 741 1158 776 quemlibet,
1167 742 1218 770 sed
1230 745 1343 770 certum
1355 744 1552 779 quorumdam
1564 744 1739 772 animalium
1750 753 1815 773 san-

988 786 1119 822 guinem.
1131 787 1203 814 Nam
1214 787 1265 823 qui
1274 787 1397 824 sanguis
1408 787 1438 815 in
1450 788 1496 816 his
1507 788 1619 817 ultimis
1633 788 1817 826 temporibus

991 830 1021 858 in
1032 831 1235 859 remissionem
1253 834 1438 867 peccatorum
1452 832 1563 860 eil'usus
1578 835 1633 867 est,
1645 833 1698 870 qui
1711 835 1741 862 et
1757 841 1818 862 me-

990 875 1046 903 lius
1063 875 1193 912 loquitur
1207 884 1295 912 quam
1311 877 1434 913 sanguis
1445 877 1546 905 Abelis
1556 875 1587 913 σε
1601 878 1679 906 hunc
1694 887 1727 906 se
1741 878 1819 906 nolle

991 929 1047 948 non
1063 920 1159 948 dixit:
1177 921 1227 949 sed
1252 921 1330 949 400
1355 921 1467 950 hostias
1491 930 1559 950 cum
1585 922 1712 958 spiritali
1735 922 1816 951 cultu

989 967 1153 993 commutat
1169 974 1176 993 :
1193 965 1434 1001 quandoquidem
1454 966 1555 995 futura
1569 969 1632 995 erat
1657 967 1803 995 sacerdoti

988 1009 1142 1037 translatio
1153 1010 1184 1037 ⁵⁵.
1197 1010 1323 1044 Etenim,
1334 1010 1359 1038 si
1369 1019 1524 1046 corporeus
1540 1011 1674 1047 repudiat
1689 1011 1812 1046 hostias,

989 1054 1084 1089 rejicit
1094 1054 1222 1090 profecto
1236 1054 1360 1090 legalem
1377 1055 1557 1091 pontiﬁcem.
1569 1055 1721 1087 Quomodo
1736 1055 1816 1084 enim

989 1099 1141 1134 pontiﬁces
1166 1099 1214 1127 isti
1239 1098 1346 1135 legales
1372 1101 1578 1128 consecrarent
1606 1108 1712 1128 manus
1732 1108 1815 1135 suas,

989 1151 1054 1170 cum
1071 1143 1158 1177 aries,
1169 1144 1215 1171 cui
1232 1152 1338 1172 manus
1354 1143 1556 1180 imponebant,
1568 1153 1624 1172 non
1640 1143 1769 1181 amplius
1786 1145 1817 1173 in

989 1187 1190 1216 holocaustum
1201 1188 1358 1217 offeratur?
1364 1189 1511 1224 quomodo
1517 1197 1585 1217 vero
1592 1191 1819 1225 aspergerentur

988 1232 1007 1260 ii
1025 1232 1074 1268 qui
1091 1240 1141 1268 per
1157 1233 1332 1268 sanguinem
1350 1241 1408 1260 non
1420 1233 1548 1269 amplius
1564 1234 1819 1269 purganturiliao

988 1276 1087 1312 itaque
1097 1277 1209 1305 ratione
1220 1279 1279 1305 stat
1290 1280 1460 1313 utrumque,
1471 1281 1535 1306 tum
1546 1278 1592 1305 lex
1604 1277 1742 1312 Massica,
1753 1280 1818 1307 tum

989 1320 1118 1348 melioris
1142 1321 1331 1350 introductio.
1347 1321 1552 1349 Excluduntur
1574 1321 1666 1358 igitur
1679 1321 1731 1357 qui
1747 1323 1819 1351 sunt

988 1373 1022 1393 ex
1036 1366 1157 1394 Aaronis
1173 1366 1284 1394 semine
1300 1366 1428 1400 oriundi,
1441 1369 1475 1394 ut
1489 1367 1555 1394 istis
1570 1367 1710 1394 succedat
1721 1374 1819 1398 sacer-

988 1410 1041 1437 dos
1056 1410 1219 1438 secundum
1240 1411 1373 1438 ordinem
1399 1410 1613 1439 Melchisedech
1624 1411 1657 1437 ⁵⁸.
1673 1410 1737 1439 Non
1748 1411 1814 1446 jam

988 1454 1115 1490 amplius
1134 1455 1206 1490 juge
1222 1454 1293 1482 illud
1311 1455 1488 1482 sacriﬁcium
1501 1455 1533 1489 ⁵⁷,
1550 1463 1608 1483 non
1631 1456 1694 1491 jam
1711 1455 1814 1484 hostis:

988 1498 1044 1526 illa:
1055 1507 1118 1534 quae
1130 1498 1326 1526 offerebantur
1341 1498 1371 1526 in
1383 1498 1429 1526 die
1444 1499 1673 1535 propitiationis,
1685 1507 1742 1528 non
1755 1507 1816 1528 am-

989 1543 1066 1578 plius
1076 1543 1149 1570 cinis
1158 1543 1290 1578 juvenes:
1303 1544 1429 1571 mundat
1438 1543 1608 1579 inquinatos
1616 1544 1648 1571 ⁸⁸.
1661 1544 1725 1572 Una
1735 1544 1815 1573 enim

988 1587 1246 1622 hostia,0bristus;
1259 1589 1344 1623 atque
1355 1595 1389 1616 ea
1400 1596 1464 1624 qua:
1474 1589 1636 1616 secundum
1648 1589 1747 1624 ipsum
1759 1590 1816 1623 est,

990 1635 1160 1660 sanctorum
1189 1632 1387 1660 mortiﬁcatio.
1412 1632 1475 1660 Una
1498 1632 1639 1669 aspersio,
1666 1633 1817 1662 lavacrum

992 1676 1234 1713 regenerationis;
1251 1685 1310 1704 una
1330 1677 1440 1713 peccati
1464 1677 1600 1713 expiatio,
1617 1678 1740 1714 sanguis
1766 1686 1818 1713 pro

993 1721 1095 1749 mundi
1104 1721 1198 1749 salute
1207 1722 1328 1749 eﬂ‘usus.
1337 1721 1379 1749 0b
1390 1722 1418 1749 id
1430 1722 1552 1758 abrogat
1561 1730 1594 1750 ac
1606 1722 1701 1758 rejicit
1711 1722 1818 1758 prima,

991 1768 1023 1793 ut
1035 1766 1164 1794 secundo
1180 1768 1300 1794 statuat.
1313 1766 1403 1795 Vens.
1417 1767 1461 1794 12.
1472 1769 1564 1802 Neque
1578 1768 1709 1800 veniatis,
1721 1770 1751 1794 ut
1765 1775 1818 1802 ap-

988 1812 1107 1846 percatis
1116 1811 1194 1838 mihi.
1208 1811 1248 1838 Ex
1258 1811 1409 1839 communi
1421 1811 1659 1839 subaudiendum
1671 1814 1715 1839 est
1726 1810 1798 1839 illud
1809 1819 1815 1839 :

989 1857 1071 1885 Nolo.
1082 1857 1144 1884 Non
1160 1857 1252 1893 legem
1269 1857 1503 1893 solumsbrogat
1527 1858 1749 1891 sacriﬁciorum,
1763 1858 1815 1885 sed

989 1910 1052 1930 eam
1067 1901 1218 1935 rescindit,
1226 1910 1285 1938 qua
1296 1902 1450 1938 oportebat
1460 1902 1658 1930 masculinum
1671 1910 1758 1930 omne
1769 1904 1815 1930 ter

988 1947 1017 1973 in
1034 1955 1110 1974 anno
1126 1954 1267 1982 apparere
1288 1946 1315 1973 in
1332 1949 1489 1982 conspectu
1515 1947 1642 1975 Domini.
1656 1947 1729 1979 Quia
1744 1954 1813 1982 ergo

986 1990 1081 2026 iniqui
1100 1998 1165 2018 esse
1185 1998 1242 2018 non
1259 1991 1416 2025 desierant,
1433 1999 1527 2026 neque
1547 1991 1675 2027 obliquis
1690 1991 1813 2019 destite-

989 2038 1055 2062 rant
1067 2034 1210 2070 consiliis,
1221 2035 1306 2070 ejecit
1325 2043 1374 2063 eos
1389 2036 1425 2063 ab
1441 2035 1534 2063 oculis
1548 2036 1622 2063 suis.
1635 2035 1718 2065 Oculi
1732 2035 1812 2063 enim

970 2080 1098 2119 ,Domim'
1121 2087 1203 2114 super
1225 2079 1314 2114 justas
1324 2079 1356 2107 ⁸ο.
1368 2079 1403 2107 Et
1418 2087 1425 2107 :
1442 2080 1601 2114 Αςᾳιιίιαιεε
1627 2079 1697 2107 vidit
1720 2080 1812 2108 uultus

987 2124 1087 2158 eius“.
1105 2123 1222 2152 Domini
1250 2125 1348 2151 autem
1373 2123 1403 2151 in
1428 2123 1555 2152 famulos
1584 2124 1627 2151 ira
1654 2124 1813 2158 indicatur,

989 2177 1055 2197 cum
1072 2168 1108 2196 ab
1123 2168 1197 2204 ipsis
1220 2168 1352 2196 aufertur
1367 2167 1574 2204 interpellandi
1599 2168 1708 2196 ﬁducia
1723 2177 1730 2197 ε
1746 2176 1815 2196 eum

987 2221 1056 2241 vero
1071 2213 1123 2240 Dei
1138 2213 1308 2248 conspectui
1324 2213 1475 2241 masculus
1489 2215 1534 2241 ter
1547 2213 1674 2248 sistitur,
1688 2213 1717 2241 id
1733 2213 1818 2250 agni-

989 2258 1100 2286 tionem
1120 2257 1223 2284 divinae
1241 2257 1379 2285 doctrinas
1395 2260 1430 2285 ad
1444 2257 1620 2286 Trinitatem
1642 2257 1817 2294 pertinentis

988 2303 1182 2330 demonstrat.
1191 2301 1233 2329 Ob
1250 2301 1305 2330 hoc
1317 2304 1415 2330 autem
1427 2310 1523 2331 mares
1533 2302 1664 2339 praetulit
1673 2303 1817 2339 tanquam

141 2359 166 2377 “
181 2359 269 2396 Hebr.
285 2366 336 2396 ζιι,
350 2359 396 2387 24.
434 2359 456 2376 ⁸⁵
471 2359 558 2388 Hebr.
570 2367 619 2395 νιι,
637 2360 680 2387 12.
719 2360 741 2377 ⁵⁸
755 2360 842 2388 Hebr.
853 2369 882 2396 ν,
900 2361 933 2388 10

990 2361 1003 2379 δ”
1020 2362 1091 2388 Dan.
1106 2368 1146 2393 xx,
1163 2360 1208 2387 31.
1245 2360 1267 2377 ⁸⁸
1285 2360 1369 2387 Hebr.
1386 2368 1424 2394 1x,
1441 2361 1485 2388 13.
1523 2360 1546 2378 ⁶⁹
1559 2360 1637 2389 Psal.
1652 2368 1755 2395 mm,
1773 2361 1818 2389 16.

107 2396 130 2413 ⁸ο
145 2395 226 2423 Psal.
241 2403 270 2430 ι,
286 2394 314 2422 8.

109 2452 250 2490 ὰναζητῷ.
268 2452 380 2490 ibidem
401 2451 471 2488 Reg.
495 2452 610 2486 tertius,
623 2452 840 2490 ἀναπεμφθέντα.
857 2453 937 2482 Colb.

112 2489 275 2524 secundus,
291 2487 485 2524 ἀναπεφθῆνᾶι,
500 2490 642 2524 concoqui.

149 2525 207 2559 (91)
226 2524 270 2552 ita
289 2527 415 2561 quatuor
439 2532 511 2552 mss.
534 2526 604 2561 Reg.
621 2524 739 2560 tertius,
763 2525 939 2561 προχεῖσθαι.

110 2561 200 2593 Editi,
219 2559 405 2593 προσ-κείσθαι.

148 2569 200 2593 ιιιι,
219 2569 239 2585 π
260 2569 405 2588 οσκεισυαι.

148 2597 203 2630 (92)
221 2569 282 2632 UFhi
292 2595 400 2632 legitur
423 2595 452 2623 in
477 2595 576 2629 editis,
592 2594 665 2632 παρὰ
677 2594 720 2627 τύ,
737 2595 879 2631 scriptum
897 2604 941 2623 re-

111 2632 247 2668 perimus
278 2631 306 2658 in
337 2631 416 2668 Colh.
444 2632 573 2659 secundo
601 2635 630 2668 et
655 2632 730 2666 apud
756 2634 942 2667 Procopium,

111 2666 184 2705 ἆταρᾶ
200 2667 232 2705 τρ
247 2668 308 2694 τοῦ.
321 2666 375 2694 Alii
391 2667 449 2694 duo
466 2675 539 2695 mss.
552 2666 624 2704 παρᾶ
638 2668 697 2694 τοῦ.
714 2666 944 2705 Rog._seeundus

113 2702 179 2745 συξη
196 2703 289 2731 altero
305 2711 363 2730 ms.
374 2705 412 2745 ‘et‘
426 2710 492 2745 cum
513 2702 596 2731 sacro
614 2705 712 2745 te'xtu',‘
721 2702 794 2745 παρὰ
806 2702 864 2745 τόν.
880 2705 946 2731 Mox

113 2741 247 2802 quinqdue
270 2747 355 2773 mem,
371 2736 413 2765 hri
432 2738 463 2765 τὸ
478 2738 672 2775 πνευματικόν.
692 2736 780 2774 Editi,
793 2739 839 2766 τὸν
861 2749 943 2766 πνευ-

117 2785 200 2802 una
219 2786 244 2801 ν.

153 2785 244 2802 τικον.

117 2786 244 2810 ματικον.

150 2811 206 2847 (93)
223 2813 295 2847 Reg.
312 2809 545 2847 secundusLya‘ip
570 2809 608 2838 αἱ,
625 2810 691 2838 Mox
713 2812 871 2847 tresrmss.
882 2809 944 2847 Δἦ)μὲ

117 2843 164 2886 ραν
178 2843 229 2874 τοῦ
244 2843 421 2882 ἱὶῖαστηρίου.
437 2843 571 2885 Alii'duo
588 2852 660 2875 mss.
676 2848 706 2876 et
719 2846 802 2882 editi,
817 2848 867 2874 τοῦ
881 2843 947 2873 ἱλά-

256 2910 394 2943 Pauor.
417 2909 473 2942 Gn.
492 2909 589 2943 XXX.

994 2454 1076 2489 σμοῦ,
1093 2460 1146 2480 nec
1161 2451 1247 2489 aliter
1270 2452 1378 2488 legitur
1399 2453 1484 2481 Levit.
1501 2462 1581 2487 χχιιι,
1605 2455 1650 2481 27.
1667 2453 1752 2488 Illud,
1768 2452 1822 2480 ἀπὸ

994 2490 1099 2521 κυινοῦ,
1113 2488 1188 2524 quod
1202 2488 1354 2523 aliquanto
1369 2491 1434 2524 post
1446 2490 1589 2525 sequitur,
1601 2490 1713 2518 indicat
1722 2497 1822 2519 vocem

995 2525 1277 2561 aliquamiexiserie
1292 2525 1432 2561 orationis
1448 2526 1643 2561 supplendam
1660 2534 1735 2554 esse.

1058 2533 1137 2556 nam.
1153 2533 1188 2551 ex
1203 2533 1277 2551 serie
1292 2533 1432 2552 orationis

1031 2533 1100 2595 ὧδ’)
1115 2558 1164 2587 Τό.
1181 2560 1277 2593 Forte,
1290 2559 1350 2587 τοῦ.
1366 2561 1444 2588 Enrr.

1032 2593 1089 2632 (94)
1105 2595 1182 2623 Editi
1202 2604 1269 2632 cum
1289 2596 1385 2632 _Regio
1410 2596 1505 2630 tertio,
1533 2593 1751 2631 μετεϐλήθησαν.
1767 2594 1824 2622 Alii

998 2628 1057 2659 tres
1074 2628 1158 2664 mss,
1184 2628 1433 2667 μεταϐεϐλῆκεσαν.
1452 2628 1521 2668 Reg.
1533 2628 1653 2668 primus
1669 2628 1824 2668 utramque

999 2667 1153 2695 lectionem
1170 2666 1295 2703 praefert,
1311 2668 1387 2696 hanc
1403 2669 1432 2695 in
1448 2666 1594 2701 contextu,
1607 2666 1687 2694 illam
1704 2667 1733 2693 in
1749 2674 1826 2693 mar-

999 2705 1076 2740 gine,
1095 2711 1182 2740 manu
1200 2704 1372 2731 recentiore.

1036 2739 1091 2774 (95)
1107 2739 1184 2766 Editi
1199 2747 1266 2766 cum
1289 2739 1383 2766 tribus
1400 2747 1483 2772 mss.,
1498 2736 1569 2774 τρίς.
1585 2736 1641 2774 Alii
1665 2737 1723 2764 duo
1740 2745 1825 2774 mss,

999 2770 1088 2812 τρεῖςξ
1100 2775 1203 2812 Statim
1222 2770 1628 2812 Ηοςηεοουιιάιιείθῲλογίας
1642 2775 1758 2812 γνῶσινᾷ
1768 2770 1826 2812 lies

1000 2805 1042 2846 ita
1058 2811 1151 2846 multo
1174 2813 1240 2846 post
1255 2805 1385 2846 quinque
1413 2805 1482 2842 1115.,
1509 2805 1723 2845 ινδείιινύμζςνος.
1738 2808 1825 2844 Editi,

1002 2845 1186 2884 δεικνύμενος.
1263 2845 1272 2846 ί
1335 2845 1345 2846 ί
1739 2846 1743 2851 “
