2018 3146
197 177 251 209 171

669 175 866 207 APPENDlX
887 176 1047 207 OPERUM
1071 176 1103 206 S.
1126 175 1265 206 BASILII
1289 175 1425 207 MAGNI.

1844 176 1903 205 1⁵12

197 243 305 272 divinis
329 243 534 280 conspectibus
563 243 679 280 dignos,
695 245 727 271 ut
753 243 921 271 ostenderet
945 242 1022 278 quod

1083 240 1186 274 ἁπαλὰς
1200 241 1243 269 καὶ
1260 241 1390 273 εὐκόλους
1405 241 1450 269 καὶ
1467 240 1683 278 ἐκτιθηλυμίνας
1699 241 1713 267 ὁ
1736 238 1821 278 λόγος
1848 239 1907 268 lm-

197 288 349 325 Scriptura
371 288 486 316 animas
510 290 678 316 constanter
692 288 871 323 viriliterque
886 288 1024 323 dogmata

196 333 347 370 explentes
357 333 564 369 requirat,non
577 335 673 361 autem
686 332 800 366 molles,
811 333 1022 360 inconstantes.

197 382 247 407 aut
270 378 464 406 eﬂ‘eminatas.
476 379 665 414 Quapropter'
681 378 729 405 Ter
757 378 787 404 in
815 385 898 410 anno,
915 377 1022 413 inquit,

196 422 341 460 apparebit
374 430 454 451 omne
484 423 669 450 masculinum
696 430 790 449 coram
818 430 862 449 me
874 422 915 455 ⁵¹;
946 421 1023 457 quod

195 467 295 504 ipsum
311 475 428 503 quoque
441 466 583 503 corporali
599 466 685 494 modo
701 475 718 494 ιι
733 474 837 494 carneo
851 465 958 494 Israele
973 466 1023 493 ob-

195 510 290 540 latum
305 510 448 547 repudiat.

230 565 276 593 27.
292 565 359 599 Qui:
373 565 450 593 enim
473 565 618 600 requisivit
633 564 692 593 haec
705 564 738 592 de
752 564 880 592 manibus
903 563 1024 591 vestris?

196 609 264 642 Quae
280 609 340 637 sint
355 609 416 637 haec
432 609 594 646 corporalia
612 609 686 645 legis
701 608 856 642 sacriﬁcia,
870 608 1022 644 expressit.

196 654 346 682 Iudicatur
359 653 496 682 videlicet
519 653 595 681 aries
611 654 661 689 qui
677 655 756 681 totus
783 653 1022 686 comburebatur,

184 700 287 735 _adeps
302 707 456 734 agnorum,
469 702 618 726 taurorum
631 698 840 734 hircorumque
851 699 983 734 sanguis,
995 700 1024 726 et

197 744 357 781 corporalis
373 744 401 771 in
418 743 560 780 templum
573 751 724 777 occursus,
737 745 878 776 tanquam
895 743 919 770 si
932 742 1024 770 oculis

196 788 304 816 divinis
318 788 353 816 ad
364 788 523 816 videndum
537 796 656 816 accessu
669 795 771 815 eorum
783 795 858 824 opus
869 789 957 821 esset,
972 794 1025 816 nec

197 833 282 861 aliter
295 833 331 861 ad
352 833 438 869 longe
464 832 586 860 dissitos
613 832 805 868 pervenirent.
823 834 898 866 Haec,
917 831 1023 867 inquit,

197 878 310 914 objecta
325 877 396 905 adeo
411 879 440 905 et
455 879 571 905 terrena
583 877 651 913 quis
665 877 822 913 exquisivit
835 877 870 904 de
886 876 1024 904 manibus

1080 289 1164 321 ζητεῖ.
1182 286 1231 314 Διὰ
1258 289 1349 320 τοῦτο,
1371 285 1437 324 Τρὶς
1460 288 1509 314 τοῦ
1535 286 1666 321 ἐνιαυτοῦ,
1695 284 1787 323 φησὶν,
1817 284 1906 323 ὀφθή-

1078 341 1151 358 σεται
1175 334 1225 359 πᾶν
1251 331 1390 370 ἆρῥινικὸν
1405 331 1519 358 ἐνώπιόν
1538 341 1590 368 μου
1608 340 1614 347 ·
1640 330 1654 357 ’ὸ
1682 330 1726 357 καὶ
1755 329 1822 357 αὐτὸ
1848 340 1906 358 σω-

1080 378 1199 412 ματικῶς
1226 376 1299 415 παρᾶ
1322 378 1370 404 τοῦ
1395 376 1523 414 σαρκίνου
1629 373 1740 413 Ἰσραὴλ
1770 374 1905 412 ἀγόμενον

1077 424 1260 459 παραιτεῖται.

1112 565 1157 593 27.
1186 564 1230 595 Τίς
1260 564 1311 602 γὰρ
1349 563 1492 600 ἐξεζήτησι
1527 565 1612 591 ταῦτα
1649 563 1679 591 ἐκ
1717 565 1771 591 τῶν
1798 565 1904 601 χειρῶν

1079 610 1154 646 ὑμῶν
1167 619 1174 644 ;
1189 607 1292 644 Ἐδειξε
1306 612 1372 636 ποῖα
1386 611 1478 644 ταῦτα,
1494 610 1528 636 τὰ
1553 609 1697 645 σωματικὰ
1726 610 1774 635 τοῦ
1803 607 1905 644 νόμου,

1077 654 1123 681 τὸν
1139 655 1215 692 κριὸν
1231 655 1277 681 τὸν
1295 653 1542 691 ὁλοκαυτούμενον,
1555 653 1598 680 καὶ
1622 653 1653 680 τὸ
1677 653 1758 690 στὲαρ
1780 655 1836 680 τῶν
1856 653 1908 691 ἀρ-

1078 700 1143 733 νῶν,
1159 699 1203 726 καὶ
1223 699 1254 726 τὸ
1270 699 1338 735 αἷμα
1351 701 1404 725 τῶν
1418 698 1524 736 ταύρων
1541 698 1584 725 καὶ
1610 698 1729 735 τράγων,
1745 697 1790 724 καὶ
1810 697 1842 724 τὸ
1864 699 1907 733 τῷ

1080 743 1185 780 σώματι
1216 743 1332 779 ἆπαντᾷν
1361 743 1398 775 εἰς
1423 744 1468 770 τὸν
1498 743 1570 778 ναὸν,
1585 742 1623 773 ὡς
1637 745 1690 769 τῶν
1708 742 1786 774 θείων
1802 741 1907 780 ὀφθαλ-

1081 790 1139 825 μῶν
1168 790 1373 826 προσεγγισμοῦ
1402 786 1537 825 δεομένων
1567 787 1604 818 εἷς
1618 787 1649 814 τὸ
1663 786 1741 824 ἰδεῖν,
1757 785 1852 817 ἄλλως
1877 785 1907 814 δὲ

1081 833 1119 869 μὴ
1145 832 1297 870 φθανόντων
1319 831 1363 859 ἐπὶ
1387 832 1451 862 τοὺς
1475 831 1581 870 πόῤῥω.
1597 833 1694 867 Ταῦτα,
1708 830 1834 869 φησὶ,τά
1857 830 1907 858 οὕ-

1078 888 1117 904 τω
1140 877 1253 904 ταπεινὰ
1281 877 1325 904 καὶ
1350 878 1433 914 γήινα
1447 876 1487 907 τίς
1504 876 1661 912 ἐξεζήτησεν
1678 876 1708 903 ἐκ
1733 878 1787 903 τῶν
1801 878 1906 914 χειρῶν

197 922 324 951 vestris?
337 922 426 950 Vides
441 924 554 958 quanta
564 921 590 949 vi
603 924 631 949 et
646 921 822 949 necessitate
840 923 967 949 mentem
984 921 1023 948 le-

1083 922 1176 958 tum;
1191 922 1271 960 Ὁρᾷς
1287 921 1353 957 ὅσην
1370 921 1429 959 βίαν
1449 921 1494 948 καὶ
1519 920 1639 958 ἀνάγκην
1662 919 1756 958 ἐπάγει
1781 930 1907 957 πνευμα-

197 967 243 1004 gis
258 966 384 1003 spiritali
399 967 527 1003 quodam
543 974 632 995 sensu
649 965 860 1002 compellamur
878 965 1024 1002 interpre-

198 1011 266 1039 tari.
281 1011 311 1038 8i
337 1010 405 1047 quis
431 1011 510 1039 enim
533 1011 621 1039 verba
645 1010 718 1046 legis
744 1010 919 1038 conﬁteatur
933 1019 951 1038 a
966 1009 1024 1038 Deo

199 1055 318 1092 quidem
334 1063 399 1084 esse
413 1056 493 1088 data,
509 1055 560 1083 sed
584 1055 646 1082 haec
662 1063 726 1090 quae
742 1063 820 1082 nunc
837 1054 923 1090 ﬁunt,
936 1063 952 1081 a
967 1053 1025 1081 Deo

198 1109 256 1128 non
282 1099 391 1136 requiri
408 1100 504 1134 dicat;
521 1100 599 1127 clare
613 1102 642 1127 et
657 1100 721 1127 sine
745 1099 805 1127 ulla
829 1097 1026 1127 controversia

197 1147 327 1173 mentem
338 1146 468 1173 nostram
480 1145 516 1172 ad
526 1144 708 1180 spiritualem
723 1143 796 1180 legis
805 1142 1026 1178 contemplatio-

197 1197 264 1218 nem
279 1188 410 1217 attollere
429 1197 482 1216 nos
498 1189 588 1224 cogit;
606 1196 673 1216 cum
697 1191 814 1216 tantum
836 1197 894 1216 non
917 1188 1025 1215 clamet

196 1236 226 1262 et
247 1235 411 1262 obtestetur
427 1242 434 1261 :
450 1233 667 1261 Misericordiam
695 1233 767 1266 volo,
783 1237 809 1260 et
833 1240 889 1260 non
915 1232 1023 1267 sacriﬁ-

195 1280 270 1307 cium
285 1279 311 1306 et
328 1278 474 1306 scientiam
497 1278 549 1306 Dei
571 1278 661 1312 magis
687 1285 770 1313 quam
793 1277 981 1305 holocaustum
990 1276 1022 1304 θ’.

198 1324 272 1352 401
292 1323 327 1350 Et
343 1331 351 1351 :
380 1322 411 1350 Si
424 1323 625 1350 annuntiatum
650 1323 690 1349 est
714 1322 776 1354 tibi,
792 1322 884 1356 homo,
896 1321 964 1357 quid
980 1322 1025 1350 ba-

196 1376 275 1403 παθη,
290 1372 316 1396 et
329 1367 396 1404 quid
411 1368 542 1395 Dominus
557 1368 665 1402 quaerat
679 1375 696 1394 α
711 1369 746 1400 te,
762 1367 820 1394 nisi
834 1368 862 1393 ut
877 1366 968 1401 facias
979 1367 1024 1402 ju—

198 1413 313 1447 dicium,
328 1414 353 1440 et
369 1412 469 1447 diligas
483 1411 718 1443 misericordiam,
733 1413 759 1439 ei
780 1412 898 1446 paratus
912 1411 949 1438 sis
963 1419 1026 1438 am-

201 1456 301 1485 bulare
327 1464 390 1484 cum
416 1457 532 1484 Domino
555 1456 610 1483 Deo
633 1455 736 1484 tuo"?
751 1456 807 1483 Et:
834 1455 949 1483 Immola
973 1456 1026 1483 Deo

199 1500 371 1535 sacriﬁcium
392 1500 484 1528 laudis
493 1500 525 1528 “.
541 1501 635 1535 Atque
650 1500 747 1528 omnis
771 1500 806 1527 de
830 1499 983 1527 sacrificiis
998 1501 1027 1527 et

200 1544 380 1573 holocaustis
394 1544 528 1572 doctrina
551 1544 580 1572 in
607 1544 653 1572 his
668 1544 764 1572 verbis
779 1552 841 1579 quae
857 1544 893 1571 ad
910 1543 1026 1571 miseri-

199 1589 328 1617 cordiam
345 1591 373 1616 et
386 1588 572 1616 dilectionem
588 1589 724 1624 attinent,
737 1589 877 1616 contineri
893 1588 1024 1621 videtur;

199 1642 266 1661 cum
282 1633 329 1661 lex
351 1634 412 1661 tota
427 1633 457 1660 in
473 1633 519 1660 his
535 1633 621 1660 dictis
645 1633 816 1660 summatim
831 1633 1026 1668 comprehen-

202 1678 311 1706 datur:
329 1677 434 1712 Diliges
456 1678 617 1712 proximum
636 1679 715 1705 tuum
738 1677 809 1704 sicut
835 1679 861 1703 te
890 1677 1025 1712 ipsum“.

200 1722 276 1755 Quin
293 1724 321 1749 et
335 1729 370 1750 ea
385 1721 448 1749 loca
463 1729 527 1756 quae
543 1721 579 1749 ad
591 1721 654 1749 dies
670 1721 760 1748 festos
776 1723 921 1756 spectant,
932 1721 1026 1749 eidem

200 1765 390 1803 expositionis
415 1766 513 1802 generi
539 1765 753 1801 subjicientur;
771 1765 810 1793 ita
825 1767 858 1793 ut
871 1768 900 1793 et
919 1766 1029 1801 pascha

201 1819 389 1848 nequaquam
401 1818 455 1838 nos
466 1809 648 1838 celebremus
659 1818 664 1837 :
675 1810 706 1837 In
715 1811 849 1845 fermento
859 1809 993 1843 malitiae,
1003 1814 1029 1838 et

200 1855 344 1891 nequitia,
360 1855 408 1883 sed
422 1855 453 1882 in
468 1855 575 1890 azymis
589 1855 760 1882 sinceritatis
775 1856 801 1882 et
817 1855 941 1882 veritatis
952 1855 983 1882 ⁵⁸.
1000 1856 1028 1882 Si

203 1900 323 1936 quidem
339 1900 374 1927 ad
391 1906 558 1935 vesperum,
573 1899 627 1927 hoc
650 1900 705 1934 est,
721 1898 750 1925 in
775 1900 1030 1927 consummalione

203 1944 304 1973 saeculi
319 1951 386 1972 vera
396 1943 447 1971 illa
457 1943 519 1971 ovis
529 1943 661 1970 Christus
672 1943 852 1975 immolatur,
868 1943 952 1978 cujus
962 1951 1029 1972 caro

203 1997 270 2018 vere
292 1990 336 2016 est
360 1988 443 2016 cibus
453 1988 491 2022 ‘7;
508 1987 548 2015 ita
564 1990 596 2015 ut
611 1996 668 2014 non
694 1987 861 2015 habitamus
884 1987 980 2015 solum
1000 1988 1028 2016 in

203 2032 400 2062 tabernaculis
415 2034 492 2060 stato
505 2032 618 2060 dierum
641 2040 774 2066 numero,
791 2032 842 2060 sed
858 2032 935 2060 omni
952 2035 1029 2060 tem-

203 2086 272 2114 pore
286 2076 433 2105 ineolatus
447 2076 550 2111 nostri,
562 2084 659 2104 veram
674 2075 877 2111 praestolantes
892 2077 1027 2112 patriam,

202 2123 288 2158 cujus
315 2121 419 2150 artifex
432 2123 460 2149 et
475 2120 609 2149 conditor
637 2123 681 2148 est
709 2120 785 2148 Deus
798 2120 830 2154 ⁵⁸,
843 2123 930 2156 atque
957 2122 1029 2150 adeo

202 2168 393 2195 Pentecosteu
416 2173 539 2201 agamus
563 2164 684 2200 expletis
708 2167 820 2200 septem
838 2165 1027 2194 hebdomadi-

203 2211 259 2239 bus
275 2219 283 2238 :
300 2210 354 2238 hoc
368 2212 422 2245 est,
439 2210 475 2237 de
488 2209 548 2237 vita
571 2210 759 2245 desperemus
780 2211 921 2246 tanquam
937 2211 965 2238 in
982 2211 1028 2238 die

202 2257 334 2283 extrema
346 2253 509 2282 constituti.

238 2319 260 2337 ⁶¹
276 2319 365 2346 Exod.
381 2326 484 2352 χχχιιι,
499 2317 561 2354 17η
581 2318 604 2335 ⁸³
618 2317 683 2345 Oss.
697 2326 737 2352 v1,
752 2318 780 2345 6.
817 2318 840 2336 ⁸³
855 2318 941 2346 Mich.
957 2327 998 2354 vx,
1012 2320 1042 2349 8.

201 2355 224 2373 ⁸⁷
238 2355 323 2383 Joan.
340 2362 379 2390 v1,
394 2355 440 2382 56.
477 2353 499 2372 ⁸⁸
514 2353 599 2382 lIebr.
616 2362 655 2388 x1,
673 2354 716 2381 10.

240 2417 297 2453 (96)
312 2414 401 2450 Editi,
416 2414 489 2453 παρὰ
500 2415 549 2453 τοῦ
573 2416 713 2453 σαρκ-ικοῦ.
731 2417 764 2453 At
787 2415 917 2453 quinque
943 2424 1027 2451 mss.,

202 2449 275 2489 παρὰ
287 2449 336 2478 τοῦ
351 2449 488 2489 σαρκίνου.
501 2451 562 2489 Vox
575 2449 647 2487 παρά
662 2460 720 2479 non
737 2449 830 2489 placet
839 2449 1026 2487 Gombeﬁsio,

203 2486 256 2525 pro
275 2496 334 2523 qua
357 2488 408 2525 ait
422 2487 578 2525 legendum
603 2486 668 2525 esse
690 2486 763 2523 πιρί·
780 2487 847 2525 sed,
859 2490 898 2525 ut_
914 2489 1025 2516 notavi-

201 2523 279 2558 inus,
297 2531 349 2551 nec
364 2523 445 2556 editi,
463 2531 516 2550 nec
531 2531 602 2550 mss.
618 2523 683 2558 ejus
703 2523 899 2558 emendationi
918 2524 1024 2552 favent.

201 2555 360 2596 Aliquanto
375 2555 442 2596 post
457 2559 526 2594 Reg.
544 2555 701 2596 secundus,
717 2555 814 2596 ἔδειξεν
830 2558 922 2596 ὁποῖα.

199 2629 211 2658 ἐ
231 2592 354 2658 ἑσἹλβίο
369 2592 513 2631 qumque—
526 2603 597 2622 mss.
613 2594 699 2628 Edili,
715 2592 848 2631 γενόμενα
872 2592 914 2629 οὗ,
930 2594 1024 2633 φησὶν,

212 2641 229 2658 κ
247 2641 318 2658 mu.

212 2641 318 2658 κιητιι.

231 2633 392 2703 ξόξῖιὲᾲίιι,
411 2664 595 2703 proiecturum
610 2673 681 2693 mss.
698 2664 818 2703 aliquot,
837 2664 968 2703 βιάζεται.

309 2699 594 2738 Εάἰῐίγμέᾀναγγελῶᾈ
607 2703 682 2738 Duoi
695 2709 766 2738 mss.
789 2699 941 2738 Ῠᾶναγγὲλῃι
969 2701 1023 2729 ΑΙίί

199 2739 259 2765 tres
281 2735 366 2774 'cumr
379 2736 464 2774 LXX,_
484 2735 634 2774 agmen.
663 2736 756 2763 Editis
786 2735 876 2764 favet'
889 2735 1023 2774 vulgata,

198 2774 331 2808 Indicabo
345 2773 405 2806 tibi,
421 2781 436 2800 ο
452 2772 547 2800 homo;
558 2772 663 2808 Statim
672 2774 738 2808 tres
748 2780 828 2808 mss.
849 2781 916 2800 cum
943 2772 1022 2808 LXX,

199 2807 265 2882 ξλλὲ
275 2808 293 2843 ἢ
308 2810 366 2837 τοῦ.
378 2808 441 2837 Duo
456 2808 506 2836 alii
519 2816 603 2842 11138.,
614 2806 678 2835 ἀλλ’
689 2807 707 2841 ἢ
722 2806 764 2835 τό.
776 2808 863 2844 Editi,
874 2807 948 2846 παρὰ
963 2806 1022 2845 soi};

233 2854 248 2874 τ
268 2865 276 2874 ι

233 2854 276 2874 το.

1077 969 1161 997 τικῶς
1184 977 1243 997 πως
1269 964 1448 1003 ἐκλαμϐάνειν
1477 967 1525 994 τοῦ
1554 965 1641 1002 νόμου
1666 965 1697 992 τὸ
1714 964 1854 1003 βούλημα.
1872 964 1909 993 Ei

1079 1011 1130 1049 γὰρ
1150 1011 1224 1049 παρᾶ
1247 1010 1314 1038 Θιοῦ
1340 1011 1387 1047 μὲν
1411 1010 1590 1049 ὡμολόγηται
1614 1008 1736 1042 δεδόσθαι
1755 1011 1805 1037 τοῦ
1819 1009 1908 1046 νόμου

1078 1056 1112 1084 τὰ
1137 1056 1256 1094 ῥήματα,
1273 1057 1356 1083 ταῦτα
1377 1054 1406 1083 δὲ
1429 1057 1473 1082 νῦν
1502 1055 1630 1092 γινόμινα
1654 1053 1686 1082 οὕ
1715 1065 1795 1093 φησιν
1824 1054 1907 1090 ἐκζη-

1078 1103 1133 1128 τεῖν
1161 1101 1218 1137 (97)
1245 1101 1259 1127 ὁ
1284 1101 1361 1133 Θεὸς,
1384 1102 1476 1138 σαφῶς
1500 1100 1545 1127 καὶ
1574 1098 1774 1137 ἀναντιρῥήτως
1799 1099 1909 1136 ἀνάγειν

1079 1146 1159 1181 ἡμῶν
1175 1144 1221 1172 τὸν
1237 1146 1299 1171 νοῦν
1317 1144 1361 1171 ἐπὶ
1373 1145 1423 1179 τὴν
1445 1144 1630 1180 πνευματικὴν
1648 1144 1761 1181 θεωρίαν
1786 1143 1835 1171 τοῦ
1858 1143 1911 1171 νό-

1081 1200 1134 1226 μου
1152 1189 1272 1227 βιάζεται
1289 1190 1354 1225 (98)·
1375 1188 1524 1226 μονονουχὶ
1548 1188 1653 1226 κράζων
1683 1188 1727 1215 καὶ
1757 1187 1909 1226 διαμαρτυ-

1081 1234 1215 1271 ρόμενος·
1239 1232 1336 1261 Ἔλεον
1374 1231 1458 1268 οέλω,
1483 1232 1528 1260 καὶ
1567 1231 1597 1260 οὗ
1636 1232 1748 1260 θυσίαν·
1776 1233 1822 1260 καὶ
1851 1232 1911 1260 ἐπί-

1079 1289 1178 1316 γνωσιν
1208 1280 1275 1305 Θιοῧ
1302 1275 1410 1314 μᾶλλδν
1441 1277 1458 1311 ἢ
1488 1276 1676 1304 ὁλοκαύτωσιν
1694 1287 1700 1294 ·
1726 1277 1770 1304 καὶ
1800 1277 1841 1312 τὸ,
1873 1277 1910 1306 Εἴ

1079 1321 1215 1360 ἀνηγγέλη
1250 1323 1307 1359 (99)
1343 1332 1405 1356 σοι,
1434 1320 1576 1359 ἄνθρωπι,
1613 1321 1640 1348 τί
1672 1321 1772 1356 καλὸν,
1797 1322 1842 1349 καὶ
1880 1321 1910 1350 τί

1080 1366 1179 1404 Κύριος
1209 1366 1316 1402 ἐκζητεῖ
1335 1366 1408 1405 παρὰ
1432 1368 1490 1402 σοῦ,
1513 1365 1576 1394 ἀλλ’
1600 1365 1618 1401 ἢ
1637 1365 1670 1394 τὸ
1693 1369 1782 1394 ποιεῖν
1808 1369 1907 1404 κρῖμα,

1079 1412 1123 1439 καὶ
1153 1411 1257 1448 ἀγαπᾷν
1287 1410 1380 1448 ἔλιον,
1409 1410 1453 1438 καὶ
1487 1410 1675 1446 ίτοιμάζισθαι
1709 1412 1758 1438 τοῦ
1791 1410 1908 1447 πορεύε-

1081 1457 1140 1483 σθαι
1173 1455 1239 1493 μετὰ
1265 1455 1362 1491 Κυρίου
1399 1457 1450 1482 τοῦ
1479 1457 1545 1482 Θεοῦ
1574 1464 1638 1489 σου;
1667 1455 1712 1482 καὶ
1740 1455 1792 1489 τὸ,
1820 1457 1908 1483 Θῦσον

1080 1502 1119 1536 τῷ
1143 1502 1202 1536 Θεῷ
1228 1499 1320 1527 θυσίαν
1342 1500 1478 1531 αἰνέσεως.
1494 1500 1543 1526 Καὶ
1568 1499 1653 1527 ἔοικεν
1678 1500 1692 1527 ὁ
1715 1502 1768 1530 πᾶς
1789 1501 1825 1536 (Η
1841 1501 1906 1538 περὶ

1080 1546 1178 1572 θυσιῶν
1198 1544 1242 1572 καὶ
1259 1543 1495 1581 ὁλοκαυτωμάτων
1514 1544 1597 1581 λόγος
1623 1544 1649 1571 ἒν
1671 1546 1712 1580 τῷ
1727 1544 1789 1581 περὶ
1811 1543 1908 1576 ιλὲους

1081 1589 1125 1617 καὶ
1142 1590 1249 1626 ἀγάπης
1276 1588 1484 1626 ἐμπεριέχεσθαι
1512 1589 1599 1626 Λόγῳ·
1617 1589 1675 1616 ἑπεὶ
1689 1589 1735 1616 καὶ
1755 1588 1820 1620 ὅλος
1837 1590 1851 1616 ὸ
1867 1589 1911 1617 νό-

1084 1643 1134 1670 μος
1160 1631 1405 1672 ἀνακεφαλαιοῦται
1434 1633 1460 1660 ἑν
1489 1635 1550 1669 τῷ,
1575 1633 1736 1670 Ἀγαπήσεις
1764 1633 1810 1661 τὸν
1835 1632 1910 1669 πλη-

1082 1678 1139 1705 σίον
1167 1688 1215 1705 σου
1244 1677 1281 1708 ὡς
1309 1678 1430 1705 σεαυτόν.
1457 1677 1506 1705 Καὶ
1536 1678 1550 1705 ὁ
1578 1678 1639 1715 περῖ
1668 1680 1721 1705 τῶν
1749 1678 1850 1715 ἑορτῶν
1882 1677 1911 1706 δὲ

1082 1721 1166 1753 τόπος
1195 1724 1234 1757 τῷ
1259 1721 1333 1758 αὐτῷ
1362 1720 1427 1749 εἰίὸει
1456 1725 1505 1757 τῆς
1530 1722 1683 1760 ἑξηγήσεως
1709 1722 1909 1760 ὑπαχθήσεται·

1083 1767 1151 1794 ὥστε
1179 1766 1224 1794 καὶ
1253 1767 1284 1794 τὸ
1312 1767 1351 1803 (2)
1379 1767 1473 1804 πάσχα
1512 1767 1550 1803 μὴ
1591 1766 1726 1805 ἑορτάζειν
1761 1768 1836 1803 ἡμᾶς
1864 1768 1910 1796 Ἐν

1084 1811 1154 1848 ζύμῃ
1180 1810 1275 1842 κακίας
1301 1811 1347 1838 καὶ
1376 1810 1519 1848 πονηρίας,
1546 1810 1611 1839 ἀλλ’
1639 1811 1665 1838 ἑν
1697 1811 1812 1848 ἀζύμοις
1844 1812 1912 1840 εἰλι-

1083 1855 1200 1893 κρινείας
1239 1855 1284 1882 καὶ
1324 1854 1471 1890 ἀληθείας·
1502 1856 1636 1892 θυομένου
1674 1855 1742 1892 πρὸς
1784 1854 1910 1893 ἑσπέραν,

1083 1899 1218 1927 τουτέστιν
1247 1900 1291 1927 ἑπὶ
1320 1899 1461 1935 συντελείᾳ
1487 1901 1535 1926 τοῦ
1565 1900 1672 1934 αἰῶνος,
1697 1901 1745 1927 τοῦ
1773 1900 1910 1936 ἀληθινοῦ

1083 1941 1223 1981 προϐάτου
1250 1945 1379 1981 Χριστοῦ,
1395 1943 1426 1971 οὗ
1451 1945 1468 1978 ἡ
1493 1943 1556 1981 σὰρξ
1580 1943 1691 1979 ἀληθῶς
1707 1945 1744 1981 (3)
1760 1945 1816 1971 ἐστι
1835 1945 1913 1982 βρῶ-

1084 1998 1135 2020 σις’
1153 1989 1195 2016 καὶ
1226 1991 1361 2016 κατοικεῖν
1391 1988 1417 2016 ἑν
1448 1991 1559 2023 σκηναῖς
1589 1988 1653 2027 οὐχὶ
1674 1989 1771 2016 τακτὸν
1796 1990 1912 2027 ἡμερῶν

1085 2033 1212 2071 ἀριθμὸν,
1243 2032 1316 2060 ἀλλά
1345 2033 1432 2061 πάντα
1468 2033 1515 2061 τὸν
1547 2033 1649 2071 ’χρόνον
1677 2037 1728 2068 τῆς
1764 2034 1914 2072 παροικίας

1083 2079 1175 2114 ἡμῶν,
1192 2077 1371 2114 ἀναμὲνοντας
1386 2078 1436 2112 τὴν
1458 2077 1591 2113 ἀληθινὴν
1617 2076 1744 2116 πατρίδα,
1758 2079 1792 2113 ἧς
1821 2080 1915 2117 τεχνί-

1082 2132 1132 2156 της
1156 2122 1201 2149 καὶ
1227 2120 1396 2160 δημιουργὸς
1419 2123 1433 2149 ὁ
1453 2122 1528 2158 Θεὸς,
1553 2122 1598 2149 καὶ
1621 2123 1810 2158 πεντηκοστὴν
1835 2122 1912 2160 ἄγειν

1085 2167 1152 2194 ἑπτὰ
1200 2164 1359 2203 ἑϐδομάδων
1403 2165 1625 2203 συντελουμένων
1644 2175 1651 2183 ”
1679 2166 1816 2195 τουτίστιν
1836 2191 1844 2202 ,
1874 2168 1914 2199 ὡς

1086 2212 1111 2238 ἑν
1153 2213 1188 2248 τῇ
1231 2211 1333 2249 ἑσχάτῃ
1370 2211 1461 2249 ήμὲρᾳ
1512 2209 1590 2242 ὄντας
1636 2211 1819 2249 ἀπεγνωκέναι
1863 2214 1914 2241 τοῦ

1083 2255 1142 2293 βίου
1159 2256 1209 2292 (4).

1084 2320 1107 2338 ⁸⁸
1120 2320 1197 2348 Psal.
1214 2328 1289 2356 xux,
1306 2321 1349 2348 14.
1387 2321 1410 2339 ⁸⁵
1423 2321 1525 2349 Matth.
1541 2329 1599 2356 XIX,
1617 2321 1662 2349 19.
1699 2321 1722 2339 ⁸⁸
1735 2320 1747 2349 Ι
1762 2320 1828 2349 Cor.
1840 2322 1869 2356 5,
1883 2322 1913 2350 8.

1121 2418 1159 2453 (1)
1174 2420 1244 2454 Reg.
1266 2418 1424 2453 secundus,
1440 2419 1545 2446 Ἔοικεν
1568 2420 1622 2449 πᾶς
1645 2417 1669 2446 ὁ.
1687 2418 1798 2446 Ibidem
1823 2427 1912 2454 mss.,

1082 2455 1181 2491 θυσιῶν
1196 2454 1251 2482 καί,
1269 2454 1356 2491 Deest
1369 2454 1414 2481 καί
1434 2455 1463 2482 in
1474 2455 1580 2491 editis.
1598 2454 1712 2491 But-sus
1727 2455 1782 2482 hoc
1800 2455 1865 2491 ipso
1881 2456 1913 2483 in

1081 2489 1145 2517 loco
1162 2491 1228 2526 Reg.
1246 2490 1404 2528 secundus.
1421 2489 1482 2528 περί
1501 2488 1594 2528 ἐλάου..
1605 2490 1662 2518 Nec
1677 2491 1718 2518 ita
1733 2488 1828 2519 multo
1845 2493 1914 2528 post

1081 2528 1140 2553 tres
1158 2524 1240 2559 mss,
1254 2524 1371 2560 πλησίον
1389 2524 1501 2560 σου,’ὡς
1517 2525 1620 2553 ἔαυτόν.

1117 2562 1156 2597 (2)
1170 2561 1222 2598 Sic
1235 2570 1307 2589 mss.
1324 2565 1462 2597 quatuor.
1480 2562 1565 2597 Editi,
1586 2561 1623 2591 ὡς
1647 2560 1688 2588 τό.
1707 2562 1774 2598 Reg.
1792 2562 1913 2598 tertius,

1081 2596 1118 2627 ὡς
1133 2596 1178 2634 xui
1191 2596 1234 2634 τό.
1249 2596 1406 2633 Aliquanto
1423 2600 1488 2634 post
1508 2598 1576 2634 Reg.
1595 2596 1760 2632 secundus;
1769 2596 1915 2634 συντελείᾳ

1078 2634 1132 2659 τῶν
1150 2632 1269 2660 αἰώνων.

1116 2669 1152 2704 (3)
1169 2669 1213 2696 Ita
1228 2668 1385 2697 Colbertini
1401 2669 1469 2697 duo.
1485 2668 1627 2705 Alii_tres_
1648 2676 1719 2705 mss.
1737 2668 1819 2705 Regii
1837 2667 1914 2703 ἀλη-

1080 2702 1236 2741 ρής,ἰ›ενιιδ
1249 2707 1291 2732 cst
1315 2705 1401 2732 cibus.
1418 2705 1507 2735 Editi.
1531 2702 1673 2738 ἀληθείας.
1690 2704 1757 2741 Mox
1775 2702 1913 2741 interque

1079 2739 1235 2777 Combeﬁsi
1262 2741 1352 2777 codex
1368 2749 1433 2768 cum
1457 2743 1527 2777 Reg.
1553 2741 1692 2777 secundo,
1718 2739 1783 2777 οὐχὶ
1810 2739 1912 2777 regis»

1078 2776 1190 2813 ῂμερῶν
1210 2775 1335 2813 ἀριίξμόν.
1352 2777 1438 2812 Editi,
1461 2775 1525 2813 odii
1548 2777 1651 2803 τακτῶν
1675 2775 1798 2812 ἡμερῶν,
1821 2775 1913 2813 ἀλλά,

1077 2810 1154 2839 haud
1170 2810 1333 2840 emendate.
1407 2817 1411 2820 ‘

1114 2847 1152 2884 (4)
1167 2848 1234 2884 Reg.
1249 2848 1408 2883 secundus,
1422 2847 1468 2876 τὸν
1485 2846 1556 2887 βίον.
