2018 3146
105 179 155 209 17⁸1

518 177 721 209 COMMENT.
746 177 786 207 IN
808 177 946 208 lSAlAM
967 177 1219 209 PROPHETAM.
1244 179 1329 209 CAP.
1352 178 1376 210 Ι.

1745 178 1802 211 H8

105 244 216 280 Χριστοῦ
246 241 344 270 εὐωδία
374 241 474 278 ἰσμὲν·
489 241 533 269 καὶ
564 241 645 270 πάλιν
660 252 666 259 ·
683 241 767 279 Χάρις
793 243 832 277 τῷ
860 242 917 276 Θιῷ

978 243 1007 269 ut
1021 250 1057 269 ne
1073 243 1140 279 quis
1152 243 1207 271 sibi
1223 244 1375 281 quidpiam
1391 244 1536 280 ejusmodi
1552 245 1587 273 ad
1607 253 1694 278 usum
1711 253 1800 273 suum

103 290 140 324 τῷ
177 287 290 314 πάντοτε
329 283 522 324 θριαμϐεύοντι
559 287 645 324 ἡμᾶς,
679 287 722 314 καὶ
752 286 802 320 τὴν
828 285 916 321 όσμήν

102 333 148 364 τῆς
162 331 288 369 γνώσεως
304 330 388 358 αὐτοῦ
404 332 561 370 φανεροῦντι
580 330 605 358 ἐν
622 332 689 368 ἡμῖν
708 331 775 368 (20).

974 287 1148 315 conﬁceret:
1164 288 1218 315 hoc
1234 290 1288 323 est,
1305 297 1340 316 ne
1357 289 1413 317 sibi
1429 288 1484 325 ipsi
1509 289 1648 325 proiciare
1669 289 1800 323 facinora

974 331 1146 360 adscribet:
1178 333 1228 360 sed
1263 342 1296 361 ea
1324 334 1359 361 ad
1391 336 1481 362 Deum
1504 334 1649 362 bonorum
1678 342 1798 362 causam

102 377 208 405 referat.
225 376 291 404 Tale
303 379 367 404 erat
379 376 545 413 thymiama
559 376 676 412 Paulus,
693 376 743 412 qui
759 375 890 404 dicebat:
918 375 1023 403 Christi
1052 376 1140 404 bonus
1152 377 1217 405 odor
1233 386 1326 406 sumus
1340 379 1371 406 ⁷⁸.
1389 379 1425 406 Et
1440 387 1563 406 rursus:
1587 379 1685 407 Gratia
1708 383 1800 407 autem

102 423 148 450 Dea
162 423 209 458 qui
222 429 332 456 semper
344 421 498 457 triumphat
513 429 572 455 nos,
590 423 616 449 et
631 421 743 449 odorem
756 421 867 449 notitia:
881 428 938 448 suae
952 420 1115 456 manifestat
1131 423 1159 449 in
1175 422 1252 450 nobis
1265 423 1296 450 ⁷⁷.

134 467 174 494 30.
189 466 223 492 Τὸ
239 464 267 492 δὲ
282 465 436 502 σωματικὸν
451 464 584 502 θυμίαμαν
598 465 642 492 καὶ
670 468 730 496 τοῖς
756 465 825 492 κατὰ
853 463 916 494 τοὺς

108 514 236 547 μυκτῆρας
263 509 359 547 πόροις
389 509 536 546 ἰμπῖπτον,
554 510 599 537 καὶ
625 510 674 544 τὴν
700 508 823 544 αἴσθησιν
851 518 917 545 συγ-

104 557 198 589 κινοῦι,
216 553 360 593 βδέλυγμα
377 556 418 588 τῷ
447 554 586 591 ἀσωμάτῳ
611 554 723 585 εἰκότως
751 553 915 590 νενόμισται.

103 599 251 636 Νουμηνίας
282 597 313 626 δὶ
341 594 496 636 πρεπούσας
522 598 643 629 αἶωνίοις
672 597 741 626 ἔτεσι
766 598 838 635 παρὰ
863 599 916 625 τῶν

105 645 211 672 συνετῶν
227 646 346 675 νοεῖσθαι
362 644 376 670 ὁ
393 642 475 680 λόγος
493 643 621 681 βούλεται
633 654 638 660 ·
657 643 687 670 οὗ
716 644 766 678 τὴν
794 641 838 669 διὰ
865 644 917 669 τῶν

104 688 238 724 τριάκοντα
253 688 367 725 ἡμερῶν
381 691 432 722 τῆς
462 686 580 723 σελήνης
596 687 823 721 ἀποκατάστασιν,
840 687 919 714 ἐπικα

104 729 324 770 ταλαμϐανούσης
354 732 400 760 τὸν
430 731 527 768 ἥλιον,
542 732 587 760 καὶ
613 733 697 760 πάλιν
721 732 917 771 ἀφισταμένης.

103 775 174 805 Ἀλλ’
204 775 298 811 ἐπειδὴ
332 777 362 805 Ὀ
397 776 489 814 ἄφρων
525 777 562 808 ὡς
605 776 706 813 σελήνη
747 776 918 810 ἀλλοιοῦται,

103 822 146 857 τὴν
167 822 232 858 πρὸς
258 821 291 848 τὸ
316 823 373 860 φῶς
399 820 541 856 ἐπάνοδον,
559 822 625 860 ὅπερ
654 821 774 858 ἐξέλιπεν
797 822 811 848 ὁ
827 820 917 859 ἄφρων

102 867 141 893 καὶ
156 866 202 900 τήν
216 864 260 893 διὰ
278 866 423 903 μιτανοίας
448 867 504 902 (21)
530 865 568 897 εἷς
591 866 622 893 τὸ
647 866 761 904 ἀρχαῖον
784 865 918 893 ἀποκατά-

106 921 186 938 στασιν
203 911 301 949 ἑορτὴν
323 911 447 948 ἡγεῖσθαι
462 910 509 937 τὸν
526 909 693 949 φιλάδελφον
718 910 762 938 καὶ
788 913 915 947 συμπαθῆ

107 953 206 991 ὁλόγος
222 953 364 991 βούλεται*
381 953 465 981 οἱονεὶ
480 954 632 990 νουμηνίαν
647 953 720 991 ἄγων
747 954 797 988 τήν
826 952 916 990 ἀρχὴν

106 999 149 1025 τοῦ
162 998 185 1025 ἰν
199 998 267 1037 φωτὶ
286 998 359 1034 βίου·
376 996 471 1032 ἐπειδὴ
487 997 593 1033 ἐξέλιπε
609 998 655 1035 μὲν
671 998 702 1025 τὸ
726 1000 783 1037 φῶς
802 996 846 1025 διὰ
867 997 915 1031 τήν

107 1041 141 1073 εἲς
155 1042 182 1069 τὸ
196 1045 290 1081 χεῖρον
316 1042 421 1080 τροπὴν
445 1043 513 1079 (22),
531 1041 751 1080 ἐπαλινδρόμησε
779 1041 808 1069 δὲ
833 1039 916 1069 πάλιν

105 1086 165 1124 πρὸς
192 1087 257 1114 αὐτὸ
283 1085 329 1114 διὰ
357 1090 408 1122 τῆς
438 1085 615 1126 ἐπιστροφῆς.
631 1088 707 1123 Ἑξῆς
731 1086 760 1114 ἂν
785 1084 827 1122 εἴη
855 1085 918 1122 περὶ

105 1132 151 1158 τῶν
167 1131 339 1168 μισουμένων
355 1129 503 1159 Σαϐϐάτων
521 1131 605 1158 εἰπεῖν
632 1131 675 1166 τὸ,
690 1132 735 1165 Μὴ
760 1130 844 1169 αἴρειν
870 1129 916 1168 βά-

106 1176 270 1213 σταγμα,καῖ
306 1177 344 1213 μή
366 1175 519 1214 ἰξὲρχεσθαι
547 1175 600 1203 ἀπὸ
629 1178 677 1204 τοῦ
704 1176 791 1203 τόπου
818 1175 916 1202 αὐτοῦ·

105 1220 156 1255 καὶ,
183 1222 223 1256 Μὴ
252 1220 342 1248 καίειν
370 1223 423 1259 πῦρ
453 1219 480 1248 ἒν
506 1219 577 1258 πάσῃ
602 1220 638 1258 τῇ
665 1219 791 1257 κατοικία
818 1219 916 1247 αὐτῶνθ

103 1267 177 1292 ταῦτα
200 1266 230 1293 τὸ
258 1264 391 1293 ἀδύνατον
419 1265 457 1296 εἷς
484 1266 600 1303 τήρησιν
616 1265 660 1293 καὶ
677 1263 775 1303 ἀκριϐῆ
793 1263 917 1302 φυλακὴν

104 1309 202 1337 αὐτόθεν
232 1310 408 1350 ἐμφαίνοντα,
440 1308 568 1338 ὑπόδικον
593 1313 667 1338 ποιεῖ
693 1311 728 1346 τῇ
750 1309 852 1347 κατάρᾳ
872 1309 917 1336 τὸν

106 1357 258 1391 σωματικῶς
276 1354 422 1383 ἀκούοντα.
439 1355 484 1389 Μὴ
501 1357 631 1387 κινεῖσθαι
654 1355 705 1392 γὰρ
729 1355 782 1382 ἀπὸ
801 1356 849 1382 τοῦ
873 1353 918 1380 τό-

105 1409 150 1426 που
162 1399 319 1437 ἀμήχανον,
335 1399 380 1426 καὶ
395 1401 446 1426 πᾶν
473 1400 503 1427 τὸ
526 1399 705 1437 ἐπαιρόμενον
730 1399 777 1426 κᾶν
800 1397 918 1437 ἐλαφρό-

104 1453 173 1471 τατον
187 1444 204 1481 ᾖ
219 1446 290 1481 (23)Ι
310 1444 454 1482 βάσταγμα
475 1443 593 1482 λέγεται,
610 1444 666 1471 οἷον
693 1442 812 1480 ἱμάτιον,
828 1443 845 1477 ἢ
870 1441 918 1480 ἅρ-

103 1498 155 1523 τος,
167 1488 183 1524 ἤ
197 1500 222 1516 τι
237 1491 293 1516 τῶν
311 1489 473 1526 ἀναγκαίων.
488 1487 574 1517 Ἀλλὰ
587 1488 632 1516 καὶ
647 1491 701 1526 πῦρ
716 1487 800 1515 καίειν
824 1487 855 1514 οὐ
879 1497 920 1514 κε-

104 1532 187 1561 λεύεισ
215 1533 367 1570 τουτέστιν,
393 1534 445 1561 ὑπὸ
473 1535 526 1561 τῶν
554 1534 648 1560 παθῶν
674 1534 724 1566 τῆς
753 1532 849 1568 σαρκὸς
880 1532 918 1568 μὴ

1007 465 1052 493 30.
1068 468 1104 492 At
1120 475 1186 494 vero
1214 466 1378 502 thymiama
1393 467 1553 504 corporale,
1580 468 1717 504 quodque
1746 476 1799 496 na-

973 509 1050 537 rium
1079 511 1225 538 meatibus
1254 511 1393 545 illabitur,
1428 515 1457 539 et
1479 521 1599 540 sensum
1623 515 1797 548 commovet,

973 554 1160 590 optimojure
1175 556 1199 583 ei
1225 556 1275 592 qui
1297 556 1488 592 incorporalis
1514 559 1568 593 est,
1594 557 1728 585 habitum
1753 560 1798 586 est

973 607 1024 634 pro
1041 599 1266 628 abominatione.
1294 600 1368 634 Quin
1384 603 1413 628 et
1434 602 1601 630 neomenias
1625 610 1688 638 quae
1711 602 1797 630 annis

974 644 1088 678 aeternis
1108 645 1202 680 dignae
1218 645 1287 679 sint,
1310 645 1371 673 vult
1393 646 1544 682 Scriptura
1560 655 1576 674 a
1602 647 1798 681 prudentibus

974 688 1108 724 intelligi,
1121 697 1176 716 non
1193 692 1289 717 autem
1306 689 1382 717 lunae
1397 690 1551 718 circuitum
1562 690 1683 727 triginta
1692 690 1796 719 diebus

975 735 1134 768 peractum,
1151 741 1215 760 cum
1240 734 1407 769 assequitur
1428 734 1529 769 solem,
1546 736 1574 762 et
1588 743 1692 763 rursus
1716 743 1747 763 se
1760 735 1796 763 ab

974 785 1008 804 eo
1024 777 1186 806 submovet.
1204 778 1278 810 Quia
1292 787 1357 806 vero
1379 779 1485 807 Stultus
1499 781 1530 807 ut
1545 779 1612 807 luna
1627 781 1753 807 mutatur
1760 779 1794 813 ⁷⁸,

974 821 1120 858 signiﬁcat
1135 823 1283 858 Scriptura
1305 823 1383 851 hunc
1408 824 1443 851 ad
1468 823 1563 851 lucem
1589 823 1625 851 ab
1641 823 1797 859 insipiente

975 867 1120 894 desertam
1150 867 1288 902 reditum,
1311 867 1446 904 hancque
1469 876 1521 905 per
1545 868 1744 904 pwnitentiam
1760 869 1797 896 ad

973 911 1129 947 pristinum
1146 914 1255 939 slatum
1271 912 1560 948 redintegrationem,
1572 913 1598 941 ei
1610 913 1660 950 qui
1672 913 1795 941 fratrum

973 955 1011 983 sit
1026 958 1139 984 amator
1154 964 1314 992 eorumque
1337 956 1467 985 dolorem
1492 957 1599 992 doleat,
1615 966 1667 985 ceu
1688 958 1794 986 festum

973 1000 1050 1028 diem
1066 1008 1140 1034 esse,
1157 1001 1276 1037 perinde
1292 1009 1325 1029 ac
1340 1001 1365 1030 si
1389 1002 1571 1030 neomeniam
1595 1002 1730 1038 celebret,
1751 1003 1795 1030 ni-

975 1045 1080 1072 mirum
1096 1045 1162 1073 vita:
1177 1046 1204 1073 in
1220 1045 1285 1074 luce
1308 1046 1426 1082 agendis
1451 1046 1639 1083 principium.
1665 1049 1702 1075 At
1714 1050 1796 1084 post-

974 1098 1062 1125 quam
1078 1090 1187 1118 stultus
1198 1089 1293 1118 lucem
1303 1099 1354 1126 per
1364 1099 1449 1118 suam
1461 1091 1496 1119 ad
1508 1092 1591 1127 pejus
1603 1092 1794 1120 mutationem

975 1134 1147 1170 dereliquit:
1165 1143 1267 1162 rursus
1282 1143 1333 1170 per
1353 1136 1572 1163 conversionem
1589 1136 1623 1163 ad
1640 1137 1734 1172 ipsam
1751 1145 1799 1164 re-

976 1179 1076 1206 currit.
1092 1178 1200 1207 Deinde
1223 1178 1295 1206 illud
1320 1179 1356 1206 de
1377 1179 1510 1208 Babbatis
1526 1180 1592 1208 odio
1607 1181 1716 1209 habitis
1732 1181 1800 1210 licet

976 1224 1088 1251 dicere:
1110 1224 1150 1251 Ne
1166 1224 1232 1260 quis
1244 1226 1339 1260 portet
1354 1224 1548 1258 sarcinam,et
1563 1233 1598 1253 ne
1613 1227 1694 1253 exeat
1705 1234 1722 1254 a
1737 1225 1798 1254 loco

973 1277 1027 1296 suo
1037 1269 1076 1296 ἠε
1094 1272 1130 1301 et,
1151 1276 1187 1296 ne
1203 1268 1254 1295 ulli
1279 1269 1441 1296 accendant
1458 1269 1552 1306 ignem
1570 1269 1598 1296 in
1616 1270 1696 1297 omni
1713 1270 1799 1298 habi-

976 1313 1083 1340 tatione
1103 1321 1156 1340 sua
1166 1313 1207 1340 8°:
1224 1313 1284 1340 haec
1299 1321 1366 1341 cum
1384 1322 1441 1341 non
1459 1313 1574 1349 possint
1596 1314 1756 1348 observari,
1769 1316 1799 1342 et

973 1358 1071 1384 tamen
1088 1358 1250 1385 secundum
1266 1358 1359 1393 ipsam
1375 1357 1502 1385 litteram
1519 1357 1613 1393 palam
1625 1358 1664 1385 sit
1677 1366 1711 1386 ea
1734 1365 1799 1386 esse

975 1404 1108 1430 accurate
1131 1402 1320 1435 observanda,
1337 1411 1403 1429 eum
1421 1402 1521 1437 utique
1535 1403 1582 1437 qui
1605 1410 1640 1429 ea
1652 1403 1798 1438 corporali

975 1454 1063 1473 sensu
1084 1446 1232 1481 intelligit,
1254 1446 1451 1474 maledictioni
1475 1446 1631 1474 obnoxium
1658 1447 1795 1476 reddunt.

976 1491 1086 1518 Etenim
1105 1490 1166 1518 ﬁeri
1178 1490 1289 1526 nequit,
1307 1492 1339 1518 ut
1354 1490 1420 1526 quis
1435 1498 1450 1518 ο
1465 1490 1527 1518 loco
1542 1499 1595 1518 suo
1612 1499 1669 1519 non
1686 1499 1797 1520 movea-

974 1537 1040 1562 tur:
1060 1535 1128 1562 item
1146 1543 1232 1562 omne
1246 1535 1275 1562 id
1291 1535 1367 1570 quod
1390 1537 1531 1571 portatur,
1557 1535 1675 1564 tametsi
1698 1537 1743 1564 est
1756 1536 1796 1564 le-

105 1577 293 1617 ἂναφλέγεσθαι
309 1579 385 1615 (24)·
403 1578 442 1614 μὴ
465 1577 585 1615 ἐπαίρειν
610 1576 639 1605 δὲ
665 1578 824 1615 βάσταγμα’
848 1587 918 1603 τουτ-

978 1580 1143 1613 vissimum,
1160 1579 1275 1607 sarcina
1299 1579 1415 1614 dicitur,
1440 1580 1565 1616 exempli
1581 1588 1680 1614 causa,
1696 1580 1796 1617 vestis,

106 1622 164 1657 ἐστι,
188 1624 225 1660 μὴ
255 1625 297 1659 τῷ
328 1623 404 1661 βάρει
432 1625 482 1658 τῆς
510 1622 643 1660 ἁμαρτίας
669 1621 919 1661 καταφορτίζεσθαι,

103 1666 142 1694 καὶ
165 1671 214 1703 τῆς
242 1667 269 1695 ἒν
298 1670 356 1704 Θεῷ
385 1666 519 1704 διαμονῆς
547 1668 585 1703 μὴ
609 1666 792 1704 μεθίστασθαι,
813 1665 920 1704 ἑδραῖον

105 1712 210 1747 μένοντα
225 1713 270 1740 καὶ
287 1711 487 1748 ἀμετακίνητον
504 1711 530 1739 ἐν
549 1713 583 1748 τῇ
608 1711 706 1740 πίστει.
722 1711 799 1739 Οὕτω
824 1710 852 1738 δὲ
875 1721 919 1738 τε·

104 1755 234 1788 λειοῠντας
248 1758 283 1784 τὰ
300 1754 500 1790 Σάϐϐατα,οὐκ
523 1756 548 1783 ἐν
570 1757 605 1793 τῇ
628 1758 682 1783 τῶν
711 1758 799 1783 κακῶν
830 1755 918 1793 ἀργίᾳ,

103 1799 159 1829 ἀλλ’
174 1801 199 1829 ἐν
214 1804 248 1839 τῇ
266 1803 362 1840 ἀποχῇ
377 1802 431 1829 τῶν
450 1801 635 1837 καθηκόντων,
651 1800 763 1832 εἰκότως
787 1800 919 1838 ἀποστρὲ-

104 1856 182 1883 φεται,
198 1846 242 1874 καὶ
263 1846 315 1874 οὐκ
344 1847 469 1883 ἀνέχεται
498 1845 585 1873 αὐτῶν
613 1845 650 1876 ὡς
674 1844 791 1881 ψευδῶν.
805 1847 919 1873 Τοιαῦτα

103 1889 148 1928 γάρ
175 1890 224 1918 εἱσι
252 1892 312 1927 (25)
340 1891 374 1918 τὰ
402 1891 476 1927 παρᾶ
502 1892 541 1926 τῷ
565 1890 694 1928 προφήτῃ
719 1889 920 1927 ταλανιζόμενα

104 1932 220 1962 Σάϐϐατα
236 1945 242 1951 ·
273 1934 344 1962 Οὐαὶ
369 1935 395 1962 οἱ
419 1933 565 1973 ἐγγίζοντες
599 1935 644 1961 καὶ
682 1935 708 1962 οἱ
737 1934 920 1973 ἐφαπτόμενοι

103 1977 201 2014 ψευδῶν
233 1977 396 2008 Σαϐϐάτων.
427 1977 554 2007 Σάϐϐατα
583 1978 612 2006 δὶ
640 1978 743 2014 ἀληθῆ,
769 1981 787 2014 ὴ
811 1979 920 2006 ἀποκει-

105 2023 166 2059 μένη
181 2023 330 2055 ἀνάπαυσις
343 2026 383 2061 τῷ
398 2023 458 2060 λαῷ
472 2026 520 2051 τοῦ
534 2025 602 2052 Θεοῦ
615 2033 621 2039 ·
638 2024 704 2062 ἅπερ
725 2022 770 2051 διὰ
791 2024 823 2051 τὸ
847 2023 918 2059 άλη‹

105 2069 158 2099 alvi
180 2069 246 2096 εἶναι
272 2069 399 2107 ἀνέχεται
416 2069 431 2096 ὁ
453 2069 529 2100 Θιός.
547 2068 598 2097 Καὶ
623 2068 715 2108 φθάνει
739 2079 769 2106 γε
795 2067 837 2095 ἐπ’
851 2068 920 2096 ἐκεῖ·

103 2123 132 2139 να
157 2113 189 2141 τὰ
218 2111 349 2141 Σάϐϐατα
388 2117 437 2148 τῆς
468 2112 653 2148 ἀναπαύσεως,
682 2113 744 2151 παρ’
770 2113 793 2149 ᾧ
823 2114 836 2140 6
865 2114 921 2150 ('36)

103 2157 198 2194 κόσμος
213 2158 392 2196 ἐσταύρωται,
409 2157 528 2188 ἀποστὰς
544 2156 673 2193 δηλονότι
688 2159 742 2185 τῶν
770 2159 920 2194 κοσμικῶν,

103 2202 144 2228 καὶ
167 2201 210 2229 ἐπὶ
239 2203 287 2230 τὸν
319 2200 389 2229 ἴδιον
419 2201 501 2229 τόπον
529 2205 579 2237 τῆς
593 2203 777 2239 πνευματικῆς
800 2201 921 2229 ἀναπαύ-

974 1624 1016 1652 vel
1033 1624 1130 1660 panis,
1146 1623 1190 1651 vel
1214 1624 1350 1659 quaelibet
1365 1632 1411 1652 res
1426 1624 1601 1652 necessaria.
1618 1625 1692 1657 Quin
1708 1625 1798 1654 etiam

974 1669 1064 1704 jubet,
1085 1671 1116 1696 ut
1131 1677 1167 1696 ne
1182 1668 1279 1704 ignem
1296 1669 1504 1697 accenderent:
1531 1669 1585 1696 hcc
1601 1672 1657 1703 est,
1683 1678 1719 1698 ne
1732 1670 1799 1706 quis

974 1713 1052 1741 sinat
1067 1721 1098 1741 se
1113 1721 1129 1741 ε
1151 1713 1248 1741 carnis
1267 1713 1479 1749 cupiditatibus
1503 1714 1604 1741 exuri:
1635 1723 1739 1742 rursus
1763 1723 1799 1743 ne

974 1758 1041 1793 quis
1056 1758 1137 1786 tollat
1148 1758 1306 1793 sarcinam,
1321 1758 1350 1785 id
1372 1760 1417 1786 est
1433 1760 1465 1786 ut
1479 1766 1514 1786 ne
1539 1759 1666 1794 pondere
1689 1759 1801 1797 peccati

974 1804 1159 1839 degravetur,
1189 1811 1241 1830 nec
1265 1802 1295 1829 in
1318 1802 1376 1829 Deo
1406 1811 1576 1839 permanere
1597 1803 1798 1841 supersedeat,

973 1848 1022 1876 sed
1039 1846 1350 1883 ﬁrmusimmotusque
1364 1846 1393 1874 in
1409 1847 1466 1875 fide
1482 1849 1655 1883 perseveret.
1672 1847 1801 1877 Sabbata

974 1895 1071 1920 autem
1087 1892 1136 1927 qui
1152 1891 1194 1918 sic
1210 1891 1376 1927 perﬁciunt,
1394 1900 1450 1919 non
1467 1894 1500 1919 ut
1516 1891 1551 1920 ab
1572 1891 1714 1928 improbis
1730 1900 1798 1928 ope-

973 1937 1056 1964 ribus
1080 1935 1233 1968 desistant,
1245 1935 1295 1963 sed
1313 1937 1345 1962 ut
1365 1935 1532 1963 abstineant
1547 1935 1760 1972 disceduntque
1782 1945 1799 1964 α

974 1989 1027 2009 suo
1043 1980 1149 2014 ofﬁcio,
1174 1980 1228 2007 bos
1253 1980 1356 2007 merito
1383 1982 1536 2007 aversatur
1559 1982 1645 2016 Deus,
1662 1988 1715 2009 nec
1735 1981 1800 2018 ipsa

975 2025 1102 2054 Satibata
1117 2024 1221 2051 tolerat
1236 2026 1376 2060 tanquam
1391 2024 1545 2052 mendacia
1562 2026 1590 2052 et
1605 2025 1687 2054 falsa.
1698 2025 1802 2066 .Enign'

975 2077 1042 2097 vero
1058 2069 1201 2096 deﬂentur
1216 2077 1232 2095 a
1251 2068 1395 2104 propheta
1417 2069 1563 2103 ejusmodi
1589 2069 1716 2098 Sabbata
1733 2079 1740 2098 ι
1758 2070 1801 2099 Va!

976 2115 1023 2150 qui
1038 2114 1261 2149 appropinquant
1276 2116 1304 2140 et
1316 2114 1458 2148 attingunt
1474 2112 1591 2141 Sabbata
1605 2113 1750 2153 mendacia
1758 2113 1780 2132 ⁸²
1793 2114 1800 2142 l

977 2157 1110 2194 Seposita
1127 2159 1222 2184 autem
1252 2157 1301 2184 Dei
1317 2157 1423 2192 populo
1445 2156 1562 2189 requies
1586 2157 1712 2189 Sabbata
1729 2166 1804 2194 ivera

976 2205 1057 2237 sunt,
1075 2210 1137 2238 qua:
1161 2202 1239 2237 quod
1255 2210 1323 2229 vera
1348 2202 1418 2236 sint,
1444 2203 1527 2238 grata
1550 2202 1638 2230 habet
1660 2202 1749 2237 Deus.
1768 2203 1803 2231 Et

105 2255 165 2277 σεως
179 2247 360 2283 καταντήσας,
377 2245 402 2274 ἰν
429 2247 469 2278 οἷς
492 2247 506 2274 ὁ
528 2246 673 2284 γενόμενος
696 2246 785 2274 οὐκέτι
810 2247 918 2282 κινηθή-

978 2249 1055 2275 certe
1068 2247 1113 2274 cui
1123 2247 1253 2274 mundus
1264 2246 1419 2273 cruciﬁxus
1429 2245 1511 2281 esl,is
1527 2246 1562 2274 ad
1575 2246 1625 2274 illa
1637 2247 1802 2283 spiritualis

105 2300 170 2318 σεται
193 2291 246 2319 ἀπὸ
266 2293 316 2318 τοῦ
340 2289 411 2318 ῗὸίου
436 2290 534 2326 τόπου,
563 2290 680 2328 ἡσυχίας
706 2292 750 2318 καὶ
780 2290 922 2329 ἀταραξίας

105 2334 160 2371 περὶ
184 2336 232 2370 τὴν
261 2335 424 2363 κατάστασιν
450 2334 556 2369 ἐκιίνην
586 2335 775 2372 ὑπαρχούσης.
792 2337 841 2362 Καὶ
868 2337 921 2373 πῦρ

137 2394 158 2411 ⁴¹⁶
173 2395 196 2423 Il
211 2396 276 2424 Cor.
292 2404 326 2430 ιι,
343 2396 386 2423 15.
424 2395 447 2412 ⁷⁷
463 2394 533 2422 ibid.
547 2395 590 2423 14,
629 2394 650 2412 ⁷⁸
670 2394 757 2424 Eccli.
773 2403 862 2430 xxvu,
880 2395 922 2422 12.

136 2455 190 2491 (20)
208 2455 287 2491 Editi
312 2464 380 2485 cum
410 2455 505 2483 tribus
520 2463 604 2489 mss.,
621 2453 647 2481 tv
675 2455 755 2491 ἡμῖν.
784 2455 840 2483 Alii
864 2457 924 2483 tres

105 2490 240 2519 omittunt
255 2490 293 2519 ιν.

137 2525 189 2562 (21)
204 2527 290 2564 Editi,
301 2524 537 2564 ﬁl}cioﬁcat_1ﬁv
550 2525 618 2562 πρὸς
633 2525 673 2564 τὸν
683 2524 734 2556 aut
757 2524 893 2564 φπάνοδον
909 2525 923 2552 ὸ

104 2558 201 2601 ἄφρων,
216 2563 263 2590 καὶ
277 2558 327 2597 τὴν
345 2560 391 2589 διὰ
415 2558 577 2603 μετάνοιαν”’
597 2562 674 2624 quod
692 2558 768 2590 cum'
785 2562 922 2590 vitiosum

105 2599 150 2634 sit.
166 2599 280 2634 putavit
293 2598 487 2626 Combetisius
502 2597 587 2631 illud,
635 2607 737 2634 αφρων,
754 2605 922 2634 expungen-

105 2606 150 2627 ιιι,
166 2606 280 2634 putant
293 2606 487 2626 uomnensius
502 2606 587 2631 iuun,
605 2606 619 2624 ο
635 2607 737 2635 αφρων,
754 2606 922 2634 expungen-

104 2632 168 2661 dum
183 2642 260 2666 esse.
276 2636 417 2670 tanquam
433 2634 531 2669 inepte
546 2633 713 2668 repetitum,
738 2636 767 2661 et
782 2634 922 2670 explenda

105 2670 198 2697 sensui
213 2680 231 2699 a
245 2669 400 2698 Tilma’nno
415 2669 560 2698 additum.
585 2669 640 2697 Sed
655 2670 700 2697 vir
720 2669 824 2698 doctus
839 2669 924 2697 aliter

107 2703 270 2741 iudicasset,
282 2706 306 2734 si
322 2706 436 2734 codices
447 2714 517 2734 suos
528 2705 646 2741 legisset
656 2705 840 2737 altentius,in
857 2705 921 2740 qui-

124 2749 167 2775 us,
183 2744 213 2770 et
227 2743 258 2770 in
276 2742 342 2770 aliis
358 2745 493 2778 quatuor,
510 2742 551 2778 ita
566 2741 682 2778 legitur,
699 2742 741 2768 uti
763 2742 920 2768 edidimus.

137 2777 191 2812 (22)
207 2778 328 2814 Codices
338 2776 407 2814 tres,
422 2778 453 2805 τὸ
477 2776 564 2814 χείρω
584 2776 682 2814 ῥοπήν-
707 2778 770 2813 lego
790 2777 845 2814 rei.“
859 2779 921 2814 Mpx

107 2813 159 2849 [res
173 2811 256 2848 mss.,
274 2813 334 2848 ἒξῆς
352 2812 391 2841 ἄν.
414 2811 573 2842 Εᾱίιῖουω
585 2811 660 2849 Ἠθει.
676 2811 772 2846 tertio,
788 2812 813 2849 ἒξ
829 2812 862 2847 ἧς
878 2811 920 2841 ἄν.

109 2846 232 2879 Subinde
248 2846 409 2885 ιιι-οἴοισι,
423 2849 512 2889 φερειν
540 2846 692 2888 βάσταγμα.
709 2846 820 2880 Ibidem
836 2857 921 2885 mss.,

979 2290 1118 2327 requietis
1132 2291 1257 2318 Sabbata
1273 2290 1415 2326 pervenit,
1428 2298 1494 2318 cum
1508 2299 1525 2318 a
1541 2291 1627 2319 rebus
1643 2292 1802 2321 mundanis

979 2335 1144 2368 recesserit,
1160 2338 1247 2372 atque
1263 2336 1296 2363 ad
1317 2335 1468 2372 proprium
1484 2336 1561 2363 404
1583 2336 1689 2372 quietis
1703 2336 1800 2366 locum

961 2395 983 2412 ⁷³
1002 2395 1090 2423 Exod.
1106 2403 1190 2429 xxxv,
1201 2394 1228 2422 3.
1258 2395 1280 2412 ⁸ο
1295 2394 1401 2422 Jercm.
1417 2403 1488 2428 xvu,
1507 2395 1552 2422 27.
1580 2394 1602 2414 ³¹
1618 2398 1709 2426 Amos
1722 2405 1763 2433 v1,
1773 2397 1800 2426 3.

978 2454 1021 2482 καὶ
1041 2454 1079 2489 μή
1095 2453 1266 2491 ἰξὲρχεσθαιγη
1276 2454 1362 2482 Deest
1435 2454 1576 2491 ξηρᾶὶιὶε.

1024 2491 1069 2526 23)
1081 2491 1127 2518 Sic
1137 2489 1214 2526 mss.
1231 2489 1352 2526 aliquot.
1368 2489 1454 2524 Editi,
1469 2489 1512 2524 ἦν.

1087 2527 1128 2571 ita
1143 2525 1708 2571 quinquiemss‘.’At’editiﬁqaptpecpm,
1723 2529 1802 2571 hqud

978 2561 1066 2600 recte.
1082 2561 1238 2600 Aliquanto
1256 2564 1319 2600 post
1335 2561 1427 2598 aliqui
1436 2571 1524 2600 mss.,
1537 2561 1566 2600 ιν
1576 2561 1611 2600 τῇ
1627 2561 1716 2592 πίστει
1731 2563 1802 2592 οὕτω

976 2596 1144 2628 τελοῦντας..
1152 2598 1238 2626 Deest
1253 2596 1279 2624 ἐν
1297 2598 1324 2624 in
1345 2596 1460 2626 excusis
1476 2598 1571 2627 libris.

1013 2635 1069 2670 (25)
1085 2634 1202 2668 Aliquot
1226 2642 1308 2666 mss.,
1331 2632 1396 2661 ἐστι.
1420 2636 1484 2662 Mox
1508 2634 1629 2662 nonnuli
1656 2641 1741 2668 mss.,
1756 2634 1802 2670 καὶ

977 2669 1003 2707 εἱ
1019 2667 1181 2707 ἐφίᾙιξςθῦιιῐ
1198 2669 1223 2707 οἱ
1241 2671 1270 2697 in
1281 2670 1379 2697 editis.
1391 2670 1503 2707 Statim
1519 2670 1611 2707 aliqui
1628 2678 1711 2707 mss.,
1729 2667 1800 2698 Σάϐ-

977 2702 1221 2746 ϐατά-δξγᾲληθινᾶ
1235 2705 1444 2746 tumuerunt],
1460 2702 1597 2746 proposita
1612 2706 1729 2746 requies.

1014 2742 1069 2777 (26)
1084 2742 1130 2769 Sic
1153 2741 1285 2769 nonnulli
1311 2750 1383 2769 mss.
1406 2741 1532 2777 Abestré
1548 2741 1584 2768 ab
1606 2741 1702 2769 editis.
1722 2741 1802 2771 Alter

976 2777 1117 2841 ῼοπιὺῖίὶ,
1133 2777 1206 2814 παρὰ
1228 2778 1251 2804 ὁ.
1278 2779 1337 2806 Hoc
1358 2777 1421 2812 ipso
1447 2776 1476 2804 in
1502 2776 1564 2804 loco
1580 2777 1638 2805 duo
1654 2785 1738 2812 mss.,
1754 2777 1799 2805 καὶ

976 2822 1062 2841 αποστ
1082 2823 1104 2841 (-

975 2822 1104 2844 αποσταις.
