2009 3145
105 172 156 203 181

531 171 733 203 COMMENT.
757 172 796 202 IN
819 172 955 204 ISAIAM
977 173 1230 204 PROPHETAM.
1254 173 1339 204 CAP.
1362 174 1388 204 Ι.

1752 175 1810 206 182

103 237 235 277 στροφαῖς,
252 236 296 264 καὶ
311 238 346 274 τῇ
362 237 431 274 πρὸς
457 236 522 268 τοὺς
546 237 662 275 ὠφελεῖν
685 237 850 274 δυναμένους
866 249 926 265 συν-

985 247 1099 276 gressu,
1112 239 1162 276 qui
1178 248 1245 267 cum
1258 239 1304 268 his
1315 240 1364 277 qui
1376 240 1515 277 prodesse
1526 242 1652 277 possunt
1663 240 1808 270 habetur:

104 282 188 318 ουσίᾳ·
216 280 286 309 ὥστε
312 281 343 309 τὸ
371 281 439 309 κατᾶ
465 282 499 310 τὰ
530 282 663 320 βρώματα
689 282 927 319 παρακολοὺθημα

104 328 167 356 εἶναι
190 330 241 362 τῆς
265 327 414 362 ἀσκήσεως.
443 327 480 354 Τὰ
507 326 601 355 πολλὰ
631 327 678 364 μὲν
707 326 752 355 οὖν
781 327 850 355 κατὰ
863 330 924 355 νοῦν

105 373 271 410 ἐνεργοῦντος
297 374 346 399 τοῦ
375 370 591 406 σπουδαίου,καῖ
617 373 678 411 περὶ
703 373 754 407 τὴν
777 374 828 405 τῆς
854 371 926 408 ἀλη-

105 417 173 448 θείας
189 418 273 455 θήραν
299 416 497 454 ἆσχολακότος,
514 416 637 455 ὀλιγάκις
664 416 693 445 δὲ
716 416 786 455 πρὸς
800 418 850 452 τήν
865 416 925 445 ἐπι-

106 461 210 500 μέλειαν
223 464 275 496 τῆς
290 462 387 499 σαρκὸς
409 459 631 496 καταϐαίνοντος,
655 461 715 490 τῖτα
742 462 809 499 μετὰ
821 462 853 490 τὸ
869 461 925 490 λει-

106 509 246 544 τουρβῇσαι
270 506 304 533 τὰ
333 506 462 544 ἀναγκαῖα
487 508 527 542 τῷ
555 506 672 543 σώματι,
698 506 727 534 ἐκ
755 509 808 534 τῶν
833 506 924 534 ἐπιτυ-

105 551 205 589 χόντων
249 551 484 589 ἀπραγματεύτως
520 550 711 587 διαιτώμενον,
739 551 818 584 εὐθὺς
857 551 926 579 ἀπο-

103 595 237 631 πηδῶντωε
259 599 312 630 τῆς
336 595 470 634 ἀσχολίας
487 597 541 623 τῶν
571 595 729 635 ἀνωφελῶν,
756 595 801 623 καὶ
817 595 855 627 εἰς
874 597 924 630 τὴν

102 640 305 679 προηγουμένην
323 640 417 667 ἑαυτοῦ
434 641 506 674 ζωὴν
523 640 731 678 ἀνατρέχοντος.
747 641 779 669 Ἥ
800 640 852 678 γὰρ
867 651 924 667 τοι-

103 685 165 719 αὕτη
180 685 272 724 ἀγωγὴ
289 688 374 712 πᾶσαν
391 685 531 724 ἀφορμὴν,
555 684 592 713 δι’
618 687 651 720 ἧς
674 685 798 723 τρᾶφεται
810 685 841 712 τὸ
857 685 923 724 φρό-

101 740 169 767 νημα
196 730 245 763 τῆς
284 730 394 767 σαρκὸς,
428 728 538 765 ἐξαίρει,
567 729 604 760 ὡς
644 730 741 766 μηκέτι
778 728 925 756 καταδυνα-

104 774 195 802 στεύειν
214 776 263 802 τοῦ
288 774 456 811 πνεύματος,
488 772 559 810 μηδὲ
583 776 672 801 ποιεῖν
701 773 734 801 τὰ
759 774 846 801 οἰκεῖα
861 771 926 811 ἔργα

104 819 148 854 τήν
176 818 270 856 σάρκα,
286 816 428 857 πορνείαν,
455 818 631 856 ἀκαθαρσίαν,
661 818 759 853 πάθος,
784 818 926 855 ἐπιθυμίαν

104 866 193 900 κακήν.
206 863 400 902 Νικρώσάντες
509 863 553 891 οὗν
570 863 671 891 ἑαυτῶν
691 863 724 890 τὰ
747 863 818 900 μέλη
834 863 867 891 τὰ
882 863 925 891 ἐπὶ

105 914 150 945 τῆς
175 912 234 948 γῆς,
264 911 311 938 καὶ
340 908 384 937 διὰ
421 909 511 961 λόγων
546 909 751 945 ἐπιπληκτικων
780 909 966 961 καταστελ-Β

108 954 202 982 λόντων
216 955 248 982 τὰ
263 955 352 990 πάθη,
368 954 412 982 καὶ
440 952 487 982 διὰ
498 957 548 989 τῆς
572 954 681 992 ἀποχῆς
701 956 753 982 τῶν
773 955 925 993 βρωμάτων

108 999 288 1036 νηστεύσωμεν
318 998 444 1035 νηστείαν
484 997 580 1034 δεκτήν
620 999 761 1036 εὐάρεστον
799 1001 839 1035 τῷ
875 1002 926 1026 Κυ-

108 1044 153 1081 ρίῳ
247 1045 328 1072 Ἐστι
344 1045 390 1080 μὲν
408 1042 453 1071 οὖν
479 1043 525 1071 καὶ
549 1044 567 1078 ἡ
592 1044 686 1081 ἀποχὴ
701 1044 755 1071 τῶν
774 1044 927 1082 βρωμάτων

107 1088 236 1123 κωλυτική
259 1090 316 1116 τῶν
343 1088 410 1115 κατὰ
434 1088 551 1125 γαστέρα
579 1088 703 1125 ὀρέξεων,
725 1088 770 1115 καὶ
795 1091 848 1115 τῶν
876 1088 927 1115 ὑπὸ

107 1133 222 1171 γαστέρα.
235 1133 285 1162 Καὶ
302 1133 316 1160 ὁ
332 1132 483 1172 φιλόπονος
500 1131 528 1160 δὲ
552 1132 701 1171 χρησίμως
719 1132 826 1164 τούτοις
841 1131 927 1160 ἐνδια-

107 1177 199 1215 τρίψει,
213 1176 285 1216 ἔχων
313 1176 466 1215 ὑπόδειγμα
580 1177 626 1204 τὸν
657 1177 754 1205 Ἠλίου
784 1177 855 1215 βίον,
881 1177 926 1205 τὸν

109 1223 232 1260 Μωσέως,
255 1223 307 1251 τὸν
344 1221 458 1258 Δανιὴλ,
490 1222 536 1249 τὸν
564 1222 700 1257 Ἰωάννου,
730 1222 775 1250 καὶ
801 1223 846 1250 τὸν
874 1225 926 1249 τῶν

111 1269 208 1295 λοιπῶν
230 1267 326 1305 ἁγίων,
341 1269 389 1294 Ὧν
408 1266 457 1294 οὐκ
485 1266 518 1301 ἦν
549 1266 622 1302 ἄξιος
652 1267 666 1294 ὁ
693 1266 808 1303 κόσμος,
838 1267 865 1294 οἳ
878 1277 926 1294 πε-

110 1311 214 1349 ριῆλθον
244 1311 270 1340 ἰν
306 1311 459 1348 μηλωταῖς,
489 1311 516 1339 ἐν
545 1310 657 1350 αἰγείοις
686 1310 826 1350 δέρμασιν,
853 1312 928 1339 ὑστε-

109 1356 240 1394 ρούμενοι,
278 1353 453 1393 θλιϐόμενοι,
483 1356 714 1393 κακουχούμενοι.
745 1355 823 1384 Ἀλλ’
852 1354 928 1384 οὔπω

107 1402 134 1429 τὸ
148 1401 172 1428 ἰν
185 1401 280 1440 ἀποχῇ
310 1401 463 1439 βρωμάτων
482 1399 601 1436 εὔτονον,
618 1401 708 1428 ἱκανὸν
723 1400 761 1432 εἷς
774 1399 926 1434 τελείωσιν,

108 1446 146 1474 liv
162 1447 198 1483 μὴ
213 1447 257 1474 καὶ
274 1447 294 1481 ἡ
312 1446 389 1484 ψυχὴ
406 1445 432 1473 ἰν
446 1444 572 1473 παντελεῖ
595 1445 689 1483 ἀποχῇ
707 1448 760 1473 τῶν
775 1445 926 1484 τρεφόντων

106 1490 191 1518 κακίαν
208 1491 335 1528 ὑπάρχῃ.
351 1491 453 1528 Ὥσπερ
476 1490 527 1528 γὰρ
553 1488 667 1521 διπλοῦς
695 1490 709 1517 ὁ
732 1490 882 1527 ἅνθρωπος,
899 1490 928 1517 ἐκ

105 1537 170 1574 ψυχς
198 1535 334 1566 συνεστὼς
363 1535 409 1562 καὶ
437 1535 575 1572 σώματος·
601 1534 672 1562 οὕτω
700 1534 746 1562 καὶ
774 1535 801 1562 αἱ
829 1534 927 1572 τροφαὶ

107 1578 203 1615 διπλαῖ,
218 1579 396 1615 κατάλληλοι
419 1581 454 1617 τῇ
476 1579 605 1616 ἑκατέρου
631 1579 754 1607 συστάσει
777 1578 925 1617 τυγχάνου-

105 1635 153 1659 σαι,
176 1625 356 1663 εὐτονώτερον
380 1624 448 1662 πρὸς
471 1624 519 1655 τὰς
545 1623 647 1655 οίκείας
668 1623 801 1662 ἐνεργεὶας
825 1624 923 1652 ἀποτευ-

105 1669 175 1697 λοῦσι
190 1670 220 1698 τὸ
310 1669 487 1708 τρεφόμενον.
512 1669 612 1705 Ὥσπερ
637 1668 688 1706 γὰρ
703 1667 729 1696 ἐν
754 1671 810 1699 τοῖς
828 1678 927 1706 γυμνα-

107 1715 201 1746 στικοίς
225 1715 253 1742 αἱ
268 1713 418 1749 ἀθλητικαὶ
445 1713 543 1751 τροφαὶ
569 1713 636 1750 μετὰ
657 1715 711 1740 τῶν
740 1713 924 1748 καταλλήλων

107 1759 256 1797 γυμνασίων
298 1761 357 1790 τοῖς
397 1759 504 1796 σώμασι
528 1758 742 1796 προσαγόμεναι,
768 1758 828 1785 ὅσον
849 1768 927 1785 κατα-

108 1807 262 1842 κρατοῦνται
294 1802 347 1831 ύπὸ
383 1807 434 1838 τῆς
470 1804 524 1830 τῶν
561 1803 735 1842 τρεφομένων
774 1802 925 1839 δυνάμεως,

107 1851 227 1876 τοσοῦτον
253 1848 294 1879 εἷς
318 1847 419 1883 εὐεξίαν
444 1847 552 1884 μείζονα
570 1848 601 1874 τὸ
626 1849 705 1884 σῶμα
720 1847 866 1884 ἐξαίρουσι,
881 1847 926 1874 καὶ

111 1894 244 1931 μροσθήκη
262 1892 349 1920 αὐτοῦ
376 1893 515 1929 γινόμεναι
542 1890 587 1919 διὰ
612 1893 661 1919 τοῦ
685 1892 742 1929 (39)
760 1891 797 1923 εἷς
812 1892 862 1926 τὴν
876 1894 926 1919 τοῦ

109 1938 229 1975 σώματος
245 1934 486 1974 ἀναλαμϐάνεσθαι
515 1935 650 1964 σύστασιν.
681 1935 752 1963 οὕτω
779 1936 824 1963 καὶ
849 1935 875 1963 ἐν
892 1937 926 1973 τῇ

109 1985 155 2016 τῆς
169 1980 303 2013 εὐσεϐείας
326 1981 438 2017 ἀσκήσει
461 1980 494 2008 τὰ
516 1982 567 2013 τῆς
590 1980 706 2011 πίστεως
732 1978 862 2018 δόγματα,
882 1979 927 2007 καὶ

110 2026 133 2054 oi
148 2025 320 2065 διορθωτικοί
337 2025 416 2064 λόγοι
427 2028 480 2053 τῶν
504 2026 590 2061 ἠθῶν,
608 2027 729 2063 συνεχῶς
752 2024 927 2063 προσαγόμε-

110 2082 148 2098 νοι
162 2074 194 2109 τῇ
207 2073 299 2110 ψυχῇ,
314 2071 359 2098 καὶ
373 2072 434 2102 ταῖς
457 2069 525 2098 κατὰ
550 2070 647 2108 μικρὸν
661 2069 744 2104 αὐτὴν
760 2070 928 2107 προσθήκαις

111 2115 236 2154 αὔξοντες,
263 2114 451 2153 δυνατωτέραν
475 2114 558 2150 αὐτὴν
583 2114 627 2142 καὶ
652 2114 872 2153 φιλοπονωτέραν
889 2114 928 2145 είς

109 2161 138 2188 τὸ
152 2162 282 2198 μειζόνων
308 2161 352 2189 καὶ
378 2159 555 2198 τελειοτὲρων
581 2161 635 2187 τῶν
662 2159 687 2187 ὲν
716 2158 834 2198 δόγμασι
856 2157 927 2186 διδα-

110 2207 214 2243 γμάτων
232 2205 408 2244 ἐπορέγεσθαι
422 2203 668 2244 παρασκευάζουσιν
674 2226 680 2232 .

981 283 1022 312 ita
1039 287 1070 312 ut
1087 284 1147 312 haec
1162 283 1294 313 ciborum
1319 285 1497 313 abstinentia
1521 285 1601 321 pium
1627 286 1691 313 vita
1714 294 1807 322 genus

982 329 1148 357 comitetur.
1167 330 1267 365 Itaque
1294 329 1350 357 viri
1380 329 1461 366 probi
1485 331 1530 358 est
1555 329 1648 358 multa
1662 330 1692 358 in
1709 332 1807 359 mente

980 381 1106 408 versare,
1131 376 1219 410 atque
1245 375 1358 402 veritati
1389 375 1562 411 indagandae
1587 383 1706 412 operam
1727 375 1805 410 dare,

981 419 1009 446 et
1025 427 1089 446 raro
1107 419 1141 446 ad
1157 419 1254 446 carnis
1276 426 1376 447 curam
1397 419 1594 454 descendere;
1611 419 1716 448 deinde
1731 421 1809 456 post-

982 471 1070 498 quam
1082 463 1196 499 corpori
1208 464 1445 492 subministravit
1456 464 1621 493 necessaria
1635 464 1742 492 vilibus
1753 463 1806 493 ali-

982 508 1089 536 mentis
1116 508 1197 536 nullo
1222 509 1337 544 negotio
1366 509 1506 545 parandis
1535 517 1674 543 vescens;
1701 517 1807 546 repen-

981 552 1042 580 tino
1059 561 1075 580 a
1098 561 1196 580 rerum
1220 552 1370 581 inutiliqu
1395 554 1587 590 occupatione
1611 562 1676 582 sese
1690 555 1806 583 subtra-

982 596 1035 632 hit,
1052 599 1080 624 et
1096 597 1132 624 ad
1156 597 1314 633 pristinum
1341 598 1406 627 vitea
1423 606 1516 634 genus
1540 599 1677 626 occurrit.
1692 598 1807 627 Etenim

981 641 1036 669 hoc
1050 642 1116 669 vitae
1131 650 1224 678 genus
1249 642 1431 670 occasionem
1457 651 1573 671 omnem
1600 651 1616 671 e
1631 643 1729 671 medio
1752 643 1807 671 tol-

981 686 1026 722 lit,
1053 695 1111 722 qua
1138 686 1234 714 carnis
1256 687 1335 716 405
1364 687 1510 715 nutriatur
1532 687 1715 724 petulantia:
1735 688 1807 716 adeo

981 734 1014 758 ut
1041 739 1098 759 non
1128 731 1257 767 amplius
1285 731 1315 759 in
1342 732 1479 768 spiritum
1508 734 1641 761 exerceat
1670 732 1805 769 tyranni-

981 776 1060 809 dem,
1091 783 1186 812 neque
1214 784 1280 804 caro
1310 785 1397 812 opera
1431 777 1488 804 sibi
1517 777 1636 813 propria
1663 777 1805 813 perficiat,

981 820 1223 853 fornicationem,
1251 820 1482 854 immunditiam,
1508 821 1672 855 libidinem,
1697 830 1806 850 concu-

981 864 1155 900 piscentiam
1172 864 1279 892 malam
1290 865 1322 892 ⁸⁹.
1338 865 1444 893 Nostra
1459 865 1550 902 igitur
1563 866 1695 902 ipsorum
1711 874 1805 894 mem-

984 908 1036 935 bra
1061 917 1125 944 quae
1152 911 1222 936 sunt
1250 918 1338 946 super
1360 912 1481 943 terram,
1507 910 1805 947 mortiﬁcantes,per-

983 961 1040 989 que
1055 961 1206 981 sermones
1228 954 1442 990 objurgatorios
1466 954 1516 991 qui
1531 954 1708 991 cupiditates
1723 963 1806 984 coer-

982 1000 1077 1031 ceant,
1100 1006 1132 1025 ae
1157 1007 1208 1033 per
1232 998 1364 1026 ciborum
1389 999 1609 1033 abstinentiam,
1635 1000 1806 1035 jejunemus

979 1043 1126 1078 jejunium
1157 1043 1282 1071 Domino
1311 1046 1462 1080 acceptum
1492 1046 1678 1081 gratumque.
1705 1045 1806 1073 Enim-

981 1095 1048 1115 vero
1073 1088 1183 1115 ventris
1211 1090 1239 1116 et
1262 1096 1359 1116 rerum
1389 1097 1578 1117 venerearum
1606 1090 1806 1126 appetentiam

983 1131 1110 1159 refrenat
1133 1131 1268 1160 ciborum
1292 1133 1481 1161 abstinentia.
1499 1134 1586 1162 Porro
1611 1135 1662 1171 qui
1687 1135 1717 1162 in
1733 1135 1806 1163 tole-

982 1176 1082 1204 randis
1098 1176 1249 1205 laboribus
1276 1179 1414 1206 strenuus
1438 1180 1494 1212 est,
1509 1178 1539 1206 in
1568 1179 1614 1207 bis
1638 1187 1670 1207 se
1696 1179 1808 1207 utiliter

982 1221 1138 1254 exercebit,
1163 1222 1330 1258 exemplum
1349 1223 1462 1251 habens
1486 1223 1573 1251 vitam
1590 1223 1667 1259 Elite,
1685 1224 1805 1261 Moysis,

982 1265 1121 1299 Danielis,
1133 1266 1267 1302 Joannis,
1279 1269 1307 1294 et
1319 1267 1497 1304 reliquorum
1511 1272 1691 1304 sanctorum,
1703 1269 1806 1302 Quibus

981 1318 1036 1337 non
1057 1310 1157 1345 dignus
1172 1315 1231 1339 erat
1245 1312 1380 1346 mundus,
1395 1313 1447 1348 qui
1460 1313 1629 1341 circuierunt
1643 1314 1673 1340 in
1685 1313 1804 1347 metatis,

982 1355 1012 1382 in
1038 1355 1159 1391 pellibus
1187 1357 1320 1393 caprinis,
1335 1361 1455 1392 egentes,
1470 1359 1634 1392 angustiati,
1649 1358 1750 1393 afﬂicti
1772 1358 1804 1385 '°.

982 1399 1036 1427 Sed
1054 1401 1173 1428 strenua
1183 1400 1387 1429 alimentorum
1400 1401 1578 1430 abstinentia
1588 1402 1666 1429 haud
1678 1401 1750 1430 satis
1760 1404 1806 1430 est

983 1444 1167 1479 acquirenda
1183 1445 1365 1481 perfectioni,
1381 1445 1438 1473 nisi
1449 1446 1548 1473 anima
1561 1446 1596 1473 ab
1607 1446 1654 1474 his
1669 1455 1733 1482 quas
1746 1455 1806 1475 ma-

982 1488 1075 1516 litiam
1091 1489 1237 1524 nutriunt,
1249 1498 1369 1525 prorsus
1380 1489 1535 1518 abstineat.
1552 1490 1806 1523 Quemadmodum

982 1533 1059 1560 enim
1076 1532 1183 1569 duplex
1195 1535 1238 1561 est
1249 1533 1347 1567 homo,
1360 1536 1499 1562 constans
1515 1533 1614 1562 anima
1624 1536 1653 1562 et
1668 1541 1805 1570 corpore:

982 1577 1024 1606 ita
1038 1579 1067 1606 et
1079 1577 1211 1614 duplices
1236 1580 1306 1606 sunt
1332 1579 1399 1614 cibi,
1417 1578 1467 1615 qui
1486 1587 1551 1607 cum
1578 1579 1637 1607 sint
1652 1579 1807 1615 utriusque

981 1622 1152 1651 substantia:
1168 1623 1277 1651 alenda:
1289 1623 1481 1657 accommodi,
1498 1623 1526 1651 id
1541 1624 1616 1660 quod
1628 1624 1676 1652 his
1691 1624 1807 1652 enutri-

981 1669 1030 1695 tur
1045 1668 1079 1695 ad
1096 1668 1213 1704 propria
1234 1677 1288 1696 sua
1310 1677 1399 1705 opera
1419 1669 1581 1697 exserenda
1603 1668 1731 1697 validius
1747 1669 1806 1697 for-

980 1712 1100 1748 tiusque
1116 1712 1258 1741 efﬁciunt.
1269 1714 1523 1746 Quemadmodum
1534 1713 1612 1741 enim
1624 1713 1653 1740 in
1669 1713 1807 1741 exercita-

980 1756 1112 1784 tionibus
1128 1758 1319 1793 gymnasticis
1333 1757 1490 1786 athleticus
1500 1758 1596 1786 victus
1611 1758 1687 1785 inter
1702 1757 1805 1786 idonea

980 1800 1117 1829 exercitia
1133 1802 1302 1837 corporibus
1318 1802 1570 1836 subministratus,
1584 1803 1694 1838 quanto
1709 1801 1804 1838 magis

981 1845 1137 1881 subigitur,
1156 1848 1233 1874 tanto
1249 1855 1354 1882 corpus
1370 1847 1406 1874 ad
1425 1846 1655 1883 praestantiorem
1672 1854 1705 1873 ac
1719 1854 1803 1882 vege-

980 1890 1083 1918 tiorem
1100 1891 1196 1918 evehit
1212 1891 1426 1925 habitudinem,
1438 1892 1523 1928 eique
1535 1892 1567 1919 ﬁt
1582 1891 1722 1924 accessio,
1738 1899 1805 1927 pro-

982 1936 1158 1971 ptereaquod
1172 1935 1200 1963 in
1212 1937 1343 1972 corporis
1354 1937 1550 1964 substantiam
1562 1937 1711 1964 transeat:
1725 1935 1768 1963 ita
1777 1937 1808 1963 et

981 1979 1011 2007 in
1035 1979 1153 2014 pietatis
1178 1980 1384 2008 exercitatione
1407 1980 1474 2008 ﬁdei
1500 1981 1647 2016 dogmata,
1672 1988 1724 2008 nec
1749 1988 1806 2007 non

981 2031 1133 2052 sermones
1149 2024 1185 2051 ad
1204 2032 1299 2052 mores
1323 2024 1523 2052 emendandos
1544 2023 1651 2058 idonei,
1668 2024 1808 2052 continuo

981 2068 1086 2096 animae
1102 2068 1234 2102 exhibiti,
1253 2072 1341 2105 atque
1357 2068 1499 2105 paulatim
1517 2068 1696 2104 quibusdam
1714 2069 1808 2096 incre-

982 2113 1091 2140 mentis
1103 2113 1197 2149 ipsam
1210 2117 1362 2150 augentes,
1379 2113 1573 2140 robustiorem
1584 2121 1647 2140 eum
1659 2112 1728 2141 etin
1739 2112 1809 2140 sub-

982 2157 1088 2185 eundis
1104 2157 1254 2186 laboribus
1266 2158 1359 2193 magis
1376 2158 1502 2185 alacrem
1514 2157 1659 2192 reddunt;
1672 2159 1705 2185 ut
1719 2158 1810 2193 majo-

983 2210 1043 2229 rem
1060 2202 1321 2238 perfectioremque
1331 2203 1501 2238 dogmatum
1516 2202 1679 2230 doctrinam
1695 2210 1810 2238 compa-

986 2247 1038 2274 ret.

143 2304 185 2332 32.
201 2303 269 2332 Ἀπὸ
284 2305 336 2338 τῆς
350 2301 395 2329 οὖν
413 2302 469 2339 (40)
495 2300 522 2328 ἐν
547 2303 586 2337 τῷ
610 2303 721 2339 κρυπτῷ
746 2302 870 2337 νηστείας
883 2313 926 2341 φυ-

1022 2300 1068 2330 32.
1086 2301 1187 2337 Itaque
1200 2309 1216 2329 a
1227 2300 1340 2337 jejunio
1355 2300 1433 2336 quod
1452 2300 1481 2328 in
1497 2299 1610 2328 occulto
1637 2301 1691 2335 est,
1707 2307 1812 2328 caven-

113 2346 218 2375 λακτέον
245 2349 328 2384 ἡμῖν,
350 2350 401 2381 τῆς
439 2346 507 2373 κατὰ
538 2344 643 2373 δικαίαν
680 2345 767 2383 κρίσιν
795 2349 926 2384 μισεῖσθαι

987 2348 1058 2376 dum
1070 2346 1154 2375 nobis
1165 2348 1219 2378 est,
1231 2345 1399 2382 quodjusto
1410 2344 1524 2381 judicio
1534 2344 1643 2373 dicitur
1657 2353 1674 2373 a
1688 2344 1814 2374 Domino

113 2390 258 2429 λεγομὲνης
276 2392 329 2420 ὑπὸ
342 2393 391 2419 τοῦ
418 2389 532 2429 Κυρίου,
556 2390 617 2428 περὶ
641 2392 676 2425 ἧς
698 2390 742 2418 καὶ
758 2391 772 2419 ὁ
788 2393 926 2430 προφήτης

989 2393 1055 2421 odio
1071 2390 1183 2424 haberi,
1200 2390 1276 2426 quod
1294 2392 1321 2417 et
1335 2389 1476 2426 propheta
1489 2389 1674 2426 deprecatur,
1692 2389 1812 2418 dicens:

115 2436 266 2476 ἀπεύχεται,
291 2435 392 2475 λέγων*
421 2435 457 2463 οὔ
492 2435 687 2472 λιμοκτονήσει
718 2435 819 2474 Κύριος
843 2437 926 2476 ψυχὰι

988 2439 1047 2467 Non
1070 2436 1214 2472 interﬁciat
1242 2436 1316 2471 fama
1342 2435 1476 2463 Dominus
1499 2435 1610 2463 anima:
1628 2435 1768 2472 jmtomm
1778 2435 1810 2463 οι.

145 2513 166 2532 ’⁸
179 2513 289 2543 Coloss.
309 2522 352 2549 ιιι,
367 2513 394 2541 5.
434 2513 457 2531 ⁸ο
470 2512 558 2541 Hebr.
573 2521 613 2547 ιι,
629 2513 675 2548 37,
689 2513 734 2541 38.
773 2514 793 2531 ⁹¹
811 2513 893 2542 Prov.
909 2523 938 2548 x,
954 2514 982 2542 3.

147 2599 201 2634 (35)
216 2599 304 2633 Editi,
321 2598 503 2636 νεκρώσαντα.
520 2598 554 2626 At
577 2598 708 2634 quinque
732 2607 815 2635 mss.,
831 2598 933 2636 νεκρώ-

116 2644 214 2665 σαντες.

988 2601 1075 2636 ptura
1090 2600 1213 2634 utraque
1229 2596 1353 2636 admitti
1364 2597 1470 2636 potest.

1024 2635 1080 2670 (39)
1099 2635 1138 2662 Ita
1152 2630 1202 2662 sex
1227 2642 1299 2661 mss.
1325 2630 1463 2666 At-Bdltl,
1478 2630 1528 2670 τό,Δ
1540 2641 1629 2670 sensu
1653 2640 1711 2670 non
1727 2632 1814 2662 dissi-

147 2671 202 2706 (36)
216 2670 271 2699 Ubi
286 2670 413 2707 legimus
428 2669 457 2707 i_n
473 2669 600 2697 editione
611 2669 715 2704 Puris.,
731 2672 770 2706 τῷ
782 2672 849 2706 Θεῷ.
868 2670 923 2707 legi

989 2667 1062 2698 mili.
1080 2670 1235 2707 Aliquanto
1251 2670 1316 2707 post
1332 2669 1389 2696 duo
1406 2677 1490 2707 mss”
1506 2667 1531 2695 οἱ
1548 2667 1702 2707 ὀρυωτιχοί.

116 2703 489 2742 ιυίιὶιίωεεηῖᾢΚυρίῳη
633 2741 647 2742 η
701 2741 706 2742 γ
757 2703 762 2706 ⁷
826 2703 831 2706 ’
895 2703 911 2707 ν

1025 2706 1082 2742 (40)
1098 2703 1165 2732 Ἀιῐτὸ
1190 2703 1328 2742 τῆς-οὖν,
1357 2707 1412 2742 etc.
1441 2705 1500 2742 Hoc
1527 2703 1586 2742 est,
1617 2703 1772 2742 pavendum
1796 2713 1814 2733 α

148 2742 202 2780 (37)
218 2739 305 2776 Editi,
323 2739 517 2780 υπογραμμόν,
536 2741 568 2768 At
578 2741 649 2777 regii
664 2741 778 2777 primus
788 2743 817 2769 et
831 2741 935 2770 tertius
984 2739 1093 2778 jejunio
1109 2743 1252 2780 interioris
1268 2740 1396 2780 (nominis,
1412 2748 1429 2767 a
1449 2739 1554 2780 jejun‘io
1564 2739 1644 2780 peri}?
1666 2740 1760 2780 divini
1771 2741 1814 2780 to-

356 2774 557 2814 in'cobtextyi
576 2811 582 2814 Δ
612 2774 626 2777 ’
665 2774 672 2777 ’
734 2813 747 2814 7
880 2812 894 2814 ,_
984 2774 1100 2814 'u'usque
1113 2778 1231 2806 cwteslis
1253 2774 1404 2805 doctrinae:
1433 2783 1490 2810 qua
1511 2774 1546 2802 de
1562 2774 1659 2803 inedia
1687 2776 1814 2812 scriptor

989 2822 1058 2844 mox
1071 2814 1243 2843 disserebat.

117 2779 144 2804 et
156 2778 203 2806 alii
219 2781 280 2806 tres
296 2778 338 2806 uti
354 2779 384 2806 in
399 2779 547 2805 contextu.

150 2814 202 2849 (38)
218 2814 262 2843 Ita
276 2817 403 2849 quatuor
418 2821 490 2842 mss.
507 2811 583 2849 Editi
598 2820 665 2841 vero
681 2814 709 2841 et
733 2813 803 2849 Reg.
819 2812 936 2848 tertius,

119 2847 162 2878 τόν
175 2847 258 2880 Illum
279 2847 418 2882 hominem
441 2849 533 2886 magis
557 2848 677 2879 alacrem
699 2847 833 2886 efﬁciant.
850 2847 936 2887 _Scri4
