2009 3145
172 168 232 200 187

638 170 837 202 APPENDIX
860 169 1023 202 OPERUM
1045 171 1077 201 S.
1100 170 1241 201 BASILII
1262 170 1400 201 MAGNI.

1820 167 1881 198 {88

173 237 280 272 ingrato
296 235 400 264 medici
416 244 497 272 cura,
513 237 631 273 quando
646 237 671 265 is
700 237 750 273 qui
775 237 897 265 adversa
921 236 995 265 vale-

1060 238 1101 270 τῆς
1119 238 1190 270 ζωῆς
1212 236 1226 262 ὁ
1245 235 1357 272 κάμνων
1389 233 1535 272 ἐπιτηδεύῃ
1548 244 1555 270 ;
1569 233 1663 265 Οὕτως
1683 232 1761 261 οὖδὶν
1779 230 1881 272 ὄφελος

172 280 274 308 tudine
290 281 487 315 conﬂictatur,
507 290 567 309 sua:
581 283 644 309 vita:
671 282 800 310 exitialia
827 281 995 318 conquirit?

171 325 218 352 Sic
233 325 280 360 qui
297 325 393 353 adhuc
409 328 518 362 peccat,
536 326 609 354 nihil
625 326 649 354 ei
668 326 803 354 utilitatis
828 327 939 355 accedit
962 334 996 354 ex

171 369 298 405 peccatis
309 370 493 398 condonatis:
512 378 605 406 neque
623 371 673 406 qui
690 371 826 407 impurus
840 374 894 403 est,
910 371 995 407 quid-

170 421 259 449 quam
276 414 398 450 percipit
414 415 486 442 lucri
504 423 537 442 ex
553 416 686 443 remissis
701 415 894 451 impudicitiae
906 415 994 443 vitiis.

173 459 324 492 Quomodo
336 461 434 486 autem
450 459 554 487 animae
566 463 685 495 peccata
696 460 891 488 remittuntur
902 462 913 488 Ρ
924 460 995 488 Cum

172 503 307 531 videlicet
316 503 409 531 virtus
420 504 524 531 animae
535 504 695 537 dominata,
707 507 794 541 atque
809 505 890 533 illam
903 507 995 532 totam

173 547 236 575 suis
246 548 432 576 sermonibus
444 548 621 580 imbuens,et
632 550 660 577 in
669 549 803 577 habitum
815 550 996 577 contrarium

174 592 314 620 invidiam
330 595 358 620 et
373 593 471 621 odium
485 593 611 621 concitat
624 603 630 621 :
646 594 716 622 adeo
731 597 763 621 ut
774 594 872 622 oblata
883 594 907 622 ci
917 602 997 622 occa-

173 637 255 665 sione
270 637 366 665 aliena
377 638 519 673 rapiendi,
534 638 609 665 ultro
620 639 654 666 ad
668 638 871 667 bonorandam
884 638 996 674 ample-

173 682 369 717 ctendamque
389 682 467 717 juris
496 683 663 719 equitatem
693 683 825 711 animum
855 683 996 719 appellat,

172 725 286 754 etiamsi
301 726 383 754 facile
393 726 419 754 ei
433 729 510 754 esset
521 727 596 754 hanc
613 727 753 763 injuriam
767 728 998 763 facere,eamque

173 773 274 806 utpote
289 771 352 798 sine
367 772 491 799 testibus
513 772 712 805 commissam,
738 775 879 808 tanquam
905 772 997 800 maxi-

174 823 257 844 mum
273 814 384 843 malum
401 825 418 843 a
431 824 463 843 se
479 815 632 852 depellere.
648 817 702 849 Qui
719 817 761 844 sic
783 817 810 844 in
828 825 859 845 se
876 817 998 844 aﬂ'ectus

175 861 222 888 est
236 868 253 887 a
267 859 415 896 prioribus
444 860 560 888 delictis
583 863 679 896 potest
703 861 823 889 absolvi.
852 861 939 889 Porro
961 861 997 888 ad

175 904 254 932 hunc
270 905 389 932 modum
406 905 638 941 temperantiain
653 906 753 933 anima
762 905 895 933 habitum
911 905 999 933 ﬁrmi-
1012 920 1037 953 Β

175 950 322 984 tatemque
350 949 466 986 adepta,
493 950 749 986 intemperantiam
785 950 999 986 libidinemque

177 993 325 1029 proﬁigat.
354 993 464 1022 Verum
489 996 699 1030 temperantem
729 995 998 1031 continentemque,

179 1046 237 1066 non
253 1046 320 1065 eum
336 1038 472 1073 dicimus,
489 1039 518 1066 in
544 1047 602 1074 quo
629 1047 686 1075 prae
710 1040 791 1068 senio
815 1040 857 1068 vel
886 1040 1000 1075 morbo,

180 1084 232 1110 aut
247 1082 303 1111 alio
319 1084 456 1119 quopiam
473 1092 542 1111 casu
555 1083 690 1111 exstincti
714 1084 773 1112 sint
797 1084 929 1113 libidinis
954 1094 1002 1121 ap-

180 1128 300 1163 petitus.
322 1128 394 1156 Huic
409 1128 488 1156 enim
503 1128 611 1156 insidet
627 1129 745 1164 quidem
758 1129 861 1157 vitium
883 1129 979 1165 ipsum
993 1139 999 1157 :

180 1171 256 1200 actio
271 1180 339 1200 vera
351 1173 527 1209 prepeditur
538 1180 588 1208 per
599 1181 774 1209 organorum
787 1174 999 1202 inﬁrmitatem.

181 1216 237 1244 Sed
253 1217 434 1246 continentia
448 1225 527 1253 vera,
542 1221 587 1247 est
604 1218 729 1246 facultas
744 1219 920 1254 cognitionis
936 1228 1002 1247 con-

182 1259 316 1295 ciliatrix,
331 1270 394 1298 qua:
410 1262 438 1290 in
455 1263 559 1292 intimo
575 1264 678 1292 animas
703 1271 818 1291 recessu
848 1263 1002 1299 impressa,

181 1305 468 1343 intestinarturpium
487 1310 621 1336 motuum
635 1308 759 1343 vestigia
772 1307 857 1335 delet.
876 1308 929 1340 Qui
946 1307 1003 1335 sibi

180 1348 223 1377 sic
238 1350 381 1385 medetur,
398 1359 431 1379 eo
446 1353 524 1387 quod
541 1353 675 1380 habitum
691 1351 805 1380 ati‘ectui
824 1352 860 1380 ad
884 1360 1003 1387 peccan-

181 1394 253 1421 dum
269 1396 462 1431 propendenti
481 1397 659 1425 contrarium
675 1396 866 1432 recuperat,ei
878 1396 949 1424 utile
959 1399 1006 1424 est

179 1439 270 1466 venias
285 1439 394 1468 donum
410 1449 444 1468 ac
459 1442 653 1470 conducibile.
680 1442 743 1469 Hac
768 1449 835 1469 vero
859 1441 1005 1469 sententia

181 1483 389 1512 interminatur
413 1486 485 1519 fore,
511 1489 544 1514 ut
569 1495 689 1522 prorsus
712 1486 845 1522 repudiet
868 1494 928 1521 eos,
954 1486 1002 1522 qui

182 1529 339 1564 postquam
355 1538 372 1557 a
388 1530 489 1559 multis
504 1531 622 1559 casibus
638 1539 702 1559 sese
717 1533 882 1564 erexerunt,
903 1532 1004 1567 utpote

183 1579 200 1599 a
217 1572 272 1600 Deo
287 1573 324 1601 ob
348 1582 437 1602 suum
461 1575 490 1602 in
517 1575 648 1604 homines
671 1576 746 1604 408
772 1583 900 1604 amorem
927 1575 1005 1603 velut

181 1623 271 1644 manu
286 1618 394 1652 educti,
413 1623 473 1647 lum
487 1620 606 1648 demum
618 1620 781 1648 inﬁrmitati
793 1620 1002 1648 succumbunt.
1019 1610 1040 1643 (ἶ

183 1661 248 1689 Haec
263 1670 326 1695 vox,
351 1663 407 1691 Non
433 1666 559 1700 amplius,
586 1664 671 1693 nobis
694 1665 806 1693 indicat
823 1665 886 1701 jam
909 1673 1004 1700 saapu-

184 1714 307 1734 numero
322 1707 432 1736 similia
447 1709 558 1745 ﬂagitia
573 1709 655 1745 prius
671 1710 763 1737 fuisse
778 1710 951 1738 condonata.
963 1709 1006 1736 Si-

183 1750 303 1786 quidem
321 1752 381 1780 ﬁeri
394 1753 505 1789 nequit,
521 1756 554 1781 ut
568 1754 635 1790 quis
649 1755 713 1782 sine
728 1755 811 1781 venia
839 1763 901 1790 quae
918 1763 934 1781 ιι
949 1754 1006 1782 Deo

185 1796 370 1832 concedatur,
387 1797 452 1826 vitae
468 1799 629 1826 secundum
652 1799 790 1826 virtutem
820 1799 1005 1827 instituenda:

186 1847 248 1868 sese
263 1841 360 1869 dedat.
379 1842 488 1870 Idcirco
504 1844 568 1878 ejus
593 1843 641 1878 qui
670 1843 819 1879 sapienter
841 1844 929 1870 vitam
954 1851 1007 1871 no-

186 1886 276 1913 stram
293 1885 457 1921 dispensat,
472 1895 555 1916 mens
571 1890 616 1916 est
630 1887 837 1924 voluntasque,
851 1891 881 1915 ut
897 1887 943 1915 his
958 1888 1006 1922 qui

184 1928 216 1956 in
231 1930 359 1965 peccatis
375 1931 553 1966 quibusdam
568 1934 702 1960 versatus
717 1935 771 1968 est,
788 1934 817 1960 et
840 1932 946 1960 deinde
969 1933 1006 1960 ad

185 1974 332 2002 saniorem
349 1975 412 2003 vitaa
437 1976 579 2004 rationem
606 1976 759 2012 pollicetur
784 1985 849 2005 sese
874 1979 1006 2013 receptu-

1051 279 1228 317 ἀδικημάτων
1258 279 1498 318 συγχωρουμένων
1523 282 1563 316 τῷ
1589 279 1628 307 ἔτι
1657 277 1809 312 ἀδικοῦντι,
1834 278 1880 305 καὶ

1050 324 1284 361 ἀκολαστημάτων
1315 325 1468 363 ἀφιεμίνων
1495 326 1534 360 τῷ
1569 320 1607 351 ἔτι
1641 322 1880 351 ἆκολασταίνοντι.

1050 368 1140 397 Ἀλλὰ
1155 371 1213 400 πῶς
1229 369 1330 397 ἀσίεται
1360 371 1453 407 ψυχῆς
1479 368 1681 406 ἀμαρτήματα;
1710 365 1837 396 Ἐπειδὰν
1862 367 1880 401 ἡ

1050 414 1132 452 ἀρετὴ
1158 414 1314 452 κρατήσασα
1342 417 1392 449 τῆς
1422 415 1526 452 ψυχῆς,
1555 413 1600 441 καὶ
1625 412 1694 448 ὅλην
1718 411 1804 446 αὐτὴν
1820 414 1881 442 τοῖς

1051 458 1162 490 οἰκείοις
1193 457 1286 496 λόγοις
1318 460 1375 494 (54)
1401 455 1603 492 καταλαϐοῦσα,
1644 454 1780 491 διαϐολὴν
1810 455 1882 493 αὖτῇ

1051 504 1119 540 πρὸς
1147 504 1197 538 τὴν
1228 503 1348 531 ἐναντίαν
1372 501 1489 531 διάθεσιν
1517 503 1668 540 ἐμποιήσῃ
1695 501 1765 529 ὥστε
1786 501 1813 529 ιν
1832 501 1882 538 μὲν

1050 550 1139 585 καιρῷ
1154 547 1310 583 πλεονεξίας
1335 547 1464 579 ἑκουσίως
1494 548 1580 585 ὁρμᾷν
1606 547 1644 574 ἑνὶ
1672 547 1723 581 τήν
1752 548 1802 574 τοῦ
1819 545 1882 573 ἴσου

1050 594 1146 630 τιμὴν,
1161 592 1208 620 κᾶν
1223 592 1315 631 ῥᾴδιον
1331 592 1349 630 ᾖ
1364 593 1396 620 τὸ
1422 591 1535 628 ἀδικεῖν,
1559 590 1606 620 κᾶν
1710 591 1882 628 ἀμάρτυρον,

1052 637 1088 668 ὡς
1119 637 1243 675 μέγιστον
1269 636 1350 664 κακὸν
1390 636 1562 675 ἀποφεύγειν·
1600 636 1670 663 οὕτω
1710 634 1884 672 διακείμενον

1053 682 1104 709 ὑπὸ
1117 685 1166 716 τῆς
1182 681 1208 708 ἐν
1229 681 1315 718 ἑαυτῷ
1338 680 1428 717 ἕξεως,
1449 679 1560 708 δυνατὸν
1575 681 1706 719 ἀφεθῆναι
1729 682 1785 707 τῶν
1811 690 1883 718 προ-

1053 726 1137 763 τέρων
1150 721 1336 762 ἀδικημάτων.
1365 725 1437 754 Κατά
1449 728 1532 753 ταῦτα
1558 724 1591 760 δὴ
1612 725 1657 752 καὶ
1677 726 1694 760 ἡ
1711 724 1879 764 σωφροσύνη

1051 769 1104 807 ἕξιν
1128 770 1173 798 καὶ
1198 772 1278 807 πῆξιν
1307 770 1428 798 λαχοῦσα
1456 770 1483 798 ἐν
1506 772 1540 807 τῇ
1560 772 1650 808 ψυχῇ,
1678 769 1795 797 ἀπολύει
1824 771 1880 796 τῶν

1053 814 1300 851 ἀκολαστημάτων.
1318 816 1451 853 Σώφρονα
1475 813 1505 843 δὶ
1528 815 1655 852 λὲγομεν,
1681 814 1736 852 οὐχ
1749 815 1773 850 ᾧ
1789 813 1883 851 ἀπεμα

1054 860 1188 896 ράνθησαν
1221 860 1272 887 ὑπὸ
1298 861 1401 897 γήρως,
1418 860 1436 894 ἢ
1465 859 1558 895 νύσου,
1575 859 1593 894 ἢ
1618 860 1669 887 ὑπὸ
1694 858 1784 886 ἄλλοι)
1806 858 1882 889 τινὸς

1054 905 1257 942 συμπτώματος
1281 905 1308 932 αἱ
1329 908 1378 940 τῆς
1404 903 1552 936 ἀκολασίας
1578 904 1689 942 ὀρέξεις.
1713 902 1809 939 Τούτῳ
1828 904 1880 940 γάρ

1052 951 1070 983 ἡ
1090 950 1136 987 μὶν
1152 948 1233 977 κακία
1263 949 1419 988 ἐνυπάρχει·
1449 950 1466 984 ἡ
1493 948 1522 977 δὶ
1550 949 1670 986 ἐνάργεια
1698 947 1727 976 lx
1749 950 1800 983 τῆς
1823 950 1880 974 τῶν

1054 993 1174 1032 ὀργάνων
1200 993 1334 1025 ἀσθενείας
1353 993 1578 1032 παραποδίζιται.
1604 992 1692 1022 Ἀλλά
1715 991 1880 1032 σωφροσύνη

1054 1038 1124 1066 ἐστὶν
1166 1038 1272 1074 ἀληθὴς
1313 1038 1511 1075 ὲπιστημονικὴ
1550 1037 1673 1075 δύναμις,
1697 1037 1882 1065 ὲντυπωθεῖσα

1054 1085 1088 1120 τῇ
1104 1084 1180 1120 ψτχῇ
1198 1081 1242 1110 διὰ
1265 1083 1374 1121 βάθους,
1391 1083 1435 1110 καὶ
1458 1083 1492 1110 τὰ
1520 1083 1708 1120 ινυπάρχοντα
1732 1081 1798 1120 ἴχνη
1825 1083 1882 1108 τῶν

1055 1127 1178 1166 αἴσχρῶν
1203 1127 1362 1164 κινημάτων
1387 1127 1582 1164 ίξασανίζουσα.
1608 1129 1653 1163 Τῷ
1677 1125 1762 1157 οὕτως
1787 1125 1882 1154 ἑαυτὸν

1056 1172 1204 1209 ὲξιωμᾶνῳ,
1235 1171 1280 1199 διά
1307 1174 1355 1200 τοῦ
1384 1170 1583 1209 ἀναλαμϐάνειν
1612 1174 1661 1206 τήν
1697 1171 1818 1199 ἐναντίαν
1846 1172 1883 1207 τῇ

1056 1218 1231 1255 ἁμαρτητικῇ
1253 1215 1381 1252 διάθεσιν,
1406 1216 1450 1244 καὶ
1470 1218 1487 1252 ἡ
1509 1216 1582 1254 παρᾶ
1604 1219 1653 1251 τῆς
1678 1215 1884 1253 συγχωρήσεώς

1058 1262 1140 1299 χάρις
1154 1260 1307 1300 ὠφέλιμος.
1333 1262 1363 1290 '0
1389 1260 1418 1289 δὲ
1433 1260 1515 1299 λόγος
1540 1261 1652 1289 ἐνταῦθα
1665 1259 1729 1291 τοὺς
1746 1260 1799 1287 ἀπὸ
1814 1258 1886 1287 πολ-

1058 1305 1115 1334 λῶν
1131 1307 1286 1343 πτωμάτων
1316 1305 1453 1338 πολλάκις
1479 1305 1667 1337 διαναστάντας
1693 1305 1722 1332 ἰκ
1743 1308 1794 1340 τῆς
1817 1304 1888 1331 κατά

1059 1349 1265 1390 φιλανθρωπίαν
1293 1350 1492 1389 χειραγωγίας,
1521 1350 1576 1378 εἶτα
1614 1349 1724 1388 ὕστερον
1751 1349 1804 1377 ὑπὸ
1830 1351 1885 1376 τῶν

1058 1396 1200 1428 ἀσθενειῶν
1227 1395 1420 1433 κρατηθέντας,
1446 1394 1556 1426 ἀπεςλεῖ
1589 1393 1732 1427 παντελῶς
1759 1395 1885 1433 ἀφήσειν.

1058 1441 1188 1470 Ἐνταῦθα
1222 1440 1264 1475 τὸ,
1303 1439 1411 1475 Οὐκέτι,
1442 1437 1555 1479 ἔμφασιν
1589 1441 1657 1476 ἡμῖν
1688 1438 1804 1477 παρὲχει
1836 1440 1887 1465 τοῦ

1057 1484 1194 1515 πολλάκις
1208 1483 1262 1520 ἤδη
1278 1484 1409 1523 πρότερον
1427 1484 1469 1512 ἰπὶ
1492 1487 1551 1517 τοῖς
1574 1484 1683 1521 ὁμοίοις
1706 1493 1886 1522 συγκεχωρη-

1057 1530 1142 1558 κέναι.
1171 1529 1263 1566 Χωρῖς
1304 1529 1354 1567 γὰρ
1393 1532 1442 1564 τῆς
1481 1528 1555 1567 παρᾶ
1576 1530 1625 1557 τοῦ
1651 1530 1718 1556 Θεοῦ
1752 1529 1886 1567 ἀφέσεως,

1058 1573 1210 1602 ἐπιδιδοναι
1230 1574 1292 1602 τινὰ
1314 1573 1407 1602 ἑαυτὸν
1430 1576 1470 1610 τῷ
1497 1574 1556 1601 κατ’
1580 1574 1676 1611 ἀρετὴν
1693 1573 1756 1612 βίῳ,
1772 1573 1888 1611 ἀμήχα-

1059 1629 1115 1647 νον.
1132 1619 1181 1646 Διά
1208 1620 1288 1646 τοῦτο
1316 1619 1330 1646 ὁ
1358 1621 1450 1656 σοφῶς
1475 1619 1556 1655 ⁴ἡμῶν
1586 1618 1739 1654 οἷ’κονομῶν
1836 1617 1886 1651 τὴν

1062 1664 1146 1699 ζωὴν,
1172 1663 1218 1691 τὸν
1256 1660 1283 1690 ἕν
1311 1674 1380 1690 τισιν
1423 1662 1566 1701 ἁμαρτίαις
1607 1661 1788 1700 ἐξετασθὶντά,
1830 1663 1890 1689 εἶτα

1060 1709 1217 1746 ἀνατρέχειν
1235 1707 1279 1736 ἒπῖ
1301 1708 1348 1736 τὸν
1374 1708 1434 1746 ὑγιῆ
1462 1708 1519 1746 βίον
1545 1707 1797 1745 ἐπαγγελλόμενον;
1822 1707 1887 1745 βοῦ-

1061 1753 1136 1781 λεται
1161 1752 1255 1789 πέρατι
1284 1753 1330 1789 μὶν
1357 1753 1456 1791 ὁρίζειν
1479 1753 1512 1780 τὰ
1538 1751 1718 1790 παρελθόντα,
1741 1751 1832 1790 ἀρχὴν
1858 1750 1888 1778 δὶ

1059 1809 1120 1826 τινα
1135 1798 1271 1825 ποιεῖσθαι
1298 1797 1364 1834 μετὰ
1389 1798 1423 1825 τὰ
1451 1797 1644 1835 ἡμαρτημίνα,
1665 1796 1748 1824 οἱονεὶ
1779 1795 1824 1823 διὰ
1836 1799 1888 1830 τῆς

1063 1842 1202 1880 μετανοίας
1231 1840 1443 1870 ἀναϐιώσκοντα·
1473 1844 1595 1880 συνεχῶς
1631 1840 1660 1869 δὶ
1695 1843 1780 1869 ταῦτα
1808 1841 1888 1878 ἑπαγ-

1059 1886 1241 1926 γελλόμενον,
1267 1887 1312 1914 καὶ
1352 1889 1474 1924 συνεχῶς
1503 1887 1590 1914 αὐτῶν
1619 1886 1818 1921 ἀποπίπτοντα,
1849 1885 1886 1916 ὡς

1060 1931 1201 1963 παντελῶς
1217 1931 1297 1959 αὐτὸν
1314 1933 1370 1969 (57)
1385 1931 1592 1970 ἀπεγνωσμένον
1607 1934 1657 1966 τῆς
1679 1930 1888 1969 φιλανθρωπίας

1061 1975 1188 2005 ἄκκλείει.

188 2027 266 2052 rum,
283 2019 369 2047 ﬁnem
386 2020 519 2057 imponat
535 2021 701 2058 praeteritis,
718 2022 852 2057 factoque
869 2025 934 2058 post
950 2024 1069 2058 peccata
1083 2022 1168 2050 initio
1182 2023 1320 2059 quodam,
1337 2022 1422 2058 quasi
1438 2030 1490 2058 per
1505 2021 1704 2058 pmnitentiam
1726 2020 1889 2048 reviviscat.

189 2063 306 2097 Contra,
323 2065 372 2100 qui
387 2065 487 2094 istbaac
504 2066 650 2102 promittit
664 2067 728 2094 sine
744 2066 804 2094 ulla
819 2066 1048 2101 intermissione,
1064 2069 1092 2095 et
1102 2067 1214 2103 jugiter
1223 2067 1259 2094 ab
1275 2067 1322 2095 his
1337 2066 1454 2101 excidit,
1471 2066 1554 2094 illum
1569 2065 1650 2094 velut
1679 2065 1796 2102 penitus
1821 2065 1891 2092 des-

187 2110 321 2144 peratum
337 2118 354 2137 α
369 2118 423 2138 sua
436 2110 591 2139 clementia
605 2110 741 2139 excludit.

223 2163 268 2190 35.
284 2164 373 2191 Vens.
390 2163 436 2191 45.
458 2165 526 2192 Cum
547 2164 729 2192 exmideriti:
754 2173 864 2199 manus,
889 2166 1010 2192 avertam

188 2206 282 2234 oculos
296 2215 370 2236 meo:
385 2217 402 2235 a
416 2209 501 2237 vobis.
517 2209 571 2242 Qui
594 2209 689 2244 specie
712 2211 798 2236 tenus
821 2211 849 2236 et
873 2208 1010 2237 simulate

187 2254 282 2285 orant,
298 2259 403 2279 manus
420 2253 538 2288 quidem
554 2253 734 2289 expendunt,
752 2261 809 2280 non
837 2257 934 2280 tamen
961 2254 1009 2282 Dei

187 2295 288 2324 oculos
304 2295 412 2324 habent
426 2297 461 2324 ad
478 2305 576 2326 eorum
593 2298 789 2333 precationem
800 2297 938 2326 intentos.
952 2299 1010 2326 Cm-

186 2342 283 2368 terum
300 2340 347 2368 hic
363 2341 465 2369 orandi
483 2342 586 2370 modus
602 2342 711 2370 sanctis
727 2342 786 2370 fuit
799 2342 965 2377 familiaris,
980 2345 1012 2370 ut

189 2384 348 2413 didicimus
363 2393 398 2414 ex
412 2385 520 2414 Davide
534 2386 650 2414 dicente
664 2395 670 2414 :
682 2387 815 2422 Expandi
824 2387 859 2414 ad
871 2388 898 2415 te
912 2396 1012 2416 manus

224 2519 281 2558 (54)
298 2520 377 2558 Unus
393 2519 646 2558 ef_Combe_ﬁs_ianis
669 2520 831 2558 codicibus,
842 2556 846 2558 Α
857 2519 1012 2558 λογισμοῖς.

188 2554 425 2593 Ed:it_i‘et_rel_iqpi
442 2564 514 2584 mss.
532 2554 640 2592 λόγοις.
659 2557 781 2593 ibidem,
798 2556 848 2584 ubi
860 2554 968 2593 leg'itur
983 2556 1013 2584 in

189 2589 455 2628 εὰίῑίεμδιαλαϐἠν.
486 2589 628 2628 scriptum
659 2589 802 2628 reperitur
830 2593 860 2620 in
887 2589 1014 2628 Quatuor

188 2625 434 2663 mss.,'8m50Mv.
452 2629 505 2656 Sed
523 2625 626 2656 neutra
640 2625 700 2656 vox.
711 2628 805 2664 placet
827 2625 1013 2662 Combetisio,

190 2665 361 2700 mavultque
392 2665 498 2700 legere,
524 2662 669 2700 διαμονήν,
696 2664 821 2692 habitum
850 2665 962 2700 ﬁrmum
989 2668 1014 2692 et

190 2672 361 2700 mavuitque
394 2672 498 2700 legere,
524 2672 669 2700 οιαμονην,
696 2672 821 2692 naouum
850 2672 962 2700 prmum
989 2672 1014 2692 ει

189 2703 367 2728 constantem.
385 2700 482 2735 Neque
498 2700 544 2728 his
566 2703 721 2728 contentus
749 2703 804 2734 est,
829 2701 879 2728 scd
907 2702 1015 2736 profert

190 2744 249 2764 non
267 2745 368 2773 pauca,
386 2740 418 2764 ut
432 2745 496 2764 eam
513 2737 691 2773 scripturam
708 2738 858 2773 approbet.
874 2738 909 2764 At
929 2736 1014 2773 nobis

191 2780 238 2800 res
252 2771 324 2801 tanti
339 2781 396 2801 non
412 2773 536 2808 videtur,
553 2771 585 2800 ut
601 2772 667 2808 plus
682 2772 711 2799 in
727 2771 760 2800 ea
777 2772 886 2800 laboris
901 2780 935 2800 ac
944 2771 1013 2808 dili-

190 2808 296 2872 Ξθρῐίω
313 2804 561 2854 ponam_us.,Alter
582 2804 749 2837 Cbmbeﬁsii
772 2809 870 2852 codex,
895 2804 1012 2835 καταϐα-

210 2853 285 2872 ουσα.
302 2841 441 2872 διαϐαλιιν
456 2844 540 2872 αυτὴν
555 2844 635 2872 ποός.
651 2846 705 2872 etc.
722 2844 853 2872 Demaue
868 2844 937 2872 Reiz.
966 2853 1012 2872 se-

210 2844 285 2880 οῢσα,
302 2841 441 2872 διαϐαλεῖν
456 2843 540 2879 αὐτὴν
555 2844 635 2883 πρός,
651 2846 705 2874 etc.
722 2844 853 2881 Denique
862 2841 937 2881 ‘Reg.
966 2853 1013 2874 se-

1101 2165 1145 2192 35.
1192 2164 1274 2192 Ὂταν
1319 2163 1453 2199 ἐκτείνητε
1491 2163 1540 2196 τὰς
1579 2166 1686 2202 χεῖρας,
1729 2163 1894 2202 ἀποστρέψαι

1063 2207 1128 2239 τοὺς
1155 2208 1316 2248 ὀφθαλμούς
1338 2219 1391 2245 μου
1419 2208 1463 2247 ἀφ’
1491 2209 1578 2246 ὑμῶν.
1608 2209 1641 2237 Οἱ
1671 2207 1755 2246 μέχρι
1779 2209 1896 2246 σχήμαο

1063 2263 1111 2284 τος
1139 2253 1358 2291 προσευχόμενοι
1383 2253 1431 2285 τὰς
1458 2254 1505 2290 μὶν
1521 2255 1617 2291 χεῖρας
1645 2252 1805 2286 ικτείνουσι,
1828 2252 1894 2285 τοὺς

1067 2296 1095 2325 δὲ
1120 2298 1208 2329 θείους
1235 2298 1394 2337 ὀφθαλμοὺς
1432 2296 1628 2329 ὶπιϐλέποντας
1662 2299 1749 2326 αὐτῶν
1778 2298 1817 2330 είς
1841 2299 1894 2333 τήν

1066 2344 1224 2380 προσευχὴν
1241 2343 1291 2370 οὐκ
1302 2341 1407 2381 ἔχουσι,
1433 2342 1521 2371 Πάλιν
1545 2341 1575 2371 δὶ
1598 2345 1679 2370 τοῦτο
1704 2343 1818 2378 σύνηθες
1833 2345 1895 2374 τοῖς

1067 2387 1153 2426 ἀγίοις
1168 2387 1199 2415 τὸ
1215 2389 1312 2425 σχῆμα
1326 2390 1377 2423 τῆς
1402 2391 1560 2426 προσευχῆς
1597 2388 1635 2420 ὡς
1656 2387 1727 2426 πσρὰ
1742 2385 1826 2415 Δαϐὶδ
1843 2398 1893 2424 μι-

1069 2522 1195 2555 cundus,
1211 2519 1402 2549 καταϐαλοῦσα
1418 2519 1573 2558 μεταϐολήν
1591 2521 1671 2558 αὐτῇ,
1687 2523 1744 2550 eto.

1107 2531 1195 2555 nuus,
1211 2531 1402 2549 καταοαΛουσα
1418 2531 1573 2558 μιταοοΛην
1591 2531 1640 2549 αυτ
1663 2543 1671 2556 ,
1687 2531 1744 2550 διο.

1105 2558 1162 2593 (55)
1177 2558 1271 2596 Editi._
1281 2557 1336 2586 καί.
1352 2560 1389 2596 At
1404 2567 1454 2587 sex
1471 2567 1556 2596 mss,
1569 2555 1629 2596 κᾶν.
1641 2531 1704 2586 ⁴ίὶὶοο
1715 2557 1780 2596 ipso
1790 2558 1822 2586 in
1834 2557 1898 2596 loco

1069 2593 1127 2632 duo
1150 2593 1235 2627 mss,
1257 2594 1295 2632 ᾡς
1324 2593 1456 2632 μεγίστων
1488 2595 1576 2621 κακῶν
1607 2593 1761 2632 ἀποφυγήν.
1790 2594 1898 2622 statim

1069 2629 1139 2664 Reg.
1157 2630 1317 2665 secundus,
1336 2629 1369 2657 ἐν’
1379 2630 1461 2666 αὐτῷ.

1106 2663 1162 2701 (⁷56)
1174 2666 1222 2703 Sic
1235 2668 1297 2703 tres
1311 2663 1385 2695 inse.
1401 2663 1534 2703 Atierdriti,
1548 2663 1592 2692 διὰ
1603 2666 1684 2703 τοῦτο
1703 2666 1794 2703 σαφῶς
1821 2664 1897 2703 οἱκο-

1069 2703 1149 2736 νομεῖ
1163 2701 1220 2736 τόν,
1235 2701 1312 2730 haud
1324 2705 1411 2730 recte.
1429 2702 1539 2730 Ibidem
1550 2701 1631 2738 gravi
1647 2701 1753 2738 mendo
1765 2701 1795 2729 in
1808 2702 1898 2730 editis

1069 2735 1141 2798 etin
1158 2746 1217 2766 uno
1233 2739 1332 2766 codice
1348 2735 1566 2767 Combeﬁsiano
1578 2737 1694 2774 legitur,
1703 2735 1803 2765 ἔκτισιν
1812 2737 1897 2774 ἀμαρ-

1069 2782 1084 2798 τ
1098 2782 1151 2798 αις.

1069 2782 1151 2803 τιαις.

1104 2809 1160 2846 (57)
1175 2809 1221 2838 Sic
1237 2817 1309 2839 mss.
1326 2809 1445 2846 aliquot.
1459 2808 1548 2844 Editi,
1562 2808 1659 2838 αὐτῶν.
