2009 3145
189 154 249 185 219

193 275 226 295 sa
232 267 396 296 abalienata
403 271 447 297 est
457 277 474 296 a
487 271 622 303 Deo,cum
632 271 668 298 ab
677 279 710 298 ea
721 271 895 298 auferuntur
904 270 1011 305 iniqui.

193 311 304 340 Idcirco
318 312 449 341 Ecclesiae
465 317 575 342 statuta
589 323 638 343 eos
653 315 702 351 qui
717 315 746 343 in
762 315 918 351 prohibitis
928 317 1015 351 (pec-

190 356 266 384 catis
280 360 350 384 sunt
365 357 548 393 deprehensi,
565 367 582 386 a
598 359 711 395 reliquo
726 368 847 396 corpore
866 364 1012 396 separant,

191 408 228 428 ne
243 400 397 436 paululum
414 402 546 430 fermenti
573 403 811 440 conspersionem
840 406 929 432 totam
951 412 1013 432 cor-

191 447 350 481 rumpat“.
367 447 467 482 itaque
483 448 532 476 Dei
548 449 614 476 boni
631 451 676 476 est
691 457 706 476 e
722 449 829 485 populo
844 448 944 476 tollere
960 448 1014 476 ini-

189 497 273 525 quos.
287 493 348 518 Non
361 493 439 519 enim
456 493 548 528 iniqui
564 502 622 521 una
637 501 704 521 cum
728 493 837 521 sanctis
853 496 953 522 sancta
971 493 1013 520 in-

187 535 366 570 gredientur,
396 536 543 572 siquidem
571 538 766 566 ventilabrum
796 539 889 566 estin
920 547 1011 567 manu

186 578 302 606 Domini
318 580 349 607 ‘7.
366 580 421 608 Sed
438 581 489 616 qui
503 590 581 609 nunc
596 590 612 609 ιι
638 582 745 618 populo
768 585 960 619 segregantur
980 585 1013 610 ut
1037 596 1042 600 -

187 623 293 658 iniqui,
309 632 344 651 ea
358 633 421 660 quae,
438 626 693 662 ﬁunt,tranquille
705 628 810 659 ferunt,
827 627 904 655 haud
926 627 1012 654 intel-

186 666 311 703 ligentes
327 668 427 697 istbzsc
442 678 543 698 eorum
561 679 626 699 esse
639 671 775 707 figuram,
801 679 866 707 quae
895 672 922 699 in
952 674 1010 699 tre-

188 712 295 740 mendo
311 713 480 749 Deijudicio
495 718 635 742 eventura
649 717 826 748 sunt.Quam
843 719 940 744 autem
951 716 1011 744 exi-

186 756 295 784 tiosum
313 757 352 784 sit
366 758 484 794 iniquos
501 760 537 787 ab
552 767 654 794 eaquae
670 760 712 788 eis
730 761 784 788 fuit
798 768 864 788 cum
899 760 1012 788 sanctis

186 799 294 828 Christi
310 803 452 830 membris
472 804 610 832 societate
621 813 677 833 non
694 805 835 841 separari.
855 804 1010 841 Apostolus

187 844 424 881 declaravit,cum
440 849 605 877 Corinthios
615 849 759 886 increpuit
771 850 847 885 quod
858 858 914 877 non
923 849 1011 877 luxis-

187 892 299 922 sent,ut
313 891 350 918 ub
361 891 434 927 ipsis
449 893 652 929 aufereturqui
667 894 967 930 perpetraratmalum
978 894 1010 922 “.

666 159 864 203 APPENDIX
884 158 1047 191 OPEBUM
1070 160 1103 190 S.
1125 158 1267 190 BASILII
1287 158 1426 191 MAGNI.

192 222 367 251 beneﬁcium
376 224 491 258 animus,
498 233 562 260 quea
571 233 704 261 perverse
711 225 932 262 praesidentium
945 233 1014 253 cau-

1072 225 1253 262 προσάγοντις
1296 223 1388 252 θυσίαν
1428 224 1454 252 έν

1836 157 1899 189 220

1499 223 1653 260 δικαιοσύνῃ
1669 242 1676 251 .
1706 221 1758 251 Καὶ
1802 222 1897 261 ἀφιλῖυ

1070 268 1171 300 πάντας
1201 269 1320 306 ἀνόμους
1348 269 1402 296 ἀπὸ
1431 270 1489 297 σοῦ.
1519 267 1634 306 Μεγάλη
1671 268 1814 305 εὐεργεσία
1843 269 1897 304 ψυ-

1069 315 1121 351 χῇ,
1151 315 1185 350 τῇ
1215 314 1288 351 παρὰ
1310 314 1360 348 τὴν
1381 313 1468 341 αἲτίαν
1483 314 1540 350 (59)
1552 315 1606 340 τῶν
1621 314 1710 344 κακῶς
1726 312 1897 350 προϊσταμέ-

1067 369 1119 386 νων
1150 357 1189 390 sic
1216 360 1282 386 Θεοῦ
1310 357 1492 396 ἀλλοτρίωσιν
1509 357 1714 394 Eumaeus-{1,16
1743 357 1897 396 ἀφαιρεθῆ-

1067 413 1110 430 ναι
1123 402 1207 438 αύτῆς
1230 402 1294 434 τοὺς
1317 403 1445 439 ἀνόμους.
1461 404 1511 430 Διὰ
1531 405 1612 430 τοῦτο
1633 401 1678 429 καὶ
1702 402 1728 429 οἱ
1753 401 1817 439 περὶ
1843 401 1897 435 τήν

1068 446 1232 483 Ἐκκλησίαν
1245 447 1326 474 τύποι
1347 447 1413 478 τοὺς
1436 447 1462 475 ἐν
1488 447 1723 485 ἂπηγοριυμένοις
1747 446 1899 484 παραπτώ-

1069 503 1149 529 μαγιν
1178 492 1331 529 εὑρεθέντας
1357 492 1506 530 χωρίζουσι
1533 494 1582 520 τοῦ
1612 491 1712 519 λοιποῦ
1742 491 1873 527 σώματος
1889 514 1896 526 ,

1064 535 1109 564 ἵνα
1125 537 1164 573 μή
1191 537 1275 574 μικρὰ
1298 537 1369 574 ζύμη
1397 536 1461 564 ὅλον
1486 537 1517 564 τὸ
1541 536 1651 575 φύραμα
1678 535 1799 572 δολώσῃ.
1816 537 1898 563 ’Ώστι

1066 582 1133 608 κατὰ
1150 581 1250 619 ἀγαθὸν
1265 582 1330 609 Θεόν
1347 581 1448 609 ἔστιτὸ
1465 581 1574 619 ἀφελεῖν
1591 581 1713 617 ἀνόμους
1735 580 1790 607 ἀπὸ
1816 580 1895 608 λαοῦ.

1067 625 1103 653 οὐ
1118 626 1170 664 γὰρ
1186 627 1212 654 οἱ
1228 625 1327 663 ἄνομοι
1342 625 1592 654 ουνεισιλεύσονται
1606 628 1664 656 τοῖς
1684 625 1775 662 ἁγίοις
1800 624 1842 652 sic
1859 625 1896 652 τὰ

1067 671 1140 708 ἅγια,
1171 670 1280 706 έπείπερ
1308 671 1339 698 τὸ
1365 670 1447 698 πτύον
1474 670 1499 698 έν
1527 672 1562 707 τῇ
1588 669 1663 707 χειρῖ
1688 671 1736 697 τοῦ
1765 669 1869 706 Κυρίου
1887 691 1893 696 .

1066 715 1146 743 Ἀλλ’
1161 716 1187 743 οἱ
1202 718 1248 743 νῦν
1264 715 1300 746 ὡς
1317 714 1414 752 ἄνομοι
1428 715 1614 753 χωριζύμινοι
1630 716 1678 742 τοῦ
1704 714 1784 749 λαοῦ,
1800 713 1895 750 πράως

1066 760 1176 798 φέρουσι
1205 760 1239 787 τὰ
1265 757 1412 797 γιγνόμενα
1441 758 1472 786 οὐ
1500 761 1636 792 νοοῦντες,
1652 757 1693 785 ὅτι
1709 757 1796 788 τύπος
1809 759 1894 784 ταῦτα

1063 806 1118 832 τῶν
1133 803 1159 831 έν
1175 806 1234 835 τοῖς
1250 801 1379 842 φοϐεροῖς
1394 804 1508 842 κρίμασι
1529 804 1578 830 τοῦ
1599 804 1667 830 Θεοῦ
1688 802 1891 839 γενησομένων.

1064 848 1164 884 Ἡλίκη
1195 847 1224 877 bl
1249 845 1340 886 βλάϐη
1356 848 1387 875 τὸ
1417 848 1455 884 μὴ
1485 848 1654 886 ἀφαιρεῖσθαι
1679 845 1743 878 τοὺς
1771 846 1890 882 ἀνόμους

1026 887 1115 926 Βτῆς
1144 893 1212 930 πρὸς
1239 894 1273 920 τὰ
1303 892 1364 930 ἅγια
1391 891 1461 929 μέλη
1487 894 1537 919 τοῦ
1565 892 1683 928 Χριστοῦ
1706 890 1855 927 έπιμιξίας,
1876 891 1890 918 ὁ

188 932 358 966 ’Δπόστολος
388 934 537 973 ἐδήλωσεν,
559 938 691 974 ἐπιτιμῶν
721 938 887 975 Κορινθίοις,
905 937 974 965 διότι
1003 939 1052 966 ούκ
1079 938 1239 974 ἒπένθησαν,
1251 936 1297 965 ἵνα
1317 937 1414 975 ἐξαρθῇ
1429 936 1474 964 ἀπ’
1489 936 1577 964 αὐτῶν
1591 937 1605 964 ὁ
1619 936 1651 964 τὸ
1665 936 1787 973 πονηρὸν
1812 935 1891 973 ἐργα-

188 978 313 1014 σάμενος.

225 1024 271 1052 36.
289 1025 372 1054 Vens.
401 1027 447 1054 26.
468 1028 500 1055 Et
528 1029 672 1057 instituam
699 1029 806 1066 judice:
843 1034 902 1057 tuos
942 1029 1015 1057 sicut

187 1068 278 1102 prius.
299 1071 394 1102 Quare
410 1071 529 1100 omissis
559 1073 677 1108 regibus
706 1073 842 1100 meminit
866 1073 1013 1108 judicum,

189 1114 305 1142 etiamsi
314 1114 390 1142 inter
397 1123 478 1151 reges
485 1117 618 1144 nonnulli
627 1117 824 1153 principatum
832 1117 861 1145 in
872 1117 1013 1153 populum

187 1158 369 1186 obtinuerint
384 1167 450 1187 cum
467 1160 629 1189 laude'IAn
645 1162 784 1197 quoniam
804 1162 938 1197 judicum
965 1162 1014 1190 ad-

188 1202 369 1231 ministratio
385 1203 504 1233 liberior
519 1208 591 1238 erat,
608 1215 671 1242 qua
685 1207 720 1234 ad
735 1215 784 1235 eos
792 1209 895 1242 suapte
908 1209 1014 1234 natura

188 1247 362 1284 pertinebat,
380 1249 458 1284 quod
475 1250 600 1286 populus
621 1251 684 1278 suis
714 1254 862 1286 regeretur
886 1251 1012 1287 legibus,

191 1294 341 1328 Deumque
353 1292 448 1320 solum
463 1301 560 1329 regem
595 1298 786 1330 agnosceret:
803 1295 831 1322 in
862 1298 1011 1331 posterum

189 1344 256 1365 vero
272 1345 306 1365 ex
322 1337 439 1374 propria
449 1337 566 1366 illorum
581 1339 744 1367 temeritate
765 1342 854 1376 atque
873 1340 1011 1374 amentia,

188 1381 316 1410 instituti
333 1384 403 1410 sunt
417 1383 523 1419 reges?
537 1383 733 1415 Quamobrem
750 1387 812 1412 tum
830 1393 896 1412 cum
909 1392 1012 1412 cumu-

189 1426 320 1454 larentur
341 1427 499 1460 beneﬁciis,
515 1436 608 1464 opera
623 1428 748 1464 pretium
772 1431 834 1457 erat
862 1429 942 1465 ipsos
975 1430 1011 1457 ad

188 1473 297 1499 statum
311 1471 424 1500 felicem
442 1473 600 1501 reverti.Ea
608 1474 643 1501 de
658 1481 748 1501 causa
762 1473 926 1501 libertatem
938 1474 1012 1509 ipsis

187 1514 319 1551 largiens
336 1524 392 1544 non
403 1517 550 1553 reges,sed
562 1518 675 1553 judices
691 1518 894 1546 instituturum
911 1527 1012 1546 seesse

190 1559 338 1596 pollicitus
353 1563 406 1588 est.
417 1561 475 1589 Non
491 1562 568 1590 enim
580 1571 629 1590 rex
644 1564 745 1591 eratin
760 1563 854 1597 Israel,
866 1563 912 1591 sed
926 1572 1010 1591 unus-

1071 1561 1130 1589 ἀλλ’
1157 1560 1270 1592 ἕκαστος
1295 1561 1327 1589 τὸ
1352 1560 1425 1593 εὖθὲς
1543 1560 1568 1588 ἐν

191 1606 306 1641 quisque
319 1605 391 1641 quod
404 1608 466 1634 erat
480 1611 584 1634 rectum
598 1607 629 1634 in
642 1608 728 1635 oculis
743 1609 810 1642 suis,
843 1608 963 1644 faciebat
979 1608 1011 1636 ‘°.

190 1649 234 1677 An
241 1649 309 1684 quia
319 1658 375 1677 non
385 1650 513 1686 amplius
525 1653 588 1679 erat
597 1654 714 1687 tempus
723 1660 824 1688 regum
831 1655 898 1688 post
909 1653 1014 1681 adven-

190 1695 253 1721 tum
269 1693 328 1721 veri
341 1693 437 1730 Regis,
453 1695 518 1723 ideo
538 1696 655 1730 judioes
673 1697 820 1732 prioribus
849 1697 927 1726 haud
956 1697 1012 1725 im-

191 1746 276 1774 pares
288 1738 427 1766 daturum
439 1747 470 1767 se
479 1740 637 1774 promisit?
647 1740 785 1768 nimirum
801 1742 914 1769 Domini
925 1741 1011 1770 disci-

189 1783 286 1819 pulos,
307 1784 342 1811 de
359 1784 467 1819 quibus
483 1784 594 1812 dictum
611 1787 672 1813 est:
700 1785 831 1814 Sedebitis
840 1794 922 1821 super
945 1786 1012 1814 duo-

187 1827 276 1856 decim
291 1827 409 1863 thronos,
426 1828 577 1863 iudicante.
605 1829 747 1858 duodecim
771 1831 860 1858 tribus
886 1831 1012 1858 Israel“.

222 1877 268 1904 57.
285 1879 318 1905 ει
332 1878 510 1906 consiliarios
525 1880 585 1906 tuos
597 1879 709 1906 sicutab
725 1879 815 1907 initio.
829 1879 942 1907 Rursus
966 1880 1013 1908 hic

191 1929 292 1949 eorum
305 1921 438 1950 libertate
453 1923 816 1959 servata,aitpr¢ebiturum
828 1932 860 1952 se
869 1933 925 1952 non
943 1933 1013 1960 prte-

192 1965 366 2001 fectum,sed
373 1966 741 2003 consiliarium.Proprium
749 1977 876 2004 namque
884 1969 960 2005 regis
970 1971 1015 1997 est

192 2010 338 2046 imperare
352 2010 511 2046 subjectis:
528 2012 687 2039 consiliarii
702 2020 780 2045 vero,
798 2013 881 2040 utilia
896 2016 924 2041 et
943 2022 1014 2041 con-

193 2055 333 2083 ducibilia
348 2056 523 2091 persuadere
537 2055 574 2084 iis
589 2056 639 2092 qui
652 2057 774 2085 consilio
789 2060 920 2086 utuntur.
940 2058 1013 2086 Nam

192 2100 401 2136 unusquisque
413 2100 484 2136 quid
500 2109 574 2137 opus
589 2101 666 2130 422
678 2103 716 2129 sit
731 2102 899 2139 deceatque,
916 2112 968 2139 per
984 2111 1015 2131 se

190 2145 408 2181 deprehendere
415 2154 471 2173 non
479 2147 779 2182 potest.Quamobrem
786 2148 933 2176 beneficus
940 2148 1015 2176 Deus

191 2189 242 2217 dat
256 2189 448 2224 consiliarios,
459 2198 517 2218 non
533 2193 631 2218 autem
648 2191 793 2220 dominos.
805 2192 904 2228 Itaque
915 2193 1014 2228 etqui-

191 2233 264 2261 libet
279 2236 413 2262 nostrum
429 2242 460 2262 se
471 2243 528 2262 non
545 2237 577 2262 ut
592 2235 818 2272 principem,sed
838 2239 870 2265 ut
881 2238 1016 2266 consilia-

193 2277 271 2306 rium
286 2278 393 2314 populo
401 2279 546 2307 aDomino
562 2280 664 2308 datum
671 2289 736 2309 esse
750 2281 905 2310 existimet.
916 2282 1016 2319 itaque

193 2322 342 2359 prophetas
353 2331 465 2358 omnes,
482 2324 679 2353 conducibilia
689 2326 939 2361 suadentes,fuere
949 2336 1016 2356 con-

196 2367 310 2402 siliarii,
326 2370 355 2395 et
365 2370 432 2396 ante
446 2376 494 2396 eos
505 2369 724 2405 Moysesﬂuare
739 2370 860 2406 Deus,in
877 2372 1017 2408 populum

194 2411 353 2445 beneﬁcus,
370 2413 517 2448 prioribus
532 2414 710 2442 consiliariis
726 2423 810 2450 pares
833 2416 907 2444 alios
944 2417 1018 2445 exci-

1103 1029 1148 1056 56.
1166 1027 1216 1056 Καὶ
1232 1026 1370 1062 ἐπιστήσω
1382 1026 1447 1057 τοὺς
1472 1025 1567 1064 κριτὰς
1596 1035 1644 1052 σου
1672 1025 1709 1056 ὡς
1735 1025 1767 1052 τὸ
1796 1024 1894 1062 πρότιι

1069 1083 1126 1110 ρον.
1144 1072 1192 1099 Διὰ
1206 1071 1232 1099 τί
1249 1069 1365 1108 ὑπερϐὰς
1377 1070 1440 1102 τοὺς
1463 1069 1596 1109 βασιλεῖς,
1607 1072 1661 1097 τῶν
1686 1071 1787 1108 κριτῶν
1810 1068 1892 1105 ἐμνή-

1067 1118 1117 1152 σθη
1132 1126 1139 1151 ;
1155 1116 1243 1144 καίτοι
1270 1115 1315 1143 καὶ
1345 1115 1371 1143 ἰν
1403 1114 1559 1153 βασιλεῦσιν
1589 1113 1655 1148 ἦσάν
1680 1124 1763 1148 τινες,
1778 1114 1804 1141 οἱ
1818 1113 1895 1141 ἄπαι-

1067 1163 1150 1192 νιτῶς
1166 1159 1291 1198 ἄρξαντες
1305 1162 1354 1187 τοῦ
1375 1159 1454 1187 λαοῦ.
1471 1160 1505 1188 Ἤ
1521 1158 1562 1186 δτι
1579 1160 1596 1193 ἡ
1611 1159 1679 1186 κατὰ
1705 1157 1770 1189 τοὺς
1799 1158 1894 1194 κριτὰς

1067 1205 1194 1233 πολιτεία
1208 1204 1419 1243 ἆλιυθεριωτέρα
1435 1204 1480 1240 ἧν,
1493 1204 1561 1231 κατὰ
1582 1202 1660 1242 φύσιν
1690 1203 1786 1233 αὐτοῖς
1810 1202 1895 1239 ὑπάρ-

1067 1259 1155 1287 χουσα
1172 1271 1180 1285 ,
1208 1249 1448 1286 αὖτονομουμὲνου
1477 1247 1525 1276 τοῦ
1549 1247 1628 1282 λαοῦ,
1643 1248 1689 1275 καὶ
1713 1247 1778 1275 Θεὸν
1808 1246 1892 1283 μόνον

1069 1293 1183 1331 βασιλέα
1197 1292 1396 1331 γνωρίζοντος·
1413 1293 1431 1327 ἡ
1456 1291 1489 1327 δῆ
1513 1294 1567 1320 τῶν
1595 1290 1728 1329 βασιλέων
1758 1290 1892 1318 κατάστα-

1067 1349 1108 1369 σις
1120 1337 1230 1375 ὕστερον
1247 1336 1277 1365 in
1299 1340 1349 1372 τῆς
1374 1336 1444 1368 ιδίας
1464 1334 1593 1367 ἀϐουλίας
1620 1336 1708 1364 αὐτῶν
1737 1335 1891 1373 ιπεγένιτο.

1066 1381 1140 1411 Ἔδει
1171 1382 1217 1410 οὖν
1247 1383 1488 1421 ιύεργετουμένους
1510 1381 1554 1410 tul
1577 1382 1628 1417 τὴν
1650 1381 1784 1418 μακαρίαν
1807 1381 1891 1408 κατά-

1067 1438 1158 1456 στασιν
1184 1427 1351 1456 ἐπανελθεῖν.
1378 1428 1427 1455 Διὰ
1453 1429 1534 1455 τοῦτο
1563 1427 1625 1465 οὐχὶ
1658 1425 1794 1464 βασιλεῖς,
1816 1424 1892 1453 ἀλλὰ

1065 1472 1159 1510 κριτὰς
1189 1472 1342 1508 ἐπιστήσειν
1372 1471 1567 1510 ἂπηγγείλατο,
1582 1471 1765 1509 χαριζόμενος
1795 1471 1891 1500 αὐτοῖς

1065 1518 1096 1545 τὸ
1121 1517 1284 1554 ἐλευθέριον.
1315 1516 1354 1545 Οὐ
1393 1517 1443 1554 γὰρ
1482 1516 1517 1550 ἦν
1553 1515 1682 1554 βασιλεὺς
1708 1515 1735 1543 έν
1765 1515 1890 1552 Ἰσραὴλ,

1609 1559 1695 1599 ὀφθαλ
1701 1562 1764 1596 μοῖς
1805 1559 1891 1587 αὐτοῦ

1068 1605 1165 1635 ἐποίει.
1182 1607 1215 1635 Ἦ
1230 1605 1323 1640 ἐπειδὴ
1353 1605 1443 1633 οὐκέτι
1474 1604 1732 1648 βασιλέων.καιρὺς
1756 1604 1790 1638 ἧν
1824 1604 1892 1640 μετὰ

1066 1651 1116 1686 τὴν
1131 1649 1279 1687 ἐπιδημίαν
1293 1653 1342 1678 τοῦ
1361 1649 1494 1685 ἀληθινοῦ
1520 1649 1668 1684 Βασιλέως,
1683 1648 1779 1687 κριτὰς
1803 1649 1891 1685 ιπηγ-

1067 1695 1178 1734 γείλατο
1206 1696 1328 1732 παρέξειν
1356 1693 1565 1733 παραπλησίους
1590 1696 1649 1726 τοῖς
1671 1693 1894 1732 πρότερον,τοὺς

1069 1742 1124 1778 (61)
1140 1741 1264 1777 μαθητὰς
1278 1742 1326 1767 τοῦ
1351 1739 1462 1777 Κυρίου,
1477 1740 1540 1777 περὶ
1562 1737 1598 1766 ὧν
1622 1737 1739 1775 εἴρηται,
1752 1738 1794 1765 ὅτι
1821 1741 1892 1769 Καθ-

1067 1787 1147 1821 ήσετι
1161 1785 1204 1813 ἰπὶ
1221 1783 1326 1813 δώδεκα
1339 1784 1461 1822 θρόνους,
1471 1784 1607 1822 κρίνοντες
1619 1783 1667 1814 τὰς
1683 1782 1789 1811 δώδεκα
1803 1782 1892 1822 φυλὰς

1067 1832 1116 1858 τοῦ
1131 1829 1254 1868 Ἰσραήλ.

1102 1881 1147 1907 57.
1173 1879 1225 1907 Καὶ
1250 1878 1314 1910 τοὺς
1345 1876 1520 1916 συμϐούλους
1549 1889 1597 1906 σου
1625 1878 1663 1910 ὡς
1689 1878 1720 1904 τὸ
1748 1877 1890 1914 ἀπαρχῆς.

1068 1923 1155 1953 Πάλιν
1170 1923 1284 1956 ἐνταῦθα
1298 1923 1329 1951 τό
1345 1923 1517 1958 αὐτεξούσιον
1533 1924 1630 1954 αὐτοῖς
1656 1921 1808 1957 διασώζων,
1825 1921 1891 1959 οὐχὶ

1067 1969 1112 1996 τὸν
1141 1969 1339 2007 προτάσσοντα,
1367 1967 1440 1996 ἀλλά
1467 1968 1513 1996 τὸν
1543 1965 1766 2004 συμϐουλεύοντα
1799 1966 1892 1996 αὐτοῖς

1068 2012 1118 2052 ἔφη
1148 2013 1317 2050 παρέξεσθαι.
1348 2013 1486 2044 Βασιλέως
1517 2013 1565 2049 μὶν
1593 2013 1642 2049 γὰρ
1669 2010 1749 2047 ἴδιον,
1779 2010 1891 2038 ιπιτάσ-

1069 2068 1124 2086 σειν
1148 2060 1207 2089 τοῖς
1231 2057 1417 2096 ἀρχομένοις·
1441 2054 1601 2094 συμϐούλου
1627 2055 1666 2092 δὶ,
1695 2056 1797 2088 πείθειν
1825 2055 1893 2093 ὑπὲρ

1068 2105 1122 2131 τῶν
1148 2101 1339 2142 συμφερόντων
1367 2101 1431 2134 τοὺς
1461 2101 1677 2140 βουλευομένους
1701 2099 1823 2139 (62).οὖ
1841 2099 1896 2138 γὰρ

1069 2147 1207 2186 αὐτάρκης
1229 2146 1340 2179 ἕκαστος
1361 2147 1405 2186 ἀφ’
1421 2146 1517 2174 εαυτοῦ
1539 2146 1669 2184 εὑρίσκειν
1693 2146 1725 2174 τὸ
1748 2144 1820 2173 δέον.
1846 2145 1896 2172 Διὰ

1068 2194 1149 2220 τοῦτο
1165 2192 1309 2230 εὐεργετῶν
1325 2193 1339 2219 ὁ
1354 2192 1420 2223 Θεὸς
1435 2189 1762 2229 συμϐούλους,ἀλλόὐχὶ
1776 2189 1896 2226 ἐξουσια-

1070 2238 1132 2269 στὰς
1160 2236 1280 2265 δίδωσιν.
1303 2237 1384 2264 ’Ὦστι
1403 2236 1449 2264 καὶ
1472 2237 1552 2273 ἡμῶν
1572 2234 1685 2267 hunc:
1715 2236 1754 2272 μὴ
1781 2235 1820 2266 ὠς
1849 2234 1895 2273 ἄρ-

1071 2292 1158 2320 χοντα
1185 2282 1288 2318 ἑαυτὸν,
1304 2280 1367 2309 ἀλλ’
1392 2281 1430 2313 ὤς
1453 2278 1610 2317 σύμϐουλον
1632 2280 1705 2318 παρά
1727 2279 1830 2316 Κυρίου
1851 2278 1896 2307 δε-

1072 2325 1186 2364 δομένον
1201 2327 1241 2362 τῷ
1254 2325 1313 2362 λαῷ
1328 2326 1487 2363 λογιζέσθω.
1499 2325 1600 2356 Πάντες
1624 2323 1669 2352 οῦν
1693 2325 1719 2352 οἱ
1742 2328 1896 2362 προφῆται,

1072 2372 1098 2399 οἱ
1125 2371 1159 2399 τὰ
1184 2371 1355 2410 συμφέροντα
1382 2370 1588 2408 παραινέσαντος
1605 2391 1612 2403 ,
1641 2366 1796 2406 σύμϐουλοι
1814 2379 1820 2385 ·
1850 2368 1897 2396 καὶ

1071 2417 1125 2454 πρὸ
1153 2415 1259 2444 πάντων
1290 2416 1404 2450 Μωσῆς.
1435 2414 1648 2453 Παραπλησίους
1677 2413 1723 2441 οὗν
1758 2416 1819 2445 τοῖς
1848 2413 1899 2441 ὰπ-

231 2475 276 2502 “I
292 2474 356 2502 Cor.
369 2483 396 2508 ν,
411 2475 439 2503 6.
478 2475 500 2493 ⁸⁷
513 2475 606 2504 Matth
614 2485 679 2512 ._m,
697 2477 740 2505 12.
778 2478 801 2495 ⁴⁸
816 2479 828 2506 l
843 2478 906 2507 Cor.
922 2487 952 2514 ν,
966 2481 994 2508 2.

1071 2480 1166 2509 Judic.
1177 2488 1245 2513 xvu,
1261 2479 1279 2507 6
1292 2491 1300 2514 ς
1314 2478 1426 2513 ιω,24.
1465 2478 1599 2508 ἰθΜειίωι.
1615 2486 1674 2513 ιιι,
1689 2477 1735 2505 28.

230 2539 286 2576 (59)
302 2538 355 2578 [fro
371 2539 488 2578 vulgata
504 2540 637 2578 lectione,
660 2542 694 2578 τῇ
721 2540 805 2578 αἰτίᾳ,
833 2551 849 2571 e
869 2544 1019 2573 codicibus

198 2575 432 2603 mss.'edendum
446 2577 625 2610 curavimus,
639 2575 689 2611 τὴν
704 2575 801 2606 uitiaui.

232 2611 288 2650 (60)
303 2611 434 2650 Ἕκαστος
448 2611 479 2637 τὸ
495 2611 580 2650 εὐθὲς.
596 2615 651 2640 etc.
674 2614 863 2650 Unusquisque
877 2619 1016 2644 rectum...

197 2647 326 2686 faciebql.
342 2648 384 2686 ita
398 2656 514 2684 quoque
528 2648 557 2676 in
584 2649 710 2686 Vrulgata
728 2647 824 2678 Judic.
842 2659 910 2685 xvn,
940 2652 966 2686 6,
990 2656 1018 2680 et

197 2683 324 2723 315.25:
341 2683 530 2723 Unusquisque
544 2685 613 2723 quod
627 2683 683 2713 sibi
711 2689 835 2723 rectum,"
852 2683 907 2714 etc;
933 2683 1016 2723 Apud

197 2717 265 2766 ξιΧΙΧ
276 2717 526 2766 verouutro‘q‘ue‘in
538 2717 622 2766 "loc’q
628 2756 634 2766 Ι
647 2729 699 2757 pro
713 2730 801 2766 .voce
809 2717 934 2766 ,⁷ῐκαστος
959 2717 1017 2766 ’νοις

195 2752 264 2788 ἀνήρ
280 2755 418 2790 ponitur:
434 2752 504 2820 ἂνῄἔ
518 2756 549 2783 τὸ
579 2752 662 2793 mota,
693 2760 749 2786 etc.
779 2759 832 2787 Vir
859 2752 932 2795 quod
956 2765 1016 2788 erat

195 2791 309 2817 rectum.
332 2810 339 2817 .
361 2813 368 2819 .
391 2813 397 2820 .
414 2794 486 2820 facie
506 2797 542 2820 at.
561 2792 667 2820 Vocem
684 2796 841 2820 utramaus
864 2796 1016 2820 coniunxit

194 2791 309 2831 Lectum.
391 2813 397 2820 .
413 2791 542 2831 [ueieng-
561 2791 667 2831 Vocem
677 2796 841 2831 utramque
862 2791 1016 2831 conjunxit

193 2825 488 2865 Theodoretus,'&v1\p
502 2826 614 2861 έκαστος
625 2829 656 2857 τὸ
671 2829 791 2867 ἄριστόν.

1109 2544 1271 2580 (61}Ccdex
1287 2544 1332 2572 Fr.
1362 2544 1376 2571 1
1393 2542 1582 2580 comeditis,
1608 2541 1681 2580 παρᾲ
1707 2541 1781 2572 τούς.
1815 2543 1903 2570 Deest

1073 2578 1145 2616 παρά
1160 2580 1274 2616 inraliis
1289 2581 1417 2616 quatuor
1430 2579 1592 2616 codicibus,
1609 2578 1725 2616 rectius.

1109 2613 1165 2651 (62)
1180 2613 1305 2642 Variant
1317 2616 1370 2643 hoc
1380 2615 1452 2651 loco
1470 2615 1534 2642 libri
1551 2616 1672 2642 veteres.
1685 2613 1766 2649 Regii
1783 2613 1902 2649 primus

1072 2654 1101 2679 et
1113 2649 1230 2684 tertius,
1247 2651 1310 2681 τοὺς
1329 2649 1523 2688 βουλομένους.
1537 2651 1703 2678 Consilian't'
1716 2653 1755 2677 est
1781 2658 1899 2688 persua-

1072 2688 1137 2715 dere
1151 2688 1311 2716 volentibus.
1327 2686 1382 2715 Alii
1399 2688 1456 2715 duo
1472 2695 1559 2721 mss.,
1572 2694 1697 2722 quorum
1712 2693 1791 2722 unus
1803 2686 1900 2722 prima

1072 2731 1173 2760 manu,
1185 2723 1258 2751 alter
1273 2724 1414 2760 secunda,
1428 2723 1557 2760 perindeﬁ
1567 2720 1600 2750 ut
1627 2721 1709 2757 editi,
1736 2720 1812 2760 τοὺς
1833 2722 1898 2760 βου.

1071 2757 1244 2796 λευομένους.
1262 2759 1341 2787 Colb.
1359 2756 1472 2796 primus
1489 2761 1517 2787 et
1543 2759 1612 2795 Reg.
1642 2757 1801 2794 secundus,
1832 2756 1897 2788 τοὺς

1070 2793 1351 2833 συμϐουλευομένους.
