2009 3145
207 146 269 176 243

681 147 880 177 APPI'ZNDIX
903 147 1063 177 οιιΕιιυΜ
1089 147 1120 177 S.
1144 148 1285 178 BASlLlI
1309 147 1443 177 MAGNl.

1858 147 1913 176 244

245 213 291 240 74.
308 214 344 241 Et
359 212 536 250 confringent
547 213 652 248 gladios
667 221 729 241 suos
748 214 778 240 in
801 215 907 249 aratra,
932 218 959 242 et
976 213 1035 242 lan-

1126 215 1172 242 74.
1216 214 1265 241 Καὶ
1299 214 1465 250 συγκόψουσι
1503 213 1551 245 τὰς
1585 212 1721 250 μαχαίρας
1755 212 1845 240 αὐτῶν
1878 212 1913 243 είς

211 267 273 287 ceas
288 267 352 287 suas
382 259 412 286 in
439 258 537 293 falces.
569 259 620 286 Hic
647 261 693 286 est
718 259 954 295 obiurgationum
972 259 1037 287 linis

214 304 362 341 perutilis,
378 304 413 331 ad
427 303 583 339 pacificum
600 306 629 331 et
640 303 830 338 tranquillum
845 306 954 332 statum
970 304 1038 332 belli

214 351 360 377 amatores
376 357 409 376 ec
427 348 608 377 tumultuum
631 351 764 376 auctores
787 349 955 377 transferre.
972 349 1036 377 Cui-

215 395 260 421 vis
276 397 373 421 autem
390 395 572 429 compertum
588 395 633 421 est
654 401 687 421 ac
710 396 906 429 perspectum,
931 393 1037 421 Christi

214 437 309 474 legem
326 446 358 465 ac
372 445 548 473 sermonem,
565 446 630 465 eum
644 438 723 474 pacis
734 446 767 466 ac
778 438 939 466 concordiae
950 446 1040 466 causa

216 483 255 511 sit
270 484 298 510 et
313 482 404 518 origo,
421 481 458 510 iis
471 482 521 518 qui
548 483 633 518 longe
655 484 684 510 et
712 491 801 518 prope
829 485 912 510 erant
940 482 1038 519 positi,

215 535 317 563 pacem
333 526 534 554 annuntiasse.
553 527 653 562 Itaque
668 529 697 555 et
710 527 803 555 Judaei
819 530 848 555 et
858 530 960 564 gentes
971 527 1038 555 belli

216 573 377 608 deposuere
393 572 611 599 instrumenta:
629 574 691 599 tum
709 580 772 608 quas
793 572 822 600 in
839 580 996 608 congressu
1011 574 1040 600 et

216 616 245 644 in
263 616 369 652 pugnis
385 617 520 644 cominus
536 616 704 644 commissis
720 625 752 644 ac
768 617 898 645 statariis
907 617 1039 645 adhiberi

216 660 324 695 solent,
340 669 404 696 qua:
419 660 531 688 vocavit
556 661 697 696 propheta
722 660 853 696 gladium
868 669 874 688 :
899 663 962 688 tum
977 669 1040 696 quas

217 707 252 734 ad
264 707 422 734 vindictam
435 706 552 734 eminus
563 706 737 734 sumendam
748 706 913 741 cuduntur;
927 715 991 742 quae
1001 706 1042 734 ait

217 759 281 779 esse
297 751 398 779 hastas
413 753 442 779 et
454 751 581 779 lanceas.
599 751 660 778 Imo
675 751 735 778 haec
750 751 927 779 ferramenta
937 751 966 778 in
978 751 1041 778 ins-

217 798 366 823 trumenta
376 795 577 832 agricolationi
590 796 780 824 accommoda
793 804 809 823 α
819 796 906 824 verbo
917 796 995 832 quod
1006 796 1042 823 de

218 840 380 868 Jerusalem
396 848 546 876 egressum
563 842 618 873 est,
633 840 725 868 voluit
747 840 909 868 immutari.
933 841 1042 872 Quam-

218 884 318 912 obrem
334 884 474 913 exitiosus
488 884 537 912 ille
551 884 666 920 gladius
683 885 806 913 idoneus
821 887 876 920 est,
902 885 949 920 qui
967 885 1041 913 vita-

220 929 261 957 lia
275 929 389 957 semina
403 929 558 957 animabus
574 929 684 958 ratione
700 930 828 965 praeditis
854 937 904 965 per
926 930 1042 964 sapien-

224 973 296 1001 tiam
312 973 400 1001 insita
415 977 575 1009 praeparet:
594 974 701 1010 quippe
717 974 767 1010 qui
783 974 821 1002 sit
843 983 999 1002 conversus
1015 974 1043 1002 in

225 1019 364 1050 aratrum,
381 1018 457 1054 quod
472 1026 503 1046 ea
516 1026 580 1054 quze
591 1019 801 1052 obduruerunt,
813 1019 935 1054 emollit,
948 1018 1046 1046 avellit

224 1062 336 1098 spinas,
365 1065 394 1090 et
422 1071 455 1090 es
483 1062 591 1098 quibus
613 1063 707 1099 gratia
735 1063 859 1091 cmlestis
888 1063 1046 1091 incolumis

224 1108 366 1142 servetur,
383 1109 509 1142 prtestal.
528 1107 638 1134 Lancea
653 1109 762 1142 autem,
779 1108 864 1143 cujus
875 1109 918 1134 est
930 1107 1046 1135 eminus

222 1151 365 1186 impetere
381 1159 412 1178 ac
429 1150 603 1186 propellere,
620 1151 648 1178 in
665 1151 693 1178 id
710 1152 847 1179 vertenda
871 1153 942 1186 erat,
968 1152 1044 1180 432

221 1195 268 1223 cui
285 1194 362 1222 inest
375 1194 498 1222 facultas
514 1195 648 1223 cominus
670 1195 835 1232 colligendi,
862 1196 1043 1224 societatem-

222 1247 280 1275 que
295 1239 483 1267 conciliandi.
509 1239 582 1267 Nam
608 1239 753 1274 ejusmodi
779 1240 867 1268 falces
892 1243 1000 1276 cogunt
1015 1241 1044 1268 in

222 1292 314 1311 unum
324 1284 467 1319 dispersa,
478 1286 505 1312 et
515 1284 543 1311 in
554 1291 645 1311 unum
655 1284 851 1320 eamdemque
862 1285 1043 1321 manipulum

221 1328 319 1364 spicas
347 1329 527 1364 astringunt.
544 1329 596 1356 Est
617 1328 708 1364 igitur
736 1329 887 1357 rationalis
911 1330 1044 1365 quaedam

221 1373 339 1408 messis,
356 1374 390 1401 ad
408 1381 498 1409 quam
515 1372 710 1408 colligendam
727 1381 801 1409 opus
818 1374 857 1401 sit
871 1374 984 1402 idoneis
1000 1375 1044 1402 in-

221 1417 408 1451 strumentis,
425 1418 460 1445 de
476 1426 534 1453 qua
549 1417 660 1445 dictum
686 1419 747 1445 est.
773 1418 871 1446 Levate
895 1420 984 1446 oculos
999 1427 1044 1446 ve-

220 1464 301 1496 stros,
318 1464 344 1490 et
360 1462 446 1490 videte
460 1463 526 1498 quia
541 1463 666 1498 regiones
680 1462 750 1490 albae
764 1463 858 1490 sunt‘.
884 1463 975 1491 Nemo
990 1463 1043 1499 igi-

221 1508 270 1534 tur
282 1505 358 1534 bells
378 1507 484 1540 sciens,
506 1507 541 1534 sd
569 1506 644 1534 banc
669 1515 796 1534 messem
818 1509 904 1543 aptus
918 1510 970 1536 est.
988 1508 1042 1535 Sed

218 1559 288 1578 suos
304 1550 462 1586 dissipulos
479 1551 512 1579 ad
530 1551 605 1579 hanc
621 1553 746 1588 segetem
759 1551 962 1580 demetendum
973 1552 1044 1580 emi-

1092 256 1203 296 ἄροτρα,
1233 258 1277 286 καὶ
1307 258 1355 290 τὰς
1372 255 1480 292 ζιῧύνας
1502 257 1589 285 αὐτῶν
1614 257 1652 289 εἷς
1679 256 1809 294 δρέπανα.
1833 257 1914 285 Τοῦτό

1092 301 1147 330 ἐστι
1167 303 1198 331 τὸ
1227 302 1377 340 εὕγρηστον
1404 302 1485 333 τὶλος
1513 304 1566 329 τῶν
1588 302 1724 340 ἐλέγχων,
1751 299 1913 338 μεταϐαλεῖν

1092 348 1159 386 πρὸς
1195 348 1335 384 εἰρηνικὴν
1368 348 1527 375 κατάστασιν
1550 346 1614 378 τοὺς
1639 346 1850 386 φιλοπολέμους
1872 348 1914 374 καὶ

1091 391 1270 431 ταραχώδεις.
1288 391 1377 427 Δῆλον
1404 391 1432 419 δὲ
1459 392 1549 425 παντὶ,
1580 391 1621 419 ὅτι
1652 393 1665 419 ὁ
1695 393 1816 429 Χριστοῦ
1830 392 1915 427 νόμος

1093 438 1137 466 καὶ
1151 438 1208 475 (37)
1237 436 1329 475 λόγος,
1351 437 1382 464 τὸ
1407 435 1543 474 ιῖρηνικὸν
1568 436 1612 463 καὶ
1636 434 1804 472 συμϐατικὰ-μ
1832 435 1914 474 ἔχων·

1093 482 1202 519 εἰρήνην
1233 481 1345 519 ἐκήρυξε
1358 484 1417 512 τοῖς
1445 481 1548 517 μακρὰν
1574 481 1617 508 καὶ
1642 483 1701 511 τοῖς
1728 481 1822 518 ἐγγύς
1852 481 1917 508 ὥστε

1093 526 1138 554 καὶ
1159 525 1222 556 τοὺς
1246 524 1391 556 Ἰουδαίους
1416 526 1459 552 καί
1485 524 1547 555 τοὺς
1571 524 1595 561 ἐξ
1620 524 1702 552 ἐθνῶν
1721 525 1917 561 καταθεμένους

1093 571 1126 598 τὰ
1152 569 1365 607 πολεμιστήρια,
1397 570 1430 597 τά
1452 580 1481 597 τε
1500 570 1566 607 πρὸς
1594 570 1643 603 τὴν
1667 569 1697 597 ἐκ
1718 571 1766 596 τοῦ
1791 570 1916 606 σύνεγγυς

1095 615 1121 643 ἐν
1145 618 1202 646 τοῖς
1226 615 1359 649 συστάδην
1385 614 1540 652 γινομένοις
1565 615 1621 650 (38)
1644 614 1728 651 ἆγῶσι
1754 613 1917 650 συμπλοκήν

1095 661 1172 687 ἅτινα
1196 660 1253 687 εἶπε
1285 660 1432 697 μάχαιραν,
1457 659 1502 686 καὶ
1526 659 1558 686 τὰ
1578 659 1646 696 πρὸς
1670 658 1772 695 ἄμυναν
1802 659 1852 693 τήν
1879 657 1919 686 διὰ

1097 707 1203 742 μακροῦ
1232 703 1468 742 παρεσκευασμένα
1486 727 1493 739 ,
1525 704 1600 731 ἅτινα
1641 703 1707 730 εἶναι
1742 702 1847 741 δόρατα
1877 704 1917 730 γαὶ

1097 747 1205 784 ζιϐύνας
1241 759 1316 788 φησι·
1341 751 1426 776 ταῦτα
1451 749 1507 785 (39)
1533 747 1561 775 δὲ
1594 747 1631 779 εἷς
1654 747 1687 775 τὰ
1714 751 1765 783 τῆς
1790 747 1919 786 γεωργίας

1097 793 1226 832 ἐργαλεῖα
1249 794 1451 831 μετασκευάζειν
1472 793 1518 820 τὸν
1542 792 1623 830 λόγον
1644 793 1689 820 τὸν
1715 792 1740 819 ἐν
1755 796 1807 827 τῆς
1823 793 1918 830 Ἰερου-

1097 838 1202 875 σαλὴμ,
1233 838 1302 866 ὥστε
1334 839 1383 873 τήν
1414 837 1563 876 φθαρτικὴν
1594 837 1730 875 μάχαιραν
1756 838 1918 874 σπερμάτων

1099 885 1252 919 ζωοποιῶν,
1278 885 1332 910 τῶν
1349 882 1378 910 ἐκ
1392 886 1442 917 τῆς
1467 881 1561 919 σοφίας
1586 881 1769 919 ἐγγινομὲνων
1795 884 1858 913 ταῖς
1873 881 1920 909 λο-

1098 930 1188 966 γικαῖς
1213 929 1326 965 ψυχαῖς,
1351 927 1415 954 εἶναι
1442 927 1703 964 παρασκευαστικήψ
1734 925 1852 963 ἄροτρον
1879 937 1920 965 γε·

1099 973 1215 1009 νομὲνην
1254 972 1390 1000 ἀπαλῦνον
1426 971 1459 999 τὰ
1494 970 1685 1009 πεπωρωμὲνα
1712 972 1777 1008 (ΙιΟ)¹
1810 971 1920 1004 ἀκάνθας

1100 1017 1257 1054 ἀνα-πρέπον,
1287 1016 1412 1054 οὐρανίας
1427 1017 1541 1054 χάριτος
1555 1015 1749 1053 φυλακτηρίων
1768 1017 1826 1052 (41)
1841 1026 1920 1050 ποιη-

1099 1063 1185 1090 τικόν.
1215 1062 1246 1090 Ή
1263 1060 1292 1088 δὲ
1317 1058 1424 1096 ζιϐύνη,
1439 1061 1470 1088 τὸ
1483 1060 1621 1099 πόρῥωθεν
1648 1060 1856 1095 κατακοντίζον,
1879 1061 1920 1087 καὶ

1100 1105 1293 1142 ἀπωθούμενον
1317 1105 1356 1137 εἷς
1379 1105 1409 1132 τὸ
1434 1105 1590 1132 συνακτικὸν
1619 1104 1650 1132 ἐκ
1660 1106 1708 1131 τοῦ
1722 1104 1864 1143 σύνεγγυς,
1879 1105 1919 1132 καὶ

1100 1151 1242 1181 κοινωνίας
1271 1148 1424 1178 συνδετικόν
1444 1171 1450 1179 .
1480 1151 1610 1178 Τοιαῦται
1639 1150 1691 1187 γὰρ
1722 1149 1748 1176 αἱ
1783 1148 1921 1186 δρεπάνω,

1100 1197 1259 1233 συνάγουσαι
1288 1195 1321 1222 τὰ
1348 1193 1575 1231 διεσκορπισμένα
1592 1215 1599 1228 ,
1637 1194 1682 1222 καὶ
1712 1193 1750 1224 ιῖς
1776 1194 1920 1221 κοινωνίαν

1100 1238 1255 1278 δράγματος
1287 1238 1442 1267 συνδέουσαι
1458 1238 1520 1270 τοὺς
1549 1238 1697 1276 ἀστάχυας.
1718 1239 1810 1266 Ἔστιν
1828 1238 1873 1266 οὖν
1898 1248 1921 1265 τι

1099 1284 1143 1311 καὶ
1170 1283 1281 1322 λογικὸν
1298 1284 1384 1322 θέρος,
1410 1283 1447 1315 εἷς
1464 1284 1478 1311 ὃ
1493 1283 1573 1322 χρεία
1587 1286 1640 1310 τῶν
1665 1281 1830 1318 ἇπιτηδείων
1847 1283 1922 1321 ὀργά-

1099 1339 1161 1363 νων,
1185 1329 1245 1365 πῖρὶ
1272 1329 1303 1356 οὗ
1328 1328 1432 1366 εἷ’ρηται
1458 1327 1510 1363 ὅτι⁷
1527 1327 1658 1364 Ἐπάρατε
1672 1327 1736 1358 τοὺς
1763 1327 1921 1366 ὀφθαλμοὺς

1102 1373 1188 1409 ὑμῶν,
1218 1373 1262 1400 καὶ
1285 1371 1358 1400 ibe-rs
1382 1372 1423 1400 δτι
1446 1373 1473 1399 αἱ
1501 1375 1590 1410 χῶραι
1620 1371 1714 1400 λευκαί
1731 1372 1809 1400 εἰσιν.
1827 1371 1921 1402 Οὐδεὶς

1099 1417 1145 1444 οὖν
1162 1417 1350 1453 πολεμοποιὸς
1364 1417 1432 1454 πρὸς
1446 1417 1492 1444 τὸν
1509 1417 1636 1454 θερισμὸν
1652 1415 1821 1452 ἐπιτήδειος.
1838 1416 1923 1445 Ἀλλᾶ

1098 1461 1161 1492 τοὺς
1179 1460 1264 1492 ἰδίους
1291 1462 1414 1498 μαθητὰς
1443 1462 1511 1498 πρὸς
1525 1455 1577 1489 ’τὸν
1603 1462 1731 1498 θερισμὸν
1754 1463 1852 1489 τοῦτον
1875 1461 1922 1489 ἀπ-

1099 1505 1213 1542 έστειλε,
1240 1506 1301 1543 περὶ
1325 1506 1362 1533 ὧν
1382 1506 1426 1533 καὶ
1447 1507 1530 1535 εἶπεν.
1547 1507 1577 1535 Ὀ
1608 1506 1655 1542 μὲν
1670 1506 1799 1544 θερισμὸς
1826 1505 1923 1540 πολὺς,

1098 1551 1123 1578 οἱ
1147 1549 1176 1578 δὲ
1197 1550 1306 1589 ἐργάται
1332 1550 1431 1589 ὀλίγοι.
1468 1550 1581 1582 Τούτοις
1617 1551 1663 1578 οὖν
1687 1553 1745 1582 τοῖς
1777 1552 1921 1588 θεριπαῇ,

218 1594 267 1629 sit,
284 1595 320 1622 de
335 1595 443 1630 quibus
463 1595 524 1623 ait:
548 1595 644 1624 Messis
665 1596 775 1631 quidem
798 1597 897 1631 multa,
922 1597 1043 1632 operarii

1099 1594 1143 1623 διὰ
1157 1595 1188 1623 τὸ
1206 1596 1243 1632 μὴ
1261 1595 1332 1634 ἔχειν
1359 1594 1484 1631 πολέμου
1513 1593 1630 1633 ὄργανον
1658 1594 1683 1622 ἐν
1707 1598 1767 1626 ταῖς
1787 1595 1924 1634 καρδίαις,

217 1641 311 1667 autem
329 1640 415 1675 pauci
425 1640 445 1667 ⁸.
472 1639 571 1675 Itaque
596 1640 766 1675 bujusmodi
790 1641 984 1676 messoribus,
1011 1644 1044 1670 ut

216 1686 283 1720 pote
298 1684 532 1712 instrumentum
549 1684 616 1712 belli
632 1684 661 1711 in
679 1685 816 1713 cordibus
832 1685 895 1713 suis
919 1694 977 1714 non
993 1694 1043 1722 εο-

219 1725 376 1764 etantibus,
393 1730 567 1764 potestatem
584 1729 664 1757 dedit
678 1729 817 1757 afferendi
832 1738 933 1765 pacem
949 1731 1043 1758 domi-

218 1773 286 1806 bus,
300 1781 374 1808 quas
389 1776 488 1801 essent
504 1773 668 1809 ingressuri
684 1774 703 1800 τ.

254 1818 299 1845 75.
315 1819 349 1845 Et
363 1825 416 1845 non
433 1818 546 1853 accipiet
569 1825 633 1853 gens
658 1822 753 1846 contra
777 1819 898 1854 gentem}
906 1819 1042 1855 gladium.

221 1862 353 1895 Quandiu
371 1862 490 1898 quidem
505 1862 600 1889 instar
616 1862 692 1898 ignis
711 1863 861 1890 desaeviret
887 1865 1043 1892 mundanae

221 1906 370 1941 sapientiae
385 1915 492 1938 sermo,
508 1908 609 1942 gentes
622 1907 649 1934 in
663 1915 694 1935 se
704 1907 826 1935 invicem
839 1907 1042 1944 insurgebant,

221 1949 330 1986 quippe
356 1958 421 1986 quae
445 1951 590 1979 sermonis
616 1951 746 1986 gladium
771 1952 853 1979 valde
877 1955 1043 1987 exacutum,

221 2002 347 2030 eumque
364 1995 552 2023 meditatione
568 2004 600 2023 ac
617 2004 712 2023 rerum
730 1996 924 2032 probabilium
948 1999 1044 2034 specie

219 2038 381 2076 fulgentem
394 2039 423 2067 in
434 2040 595 2068 seinvicem
613 2040 831 2077 distringerent.
846 2042 900 2069 Sed
917 2042 967 2069 ubi
984 2043 1042 2079 pri-

223 2092 305 2112 mum
321 2084 438 2112 advenit
453 2093 508 2121 pax
523 2087 623 2113 nostra
637 2085 656 2119 ⁸,
674 2085 791 2121 Deoque
810 2085 903 2122 gloria
917 2086 945 2114 in
963 2087 1043 2116 altis-

219 2128 316 2162 simis,
333 2131 362 2156 et
377 2129 406 2156 in
422 2131 500 2157 terra
511 2137 566 2164 pax
577 2129 744 2157 annuntiari
756 2129 842 2165 σαξρῆ
852 2131 945 2165 “,[tum
957 2139 1044 2159 omne

220 2171 310 2199 simul
320 2173 505 2201 mendacium
514 2174 620 2201 veritas
630 2174 664 2201 ad
674 2173 823 2202 silentium
836 2175 957 2211 redegit.
970 2176 1043 2208 Que-

219 2217 411 2244 madmodum
428 2217 517 2251 enim,
533 2218 632 2253 aquila
646 2218 781 2247 alicunde
801 2219 829 2246 in
853 2223 1042 2256 conspectum

1098 1639 1182 1668 ἔδωκε
1196 1639 1309 1676 δύναμιν
1324 1642 1372 1667 τοῦ
1389 1639 1527 1678 ἐναφιάναι
1544 1641 1600 1677 (42)
1625 1639 1734 1677 εἰρήνην
1749 1643 1810 1672 τοῖς
1826 1639 1920 1674 οἴκοις,

1097 1684 1135 1716 εἷς
1152 1684 1196 1716 οὕς
1213 1683 1243 1712 ἂν
1258 1683 1426 1713 εἰσέλθωσιν.

1132 1819 1177 1847 75.
1208 1819 1257 1846 Καὶ
1295 1818 1326 1846 οὗ
1353 1817 1468 1855 λήψεται
1497 1817 1570 1850 ἔθνος
1600 1819 1640 1846 ἐπ’
1668 1817 1741 1850 ἔθνος
1768 1820 1920 1857 μάχαιραν.

1097 1864 1168 1894 Ἕως
1189 1858 1242 1899 ’μὶν
1267 1863 1406 1901 ἐνηργεῖτο
1428 1862 1565 1901 διαπύρως
1590 1863 1603 1890 ὁ
1631 1867 1680 1898 τῆς
1694 1863 1742 1890 τοῦ
1758 1863 1866 1901 κόσμου
1882 1874 1922 1892 σο-

1098 1908 1160 1947 φίας
1187 1907 1278 1945 λόγος,
1296 1906 1429 1943 ἀλλήλων
1457 1908 1490 1936 τὰ
1517 1907 1581 1943 ἓθνη
1597 1908 1836 1944 κατεπανίσταντο,
1855 1919 1920 1947 σφο-

1099 1951 1169 1990 δρῶς
1208 1951 1383 1988 ἡκονημὲνην
1423 1954 1458 1989 τῇ
1496 1952 1595 1990 μελέτῃ
1620 1953 1665 1980 καὶ
1695 1955 1730 1990 τῇ
1758 1953 1920 1989 πιθανότητι

1098 1994 1260 2024 στίλϐουσαν
1285 1998 1333 2024 τοῦ
1363 1995 1447 2034 λόγου
1469 1997 1518 2031 τὴν
1548 1998 1686 2034 μάχαιραν
1709 1997 1848 2033 ἀλλήλοις
1865 1998 1921 2026 ἀντ-

1098 2041 1280 2078 επιφὲροντες.
1311 2039 1422 2076 Ἐπειδή
1440 2039 1468 2068 δὲ
1483 2039 1565 2075 ἦλθεν
1580 2043 1597 2076 ἡ
1628 2043 1686 2077 (43)
1701 2041 1797 2079 εἰρήνη
1829 2044 1922 2080 ἡμων,

1097 2085 1142 2113 καὶ
1157 2085 1313 2122 κατηγγέλη
1346 2084 1409 2121 δόξα
1434 2085 1459 2112 ἐν
1478 2085 1600 2123 ὑψίστοις
1623 2088 1692 2122 Θεῷ,
1720 2086 1766 2114 καὶ
1798 2086 1842 2114 ἐπὶ
1873 2087 1922 2124 γῆς

1098 2130 1203 2168 εἰρήνη,
1221 2130 1288 2156 ἅπαν
1307 2130 1377 2166 ὁμοῦ
1399 2130 1429 2157 τὸ
1449 2129 1546 2166 ψεῦδος
1563 2132 1596 2167 τῇ
1617 2130 1732 2167 ἀληθείᾳ
1763 2132 1921 2166 ὑπεσιώπη-

1099 2185 1152 2202 cev.
1178 2174 1278 2211 Ὥσπερ
1295 2174 1394 2211 ὀρνέων
1419 2172 1512 2201 λάλων
1539 2173 1711 2213 πολυφωνία·
1735 2175 1844 2214 ἀθρόως
1859 2187 1922 2204 κατ-

1097 2219 1225 2256 εσιγάσθη
1245 2241 1252 2252 ,
1283 2218 1361 2245 ἀετοῦ
1385 2223 1465 2250 ποθεν
1490 2217 1581 2250 αὐτοῖς
1608 2218 1781 2258 ἐπιφανέντος
1810 2219 1920 2253 ἄνωθεν

220 2260 348 2296 desuper
363 2261 506 2296 veniente,
522 2262 618 2289 avium
634 2262 799 2298 loquacium
821 2263 979 2299 garrulitas
992 2265 1040 2292 de-

1099 2263 1188 2290 οὐκὲτι
1203 2261 1266 2294 τοὺς
1282 2261 1414 2298 ἀλλήλων
1428 2260 1630 2307 καταϐάλλουσι
1648 2263 1760 2302 λόγους
1779 2265 1793 2292 ὁ
1810 2265 1870 2302 μὲν,
1885 2266 1920 2302 μὴ

220 2307 338 2341 repente
363 2305 513 2338 conticuit,
541 2306 582 2334 ita
609 2315 665 2334 non
692 2306 820 2343 amplius
846 2307 895 2334 alii
916 2307 1039 2336 aliorum

254 2379 265 2397 5
279 2376 364 2404 Joan.
382 2384 418 2410 1v,
435 2376 478 2404 35.

265 2455 309 2492 37)
325 2455 372 2483 Sic
389 2464 459 2484 mss.
474 2459 608 2492 quatuor.
626 2457 701 2485 Editi
723 2459 751 2485 et
774 2465 851 2485 unus
868 2465 940 2485 mss.
956 2455 1001 2484 καὶ
1017 2457 1040 2486 ὁ.

266 2492 402 2535 38)Ἐᾱὶιὶ
420 2495 447 2520 et
462 2493 520 2520 duo
540 2501 610 2521 mss.
635 2492 799 2530 γενομὲνοις.
827 2492 881 2521 Alii
905 2497 1042 2529 qualuor,

239 2537 382 2558 ινομενοις.

218 2537 382 2564 γινομενοις.

253 2564 310 2599 (39)
327 2565 369 2591 Ita
391 2563 480 2591 noslri
506 2572 556 2592 sex
583 2573 654 2592 mss.
680 2565 717 2592 At
745 2564 826 2597 editi,
852 2563 961 2595 ταύτας.
978 2564 1043 2592 Mox

216 2599 306 2627 iidem
332 2599 375 2627 illi
404 2608 453 2627 sex
483 2608 566 2634 mss,
600 2600 813 2636 μετασχευάζιιν.
843 2600 930 2634 Editi,
961 2609 1041 2636 μετα-

219 2635 368 2663 σκευάσειν.

254 2671 310 2707 (40)
326 2671 455 2705 Uterque
470 2671 549 2699 Colb.
572 2673 598 2698 et
621 2679 680 2706 reg.
706 2673 829 2706 quartus
845 2679 911 2707 cum
925 2671 1041 2699 duobus

221 2706 382 2740 Duceeanis,
399 2707 553 2733 ἀποπλῦνον
580 2706 612 2733 τὰ
628 2707 825 2742 πεπωρωμένα.
847 2706 928 2735 Unus
952 2708 1041 2735 codex

220 2743 395 2780 Uombetlret
410 2742 523 2780 Anglic.
535 2751 598 2780 una
613 2751 678 2770 cum
696 2743 792 2778 editis,
817 2742 850 2780 τὸι
875 2743 1039 2780 πεπορευμέ-

222 2787 263 2813 να,
288 2778 365 2806 haud
389 2777 475 2806 recte.
501 2778 609 2806 ibidem
633 2781 703 2807 tres.
730 2777 813 2813 mss.,
837 2777 953 2810 ἀκάνθας
977 2777 1039 2805 ἀνα-

225 2822 308 2843 σπων.
322 2813 378 2843 Alii
397 2816 456 2843 trss
471 2822 538 2843 cum
553 2813 649 2850 editis,
664 2813 765 2846 ἀκάνθα
787 2814 943 2852 ἀνατριπον,
959 2814 1039 2843 haud

1097 2308 1162 2335 εἶναι
1185 2308 1312 2345 πρόνοιαν
1325 2307 1356 2334 τὸ
1372 2307 1508 2345 παράπαν,
1525 2308 1539 2335 ὁ
1564 2306 1593 2335 δὲ
1618 2308 1699 2347 μέχρι
1718 2309 1838 2346 σελήνης
1855 2321 1923 2348 προ-

517 2377 528 2394 ⁶
544 2377 612 2405 Luc.
629 2385 658 2412 x,
674 2377 700 2405 2.
739 2378 749 2395 ’¹
770 2377 873 2406 Matth.
887 2386 915 2412 x,
937 2379 980 2406 12.
1018 2379 1049 2406 ⁸]

1099 2387 1149 2407 les.
1166 2379 1201 2412 II,
1220 2379 1263 2406 14.
1302 2379 1312 2397 ν
1327 2381 1396 2406 Luc.
1414 2387 1446 2414 ιι,
1464 2378 1507 2408 14.

1098 2458 1234 2486 dissimili
1249 2466 1350 2486 sensu.
1688 2472 1694 2477 ο

1132 2494 1190 2530 (41)
1207 2495 1280 2533 Editi
1297 2496 1326 2533 et
1340 2496 1452 2533 veteres
1462 2493 1534 2533 libri
1557 2494 1590 2533 ll_.
1611 2496 1640 2522 et
1664 2497 1690 2522 J.
1713 2497 1741 2533 et
1764 2495 1847 2525 Colb.
1863 2497 1920 2533 pri-

1098 2538 1165 2569 mus
1182 2528 1390 2569 ’φυλακτήριον.
1407 2531 1442 2557 At
1456 2530 1595 2569 Codex__F.
1612 2533 1641 2558 et
1656 2531 1769 2567 Anglic.
1794 2535 1825 2569 et
1840 2528 1919 2569 Regii

1097 2566 1247 2606 tertiaeet
1272 2568 1394 2606 quartus
1417 2574 1484 2606 cum
1510 2566 1918 2606 Colbqsecundo,»(pulex-£9;-

1097 2601 1450 2639 ptwv,’rcetc.’miquanto
1466 2604 1532 2637 post
1547 2602 1616 2639 editi
1637 2611 1703 2631 cum
1720 2601 1816 2632 tribus
1835 2601 1918 2639 mss.,

1097 2636 1265 2665 συνακτικόν.
1282 2638 1337 2665 Alii
1349 2636 1418 2671 tres,
1432 2636 1596 2666 συνεκτικόν.

1130 2674 1187 2709 (42)
1203 2673 1283 2714 Cpib.
1309 2674 1504 2714 primuszutof)
1531 2673 1681 2714 ἐπαφιέναιῖ
1705 2675 1770 2714 Βεεοκ
1794 2678 1919 2714 quatuor

1097 2707 1183 2742 mss;
1208 2707 1374 2740 εἰσὲλθὼσιν.
1403 2709 1454 2737 Alii
1480 2710 1538 2737 duo
1562 2707 1593 2738 et
1613 2710 1694 2744 editi,
1714 2707 1843 2742 ἔλθωὸιν.
1864 2712 1918 2740 Nec

1094 2744 1135 2772 ita
1151 2745 1244 2773 multo
1261 2749 1327 2781 post
1343 2747 1400 2773 duo
1417 2745 1586 2779 Colbertini,
1603 2746 1828 2776 κατεπανίστατο.

1132 2781 1186 2815 (13)
1203 2781 1245 2809 Ita
1263 2781 1392 2817 quinque
1407 2790 1478 2810 mss.
1496 2782 1583 2810 Deest
1606 2782 1749 2811 articulus
1774 2783 1804 2812 in
1822 2783 1915 2812 editis.
