2009 3145
104 144 158 174 245

517 146 722 178 COMMENT.
743 148 782 178 IN
806 148 941 179 lSAIAM
963 149 1216 179 PROPHETAM.
1241 149 1326 180 CAP.
1349 149 1387 179 ll.

1744 150 1803 179 946

106 208 205 244 διήκειν
219 209 303 245 αὐτὴν
319 210 417 248 λέγων·
447 211 537 239 οὖκὲτι
557 213 619 250 περὶ
642 214 745 251 ψυχῆς·
761 214 774 241 ὸ
792 214 840 250 μὶν
855 214 915 250 Θνη-

980 223 1131 244 sermones
1145 223 1179 243 ac
1201 216 1362 244 sententias
1385 215 1562 244 convellunt.
1578 215 1661 243 Alter
1681 215 1801 252 quidem

103 254 159 290 τήν,
188 254 202 281 ὁ
231 253 260 282 δὶ
287 256 343 291 (id)
372 255 502 288 ἀθάνστον
531 257 756 296 ἀποφαινόμενοι.
793 260 835 288 Τὰ
860 263 922 297 περὶ

103 299 276 335 εἱμαρμένης,
294 299 307 327 ὁ
323 299 371 336 μὲν
395 300 500 328 πάντων
526 301 609 336 αὐτὴν
634 305 751 340 κρατεῖν·
769 303 782 330 ὁ
808 301 836 330 δὲ
853 302 923 340 μηδὲ

104 343 164 370 εἶναι
179 342 261 378 αὐτὴν
286 344 317 371 τὸ
338 344 473 381 παράπαν.
502 345 612 381 Ἐπειδή
630 345 658 374 δὲ
684 345 765 381 ἦλθεν
793 348 810 382 ἡ
833 347 923 386 μωρία

102 388 145 414 τοῦ
159 387 346 424 κηρύγματος,
370 388 415 416 καὶ
441 389 455 417 ὁ
481 389 685 428 ἰσταυρωμένος
709 390 860 427 δοξάζεται,
876 392 921 419 καὶ

103 431 236 463 ἀνάστασις
268 433 420 461 πιστεύεται
459 435 527 471 (45),
563 435 606 462 καὶ
652 435 738 474 κρίσις
771 435 918 471 ἆλπίζεται·

101 476 142 503 τὸν
155 476 219 512 πρὸς
243 475 388 513 ἀλλήλους
413 477 536 515 πόλεμον
566 480 600 507 τὰ
628 479 690 515 ἔθνη
721 480 918 514 καταλύσαντα,

102 521 145 554 τὴν
160 520 273 558 ἡσυχίαν
295 521 365 559 ἄγει.
391 520 534 560 Φοϐοῦμαι
549 522 577 551 δὲ
593 525 631 560 μὴ
648 525 738 552 θεαταὶ
759 523 855 553 λοιπὸν
871 527 920 553 τοῦ

102 566 225 602 ἡμετέρου
249 565 376 602 πολέμου
388 567 525 604 γίνωνται.
551 569 601 596 Καὶ
629 568 722 604 ἐπειδή
753 569 805 606 πρὸ
819 569 918 597 τούτου

102 610 162 640 ἅπας
176 610 190 636 ὁ
206 609 264 647 βίος
276 611 368 642 αὐτοῖς
385 611 411 639 ἐν
433 614 467 649 τῇ
482 615 536 640 τῶν
565 613 684 649 ματαίων
711 613 801 651 λόγων
828 615 917 650 μαθή-

100 663 136 680 σει
148 654 355 683 καταναλίσκετο
380 657 438 692 (46)
462 657 498 688 ὡς
521 661 571 692 τῆς
597 656 772 692 διαλεκτικῆς
798 657 917 695 πολεμι-

99 702 144 732 κῆς
169 697 248 734 οὔσης
276 698 409 738 διαλόγου
440 703 508 738 (47)⁶
525 702 564 730 Οὐ
595 703 645 739 μὴ,
674 702 768 741 φησὶν,
795 703 914 739 μάθωσιν

99 741 133 770 ἔτι
146 742 285 780 πολεμεῖν·
312 745 371 772 ἀντὶ
393 747 453 780 τοῦ,
483 746 581 775 Οὐκέτι
602 749 660 778 τοῖς
677 745 853 780 διδασκάλοις
866 751 916 783 τῆς

100 788 261 826 Αογομαχίας
276 788 548 828 προσδιατρίψουσιν.

978 260 1069 288 ullam
1094 260 1214 288 omnino
1236 261 1361 296 negabat
1385 267 1450 287 esse
1475 260 1702 296 providentiam;
1729 260 1802 288 alter

977 313 1044 332 vero
1060 305 1154 340 ipsam
1174 305 1369 333 contendebat
1382 304 1416 332 ad
1433 304 1533 332 lunam
1561 312 1653 340 usque
1677 312 1742 333 sese
1756 313 1803 333 ex-

976 350 1103 377 tendere.
1122 349 1180 378 Nec
1202 349 1278 377 ultra
1293 349 1475 385 disceptatur
1490 349 1525 377 de
1544 349 1651 377 anima.
1668 349 1719 377 Hic
1734 349 1802 386 qut-

976 395 1042 422 dem
1073 394 1240 422 alﬁrmabat
1267 402 1330 421 eam
1362 394 1448 422 morti
1476 393 1642 428 obnoxiam,
1658 393 1708 421 ille
1735 401 1802 422 vero

976 438 1172 466 immortalem
1187 446 1251 466 esse
1272 438 1431 466 statuebat.
1448 438 1497 466 Hie
1512 439 1547 466 de
1569 438 1628 466 fato
1643 438 1802 466 moveban-

975 485 1025 510 tur
1039 483 1216 518 quaestiones
1235 491 1241 510 :
1259 482 1335 510 alius
1356 483 1475 519 quidem
1492 483 1520 511 id
1545 491 1643 511 rerum
1668 482 1800 511 omnium

975 528 1071 563 potiri,
1084 527 1161 555 alius
1176 528 1274 563 ipsum
1291 527 1371 555 nullo
1384 527 1470 555 modo
1485 528 1626 556 exsistere
1641 527 1799 556 asserebat.

974 570 1123 606 Sed,quia
1143 571 1261 598 advenit
1286 570 1501 606 praedicationis
1526 570 1652 598 stultitia
1663 571 1695 606 ¹⁰,
1710 573 1800 607 atque

973 615 1110 643 cruciﬁxo
1135 615 1223 642 datur
1245 615 1347 650 gloria,
1363 615 1432 651 quia
1457 615 1631 643 resurrectio
1658 615 1798 651 creditur,

972 661 1166 695 speraturque
1183 659 1340 694 judicium,
1354 661 1467 696 gentes,
1479 660 1592 687 mutuis
1613 659 1699 688 bellis
1714 660 1798 688 seda-

971 704 1020 739 tis,
1031 704 1124 732 otium
1141 706 1243 740 agunt.
1255 704 1364 732 Vereor
1374 707 1474 732 autem
1490 712 1526 732 ne
1540 705 1659 732 tandem
1675 703 1799 740 gentiles

971 748 1027 784 ipsi
1043 748 1112 776 belli
1128 748 1221 776 nostri
1245 748 1318 776 ﬁent
1344 751 1534 784 spectatores.
1551 750 1617 776 Jam
1642 756 1709 776 vero
1730 757 1798 777 cum

971 792 1068 821 omnis
1083 801 1184 820 eorum
1200 793 1260 821 vita
1279 795 1364 821 antea
1380 793 1409 820 in
1424 801 1568 821 vanorum
1593 795 1622 821 et
1647 792 1798 821 inutilium

98 840 254 862 sermonum
270 835 429 871 disciplina
452 839 630 873 consumpta
646 838 733 866 fuerit
750 838 908 874 (siquidem
933 838 1157 866 sermocinatrix
1173 837 1324 866 dialectica
1337 838 1446 874 pugnis
1461 840 1490 866 et
1505 838 1575 866 rixis
1595 838 1724 874 gaudet),
1739 839 1798 866 Non

99 877 177 912 ultra,
192 879 242 915 ait,
258 879 366 908 discent
391 880 497 909 bellum
523 889 638 918 gerere;
653 891 686 910 ac
702 882 728 911 si
742 883 850 911 diceret
865 892 872 912 :
890 883 1039 920 Magistris
1053 882 1249 911 contentionis
1265 883 1417 911 verborum
1442 891 1501 911 non
1525 882 1653 919 amplius
1677 891 1796 919 operam

101 921 210 951 dabunt.

131 967 172 994 76.
189 968 238 996 Kal
254 970 314 1005 νῦν,
344 969 417 1001 οἶκος
445 972 494 997 τοῦ
524 968 632 1006 Ἰακὼϐ,
652 970 727 999 δεῦτε
752 972 796 999 καὶ
820 982 915 1010 πορευ-

1004 973 1050 1000 76.
1066 974 1155 1000 Vsas.
1175 973 1202 1000 5.
1226 974 1259 1000 Et
1285 981 1371 1008 nunc,
1398 974 1494 1001 domus
1520 974 1612 1007 Jacob,
1641 973 1740 1008 venite,
1769 976 1796 1001 et

105 1012 183 1048 θῶμεν
208 1011 247 1049 τῷ
275 1013 478 1052 φωτίΚυρίου.
512 1015 627 1052 Δευτίρα
654 1014 753 1051 κλῆσις
781 1017 849 1053 (48),
874 1016 918 1044 ἰπὶ

102 1055 131 1082 τὰ
150 1057 300 1096 τελειότερα
329 1059 541 1096 προκαλουμένη
571 1060 635 1092 τοὺς
664 1060 916 1098 εὐεργετουμὲνους.

103 1100 166 1128 Μετὰ
176 1102 225 1139 γὰρ
239 1103 270 1130 τὸ
285 1100 421 1138 ἀναϐῆναι
447 1104 486 1136 εἰς
511 1105 542 1132 τὸ
557 1104 621 1142 ὅρος
643 1105 758 1142 Κυρίου,
773 1106 818 1133 καὶ
836 1105 916 1143 ὑπερ-

102 1144 175 1181 κύψαι
197 1147 228 1174 τὰ
248 1148 344 1185 γήινα·
371 1149 428 1176 οἷον
450 1149 640 1187 καθαρωτέρας
665 1147 852 1186 μεταλαϐόντα
867 1150 916 1178 αὖ·

102 1191 148 1234 γῆς
161 1192 219 1226 (49),
235 1192 307 1230 φωτί
330 1192 400 1220 ἐστιν
426 1192 548 1231 ἐντυχεῖν
570 1194 645 1231 θείῳ,
665 1195 809 1234 φωτίζοντι
825 1197 917 1233 ψυχῆς

103 1233 247 1272 ὀφθαλμοὺς
274 1236 316 1268 εἷς
341 1237 504 1273 κατανόησιν
529 1241 583 1266 τῶν
611 1233 749 1278 μακαρίων
777 1239 822 1267 καὶ
848 1250 915 1275 νοη-

101 1280 147 1306 τῶν
162 1282 300 1317 θεαμάτων
326 1282 370 1309 καὶ
395 1282 473 1314 θείων
502 1284 556 1320 (50)
586 1285 781 1322 θεωρημάτων.
797 1284 914 1321 Ὅμοιον

101 1322 178 1368 τούτῳ
191 1326 279 1354 καὶτὸ
306 1326 381 1363 παρὰ
395 1329 434 1364 τῷ
462 1326 626 1365 Ψαλμῳδῷ·
650 1328 819 1366 Ηροσελθετε
846 1329 915 1368 πρὸς

102 1366 182 1404 αὑτὸν,
210 1369 253 1397 καί
283 1371 450 1410 φωτίσθητε·
480 1371 525 1400 καὶ
557 1373 591 1400 τὰ
617 1373 750 1411 πρόσωπα
781 1366 914 1410 ὑμῶν-οὗ

105 1413 136 1456 μὴ
150 1416 343 1453 καταισχυνθῇ.
369 1415 408 1445 Οὐ
433 1417 641 1455 καταισχύνεται
669 1418 720 1456 γὰρ
746 1418 785 1456 ἐφ’
810 1417 856 1450 οὓς
883 1417 913 1445 ἂν

103 1460 232 1495 σημειωθῇ
256 1460 289 1487 τὸ
320 1462 378 1499 φῶν
391 1463 439 1488 τοῦ
467 1462 617 1500 προσώπου
647 1462 754 1499 Κυρίου.
785 1463 812 1489 Ὀ
840 1461 868 1490 ὃὶ
882 1463 915 1490 τὰ

102 1501 182 1545 ἳειῦλα
205 1505 347 1541 πράσσων,
379 1508 453 1542 μισεῖ
479 1507 510 1533 τὸ
539 1508 604 1545 φῶς.
637 1505 747 1541 Ἐπειδή
773 1508 830 1544 (51)
856 1506 913 1535 δὲὸ

102 1544 165 1589 οἶκος
186 1549 233 1575 τοῦ
259 1546 360 1577 Ἰακὼὸ
389 1552 447 1589 φῶς
471 1544 600 1588 αὔταρκες
628 1551 677 1586 τὴν
702 1550 732 1579 ἐκ
756 1553 804 1579 τοῦ
827 1551 914 1588 νόμου

102 1587 263 1634 διδασκαλίαν
287 1593 335 1621 καὶ
360 1587 452 1622 ἑαυτὸν
482 1587 630 1634 ὑπείληφεν
657 1596 842 1632 ἡπατημίνως
858 1598 914 1634 (52)

101 1632 190 1673 ὁδηγὸν
207 1638 268 1665 εἶναι
284 1637 407 1678 τυφλῶν,
421 1642 478 1679 φῶς
501 1642 556 1668 τῶν
579 1632 604 1668 ἐν
632 1640 732 1676 σκότει,
752 1632 913 1679 διορθοῦμεέ

100 1688 138 1709 νος
152 1679 233 1709 αὐτῶν
257 1683 308 1717 τήν
334 1681 444 1721 ἄγνοιαν
469 1685 483 1712 ὁ
508 1683 590 1722 λόγος
607 1685 684 1722 φησί’
701 1687 780 1713 Δεῦτε
802 1685 847 1713 καὶ
862 1696 913 1713 πο-

101 1727 236 1768 ρεὺθῶμεν,
256 1727 295 1764 μή
313 1726 352 1763 τῷ
380 1731 554 1768 προφητικῷ,
573 1730 611 1766 μὴ
637 1731 678 1766 τῷ
701 1732 808 1766 νομικῷ
833 1729 913 1767 φωτὶ,

100 1767 171 1804 ἀλλὰ,
196 1773 239 1807 Τῷ
266 1773 339 1811 φωτί
366 1775 416 1800 τοῦ
446 1773 558 1811 Κυρίου.
588 1774 640 1803 Καὶ
667 1774 718 1812 γὰρ
744 1774 789 1802 καὶ
816 1774 914 1812 λύχνοι

99 1815 233 1857 χρήσιμοι,
262 1816 338 1845 ἀλλὰ
364 1818 417 1855 πρὸ
446 1818 540 1853 ἡλίου·
575 1819 683 1857 ἀστέρες
705 1819 824 1857 τερπνοὶ,
852 1816 915 1846 ἀλλ’

99 1856 121 1883 ιν
134 1860 213 1888 νυκτί.
238 1861 271 1889 El
299 1859 330 1889 δὲ
355 1861 478 1899 γελοῖος,
511 1862 593 1898 ἡλίου
621 1856 791 1900 λᾶμποντος,
822 1863 836 1890 ὁ
866 1863 913 1891 λύ-

99 1911 157 1939 χνον
173 1903 257 1941 ἐουτῷ
285 1907 464 1945 παραφαίνων
491 1909 559 1944 (53),
579 1907 678 1944 πολλῷ
700 1907 870 1946 γελοιὸτερος
887 1909 912 1943 ὁ,

99 1947 253 1988 Εὖαγγελίου
276 1953 497 1990 κηρυσσομένου,
513 1955 547 1990 τῇ
572 1956 633 1989 σκιᾷ
656 1955 690 1990 τῇ
705 1955 807 1990 νομικῇ
827 1964 912 1991 παρα-

100 1992 188 2027 μενων.

128 2038 168 2066 77.
190 2040 288 2076 Ἀνῆκε
315 2042 366 2079 γὰρ
394 2043 440 2069 τὸν
471 2042 536 2070 λαὸν
565 2042 658 2079 αὐτοῦ,
686 2042 732 2070 τὸν
763 2042 835 2070 οἶκον
865 2044 913 2070 τοῦ

99 2081 208 2119 Ἰσραήλ.
224 2085 411 2122 Χαλεπωτάτη
441 2087 527 2124 ζημία
555 2088 572 2122 ἡ
594 2088 646 2114 ἀπὸ
675 2089 743 2114 Θεοῦ
758 2085 912 2125 ἐγκατάλει-

99 2126 146 2162 ψις.
161 2129 246 2157 Οἱονεὶ
272 2130 327 2158 ἀπὸ
353 2130 466 2169 ἰσχυρᾶς
493 2135 615 2169 κατοχῆς
640 2133 754 2169 χειρῶν,
780 2133 814 2167 τῇ
829 2131 912 2159 ἀνέσει

99 2173 144 2198 τῶν
167 2171 316 2211 δακτύλων,
346 2176 387 2208 οἷς
414 2177 482 2207 τέως
509 2175 700 2214 περιεδὲρακτό
729 2177 786 2213 (54)
800 2186 841 2208 τις
864 2178 913 2204 τοῦ

972 1017 1144 1045 ambulemus
1172 1018 1278 1045 lumine
1308 1018 1426 1046 Domini.
1451 1018 1583 1046 Secunda
1610 1019 1655 1046 est
1682 1017 1794 1046 vocatio

973 1069 1036 1097 quae
1053 1061 1204 1089 beneﬁciis
1226 1062 1345 1090 aﬂ‘ectos
1360 1062 1396 1090 ad
1412 1062 1585 1099 perfectiora
1599 1062 1714 1090 invitat.
1725 1063 1795 1090 Post

972 1114 1060 1141 quam
1076 1107 1154 1134 enim
1171 1107 1303 1135 ascendit
1317 1107 1384 1143 quis
1400 1107 1430 1135 in
1444 1110 1575 1135 montem
1590 1106 1717 1139 Domini,
1733 1114 1796 1134 eva-

971 1151 1070 1186 sitque
1090 1151 1214 1179 terrenis
1237 1152 1381 1188 superior,
1397 1152 1466 1180 huic
1480 1152 1548 1180 licet
1562 1151 1641 1180 velut
1662 1152 1725 1186 jam
1742 1159 1795 1186 pu-

971 1195 1056 1223 rioris
1071 1195 1145 1224 lucis
1161 1196 1307 1232 participi,
1323 1197 1455 1225 divinum
1478 1197 1577 1224 lumen
1595 1196 1724 1232 assequi,
1738 1204 1796 1232 quo

970 1240 1111 1268 illustrati
1126 1241 1228 1268 animae
1243 1240 1320 1269 oculi
1339 1242 1426 1269 beata
1446 1241 1667 1277 spiritualiaque
1683 1242 1796 1276 specta-

971 1284 1037 1312 cula
1051 1293 1085 1313 ac
1106 1285 1221 1313 divinas
1243 1285 1505 1321 contemplationes
1530 1285 1704 1321 percipiunt.
1722 1284 1796 1312 Huic

970 1330 1122 1358 sententia
1138 1332 1167 1358 et
1179 1330 1255 1366 apud
1267 1330 1394 1358 Psaltem
1411 1329 1521 1366 aliquid
1533 1329 1629 1358 simile
1645 1329 1774 1365 reperias
1786 1336 1792 1356 :

969 1375 1092 1403 Accedite
1105 1375 1140 1403 ad
1163 1383 1236 1409 eum,
1253 1377 1279 1403 et
1302 1375 1510 1403 illuminamini
1523 1383 1532 1402 :
1548 1377 1573 1402 et
1586 1374 1673 1409 facies
1696 1377 1793 1401 vestras

968 1427 1026 1446 non
1039 1419 1284 1455 confundentur“.
1302 1420 1363 1447 Non
1379 1419 1601 1447 confunduntur
1610 1418 1688 1445 enim
1704 1425 1794 1453 super

969 1472 1043 1499 quos
1058 1464 1209 1500 signatum
1227 1463 1315 1492 fuerit
1336 1463 1436 1491 lumen
1455 1462 1554 1490 vultus
1566 1462 1678 1490 Domini
1692 1462 1723 1489 ¹³.
1739 1462 1792 1496 Qui

969 1513 1062 1536 autem
1075 1509 1152 1536 mala
1167 1508 1243 1535 488
1266 1509 1336 1543 agit,
1351 1508 1408 1536 odit
1422 1508 1509 1535 lucem
1520 1507 1551 1535 ¹³.
1565 1506 1707 1539 Quoniam
1724 1514 1791 1534 vero

968 1553 1074 1581 domus
1088 1553 1177 1581 Jacob
1188 1552 1351 1580 doctrinam
1368 1551 1440 1588 legis
1455 1551 1605 1580 sufﬁciens
1619 1551 1674 1579 sibi
1691 1550 1792 1579 lumen

969 1605 1044 1631 esse,
1060 1605 1149 1633 seque
1169 1597 1271 1625 ducem
1297 1605 1440 1625 caecorum
1464 1605 1528 1625 esse
1552 1596 1624 1624 falso
1650 1595 1792 1624 arbitrata

969 1644 1024 1676 est,
1041 1642 1135 1670 lucem
1151 1641 1286 1670 videlicet
1307 1650 1407 1669 eorum
1424 1641 1474 1677 qui
1488 1641 1519 1668 in
1534 1641 1662 1669 tenebris
1686 1641 1792 1668 ambu-

969 1686 1042 1719 lant,
1058 1686 1208 1722 Scriptura
1228 1694 1330 1714 eorum
1351 1685 1546 1722 ignorantiam
1563 1686 1712 1721 corrigens
1727 1685 1768 1712 ait
1784 1693 1791 1712 :

972 1732 1068 1759 Venite
1089 1736 1114 1759 el
1138 1731 1319 1765 ambulemus,
1335 1739 1393 1758 non
1421 1730 1601 1766 prophetico,
1619 1738 1675 1758 non
1705 1729 1794 1765 legali

968 1775 1090 1809 lumine,
1117 1776 1167 1803 sed
1195 1776 1300 1803 lumine
1327 1775 1450 1803 Domini.
1464 1774 1578 1802 Etenim
1607 1776 1678 1801 sunt
1701 1774 1790 1801 etiam

969 1820 1036 1848 usui
1051 1820 1186 1855 lucernae,
1199 1820 1250 1848 sed
1267 1822 1334 1848 ante
1348 1819 1455 1853 solem;
1472 1818 1562 1847 stella
1573 1818 1724 1854 jucundas,
1737 1818 1789 1846 sed

968 1865 998 1892 in
1019 1867 1112 1893 nocte.
1128 1864 1209 1897 Quod
1229 1864 1253 1892 si
1275 1864 1301 1892 is
1323 1864 1465 1891 ridiculus
1490 1865 1635 1896 censetur,
1653 1863 1714 1898 qui,
1728 1861 1789 1890 sole

968 1909 1235 1946 exsplendescente,
1249 1909 1399 1936 lucernam
1415 1908 1471 1936 sibi
1487 1908 1692 1943 praelucentem
1708 1909 1789 1935 tene-

968 1957 1022 1987 ret,
1051 1954 1144 1982 multo
1174 1954 1268 1989 magis
1297 1952 1438 1980 ridiculus
1465 1954 1521 1987 est,
1543 1952 1603 1988 qui,
1635 1952 1789 1988 praedicata

968 1998 1132 2034 Evangelio,
1149 1999 1180 2025 in
1195 1998 1281 2034 legali
1298 1998 1403 2025 umbra
1415 1998 1624 2024 commoratur.

1002 2043 1047 2071 77.
1059 2043 1149 2071 Vens.
1160 2043 1188 2070 6.
1202 2042 1318 2070 Dimisit
1332 2043 1408 2069 enim
1421 2041 1554 2077 populum
1568 2048 1660 2075 suum,
1676 2041 1791 2069 domum

968 2087 1066 2116 Israel.
1083 2087 1182 2114 Deseri
1204 2095 1221 2114 a
1244 2086 1302 2114 Deo
1332 2086 1473 2113 damnum
1501 2087 1546 2114 est
1573 2085 1789 2122 gravissimum.

968 2132 1089 2160 Perinde
1105 2139 1138 2159 ac
1153 2131 1178 2158 si
1193 2139 1300 2158 manus
1315 2130 1417 2158 validm
1432 2138 1464 2157 ac
1481 2131 1568 2157 l'ortcs
1590 2129 1702 2166 aliquid
1717 2129 1791 2157 deti-

969 2179 1082 2210 nerent,
1099 2184 1131 2204 ac
1155 2175 1256 2212 digitis
1276 2175 1383 2211 quibus
1399 2174 1547 2210 quispiam
1563 2183 1625 2203 rem
1648 2174 1791 2202 hactenus

130 2259 150 2276 ¹⁰
163 2259 173 2286 Ι
187 2260 249 2290 Cor.
267 2270 288 2297 1,
302 2262 349 2290 21.
388 2263 409 2282 ί¹
426 2262 502 2292 Psal.
515 2272 616 2298 xxxiii,
632 2265 659 2292 6.
700 2264 722 2282 η
737 2263 814 2292 Psal.
832 2271 870 2298 IV,
884 2264 912 2290 7.

987 2262 1072 2290 Joan.
1089 2270 1131 2296 ιιι,
1147 2261 1193 2290 20.

132 2352 244 2390 (metu
273 2356 405 2393 quinque
433 2365 505 2385 mss.
522 2358 559 2385 At
588 2357 657 2393 Reg.

718 2357 807 2389 imus.
824 2365 911 2393 quem

974 2364 1052 2393 mss.,
1066 2354 1290 2392 προκαλουμένη.
1307 2355 1383 2384 Editi
1399 2357 1428 2383 et
1443 2355 1513 2391 Reg.
1529 2355 1656 2391 primus,
1670 2363 1789 2392 προσκα-

132 2365 185 2390 μιι)
199 2365 244 2383 oio
273 2365 405 2398 qumque
433 2365 505 2385 mss.
522 2365 559 2385 At
587 2365 657 2399 ιιθε.
680 2365 807 2420 primus.
824 2365 911 2393 quem
928 2365 952 2393 υ
968 2365 1050 2389 mss.,
1066 2365 1102 2392 πρ

100 2395 206 2430 {iamper
219 2394 407 2430 secu_t1__sunt
417 2393 605 2430 typographi,
622 2393 648 2420 οἱ
664 2391 678 2420 δ
697 2414 702 2421 .
720 2393 802 2422 llaud
827 2393 913 2428 longe
969 2390 1102 2430 λουμένῃ.

102 2425 163 2486 3311368é
175 2434 256 2463 mss.,
273 2427 300 2454 οἱ
320 2425 348 2454 δὲ
373 2425 617 2464 “namNam—Alii
641 2432 701 2458 tres
725 2437 793 2457 cum
816 2425 913 2464 editis,

199 2497 273 2536 Editi
295 2500 324 2527 et
340 2501 407 2536 tres
422 2508 506 2534 mss.,
522 2499 671 2536 divinam;
688 2499 733 2527 καὶ
758 2499 845 2536 κρίσις
870 2510 914 2526 m-

101 2530 209 2559 στιύιται
223 2533 281 2560 τόν·
297 2535 348 2563 sed
371 2535 450 2564 hunc
465 2530 562 2564 locum
588 2545 622 2564 ex
647 2535 714 2565 aliis
729 2530 824 2565 tribus
839 2545 912 2565 mss.

101 2569 322 2598 emendavimus.

132 2603 179 2638 (46)
194 2605 268 2633 Editi
283 2614 298 2634 e
311 2606 379 2669 Reg.
397 2606 503 2643 primo,
518 2606 744 2642 κατηναλίσκέτο.
761 2607 818 2636 Alii
828 2607 912 2643 quin-

132 2647 151 2666 ιθ
164 2648 233 2668 mss.
249 2651 349 2668 κατανα
373 2641 470 2669 ίσκετο.

101 2645 151 2673 que
164 2648 233 2668 mss.
249 2641 470 2671 καταναλίσὶιετο.

114 2674 185 2714 ,(47)
199 2676 323 2714 Uterque
345 2679 474 2707 Combel'.
490 2681 519 2707 et
542 2678 591 2707 alii
615 2681 674 2707 tres
699 2687 770 2707 mss.
787 2679 913 2714 conjun-

101 2711 220 2751 ιξωιτῆς
248 2711 387 2751 eximes.
405 2715 489 2751 Epditi
517 2723 584 2743 vero
612 2718 641 2743 et
669 2715 747 2743 Colb.
765 2711 913 2743 secundus

103 2744 352 2786 duabusvocibus,
371 2749 415 2777 διὰ
431 2749 523 2786 λόγου.

133 2783 186 2823 (ᾁξ)
202 2783 277 2823 Ιξῖᾠιὶ
297 2788 326 2814 et
346 2783 445 2823 'Codex
469 2783 512 2814 Fr.
531 2787 556 2821 1,
572 2787 590 2820 ἡ
606 2785 693 2820 λύσις,
716 2788 862 2823 corrupto.
878 2787 914 2814 At

104 2818 180 2847 multi
193 2819 242 2848 alii
257 2829 339 2856 mss.,
350 2821 459 2857 κλῆσις,
473 2818 636 2851 emendate.
654 2818 764 2852 ibidem
781 2818 912 2859 quinque

1005 2425 1061 2463 (49)
1076 2429 1131 2455 Pro
1151 2426 1234 2464 αὐγῆς
1256 2427 1364 2464 legitur
1379 2427 1409 2454 in
1424 2426 1550 2462 excusis,
1567 2425 1661 2460 αὐτῆς,
1677 2425 1792 2454 incuria

968 2471 1134 2499 operarum.

1004 2499 1061 2535 (50)
1076 2499 1152 2527 Editi
1168 2506 1234 2526 cum
1248 2498 1344 2526 tribus
1359 2506 1444 2535 mss.,
1455 2499 1561 2535 νοητῶν
1576 2497 1620 2524 καὶ
1635 2496 1724 2526 θείων.
1735 2497 1792 2526 Alii

969 2534 1028 2563 tres
1045 2534 1116 2563 mss.
1128 2535 1179 2570 ita,
1189 2539 1221 2562 ut
1235 2535 1264 2562 in
1276 2536 1410 2563 contextu
1426 2534 1542 2570 legitur.
1554 2535 1619 2562 Mox
1633 2535 1693 2562 tres
1708 2541 1792 2567 mss.,

967 2568 1268 2635 παῗεῖἶιὲἱὲχέιῇᾞουο
1285 2615 1357 2634 mss.
1373 2607 1409 2634 At
1431 2605 1502 2634 editi
1518 2613 1585 2633 eum
1601 2605 1670 2635 Reg.
1686 2603 1729 2635 pri

1005 2608 1060 2669 (51)
1076 2605 1122 2635 Sic
1138 2605 1268 2643 quinque
1285 2615 1357 2634 mss.
1373 2607 1409 2634 At
1431 2605 1502 2634 editi
1518 2613 1585 2633 cum
1601 2605 1670 2640 Reg.
1686 2605 1791 2640 primo,

1005 2653 1015 2669 Ε
1030 2663 1036 2669 .

968 2642 1059 2738 ἒπξὲίῖ)
1076 2678 1150 2719 Reg._
1161 2680 1296 2719 quartus,
1311 2676 1499 2712 ἡπατημὲνος.
1577 2709 1582 2719 γ
1699 2709 1715 2715 η

1015 2715 1060 2738 53)
1075 2715 1150 2738 Edltl
1168 2722 1233 2738 num
1251 2714 1346 2738 tribus
1361 2722 1446 2738 mss..
1461 2720 1647 2738 παραφαινων.
1664 2709 1715 2738 All)

1006 2709 1060 2750 (53)
1075 2709 1151 2742 Εᾱῖιί
1168 2709 1233 2742 eum
1251 2709 1346 2741 tribus
1361 2709 1446 2746 mss.,
1461 2709 1647 2748 παραφαίνων.
1664 2709 1717 2738 Alii
1731 2710 1792 2738 tres

968 2759 1060 2798 mss.“
1070 2750 1274 2792 παρεμφαίνων.
1590 2781 1606 2787 __

1076 2787 1195 2828 Codlges
1223 2788 1295 2819 tres,
1320 2782 1536 2820 περιιδὲδρακτο.
1552 2781 1608 2809 Alu
1636 2785 1694 2810 tres
1721 2788 1789 2809 cum

967 2820 1065 2857 editis,
1081 2820 1285 2859 περιδεδρακτο.
